1999 3056
149 179 201 207 457

663 161 976 203 GLAPIIYRORL’MIIN
997 175 1138 203 EXODUM
1158 176 1222 203 LIB.
1246 175 1277 202 ll.

1727 175 1777 202 658

149 237 223 265 ιστὶν
245 234 313 270 ὀρθὴ
335 233 382 260 καὶ
403 231 548 268 ἁκίὸδηλος
571 232 680 266 γνῶσις.
701 232 749 267 Εῖη
767 232 789 258 δ’
805 232 837 258 ἂν
858 231 896 263 ὡς
910 233 938 258 ὲν

993 231 1099 268 egregie
1113 240 1208 259 sumus
1237 230 1358 258 deducti.
1392 230 1476 257 Porro
1496 230 1695 258 nutrimentum
1724 232 1778 267 spi-

149 284 220 319 ιρωτὶ
247 282 294 308 καὶ
317 279 411 316 ἡμέρᾳ
427 279 482 306 τῶν
509 279 552 306 διὰ
568 279 686 314 Χριστοῦ
715 279 908 314 παιδευμάτων
923 279 940 313 ἡ

150 329 276 366 χορηγία.
293 327 437 362 Τοιγάρτοι
456 327 486 352 τὸ
507 327 596 361 μάννα
609 325 741 360 κατεδόθη
757 326 813 356 τοῖς
827 325 939 360 ἀρχαιο-

148 378 254 412 τέροις,
277 373 478 408 διαυγαζούσης
496 372 612 408 ἡμέρας.
630 372 673 398 καὶ
692 371 868 400 σκιδναμένου
885 379 940 405 φωρ

149 422 204 452 τός.
220 418 356 455 Διηύγαζε
367 418 421 454 γὰρ
430 419 459 444 ὲν
476 419 541 453 ἡμῖν
555 418 610 448 τοῖς
622 416 794 444 πιστεύουσιν
809 417 826 451 ἡ
838 416 938 452 ἡμέρα,

149 466 221 493 κατὰ
237 466 267 492 τὸ
283 465 487 501 γεγραμμένον,
513 464 560 490 καὶ
584 464 729 498 φωσφόρος
753 462 888 489 ἀνέτειλεν
912 463 940 488 ἐν

148 514 209 544 ταῖς
224 511 352 538 ἁπάντων
372 511 512 546 καρδίαις,
537 510 583 536 καὶ
598 510 612 536 ὁ
629 510 678 544 τῆς
703 508 876 543 δικαιοσύνης
896 509 941 534 ἀν-

152 558 228 592 ίσχεν
244 557 329 592 ἣλιος,
345 555 467 582 τουτέστι
491 555 618 590 Χριστὸς,
638 556 652 581 ὁ
671 553 718 580 τοῦ
741 553 835 588 νοητοῦ
855 553 941 587 μάννα

148 603 242 638 δοτὴρ.
261 603 322 628 Ὀτι
339 601 394 636 γὰρ
411 601 448 632 ὡς
461 601 490 626 ὲν
505 601 588 627 εικόνι
604 601 653 636 μὲν
666 601 753 627 ἐκεῖνο
770 600 800 626 τὸ
814 599 941 634 αἰσθητὸν

149 648 207 677 ἔτι,
229 647 259 673 τὸ
283 647 310 673 δὲ
328 646 427 681 ἀληθὲς
440 646 532 678 αὐτὸς,
551 645 754 681 πληροφορήσει
773 645 859 679 λέγων
873 644 941 680 πρὸς

156 693 309 724 Ἰουδαίους·
332 702 341 718 «
361 693 393 718 UE
408 692 525 727 πατέρες
542 691 618 726 ὑμῶν
641 691 742 726 ἔφαγον
760 691 789 717 τὸ
805 692 893 726 μάννα
912 691 941 716 ἐν

149 741 182 774 τῇ
194 740 300 774 ἐρήμῳ,
311 739 358 765 καὶ
372 738 516 764 ἀπέθανον.
532 735 617 769 Οὗτός
629 738 702 764 ἐστιν
711 737 724 763 ό
733 737 814 772 ἄρτος
825 737 839 762 ό
849 736 881 762 ἐκ
893 735 940 762 τοῦ

149 786 179 811 οὐ
185 783 264 820 ρανοῦ
277 783 459 816 καταϐαίνων,
472 783 515 809 ἶνα
529 792 570 814 τις
586 783 615 815 ἐξ
627 781 708 809 αὑτοῦ
719 782 803 816 φάγῃ,
822 780 890 816 [καὶ]
905 780 941 815 μὴ

150 830 285 865 ἀποθάνῃ.
312 830 382 864 Ἐγώ
403 831 460 865 εἰμι
479 830 493 855 ὁ
513 829 598 864 ᾶρτος
614 830 628 855 ό
644 828 707 860 ζῶν,
720 828 735 853 ὁ
750 828 781 854 ἐκ
798 827 844 853 τοῦ
857 827 940 862 οὐρα-

152 876 234 912 ρανοῦ
245 875 377 906 καταϐάς.
397 874 459 901 Ἐάν
476 882 517 905 τις
532 874 606 909 φάγῃ
620 873 651 899 ἑκ
673 871 768 898 τούτου
782 870 829 897 τοῦ
846 870 939 905 ἄρτου,

151 911 231 957 ζήσει
251 922 291 952 είς
308 921 353 947 τὸν
369 920 464 947 αἰῶνα.
482 919 536 946 Καὶ
549 919 564 944 ό
581 918 662 953 ἄρτος
685 917 715 943 ὃν
741 916 806 951 ὲγὼ⁹
817 915 905 946 δώσω,
924 916 940 949 ἡ
958 911 978 940 Β

152 968 221 1003 σάρξ
239 967 291 1002 μού
304 967 395 999 Ἔστιν,
411 966 445 1001 ἢν
460 965 516 1000 ἐγὼ
532 964 610 991 δώσω
626 964 695 1000 ὑπὲρ
709 963 759 999 τῆς
774 962 820 989 τοῦ
837 962 940 996 κόσμου

152 1015 235 1050 ζωῆς.
255 1025 264 1041 ι
285 1013 447 1050 Ἀποτρέφει
458 1013 512 1048 γὰρ
532 1013 605 1048 ἡμᾶς
619 1012 659 1043 εἰς
674 1012 814 1046 ἀμήρυτον
831 1008 904 1044 ζωὴν
928 1008 942 1034 ό

151 1060 256 1095 Κύριος
270 1059 349 1095 ἡμῶν
373 1058 475 1094 Ἰησοῦς
496 1058 628 1094 Χριστος,
652 1057 698 1083 καὶ
724 1057 784 1087 ταῖς
804 1056 844 1087 εἰς
868 1053 943 1080 εὐσέ-

152 1106 230 1133 ϐειαν
256 1105 417 1140 ὑποθήκαις,
447 1105 495 1131 καὶ
516 1104 551 1131 δι’
567 1103 691 1137 εὐλογίας
713 1102 763 1137 τῆς
793 1099 940 1136 μυστικῆς.

152 1151 240 1182 Αὐτὸς
253 1148 300 1177 οὖν
318 1151 370 1185 ἄρα
392 1149 438 1176 καὶ
458 1149 492 1175 δι’
508 1148 591 1175 αὑτοῦ
611 1148 642 1174 τὸ
663 1147 751 1183 μάννα
763 1146 794 1172 τὺ
808 1145 879 1172 θετον
895 1145 942 1172 καὶ

153 1195 284 1228 ζωοποιὸν
304 1194 424 1230 ἀληθῶς.
446 1194 500 1221 Καὶ
521 1193 600 1220 τοῦτο
618 1194 632 1220 6
652 1190 849 1227 κατεδηδοκὼς,
862 1189 942 1225 ἀμεί-

152 1251 206 1269 νων
231 1242 291 1269 ἐστὶ
318 1241 432 1276 φθορᾶς,
452 1240 498 1266 καὶ
527 1239 668 1273 ὑφαλεῖται
698 1237 828 1269 θάνατον,
847 1236 897 1270 οὺχ
917 1235 941 1261 οἱ

153 1290 287 1325 φαγόντες
298 1288 328 1315 τὸ
339 1287 477 1323 αἰσθητόν.
495 1287 532 1313 οὐ
551 1285 605 1320 γὰρ
621 1282 679 1320 avo
695 1282 780 1313 τύπος
799 1281 940 1316 σωτήριος,

153 1335 340 1362 ὑπεπλάττετο
362 1333 390 1360 δὲ
413 1333 462 1368 τῆς
477 1330 606 1366 ἀληθείας
624 1329 673 1365 τὴν
693 1329 844 1364 μόρφωσιν.
865 1326 942 1352 Ἐκέ-

152 1383 233 1409 λευσε
251 1381 280 1408 δὲ
294 1381 324 1407 τὸ
346 1380 432 1415 μάννα
447 1381 460 1406 ὁ
473 1379 550 1412 Θεὸς,
566 1377 643 1404 ὑετοῦ
663 1376 739 1411 δίκην
757 1373 860 1402 ἄνωθεν
874 1372 940 1399 καθ-

154 1430 215 1462 ιεὶς,
231 1429 261 1455 τὸ
276 1426 405 1462 ἀποχρῶν
421 1427 528 1460 ἑκάστῳ
545 1424 694 1458 συλλέγειν,
718 1422 888 1457 συναγείρειν
902 1420 940 1452 δὲ,

153 1477 233 1512 εἰπερ
248 1474 350 1502 ἓλοιντό
362 1482 445 1505 τινες,
463 1473 509 1499 καὶ
523 1473 579 1503 τοῖς
595 1471 645 1506 τὴν
657 1470 740 1506 αὐτὴν
758 1468 862 1496 οἰκοῦσι
876 1476 942 1502 σκη-

153 1524 212 1559 νήν.
226 1533 235 1549 «
248 1523 383 1553 Ἕκαστος
397 1520 461 1556 γὰρ,
476 1520 553 1555 φησὶ,
571 1518 619 1545 σὺν
633 1519 689 1549 τοῖς
705 1517 849 1551 συσκὴνοις
865 1514 941 1550 ὑμῶν

154 1568 308 1601 συλλέξατε,
325 1567 371 1594 καὶ
386 1566 415 1593 οὺ
432 1564 620 1600 καταλείψετε,
634 1563 725 1598 φησιν,
743 1563 790 1589 ἀπ’
801 1560 883 1588 αὐτοῦ
902 1561 942 1592 εἰς

152 1616 184 1641 τὸ
202 1614 284 1649 πρωΐ.
299 1622 308 1639 ι
327 1612 388 1648 Χρὴ
401 1611 455 1648 γὰρ
469 1611 541 1646 ἡμᾶς
556 1609 612 1636 τῶν
628 1608 707 1635 θείων
722 1615 752 1634 τι
770 1607 817 1633 καὶ
827 1606 942 1640 εὐαγγε-

153 1660 237 1688 λικῶν
248 1657 474 1694 ἀναπίμπλασθαι
485 1656 663 1691 μαθημάτων.
685 1655 729 1680 Ἐν
742 1653 792 1688 ῐσῳ
805 1653 838 1688 δὴ
851 1652 943 1688 μέτρῳ

158 1707 265 1741 μικροῖς
279 1707 325 1731 καὶ
350 1703 478 1739 μεγάλοις
495 1702 667 1737 διανέμοντος
680 1701 746 1736 ἡμῖν
761 1698 809 1726 τοῦ
824 1697 942 1734 Χριστοῦ

155 1753 205 1788 τὴν
219 1752 284 1787 παρ’
298 1750 395 1777 ἑαυτοῦ
415 1750 504 1785 χάριν,
516 1748 563 1775 καὶ
577 1747 677 1782 ὁμοίως
690 1747 814 1777 ἃπαντας
827 1743 944 1778 ἀποτρέ-

156 1806 253 1832 φοντος
273 1798 312 1829 εἰς
330 1796 414 1831 ζωὴν,
435 1795 604 1830 συναγείρειν
620 1795 677 1824 τοῖς
698 1792 788 1824 ἄλλοις
806 1791 943 1822 ἐθέλοντος

155 1845 216 1875 τοὺς
229 1843 464 1876 εὐοθενεστέρους,
482 1841 528 1868 καὶ
545 1839 632 1875 ίδροῦν
651 1839 722 1874 ὑπὲρ
741 1837 879 1872 ἀδελφῶν,
897 1838 944 1864 καὶ

133 1880 139 1883 ⁸
155 1892 218 1921 τοὺς
228 1890 309 1921 ἰδίους
320 1889 411 1920 αὐτοῖς
419 1886 584 1918 ὲκδανείζειν
598 1886 706 1917 πόνους,
721 1886 768 1912 καὶ
777 1884 830 1911 τῶν
840 1883 943 1911 ἄνωθεν

155 1935 333 1971 χαρισμάτων
344 1933 430 1959 ποιεῖν
446 1941 476 1959 τε
487 1930 642 1962 κοινωνούς.
657 1929 712 1957 Καὶ
727 1927 806 1955 τοῦτο
820 1925 889 1954 εἶναι
903 1925 943 1953 οῖ-

157 1989 207 2016 μαι
223 1981 254 2008 τὸ
268 1980 336 2016 πρὸς
352 1979 451 2010 αὐτοὺς
472 1977 617 2013 είρημένον
635 1975 698 2007 τοὺς
717 1974 809 2008 ἁγίους
828 1973 945 2000 ἀποστό-

155 2029 234 2060 λους·
256 2037 265 2053 ι
286 2026 396 2062 Δωρεὰν
415 2024 536 2056 ἐλάϐετε,
553 2022 656 2059 δωρεὰν
672 2021 740 2048 δότε.
766 2031 775 2047 ι
795 2019 944 2054 Μονονουχὶ

155 2074 212 2110 γὰρ
229 2073 354 2099 πλεῖστον
373 2072 481 2102 ἑαυτοῖς
496 2070 526 2096 τὸ
543 2069 631 2104 μάννα
652 2067 836 2101 συλλέγοντες,
856 2064 945 2092 διανέ-

157 2129 218 2156 μειν
245 2118 410 2150 ἐσπούδαζον
434 2118 491 2148 τοῖς
515 2115 563 2151 τὴν
594 2113 678 2149 αὐτὴν
700 2112 803 2140 οἰκοῦσι
827 2111 942 2147 σκηνὴν,

155 2165 279 2192 τουτέστι
296 2165 345 2199 τὴν
365 2162 538 2198 Ἐκκλησίαν.
553 2160 692 2188 Διετέλουν
705 2158 759 2194 γὰρ
770 2159 794 2185 οἱ
806 2157 943 2184 θεσπέσιοι

157 2210 279 2246 μαθηταὶ
291 2208 491 2240 νουθετοῦντες,
501 2204 777 2242 είσηγούμενοι,πρὸς
790 2204 844 2231 πᾶν
855 2202 943 2230 ὁτιοῦν

992 278 1062 305 ritus
1076 283 1127 310 est,
1148 283 1222 305 recta
1247 278 1273 304 in
1289 277 1333 304 his
1346 281 1373 304 et
1392 277 1499 304 sincera
1520 277 1649 311 cognitio.
1659 277 1692 304 At
1710 285 1777 305 vero

992 324 1019 350 in
1028 324 1089 351 luce
1109 332 1140 351 ac
1159 324 1204 351 dic
1215 323 1358 358 disciplina
1368 331 1416 358 per
1425 323 1564 350 Christum
1576 323 1776 358 suppeditatur.

992 371 1069 398 Unde
1098 375 1126 398 et
1151 379 1251 398 manna
1283 371 1378 398 datum
1412 374 1454 397 est
1484 369 1624 397 veteribus
1650 370 1778 405 splende-

991 421 1084 443 scente
1113 416 1158 443 die
1180 421 1208 444 et
1239 417 1299 444 luce
1332 416 1491 451 etfulgente.
1517 415 1581 443 Dies
1601 415 1674 442 enim
1690 415 1717 442 in
1731 423 1779 442 no~

990 460 1034 488 bis
1059 461 1239 488 credentibus
1251 461 1351 494 illuxit,
1368 461 1440 488 sicut
1464 461 1597 495 scriptum
1613 464 1655 487 est
1680 460 1718 492 ⁸²;
1750 464 1777 487 et

991 507 1090 534 lucifer
1105 507 1132 534 in
1147 508 1270 534 omnium
1281 507 1412 535 cordibus
1426 510 1469 535 est
1486 511 1609 539 exortus,
1623 510 1650 534 et
1667 506 1707 534 sol
1731 507 1777 542 ju-

992 553 1073 580 stitiae
1086 553 1232 588 processit,
1254 553 1307 581 hoc
1329 557 1371 581 est
1393 553 1531 585 Christus,
1541 553 1588 588 qui
1606 557 1649 580 est
1672 560 1779 580 manna:

993 597 1172 633 intelligibilis
1185 599 1307 634 largitor.
1320 599 1387 626 Nam
1400 599 1548 634 quodillud
1562 599 1692 626 sensibile
1705 606 1780 626 man-

992 651 1026 671 na
1050 644 1134 671 fuerit
1155 645 1235 679 quasi
1260 645 1288 672 in
1305 644 1402 680 ﬁgura,
1423 645 1475 673 hoc
1499 649 1590 672 autem
1613 645 1649 672 sit
1672 653 1779 676 verum,

991 688 1119 716 Christus
1130 689 1187 724 ipse
1214 689 1367 717 certissime
1379 690 1460 718 nobis
1478 694 1606 723 testatur,
1628 690 1723 719 dicens
1746 690 1779 718 ad

992 735 1120 762 Judzeos:
1146 736 1260 763 «Patres
1279 736 1364 764 vestri
1387 737 1504 764 ederunt
1516 745 1616 765 manna
1630 737 1658 764 in
1684 737 1780 765 deser-

993 783 1032 813 to,
1046 785 1073 811 et
1092 781 1196 808 mortui
1209 786 1283 809 sunt.
1295 782 1342 810 Ille
1355 786 1446 810 autem
1467 786 1510 810 est
1523 783 1603 817 panis
1621 783 1668 818 qui
1684 791 1699 810 e
1711 783 1780 810 cmlo

993 825 1145 859 descendit,
1163 831 1194 854 ut
1211 827 1301 855 omnis
1313 828 1359 863 qui
1368 836 1402 855 ex
1415 828 1474 863 ipso
1484 828 1551 861 edit,
1564 837 1620 856 non
1635 829 1779 856 moriatur.

992 872 1049 907 Ego
1070 880 1131 900 sum
1161 873 1239 907 panis
1268 874 1372 907 vivens,
1396 874 1443 909 qui
1459 882 1474 901 e
1497 875 1567 902 caelo
1582 873 1734 902 descendit.
1753 874 1782 902 Si

994 918 1056 952 quis
1077 919 1167 946 ederit
1196 927 1229 946 ex
1248 919 1300 947 hoc
1332 927 1413 954 pane.
1441 920 1515 948 vivet
1536 921 1564 948 in
1587 926 1732 948 aeternum.
1748 921 1783 949 Et

993 965 1072 999 panis
1085 973 1166 1000 quem
1178 973 1229 1001 ego
1242 965 1314 993 dabo
1340 966 1429 999 vobis,
1452 974 1515 993 caro
1537 974 1598 994 mea
1612 972 1664 999 est,
1699 975 1781 1002 quam

992 1018 1044 1045 ego
1056 1010 1128 1038 dabo
1140 1019 1191 1046 pro
1206 1011 1302 1038 mundi
1318 1007 1374 1039 vita
1386 1011 1419 1039 ”.
1438 1022 1447 1038 ›
1461 1012 1572 1039 Enutrit
1595 1013 1668 1040 enim
1688 1021 1738 1040 nos
1753 1013 1782 1040 in

992 1056 1076 1083 vitam
1088 1065 1239 1092 perennem
1253 1057 1386 1085 Dominus
1400 1062 1494 1085 noster
1512 1057 1592 1085 Jesus
1603 1057 1741 1091 Christus,
1754 1063 1782 1086 et

993 1102 1051 1130 suis
1066 1103 1100 1130 ad
1121 1103 1252 1138 pietatem
1269 1104 1414 1139 przeeeptis
1438 1108 1466 1131 et
1493 1111 1543 1139 per
1563 1104 1692 1139 mysticas
1707 1105 1784 1132 eulo-

993 1149 1060 1184 gias.
1091 1150 1151 1185 lpse
1182 1150 1266 1184 igitur
1290 1158 1388 1177 revera
1412 1154 1454 1178 est
1481 1157 1532 1185 per
1568 1150 1689 1185 seipsum
1713 1150 1784 1179 illud

993 1202 1093 1222 manna
1109 1195 1231 1222 divinum
1244 1199 1273 1223 et
1284 1195 1433 1224 viviﬁcum.
1450 1195 1484 1223 Et
1494 1196 1541 1232 qui
1551 1203 1583 1224 ex
1597 1196 1650 1224 hoc
1669 1197 1784 1224 mandu-

994 1243 1305 1279 caverit,eorruptionis
1315 1252 1414 1280 expers
1425 1249 1467 1272 est
1475 1244 1595 1277 futurus,
1610 1244 1782 1279 mortemque

993 1297 1137 1322 evasurus,
1151 1298 1206 1318 non
1220 1296 1312 1318 autem
1326 1291 1345 1318 ii
1360 1291 1407 1326 qui
1426 1291 1556 1319 sensibile
1573 1291 1640 1318 illud
1654 1290 1782 1319 ederunt.

992 1334 1086 1370 Neque
1099 1336 1173 1363 enim
1183 1340 1263 1372 typus
1275 1337 1404 1365 salutaris
1421 1341 1490 1370 erat,
1508 1337 1555 1365 sed
1574 1337 1700 1364 veritatis
1712 1337 1783 1370 ligu—

994 1387 1052 1407 ram
1072 1389 1127 1415 prae
1139 1390 1168 1410 se
1188 1383 1303 1410 ferebat.
1315 1384 1388 1412 Deus
1404 1389 1497 1412 autem
1508 1391 1608 1411 manna
1627 1383 1714 1412 instar
1722 1384 1783 1419 plu-

992 1427 1043 1454 vize
1055 1427 1174 1463 desuper
1186 1428 1345 1462 demittens,
1355 1430 1434 1465 jubet
1450 1433 1479 1457 ut
1491 1430 1680 1465 unusquisque
1692 1437 1782 1466 quan-

993 1477 1050 1500 tum
1069 1475 1134 1502 satis
1154 1475 1189 1502 sit
1210 1476 1330 1515 colligat,
1352 1481 1435 1512 atque
1453 1484 1507 1504 una
1524 1476 1667 1512 colligere,
1685 1476 1707 1504 si
1720 1475 1783 1512 quis

993 1519 1058 1546 velit
1070 1528 1164 1548 eorum
1177 1521 1224 1556 qui
1241 1522 1313 1550 idem
1325 1522 1532 1551 tabernaeulum
1545 1523 1680 1552 habitant.
1697 1533 1705 1549 «
1718 1523 1767 1552 Sin
1778 1539 1784 1544 -

994 1565 1145 1599 gtrlienim,
1159 1566 1207 1599 ait,
1233 1575 1295 1595 cum
1315 1568 1374 1595 suis
1398 1569 1780 1606 contubernalibuscolligite,

994 1618 1045 1637 nec
1072 1611 1221 1646 quidquam
1259 1613 1397 1648 reliquum
1429 1614 1510 1642 facite
1530 1614 1559 1642 in
1593 1614 1778 1643 crastinum.)

994 1655 1109 1690 Oportet
1124 1657 1197 1684 enim
1212 1666 1263 1685 nos
1282 1658 1386 1686 divinis
1414 1664 1442 1686 et
1462 1659 1627 1696 evangelieis
1648 1659 1783 1687 doctrinis

994 1702 1106 1736 repleri.
1119 1702 1148 1729 ln
1162 1710 1291 1731 mensura
1306 1703 1390 1739 igitur
1399 1704 1498 1739 aequali
1513 1705 1608 1739 parvis
1632 1708 1661 1732 et
1677 1704 1784 1740 magnis

993 1745 1121 1774 Christus
1137 1754 1214 1774 suam
1240 1748 1382 1776 distribuit
1396 1749 1523 1784 gratiam,
1539 1754 1567 1776 et
1585 1749 1689 1784 pariter
1712 1756 1782 1776 enu-

994 1791 1042 1819 trit
1053 1800 1151 1820 omnes
1165 1793 1191 1820 in
1206 1794 1301 1828 vitam,
1320 1794 1435 1830 vultque
1452 1802 1509 1822 una
1519 1802 1582 1822 cum
1596 1794 1657 1822 aliis
1667 1802 1783 1829 congre-

994 1845 1057 1873 gare
1075 1839 1157 1865 etiam
1172 1839 1349 1872 inﬁrmiores,
1370 1845 1452 1876 atque
1467 1841 1542 1876 ipsos
1552 1848 1604 1876 pro
1615 1840 1672 1868 suis
1691 1840 1784 1868 fratri-

994 1884 1047 1911 bus
1067 1884 1215 1917 desudare,
1229 1885 1354 1920 adeoque
1367 1886 1422 1914 illis
1437 1894 1503 1914 suos
1519 1886 1642 1921 ipsorum
1656 1891 1784 1914 mutuare

994 1930 1113 1963 labores,
1123 1936 1151 1959 et
1161 1932 1310 1967 participes
1321 1940 1447 1967 supernae
1461 1933 1556 1968 gratiae
1575 1932 1694 1961 edicere.
1713 1933 1781 1965 Hoc,

996 1980 1025 2003 nt
1037 1976 1167 2009 arbitror,
1187 1981 1239 2010 est,
1267 1977 1340 2013 quod
1362 1978 1395 2005 ad
1411 1978 1485 2013 ipsos
1511 1982 1621 2006 sanctos
1644 1979 1784 2013 apostolos

994 2022 1078 2049 dixit:
1095 2023 1204 2050 «Gratis
1217 2023 1374 2059 accepistis,
1389 2023 1473 2060 gratis
1480 2023 1542 2051 date
1556 2023 1589 2050 '“.
1603 2033 1612 2049 ι
1628 2023 1783 2051 Plurimum

977 2100 979 2103 ι
994 2068 1067 2095 enim
1081 2067 1241 2096 sibimanna
1256 2069 1418 2105 colligentes
1430 2069 1597 2097 distribuere
1615 2068 1643 2096 id
1667 2069 1782 2097 studue-

995 2118 1058 2140 runt
1074 2113 1107 2140 iis
1134 2114 1181 2148 qui
1195 2114 1222 2141 in
1236 2114 1334 2142 iisdem
1347 2122 1410 2142 cum
1424 2114 1607 2150 ipsiscastris,
1629 2113 1708 2149 291
1730 2114 1784 2142 hoc

994 2163 1036 2187 est
1054 2159 1082 2186 in
1101 2160 1235 2192 Ecclesia,
1251 2160 1398 2196 degebant.
1417 2160 1605 2188 llortabantur
1617 2161 1689 2187 enim
1702 2160 1784 2187 disci-

995 2204 1062 2239 puli,
1074 2208 1101 2231 et
1118 2204 1151 2232 ad
1165 2212 1246 2233 onmc
1259 2205 1332 2240 quod
1355 2205 1517 2240 prteclarum
1536 2209 1579 2232 est
1598 2204 1782 2238 deducebant,

155 2255 340 2290 ἀποφέροντες
352 2253 406 2281 τῶν
421 2253 634 2288 ἐπαινουμένων,
652 2251 699 2278 καὶ
720 2249 843 2284 ἀφθόνως
857 2248 942 2275 ἅπασι

995 2254 1023 2278 et
1034 2251 1149 2286 gratiam
1161 2259 1244 2286 quam
1268 2260 1283 2279 a
1297 2251 1409 2279 Christo
1423 2250 1564 2279 consecuti
1587 2255 1677 2284 erant,
1699 2252 1784 2278 uber-

155 2301 353 2338 παρατιθέντες
372 2301 412 2331 είς
432 2299 558 2335 μέθεξιν,
578 2298 611 2333 ἢν
631 2297 707 2323 αὐτοὶ
729 2294 804 2330 παρὰ
824 2292 942 2329 Χριστοῦ

155 2347 361 2382 πεπλουτήκασι
382 2346 473 2382 χάριν.
494 2344 549 2371 Καὶ
570 2343 636 2377 γοῦν
657 2344 671 2369 ό
686 2341 820 2377 μακάριος
838 2339 943 2370 Παῦλος

155 2393 308 2420 ἐπιστέλλει
321 2392 406 2418 τισίν’
431 2400 441 2417 «
464 2389 605 2424 Ἕπιθυμῶ
624 2388 679 2423 γὰρ
707 2386 770 2413 [δεῖν
791 2386 879 2420 ὑμᾶς,
900 2385 943 2411 ἵνα

155 2448 182 2465 τι
200 2437 307 2473 μεταδῷ
320 2438 385 2473 ὑμῖν
396 2437 519 2472 χάρισμα
532 2434 718 2469 πνευματικὸν
741 2434 781 2464 εἰς
802 2432 833 2459 τὸ
852 2439 944 2466 στηρι-

156 2485 253 2521 χθῆναι
267 2485 364 2519 ὑμᾶς.)
378 2484 410 2510 Et
422 2483 451 2510 δὲ
466 2483 498 2518 δὴ
511 2483 597 2508 νοοῖτο
606 2480 666 2508 καθ’
683 2480 777 2514 ἕτερον
791 2478 891 2514 τρόπον
902 2477 944 2510 τὸ,

159 2542 168 2558 «
187 2531 324 2562 Ἕκαστος
341 2531 390 2558 σὺν
409 2531 465 2561 τοῖς
491 2528 634 2564 συσκήνοις
653 2527 730 2562 ὑμῶν
754 2525 907 2558 συλλέξατε,
931 2534 940 2550 ι

156 2579 290 2610 τουτέστι,
316 2578 352 2614 μὴ
374 2577 455 2613 χύδην
480 2577 616 2608 ἅπαντες,
644 2574 713 2609 μηδὲ
735 2571 853 2608 ἀναμὶξ,
875 2570 944 2597 ἀλλά

158 2625 228 2652 κατὰ
240 2626 328 2659 γένος,
338 2625 396 2660 ἢτοι
409 2623 481 2651 κατὰ
490 2623 603 2659 σκηνὰς,
620 2621 799 2648 ποιείσθωσαν
813 2617 863 2654 τὴν
878 2626 943 2652 συγ-

158 2672 283 2708 κομιδήν.
297 2671 408 2698 ⁸ιοιῶσδε
425 2671 543 2706 νοήσεις.
558 2669 620 2705 Χρὴ
642 2668 695 2704 γὰρ
716 2667 789 2703 ἡμᾶς
812 2666 868 2697 τοῖς
882 2666 947 2700 ὁμο·

157 2719 262 2750 πίστοις
282 2718 350 2753 ὁμοῦ
367 2718 422 2744 τῶν
436 2716 517 2744 θείων
532 2714 710 2751 ἐμφορεῖσθαι
725 2714 821 2747 λόγων,
837 2711 884 2738 καὶ
897 2712 948 2745 ζη-

158 2766 213 2792 τεῖν
226 2765 256 2791 τδ
271 2764 358 2799 μάννα
376 2763 406 2790 τὺ
418 2763 513 2798 νοητόν
523 2771 530 2779 ο
549 2762 580 2789 οὺ
597 2762 653 2793 τοῖς
663 2760 834 2795 έτερόφροσι,
851 2765 945 2793 μονον-

159 2812 218 2847 οὖχὶ
233 2811 262 2837 δὲ
282 2810 330 2837 καὶ
345 2809 517 2844 ἀλλογενέσιν
531 2809 666 2839 ἀσυνέτως
697 2803 944 2840 συναποφέρεσθαι.

195 2896 216 2912 ⁸¹
235 2901 254 2928 ll
269 2900 333 2929 Cor.
353 2908 389 2932 ιν,
404 2900 430 2927 6.
469 2898 581 2926 “Joan.
598 2907 635 2932 vi,
650 2899 693 2926 50.
733 2899 753 2915 5‘
771 2899 867 2927 Matth.
883 2907 909 2933 ι,
928 2898 955 2926 8.

279 2948 412 2977 Panum.
431 2947 488 2976 Gn.
511 2947 611 2977 LXIX.

996 2297 1044 2324 tim
1057 2298 1187 2325 omnibus
1198 2298 1449 2326 eommunieabant.
1471 2297 1541 2325 Hinc
1564 2297 1663 2325 beatus
1684 2298 1784 2325 Paulus

996 2343 1160 2378 quibusdam
1174 2344 1211 2371 ita
1224 2344 1339 2373 scribit:
1360 2344 1467 2379 «Cupio
1491 2351 1540 2371 vos
1561 2343 1666 2376 videre,
1689 2349 1719 2371 ut
1735 2345 1785 2371 im-

995 2389 1112 2424 pertiam
1128 2390 1206 2418 vobis
1226 2390 1350 2426 gratiam‘
1364 2390 1535 2425 spiritualem
1553 2390 1587 2418 ad
1609 2399 1658 2418 vos
1680 2391 1782 2418 contir-

996 2434 1111 2462 mandos
1126 2434 1170 2461 '".
1181 2444 1190 2459 ι
1203 2434 1340 2462 Caeterum
1362 2435 1385 2462 si
1402 2435 1460 2462 hate
1479 2435 1573 2468 verba,
1591 2436 1708 2471 «singuli
1731 2445 1785 2464 una

998 2487 1060 2507 eum
1069 2480 1317 2508 contubernalibus
1329 2481 1461 2516 colligite,
1477 2491 1486 2507 ›
1505 2481 1557 2508 alia
1581 2481 1687 2509 ratione
1714 2483 1784 2509 acri-

998 2527 1118 2561 piantur,
1137 2526 1191 2554 hoc
1212 2532 1264 2560 est,
1285 2532 1314 2554 ut
1330 2535 1385 2554 non
1413 2527 1569 2562 promiscue
1594 2535 1700 2560 omnes,
1733 2531 1791 2555 nee

997 2573 1141 2607 gregatim,
1156 2573 1205 2600 sed
1221 2573 1372 2600 secundant
1385 2581 1471 2608 genus
1482 2578 1510 2601 et
1521 2574 1638 2601 tentoria
1653 2582 1702 2602 sua
1725 2575 1783 2601 eol-

996 2619 1091 2653 ligant,
1109 2623 1167 2645 tum
1186 2618 1344 2654 hujusmodi
1358 2627 1440 2647 sensu
1452 2627 1484 2646 ea
1504 2619 1649 2655 intelliges.
1669 2619 1784 2655 Oportet

995 2665 1069 2691 enim
1094 2665 1155 2692 illos
1167 2665 1214 2700 qui
1230 2665 1376 2692 nobiseum
1392 2667 1598 2693 communicant
1622 2665 1686 2698 ﬁde,
1707 2671 1784 2692 satu-

996 2718 1058 2737 rare
1069 2709 1172 2738 divinis
1183 2711 1339 2746 praeceptis,
1354 2711 1474 2747 ipsisque
1488 2719 1587 2739 manna
1610 2711 1784 2746 intelligibile

995 2756 1159 2791 conquirere
1172 2765 1180 2790 ;
1201 2764 1374 2792 nequaquam
1387 2766 1451 2785 cum
1475 2758 1535 2785 istis
1548 2757 1595 2792 qui
1609 2764 1624 2784 a
1637 2756 1717 2784 n'obis
1729 2754 1784 2783 dis-

996 2803 1129 2836 sentiunt,
1142 2803 1380 2838 etquodammodo
1392 2804 1552 2840 alienigena:
1569 2808 1644 2837 sunt,
1656 2809 1784 2837 compor~

993 2899 1026 2915 "‘
1039 2898 1118 2926 Rom.
1135 2904 1153 2930 ι,
1170 2897 1212 2924 ll.
1597 2938 1632 2970 15
