1999 3056
208 162 260 191 ιω

721 159 750 188 S.
770 159 908 188 CYRILLI
927 160 1163 190 ALEXANDRINI
1183 162 1343 191 ARCHlEP.

1795 160 1849 191 L60

210 225 277 247 tare.
292 218 370 252 Quod
382 217 493 253 quidem
521 217 649 251 facimus,
670 225 733 246 cum
747 226 874 246 arcemus
899 218 933 246 ab
947 219 997 246 Ec-

1058 221 1088 247 "0
1105 220 1136 256 δὴ
1160 221 1207 248 καὶ
1229 222 1371 256 ποιοῦμεν,
1389 221 1588 252 ἀποσοϐοῦντες
1606 220 1656 255 μὲν
1680 220 1848 256 Ἐκκλησιῶν

209 265 292 293 clesia
308 272 356 292 eos
369 265 416 299 qui
429 264 538 293 diversa
550 272 565 291 a
578 265 658 292 nobis
679 265 804 293 sentiunt
821 269 849 293 et
876 266 998 300 perversi

209 316 288 338 sunt:
303 318 364 338 cum
380 310 414 338 iis
427 318 494 338 vero
521 311 569 345 qui
590 310 734 338 domestici
757 314 822 338 sunt
846 310 999 338 secundum

210 357 303 389 Iidem,
316 357 430 384 cmleste
445 357 608 384 alimentum
623 356 726 384 affatim
741 356 886 384 sumimus.
910 357 999 384 [nter-

209 403 313 431 dicitur
324 407 415 430 autem
427 402 478 434 eis,
495 410 530 430 ne
541 402 609 437 quid
621 402 760 436 reliquum
776 402 877 430 faciant
891 403 919 430 in
926 403 1000 431 diem

208 447 373 475 crastinum.
391 447 450 480 Quo
462 447 564 474 iterum
584 447 627 474 lex
640 447 809 480 subindicat,
833 448 907 483 quod
919 455 1000 476 usum

209 497 348 529 typorum,
367 496 491 527 tempore
515 500 571 527 quo
595 491 678 519 utiles
698 500 730 520 ac
751 493 901 520 necessarii
920 498 1002 521 erant

209 540 313 574 elapso,
327 538 432 574 judicio
455 545 487 565 ac
498 545 586 573 pennae
617 538 755 574 subjiciat.
790 548 799 564 ι
826 538 1001 574 Computruit

209 586 283 613 enim
304 584 444 613 vermibus
460 584 488 612 id
508 584 581 619 quod
605 588 776 612 reservatum
790 584 890 612 fuerat.
906 594 915 610 ι
930 586 1001 614 Fuc-

211 633 246 660 rit
261 637 353 659 autem
369 631 427 658 hac
439 631 585 658 manifesta
596 638 684 666 poena:
706 634 734 658 et
754 631 945 666 corruptionis
962 631 1001 660 si—

209 679 357 714 gnificatio.
378 677 445 705 Nam
461 677 508 713 qui
527 677 632 705 umbrae
652 683 714 713 post
737 682 877 706 ostensam
899 678 1002 706 verita-

210 730 266 752 tem
291 723 483 760 acquiescunt,
497 724 704 759 corruptionem
723 724 835 752 omnino
852 732 884 752 ac
908 732 1004 760 pmnas

209 774 274 798 sunt
289 769 436 797 incursuri.
455 769 597 805 Ejusmodi
612 769 677 804 quid
695 769 831 796 accidisse
853 768 1004 796 asscrimus

212 816 266 844 illis
292 816 326 843 de
352 815 453 851 quibus
481 815 577 843 beatus
597 815 697 843 Paulus
713 815 826 842 scribit:
858 814 1003 842 iEvacuati

210 861 278 890 estis
293 869 309 889 a
323 860 444 893 Christo,
462 861 509 896 qui
535 869 584 896 per
596 861 683 896 legem
700 860 901 896 justiﬁcamini,
917 860 1004 895 gratia

1050 266 1112 297 τοὺς
1135 265 1304 301 ἐτεροδόξους
1327 266 1374 292 καὶ
1391 266 1643 302 διεστραμμένους,
1659 265 1728 301 ὁμοῦ
1745 265 1774 292 δέ
1792 267 1850 298 τοῖς

1050 312 1120 338 κατὰ
1146 311 1237 338 πίστιν
1263 313 1374 344 οἰκείοις
1401 312 1450 343 τὰς
1475 312 1505 344 ἐξ
1528 311 1646 347 οὐρανοῦ
1669 311 1849 344 πλουτοῦντες

1050 358 1166 392 τροφάς,
1185 359 1300 394 Εἴρηται
1316 358 1344 385 δε
1368 358 1406 394 μὴ
1431 358 1648 394 καταλιμπάνειν
1664 359 1704 390 είς
1720 358 1750 385 τὺ
1765 357 1850 394 πρωῖ’

1049 403 1098 430 τοῦ
1119 404 1201 439 νόμου
1228 405 1309 432 πάλιν
1333 404 1561 439 ὑπεμφαίνοντος,
1578 405 1619 431 ὃτι
1643 403 1676 430 τδ
1697 404 1849 440 κεχρῆσθαι

1051 451 1107 481 τοῖς
1123 450 1220 482 τύποις
1237 451 1437 486 παρῳχηκότος
1457 450 1504 477 τοῦ
1530 451 1638 486 χρόνου,
1659 450 1720 477 καθ’
1735 450 1765 477 ὃν
1778 448 1850 486 ἦσαν

1051 495 1092 533 ἔτι
1107 496 1238 532 χρήσιμοί
1254 505 1284 522 τε
1301 497 1349 523 καὶ
1361 497 1516 530 ἀναγκαῖοι,
1531 496 1618 531 πάντη
1631 504 1660 522 τε
1676 496 1723 523 καὶ
1739 496 1850 528 πάντως

1052 539 1105 566 ὑπὸ
1124 540 1216 576 κρίσιν
1237 541 1299 575 ἄγει
1325 541 1372 568 καὶ
1389 541 1516 568 κόλασιν·
1534 551 1543 566 ε
1567 540 1691 573 Ἐξέζεσε
1705 541 1761 577 γὰρ
1776 541 1850 568 σκώ-

1052 585 1139 622 ληκας
1155 586 1185 613 τὸ
1200 587 1400 622 τετηρημένον.
1425 596 1434 612 ι
1457 586 1602 618 Κολάσεώς
1619 596 1649 613 τε
1675 587 1722 614 καὶ
1746 587 1850 623 φθορᾶς

1054 632 1171 668 μήνυσις
1185 632 1218 660 ἂν
1238 633 1281 669 εἴη
1293 634 1340 661 καὶ
1357 633 1427 669 αὕτη
1444 634 1544 669 σαφής.
1565 633 1694 661 Ἔσονται
1712 633 1767 670 γὰρ
1782 633 1850 661 πάνο

1052 687 1098 710 τες
1111 679 1164 705 ὑπὸ
1179 679 1283 714 φθορὰν
1306 680 1353 707 καὶ
1368 680 1481 707 κόλασιν
1499 681 1524 706 οἱ
1540 679 1686 716 τηροῦντες
1702 680 1752 716 τὴν
1769 681 1849 708 σκιὰν

1055 724 1125 759 μετὰ
1146 725 1196 760 τὴν
1222 726 1272 760 τῆς
1295 725 1425 761 ἀληθείας
1449 726 1596 758 ἀνάδειξιν.
1619 726 1727 753 Ὀποῖόν
1748 735 1775 753 τι
1801 735 1850 753 πεο

1055 770 1182 797 πονθέναι
1192 771 1282 806 φαμὲν
1297 772 1370 805 τοὺς,
1382 768 1423 804 οἷς
1435 773 1449 798 ό
1461 771 1598 808 μακάριος
1609 772 1711 807 γράφει
1725 771 1831 804 Παῦλος
1841 779 1848 786 ·

1057 825 1067 842 ι
1090 817 1292 853 Κατηργήθητε
1318 817 1374 845 ἀπὸ
1392 817 1439 845 τοῦ
1461 818 1592 852 Χριστοῦ,
1614 819 1714 850 οἵτινες
1732 818 1848 854 ἐννόμῳ

1054 863 1229 897 δικαιοῦσθε,
1257 864 1307 900 τῆς
1336 865 1446 900 χάριτος
1475 865 1633 897 ἐξεπέσατε.
1653 874 1663 891 ι
1678 864 1733 891 Καὶ
1750 864 1848 892 πάλιν

211 908 353 936 excidistis
367 906 402 934 ⁸⁸.
414 918 422 933 ν
439 907 473 934 Et
487 914 598 934 rursus:
618 916 626 931 ι
637 905 707 933 Cum
726 905 866 941 carperitis
889 905 999 940 spiritu.

1058 918 1065 935 l
1093 909 1288 945 Ἐ-ιαρξάμενοι
1310 909 1460 946 πνεύματι,
1491 909 1539 937 νῦν
1559 911 1641 945 σαρκὶ
1666 910 1847 937 ἐπιτελιῐσοεο

212 962 287 982 nunc
299 962 381 982 carne
396 952 635 981 consummemini.
655 952 742 980 Tanta
757 951 832 987 passi
854 951 922 979 estis
947 950 1005 978 fru-

212 1005 279 1033 stra,
289 1000 311 1028 si
325 1005 415 1027 tamen
432 999 534 1026 frustra
545 997 580 1024 ".
593 1008 602 1024 ›
618 998 698 1026 Vetat
715 998 798 1033 igitur
815 997 843 1025 in
855 997 1006 1025 crastinum

211 1046 330 1079 servari,
345 1050 376 1073 ut
385 1046 424 1073 sic
439 1053 488 1081 per
499 1044 650 1072 crastinum
662 1044 799 1079 intelligas
813 1048 921 1078 tempus
945 1047 1007 1078 post

213 1093 310 1129 legem,
325 1093 352 1119 in
369 1100 424 1127 quo
432 1091 560 1119 Christus
573 1090 711 1126 apparuit,
725 1094 754 1117 et
777 1089 871 1117 divina
893 1089 939 1116 lux
955 1095 1006 1116 no‘

215 1138 365 1167 bisilluxit.
376 1138 514 1165 Cteterum
529 1136 660 1164 Israelita
672 1135 822 1163 Sabbatum
839 1134 1006 1163 celebraturi

213 1184 392 1212 reservabant
406 1183 434 1210 in
461 1182 621 1214 crastinum,
646 1181 728 1216 idque
743 1181 800 1208 Deo
818 1181 1004 1216 praecipiente.

211 1229 283 1264 Quid
299 1230 382 1265 igitur
392 1233 444 1262 est,
457 1228 531 1264 quod
547 1228 692 1256 collectum
708 1231 771 1254 ante
792 1227 942 1254 Sabbatum
956 1234 1007 1254 cu~

213 1275 359 1308 stodiatur,
376 1283 427 1302 nec
442 1278 547 1310 pereat,
562 1281 652 1308 neque
671 1273 760 1300 Moses
779 1272 835 1300 illis
853 1273 900 1308 qui
914 1280 1006 1300 reser-

215 1327 313 1350 varunt
327 1321 508 1349 succenseat?
520 1320 589 1347 Nam
608 1320 724 1356 ingrcssi
738 1327 786 1355 per
802 1319 883 1346 ﬁdem
898 1319 926 1346 in
942 1319 1007 1347 sab-

213 1367 372 1400 batismum,
394 1367 440 1402 qui
458 1367 485 1394 in
498 1366 608 1394 Christo
632 1366 805 1402 intelligitur,
838 1365 890 1392 hoc
902 1368 954 1397 est,
979 1365 1007 1392 in

213 1413 300 1440 otium
313 1417 341 1439 et
353 1411 533 1440 cessationem
548 1419 563 1438 a
578 1412 698 1446 peccatis
711 1432 718 1442 ,
741 1418 797 1437 non
815 1413 944 1445 tanquam
962 1409 1006 1436 in-

214 1459 310 1487 utilem
322 1458 485 1494 abjiciamus
511 1458 655 1485 collectam
678 1457 706 1484 in
723 1457 802 1484 nobis
816 1464 849 1484 ac
865 1456 943 1491 quasi
960 1463 1007 1483 re-

214 1506 333 1541 positam
352 1505 420 1540 legis
440 1503 624 1539 disciplinam,
643 1511 704 1539 quae
724 1511 775 1530 nos
785 1502 863 1530 ducit
879 1502 912 1530 ad
925 1501 1006 1530 Chri-

214 1555 297 1584 stum,
314 1550 394 1586 292
409 1551 452 1578 lex
464 1550 537 1577 enim
555 1549 718 1585 paedagogus
729 1554 771 1577 est
786 1549 808 1565 ³⁷
821 1558 828 1582 ;
843 1549 890 1576 sed
916 1548 1007 1584 potius

1056 956 1174 983 τοσαῦτα
1193 956 1308 983 ἐπάθετε
1339 957 1412 992 εἰκῆ,
1443 958 1470 984 ετ
1497 965 1530 991 γε
1554 957 1601 983 καὶ
1621 957 1694 992 εικῆ.
1713 966 1723 983 ι
1743 956 1848 984 οὐκοῦν

1056 1001 1366 1036 ἁποφάσκειφυλάττειν
1391 1002 1432 1034 είς
1445 1001 1475 1028 τὸ
1490 1001 1577 1038 πρωῖι
1594 1001 1637 1028 ἵνα
1647 1001 1691 1028 διὰ
1704 1001 1752 1028 τοῦ
1764 1001 1847 1036 πρωῒ,

1056 1047 1102 1074 τὸν
1121 1047 1190 1083 μετὰ
1211 1047 1257 1075 τὸν
1275 1047 1356 1084 νόμον
1378 1048 1481 1084 νοήσῃς
1505 1047 1612 1084 καιρὸν,
1634 1047 1694 1074 καθ’
1710 1047 1740 1074 ὃν
1762 1048 1779 1082 ἡ
1800 1047 1849 1074 τοῦ

1056 1093 1175 1130 Χριστοῦ
1191 1094 1295 1129 πέφηνε
1310 1094 1458 1130 παρουσία,
1467 1094 1516 1121 καὶ
1529 1094 1559 1121 τὸ
1571 1094 1716 1130 θεῖονήμῖν
1729 1093 1849 1128 ἀνέλαμ-

1056 1140 1091 1175 ψε
1108 1140 1177 1175 φῶς.
1208 1140 1280 1167 Ἀλλ’
1293 1141 1408 1176 ἐτήρουν
1433 1141 1474 1172 είς
1495 1141 1526 1167 τὸ
1554 1139 1646 1176 πρωῒ,
1676 1139 1850 1171 σαϐϐατίζειν

1059 1186 1202 1222 μέλλοντες
1220 1187 1245 1213 ot
1270 1186 1299 1218 ἐξ
1319 1186 1438 1222 Ἰσραὴλ,
1458 1186 1506 1213 καὶ
1523 1186 1602 1212 τοῦτο
1624 1186 1692 1212 Θεοῦ
1712 1186 1849 1221 προστάτ-

1056 1240 1159 1264 τοντος.
1180 1231 1212 1259 Τί
1225 1232 1258 1268 δὴ
1277 1231 1324 1260 οὖν
1344 1233 1398 1268 ἄρα
1421 1233 1480 1259 ἐστὶ
1503 1232 1533 1259 τὸ
1544 1231 1736 1267 ’φυλάττεσθαι
1753 1232 1803 1267 μὲν
1816 1232 1849 1258 τὸ

1056 1278 1103 1305 τοῦ
1117 1278 1257 1305 Σαϐϐάτου
1273 1278 1494 1314 προσυλλεχθὲν,
1519 1277 1556 1313 μὴ
1580 1278 1634 1314 μὴν
1655 1278 1695 1305 ἔτι
1720 1279 1768 1305 καὶ
1791 1278 1850 1304 δια-

1058 1323 1232 1359 φθείρεσθαι,
1250 1324 1317 1360 μηδέ
1333 1325 1390 1355 τοῖς
1411 1323 1596 1360 τετηρηκόσιν
1611 1324 1851 1360 ἐπι-πικραίνεσθαι

1056 1370 1102 1396 τὸν
1121 1370 1237 1402 Μωσέα;
1262 1369 1420 1406 Ἀφιγμένοι
1437 1370 1491 1406 γὰρ
1510 1370 1555 1396 διὰ
1577 1370 1695 1402 πίστεως
1710 1371 1750 1402 εἰς
1761 1370 1807 1396 τδν
1820 1371 1850 1397 ἐν

1058 1414 1169 1450 Χριστῷ
1192 1414 1338 1450 νοούμενον
1360 1413 1558 1448 σαϐϐατισμὸν,
1577 1414 1718 1440 τουτέστιν
1739 1414 1779 1445 είς
1797 1414 1850 1448 ἀρ·
1896 1418 1900 1419 ⁷

1057 1460 1120 1495 γίαν
1141 1468 1172 1486 τε
1194 1459 1242 1486 καὶ
1265 1459 1413 1495 κατάληξιν
1437 1459 1487 1495 τὴν
1508 1459 1537 1491 ἐξ
1557 1459 1718 1494 ἁμαρτιῶν,
1741 1459 1790 1494 οὐχ
1811 1458 1850 1490 ὠς

1058 1506 1194 1542 ἄχρηστον
1226 1506 1434 1542 παραιτούμεθα
1469 1506 1519 1542 τὴν
1556 1505 1795 1541 προσωρευοετσαν
1821 1505 1851 1531 ἐν

1062 1553 1129 1588 ἡμῖν
1140 1552 1187 1578 καὶ
1205 1551 1288 1578 οἱονεὶ
1302 1551 1542 1587 προαποκειμένην
1552 1550 1598 1577 τοῦ
1613 1550 1694 1584 νόμου
1712 1548 1852 1575 παίδευσιν

213 1603 275 1624 cum
290 1596 440 1624 habeamus
451 1603 511 1623 eam
525 1595 746 1623 institutionibus
764 1594 930 1629 evangelicis
944 1601 1006 1620 con-

1063 1597 1284 1634 χειραγωγοῦσαν
1311 1596 1385 1632 ἡμᾶς
1400 1597 1439 1628 είς
1455 1595 1581 1631 Χριστόν·
1612 1594 1782 1628 παιδαγωγὸς
1799 1593 1853 1627 γὰρ

211 1640 345 1680 junctam,
360 1650 415 1669 non
429 1642 509 1677 longe
524 1646 598 1668 certe
618 1640 739 1668 abfuturi
767 1648 863 1668 sumus
885 1640 919 1668 ab
943 1640 1006 1672 hoc,

215 1693 246 1718 ut
260 1689 343 1716 etiam
358 1695 409 1716 nos
434 1688 487 1715 hoc
510 1687 622 1715 nomine
636 1687 741 1714 laudari
753 1694 804 1722 par
827 1686 877 1720 sit;
902 1689 1008 1713 tantum

216 1735 305 1767 abest,
320 1738 350 1761 ut
368 1734 441 1761 Deus
458 1733 539 1761 nobis
565 1733 618 1760 hoc
650 1732 816 1760 facientibus
834 1736 1007 1759 succenseat.

216 1782 293 1810 Unde
307 1781 432 1811 Salvator
441 1780 499 1816 ipse
524 1780 561 1807 ita
583 1787 634 1807 nos
653 1779 752 1807 docet:
772 1779 952 1813 tPropterea,
965 1778 1009 1805 in-

216 1820 286 1865 quit,
303 1827 364 1856 dico
377 1827 465 1860 vobis,
484 1827 558 1863 quod
573 1827 663 1854 omnis
675 1825 771 1854 Scriba
799 1825 898 1853 doctus
912 1825 946 1852 ad
965 1833 1006 1852 re-

216 1883 298 1912 gnum
309 1875 454 1907 ccelorum,
470 1873 570 1901 similis
592 1877 634 1901 est
651 1873 854 1909 patrifamilias,
873 1873 919 1908 qui
936 1872 1010 1900 eruit

216 1929 232 1949 e
245 1921 375 1948 thesauro
389 1927 439 1947 suo
458 1927 529 1948 nova
548 1923 576 1948 et
599 1923 694 1947 vetera
710 1919 744 1947 "'.
757 1929 766 1945 ι
781 1919 880 1946 Manna
897 1919 981 1954 igitur
993 1926 1010 1946 a

216 1967 296 1996 nobis
312 1966 389 2002 prius
405 1974 454 2001 per
478 1965 566 2002 legem
589 1966 735 1993 collectum
760 1969 839 1993 vacat
858 1965 1010 2000 reprehen-

216 2011 444 2047 sione,siquidem
459 2011 487 2038 in
497 2011 696 2039 sabbatismum
707 2010 909 2046 intelligibilem
918 2018 1010 2038 rescr-

215 2063 304 2087 vetur.
325 2059 381 2086 Nos
397 2059 483 2091 enim,
496 2057 543 2093 qui
559 2057 586 2084 in
600 2057 712 2085 Christo
721 2057 872 2085 Sabbatum
888 2057 1012 2085 celebra.

216 2113 287 2137 mus,
304 2103 366 2132 ideo
380 2111 523 2131 versamur
536 2102 564 2130 in
578 2101 685 2129 umbris
704 2101 842 2134 Mosaicis,
858 2107 889 2128 ut
904 2101 932 2128 in
943 2101 1011 2136 ipsis

217 2152 390 2186 inquiramus
400 2150 556 2178 veritatem.
569 2148 743 2176 Exsecrab'rle
752 2152 844 2176 autem
862 2153 933 2180 erat,
943 2154 1010 2182 sup-

217 2198 354 2233 plicioque
373 2197 523 2224 obnoxium
543 2196 566 2223 si
587 2196 650 2231 quis
661 2195 690 2222 in
703 2194 824 2222 Sabbato
845 2194 1009 2229 colligeret;

217 2244 284 2280 quin
296 2243 389 2279 potius
403 2243 476 2270 Deus
487 2246 556 2276 ,tum
579 2241 686 2269 nullum
712 2239 870 2268 dimittebat
898 2247 1008 2267 manna.

216 2272 286 2318 Cum
296 2272 374 2317 enim
393 2289 423 2317 in
437 2272 550 2317 Christo
570 2287 734 2323 spiritaliter
762 2286 913 2314 Sabbatum
934 2286 1009 2314 cele-
1025 2272 1048 2300 θ

217 2336 341 2367 hrcmus,
358 2342 390 2363 ea
408 2341 470 2370 quae
486 2334 514 2361 in
527 2333 621 2369 figuris
631 2337 706 2365 sunt,
718 2340 775 2360 non
795 2332 916 2368 amplius
930 2331 1010 2359 colli-

218 2388 323 2418 gemus.
338 2380 432 2416 Neque
456 2379 530 2407 enim
559 2378 697 2407 carnalem
720 2378 876 2406 subibimus
895 2379 1012 2406 circum-

219 2428 363 2458 eisionem,
392 2433 483 2460 neque
502 2433 569 2453 oves
601 2429 648 2452 aut
678 2424 763 2452 boves
782 2424 1010 2456 sacriﬁeabimus,

219 2472 268 2500 sed
279 2472 372 2510 potius
389 2471 544 2506 rejicicmus
557 2475 684 2506 typorum
701 2470 924 2503 crassitudinem,
948 2477 1011 2497 curn

219 2519 304 2555 ipsam
316 2517 467 2546 habeamus
485 2517 638 2550 veritatem,
655 2517 708 2545 hoc
717 2521 759 2544 est
774 2516 925 2545 Christum.

253 2565 280 2592 4.
294 2564 429 2599 Copiosus
442 2563 527 2599 igitur
543 2563 608 2591 satis
626 2570 658 2590 ac
677 2562 850 2595 manifestus,
876 2567 906 2590 ut
931 2562 1008 2589 arbi-

219 2615 287 2643 tror,
299 2617 390 2637 sermo
405 2608 439 2637 de
467 2608 510 2636 his
528 2608 639 2636 habitus
663 2611 715 2635 est.
731 2607 866 2635 Caeterum
895 2614 958 2635 cum
981 2607 1009 2634 in

220 2656 301 2687 libro,
321 2655 472 2683 cuititulus
489 2659 533 2682 est
559 2654 683 2687 Numeri,
707 2654 896 2682 invenerimus
917 2658 1010 2689 caput,

220 2702 292 2737 quod
319 2705 347 2728 et
363 2701 430 2728 alias
453 2700 643 2727 narrationum
670 2699 836 2735 appendices
869 2700 1010 2734 continet,

221 2747 406 2774 necessarium
435 2745 491 2774 fore
514 2745 607 2781 putavi
630 2754 685 2773 non
713 2745 865 2774 indiscussa
885 2745 1012 2773 omittere

221 2790 265 2818 illa
280 2791 375 2825 qumin
392 2791 444 2818 hoc
463 2791 548 2818 Exodi
567 2790 638 2818 libro
649 2791 759 2818 silentio
773 2795 838 2818 sunt
861 2791 1010 2826 praeterita.

221 2836 362 2871 Siquidem
393 2837 545 2865 lectoribus
571 2838 609 2865 ita
639 2837 729 2873 majus
761 2845 936 2864 accessurum
969 2842 1012 2865 est

1059 1645 1073 1671 ὁ
1090 1644 1183 1679 νόμος·
1201 1643 1308 1679 ἔχοντες
1330 1643 1358 1669 δὲ
1381 1642 1481 1677 μᾶλλον
1503 1641 1584 1668 αὑτὸν
1599 1641 1666 1676 ὁμοῦ
1686 1641 1743 1672 τοῖς
1766 1641 1851 1675 εὐαγ-

1059 1691 1179 1725 γελικοῖς
1191 1688 1384 1724 παιδεύμασιν,
1397 1688 1447 1715 οὐκ
1458 1687 1577 1722 ἐσόμεθα
1589 1687 1697 1723 μακρὰν
1708 1686 1755 1713 τοῦ
1772 1687 1851 1713 ἐπαι-

1059 1738 1115 1764 νεῖν
1132 1736 1258 1772 πρέπειν,
1275 1735 1322 1762 καὶ
1341 1734 1421 1762 τοῦτο
1439 1734 1526 1770 δρῶσι
1545 1733 1612 1765 Θεὸς
1625 1734 1676 1760 οὐκ
1688 1734 1850 1769 ἐπιπικραι-

1059 1791 1144 1811 νεται.
1165 1782 1219 1809 Καὶ
1237 1781 1302 1816 γοῦν
1321 1781 1335 1806 ὁ
1352 1781 1447 1816 Σωτὴρ
1468 1781 1547 1807 τοῦτο
1565 1779 1698 1806 διδάσκων
1712 1779 1794 1812 αὐτὸς
1806 1778 1852 1806 λέ-

1060 1838 1102 1864 γει
1116 1830 1194 1865 ἡμῖν,
1208 1829 1249 1855 ὂτι
1262 1838 1271 1853 ‹
1287 1828 1344 1858 Πᾶς
1356 1826 1540 1862 Γραμματεὺς
1552 1824 1732 1861 μαθητευθεὶς
1750 1825 1783 1860 τῇ
1803 1823 1852 1859 βα-

1061 1875 1148 1911 σιλείᾳ
1163 1874 1217 1901 τῶν
1231 1873 1364 1909 οὐρανῶν,
1388 1872 1480 1908 ὅμοιός
1505 1873 1563 1898 ἐστι
1591 1871 1728 1907 ἀνθρώπῳ
1747 1871 1852 1898 οἰκοδε-

1060 1922 1159 1957 σπότῃ,
1169 1921 1243 1952 ὅστις
1259 1919 1385 1946 ἐκϐάλλει
1402 1920 1434 1945 ἐκ
1451 1917 1498 1945 τοῦ
1514 1917 1652 1953 θησαυροῦ
1666 1916 1747 1944 αὑτοῦ
1766 1915 1848 1943 καινὰ

1060 1967 1106 1994 ttat
1119 1966 1232 1994 παλαιά.
1261 1975 1271 1992 ι
1296 1965 1475 2000 ’Λνέγκλητον
1497 1961 1543 1991 οὖν
1564 1964 1596 1990 τὸ
1613 1962 1805 1999 προσωρευθέν
1823 1963 1853 1989 ἐν

1060 2013 1126 2048 ἡμῖν
1142 2013 1229 2048 μάννα
1250 2011 1294 2038 διὰ
1313 2010 1362 2038 τοῦ
1376 2010 1471 2046 νόμου,
1487 2009 1540 2036 κᾶν
1555 2009 1580 2036 ει
1602 2010 1631 2035 ἐν
1646 2008 1685 2044 τῷ
1700 2007 1788 2043 νοητῷ
1805 2016 1851 2042 τη-

1062 2060 1133 2095 potio
1145 2057 1334 2093 σασὸατισμῷ.
1347 2056 1587 2092 Περιτυγχάνομεν
1602 2055 1652 2091 μὲν
1664 2054 1718 2089 γὰρ
1731 2055 1790 2085 ταῖς
1806 2053 1852 2081 διὰ

1060 2105 1183 2136 Μωσέως
1210 2105 1300 2135 σκιαῖς
1325 2103 1351 2130 οἱ
1371 2103 1400 2129 ἐν
1424 2101 1535 2138 Χριστῷ
1557 2100 1776 2133 σαϐϐατίζοντες,
1807 2098 1852 2126 ἵνα

1060 2152 1110 2187 τὴν
1125 2153 1154 2178 ἐν
1169 2151 1264 2182 αὑταῖς
1278 2149 1405 2186 ζητῶμεν
1424 2148 1564 2184 ἀλήθειαν.
1587 2147 1741 2182 Ἐπάρατον
1755 2145 1785 2172 δὲ
1804 2145 1852 2172 καὶ

1066 2198 1120 2224 ὑπὸ
1139 2197 1217 2232 δίκην
1241 2195 1324 2223 ἐτίθει
1345 2195 1377 2221 τδ
1392 2195 1421 2221 ἐν
1439 2193 1572 2228 Σαϐϐάτῳ
1587 2192 1737 2226 συλλέγειν,
1752 2191 1852 2227 μᾶλλον

1061 2244 1090 2271 δέ
1110 2243 1141 2270 οὺ
1161 2241 1250 2269 καθίει
1264 2241 1296 2268 τὺ
1310 2240 1399 2276 μάννα
1415 2239 1429 2265 ὸ
1442 2239 1518 2270 Θεὸς.
1531 2237 1745 2269 Σαὸὂατιζοντες
1758 2236 1812 2272 γὰρ
1823 2237 1852 2263 ἐν

1061 2288 1172 2325 Χριστῷ
1186 2287 1299 2323 νοητῶς,
1317 2286 1352 2313 τὰ
1379 2287 1408 2312 ἐν
1433 2285 1531 2316 τύποις
1553 2284 1603 2320 μὲν
1624 2284 1717 2311 ούκέτι
1731 2282 1853 2315 συλλέξο-

1060 2343 1120 2371 μεν.
1136 2333 1176 2362 Οὐ
1193 2333 1248 2368 γὰρ
1272 2332 1409 2368 σαρκικῆς
1428 2330 1599 2366 ἁνθεξὸμεθα
1618 2329 1780 2365 περιτομῆς,
1791 2327 1853 2355 οὐδὲ

1059 2381 1123 2417 βόας
1137 2380 1155 2416 ἢ
1172 2379 1296 2415 πρόϐατα
1316 2377 1517 2413 καταθύσομεν,
1540 2376 1728 2412 παρωσόμεθα
1740 2374 1854 2409 sapas-

1058 2427 1104 2454 λον
1119 2426 1149 2453 τὸ
1161 2426 1234 2460 παχὺ
1243 2424 1299 2451 τῶν
1306 2424 1412 2457 τύπων,
1429 2424 1516 2459 αὐτὴν
1530 2422 1638 2458 ἔχοντες
1649 2422 1698 2457 τὴν
1713 2420 1854 2456 ἀλήθειαν,

1058 2472 1181 2498 τουτέστι
1196 2470 1325 2506 Χριστόν.

1096 2517 1127 2544 δ’.
1149 2515 1289 2552 ’Δποχρῶν
1301 2515 1349 2551 μιν
1366 2512 1423 2549 οὖν,
1438 2514 1564 2549 καθάπερ
1579 2509 1697 2548 ἐγῷμαι,
1707 2512 1756 2539 καὶ
1766 2511 1856 2547 σαφὴς

1062 2564 1090 2590 ἐν
1106 2572 1137 2598 γε
1147 2564 1202 2595 τοῖς
1214 2561 1405 2598 προκειμένοις
1415 2562 1481 2597 ἡμῖν
1495 2560 1640 2596 πεποίηται
1654 2559 1743 2594 λόγος.
1763 2559 1854 2586 Ἐπει-

1061 2610 1094 2646 δὴ
1109 2609 1137 2636 δέ
1153 2618 1205 2645 περ
1222 2610 1251 2636 ἐν
1273 2608 1367 2644 βιϐλίῳ
1382 2607 1422 2644 τῷ
1437 2607 1552 2643 ἐπίκλην
1566 2605 1715 2642 Ἀριθμοῖῇ
1730 2605 1776 2632 καὶ
1791 2604 1852 2632 ἐτέ-

1062 2663 1121 2689 ραις
1137 2654 1166 2680 δέ
1177 2654 1355 2689 διηγημάτων
1376 2652 1545 2688 προσθήκαις
1564 2651 1671 2687 ἔχοντες
1689 2651 1852 2687 εὑρίσκομεν

1059 2699 1091 2726 τὸ
1116 2699 1274 2734 κεφάλαιον,
1301 2699 1354 2726 δεῖν
1370 2698 1464 2734 ᾠήθην
1490 2698 1658 2732 ἀναγκαίως,
1681 2697 1732 2724 οὐκ
1748 2695 1854 2723 ἀϐασά-

1061 2755 1138 2772 νιστα
1153 2745 1298 2781 παρελθεῖν
1321 2745 1355 2772 τὰ
1378 2746 1408 2772 ἐν
1424 2746 1458 2780 τῇ
1481 2744 1579 2779 Ἑξόδῳ
1604 2743 1781 2778 σεσιγημένα.
1804 2742 1854 2777 Ειη

1061 2792 1115 2828 γὰρ
1128 2791 1160 2818 ἃν
1176 2791 1224 2818 ὡδὶ
1246 2792 1302 2822 τοῖς
1321 2790 1522 2826 ἐντευξομένοις
1543 2787 1768 2824 ἁμφιλαφεστέρα
1786 2787 1855 2822 μᾶλ-

1061 2837 1106 2864 λον
1125 2839 1141 2873 ἡ
1166 2837 1266 2872 νόησις.
1282 2836 1438 2872 Γέγραπται
1455 2836 1559 2864 τοίνυν·
1582 2845 1591 2862 ι
1610 2836 1670 2862 Ὀτι
1695 2834 1743 2862 καὶ
1761 2834 1776 2861 6
1793 2833 1855 2860 ἐπί-
1889 2850 1891 2853 ν

255 2895 462 2930 "Calut.v,4.
503 2883 718 2930 “Galat:lrl,5.
757 2896 777 2912 ιτ
791 2895 860 2926 ibid.
877 2896 922 2924 at.
960 2896 1230 2930 "Mattlt.xni,52.
