1999 3056
159 112 207 140 ιει

672 115 932 145 GLAPIIYRORUM
953 118 985 146 ιη
1006 120 1148 148 ΕΧΟΒΙΞΜ
1168 121 1231 149 LIB.
1254 119 1286 149 II.

1742 119 1794 147 £62

162 188 255 216 μικτος
276 181 290 206 ὁ
314 181 343 207 ὲν
362 182 454 212 αὑτοτς
467 182 640 219 ἐπεθύμησεν
655 184 812 220 ἐπιθυμίαν.
831 187 877 212 καὶ
891 187 942 214 καί)

1004 178 1231 206 emolumentum.
1251 180 1289 207 Ita
1316 184 1408 207 autem
1423 178 1557 206 habetur:
1577 188 1585 203 ι
1597 178 1672 212 Quod
1694 179 1790 214 vulgus

159 225 268 258 ίσαντες
292 226 401 254 ἔκλαιον
433 229 480 255 καὶ
510 229 534 255 οἱ
562 230 615 256 plot
643 229 761 266 Ἰσραὴλ,
785 232 832 258 καὶ
855 230 951 259 εἶπαν·

157 272 207 304 Τίς
233 273 307 308 ἡμᾶς
337 273 441 310 ψωμιεῖ
461 275 549 310 κρέα;
574 276 768 312 Ἐμνὴσθημεν
790 277 884 313 ἰχθύας
905 279 952 311 οὓς

159 317 289 352 ησθίομεν
324 319 354 344 ὲν
378 319 509 356 Αἰγύπτῳ
532 320 652 357 δωρεὰν,
677 323 725 348 καὶ
750 323 812 354 τοὺς
831 324 950 358 σικυοὺς,

157 363 288 395 καὶτοὺς
312 364 450 396 πέπονας,
476 366 523 391 καὶ
541 366 576 392 τὰ
600 366 706 401 πράσα,
732 368 780 393 καὶ
807 367 841 393 τὰ
866 367 952 403 κρόμ-

159 416 226 443 μυα,
247 409 294 436 καὶ
310 409 343 435 τὰ
361 409 486 444 σκόροδα.
507 410 576 437 Νυνὶ
598 411 627 437 δὲ
649 413 666 447 ὴ
683 412 755 447 ψυχὴ
773 413 851 448 ἡμῶν
867 413 951 440 κατά-

157 453 260 490 ξηρος,
292 455 368 481 οὐδὲν
400 455 468 490 πλὴν
506 457 547 487 εἰς
582 456 612 483 τδ
646 457 733 492 μάννα
764 458 789 484 οἱ
816 458 951 494 ὀφθαλμοὶ

156 500 248 535 ἡμῶν.
277 509 286 527 ι
315 499 381 528 Εἶτα
409 502 515 534 τούτοις
544 503 686 538 ἐπιφέρει·
715 513 724 528 ι
754 505 809 531 Καὶ
834 505 950 540 ἤκουσεν

156 547 261 582 Μωσῆς
294 546 440 574 κλαιόντων
473 548 564 575 αὐτῶν
591 548 663 576 κατὰ
694 549 797 585 δήμους
837 551 948 584 αὐτῶν,

155 593 272 619 ἕκαστον
309 593 356 620 ἐπὶ
390 594 440 629 τῆς
478 593 563 630 θύρας
596 595 689 622 αὐτοῦ.
725 595 781 622 Καὶ
820 596 948 632 ἐθυμώθη

155 639 224 674 ὀργῇ
243 639 343 674 Κύριος
365 640 477 675 σφόδρα,
492 640 540 666 καὶ
553 640 642 667 ἔναντι
656 642 742 677 Μωσῇ
759 640 791 677 ἦν
802 643 946 678 πονηρόν.)

157 684 254 719 Ἀθρει
275 684 308 720 δὴ
321 682 367 711 οὖν
381 684 452 716 ὅπως
468 685 706 722 εὐπαρακόμιστος
722 687 782 713 λίαν
796 688 810 714 ὁ
829 688 947 723 Ἰσραὴλ,

154 730 203 756 καὶ
211 731 260 765 οὐχ
274 730 341 766 ὅπερ
353 730 409 765 (sic)
420 731 522 767 ἑτέροις
533 731 648 766 ὠφελεῖν
661 729 716 764 οἷός
728 741 756 759 τε
766 741 772 747 ·
793 734 866 760 νοσεῖ
875 733 903 761 δὲ
919 735 949 761 τὸ

153 773 253 800 ἄναλκι
284 774 332 801 καὶ
356 775 385 801 ὲν
406 776 497 810 μόνοις
526 777 583 808 τοῖς
613 776 675 804 καθ’
701 777 807 805 ἑαυτόν.
837 778 949 815 Κατηρς

155 819 281 854 ρὡτησε
315 820 364 854 μὲν
399 821 454 856 γὰρ
482 821 496 848 ὁ
519 821 664 856 ὲπίμικτος
683 822 733 857 τὴν
755 824 948 859 ὲκτοπωτάτην

1004 226 1191 260 promiscuum
1205 226 1277 253 inter
1294 226 1367 261 ipsos
1372 225 1544 260 concupierit
1556 225 1790 259 concupiscentia,

1003 275 1031 297 et
1047 270 1175 298 sedentes
1194 271 1320 298 ﬂeverint
1337 270 1385 298 ﬁlii
1408 271 1502 302 Israel,
1519 275 1546 297 et
1571 269 1704 296 dixerint:
1725 269 1790 303 Qui:

1003 316 1079 343 dabit
1091 317 1172 344 nobis
1181 318 1297 344 carnes?
1311 316 1456 344 Recordati
1470 323 1566 343 sumus
1589 315 1679 350 pisces
1690 315 1791 349 quibus

1002 362 1181 390 vescebantur
1194 363 1221 390 in
1235 362 1350 398 [Egypto
1366 362 1461 398 gratis,
1474 366 1502 389 ct
1521 362 1599 394 ﬁcus,
1618 364 1646 388 et
1659 367 1789 396 pcponcs.

1001 411 1030 434 et
1040 412 1210 442 porrum,~*et
1234 415 1311 443 cepe,
1328 411 1356 435 et
1381 407 1485 434 allium.
1499 406 1578 434 Nunc
1592 410 1683 433 autem
1699 403 1790 431 anima

1001 458 1095 481 nostra
1108 454 1244 482 exsiccata
1259 458 1310 486 est,
1333 461 1421 489 neque
1434 453 1507 481 oculi
1529 452 1616 480 nostri
1639 450 1789 487 quidquam

1000 499 1053 527 nisi
1066 507 1166 528 manna
1178 500 1351 535 conspiciunt
1367 500 1401 526 ⁸⁸.
1415 510 1424 525 ι
1443 499 1547 527 Deinde
1572 499 1616 526 his
1633 496 1789 533 subiungit:

1004 546 1058 573 «Et
1077 546 1184 573 audivit
1203 546 1292 574 Moses
1308 547 1383 582 ipsos
1401 546 1498 574 ﬂentes
1515 553 1565 581 per
1590 549 1678 572 totum
1702 551 1790 579 popu-

1000 591 1056 619 lum
1072 592 1105 619 ad
1120 600 1168 619 sua
1181 600 1318 628 quemque
1331 593 1410 620 ostia.
1429 593 1463 619 Et
1475 593 1562 620 iratus
1581 595 1624 619 est
1639 590 1716 618 furor
1735 590 1790 616 Do-

1000 638 1068 666 mini
1082 639 1172 671 valde,
1188 643 1216 667 et
1236 639 1304 667 Mosi
1324 640 1407 667 etiam
1431 639 1578 666 videbatur
1601 638 1704 666 malum
1722 638 1756 664 ‘°.
1776 645 1786 662 ι

999 685 1068 712 Vide
1083 684 1166 721 igitur
1182 693 1264 720 quam
1281 685 1349 713 levis
1359 690 1387 712 et
1398 686 1509 713 mobilis
1519 686 1555 712 sit
1567 685 1663 717 Israel,
1675 689 1703 711 et
1714 683 1788 719 quod

1000 730 1138 758 neminem
1152 735 1235 765 queat
1247 732 1355 766 juvare,
1369 731 1416 758 sed
1447 734 1522 758 tanta
1544 731 1652 757 laboret
1668 728 1788 756 inﬁrmi-

1001 779 1066 808 tate,
1078 779 1107 803 et
1123 776 1151 803 in
1173 776 1207 803 iis
1223 777 1322 809 solum,
1348 784 1409 812 quae
1425 775 1460 803 ad
1473 783 1503 804 se
1520 775 1671 811 pertinent,
1695 781 1788 801 verse.

999 823 1054 847 tur.
1066 820 1243 848 Promiscuus
1257 821 1330 849 enim
1342 822 1461 857 populus
1484 821 1682 849 absurdissima
1705 825 1788 854 atque

153 865 227 892 οὓτω
248 865 294 892 καὶ
312 865 517 903 βδελυρωτάτην
550 868 714 903 ἐπιθυμίαν·
738 868 785 900 οὓς
810 869 838 895 δὲ
859 867 892 905 ἧν
912 870 943 896 εί-

999 867 1163 895 exsecrabili
1179 867 1316 901 imprimis
1328 868 1478 903 cupiditate
1501 872 1561 895 erat
1582 867 1786 898 inﬂammatus;

153 913 202 942 κὸς
226 911 398 946 ἑπιτιμήσειν
422 913 533 945 αὐτοῖς,
559 914 757 950 ἀναπεισθῆναί
782 921 812 941 τε
844 915 944 950 μᾶλλον

153 958 265 991 φρονεῖν
281 955 429 985 ἐλέσθαιτὰ
443 959 667 995 πρεπωδέστερα,
681 961 790 987 vestiet
804 962 943 996 χειρόνως.

153 1002 208 1028 Καὶ
225 1001 298 1029 ἀλύει
316 1003 364 1037 μὲν
382 1003 411 1030 οὺ
432 1004 551 1039 μετρίως
565 1006 579 1031 ὁ
596 1005 742 1037 θεσπέσιος
759 1006 874 1041 Μωσῆς,
891 1007 944 1042 ἔφη

152 1046 182 1073 δὲ
193 1048 318 1083 ἐναργῶς
334 1049 402 1085 πρὸς
415 1049 461 1076 τὸν
472 1049 526 1076 τῶν
538 1051 606 1077 ὅλων
617 1051 693 1083 Θεὸν,
708 1051 746 1083 ὡς
757 1052 807 1078 οὐκ
823 1052 855 1079 ἃν
869 1052 945 1088 ἰσχύ-

153 1101 210 1120 σειε
231 1095 312 1130 μόνος
326 1095 372 1121 τὺν
384 1095 457 1122 οὕτω
471 1096 597 1132 διαϐριθῆ
615 1097 662 1124 καὶ
677 1097 816 1124 δύσοιστον
833 1099 946 1135 ἀνατλῆ-

153 1147 197 1166 ναι
215 1140 306 1168 πόνον.
325 1142 373 1173 Εἰς
386 1142 523 1174 ἀπόδειξιν
544 1143 572 1170 δὲ
593 1143 640 1170 τοῦ
658 1144 834 1179 πράγματος,
852 1144 899 1171 καὶ
914 1145 945 1171 τὸ

154 1185 215 1212 λίαν
234 1187 375 1222 ἀμήχανον
395 1188 442 1214 καὶ
458 1188 638 1224 δυσπόριστον
655 1190 824 1226 παρεκόμιζε
846 1190 942 1225 λέγων·

157 1241 166 1257 ι
187 1232 272 1258 Πόθεν
295 1242 340 1267 μοι
355 1233 447 1260 δοῦναι
470 1235 508 1270 τῷ
528 1234 586 1270 λαῴ
607 1236 693 1271 τούτῳ
715 1236 783 1272 κρέα
801 1238 913 1271 φαγεῖν;
932 1245 941 1262 ι

154 1277 312 1313 Δυσθυμίας
323 1278 351 1305 δὲ
365 1280 404 1311 εἰς
415 1279 496 1307 τοῦτο
509 1281 558 1316 ἥδη
574 1281 750 1317 καθιγμένος,
767 1282 804 1313 ὼς
820 1282 871 1317 ἥδη
886 1291 943 1314 πως

151 1323 306 1351 ἁποόιῶναι
318 1324 414 1356 θέλων,
427 1326 473 1352 «Et
487 1326 542 1361 γὰρ
555 1326 626 1353 οὕτω
641 1328 673 1354 σὺ
690 1329 775 1359 ποιεῖς
792 1328 943 1363 μοι,φησὶν,

152 1369 312 1396 ἀπόκτεινόν
322 1379 355 1405 με
364 1368 398 1398 ’ἐν
405 1372 603 1407 ἀναιρέσει,ῑνα
616 1373 653 1408 μὴ
662 1373 709 1400 ἴδω
721 1383 771 1409 μου
788 1377 838 1412 τὴν
851 1375 943 1403 κάκω-

153 1423 207 1441 σιν.
222 1424 231 1441 ι
255 1416 358 1451 ’Δνέχσι
379 1418 426 1443 καὶ
446 1417 614 1450 ἀπολέκτους
629 1419 742 1455 ποιῆσαι
762 1421 866 1448 κελεύει
882 1423 944 1453 τοὺς

154 1460 374 1497 συλληψομένους
386 1462 471 1499 αὐτῷ,
481 1463 528 1489 καὶ.
539 1464 783 1501 συμμεθέ[ξ1οντας
793 1468 843 1502 τῆς
859 1476 942 1504 φρον-

150 1506 235 1538 τίδος,
256 1507 310 1534 ἀπὸ
329 1509 420 1543 πάσης
440 1509 489 1544 τῆς
513 1511 673 1545 συναγωγῆς
701 1511 800 1547 ἄνδρας
816 1512 861 1539 τὸν
885 1513 944 1548 ἀρι-

997 912 1015 939 ii
1048 919 1116 940 vero
1140 919 1210 947 quos
1242 919 1291 946 par
1309 916 1370 940 erat
1393 912 1466 947 ipsos
1492 912 1656 947 inerepare',
1686 911 1786 939 suade—

997 966 1083 994 reque
1111 962 1142 985 nt
1172 958 1285 986 meliora
1310 958 1479 993 cogitarent,
1507 959 1619 994 gravius
1647 957 1785 985 laborant.

996 1004 1077 1039 293
1096 1003 1200 1032 Idcirco
1216 1003 1327 1031 divinus
1340 1004 1428 1031 Moses
1443 1012 1498 1031 non
1510 1011 1606 1039 parum
1621 1004 1788 1031 animocon-

996 1050 1073 1083 cidit,
1086 1054 1168 1085 atque
1179 1054 1273 1085 aperte
1286 1050 1319 1077 ad
1329 1050 1455 1078 universi
1478 1051 1565 1078 Deum
1580 1050 1629 1083 ait,
1648 1058 1677 1078 se
1697 1050 1786 1077 solum

996 1096 1181 1132 adeogravem
1197 1101 1279 1131 atque
1291 1096 1491 1124 intolerabilem
1511 1096 1634 1124 laborem
1646 1095 1720 1124 ferre
1730 1102 1786 1123 non

996 1148 1086 1175 posse.
1102 1140 1143 1168 Ad
1162 1141 1353 1176 probationem
1375 1148 1442 1169 vero
1461 1141 1543 1176 hujus
1567 1141 1607 1168 rei
1620 1141 1786 1169 arduitatem

996 1186 1299 1222 impossibilitatemquc
1314 1187 1509 1223 suppeditat-di
1522 1195 1621 1215 carnes
1634 1187 1662 1215 in
1674 1187 1787 1214 deserto

996 1232 1097 1264 attulit,
1109 1233 1204 1260 dicens
1219 1240 1226 1260 :
1243 1243 1252 1259 ι
1268 1233 1347 1261 Unde
1370 1235 1438 1261 mihi
1455 1234 1550 1262 licebit
1566 1234 1633 1262 dare
1648 1233 1714 1261 huic
1735 1241 1786 1269 po—

996 1278 1061 1313 pulo
1075 1286 1172 1306 carnes
1182 1278 1303 1306 edendas
1314 1279 1358 1306 ’t?
1374 1289 1383 1305 ι
1399 1279 1468 1307 Cum
1493 1284 1585 1307 autem
1601 1287 1634 1308 eo
1658 1280 1787 1307 morereris

995 1324 1116 1351 venisset
1132 1328 1163 1351 ut
1178 1324 1230 1352 sibi
1253 1325 1306 1360 ipsi
1321 1329 1438 1352 mortem
1457 1329 1609 1360 expeteret,
1632 1325 1671 1353 ait
1684 1325 1758 1353 enim
1766 1333 1785 1352 κε

1000 1379 1008 1396 ι
1025 1369 1057 1397 Si
1070 1375 1099 1397 tn
1113 1371 1155 1398 sic
1166 1370 1244 1403 facis,
1263 1370 1360 1398 occide
1371 1379 1415 1399 me
1426 1371 1575 1404 occisione,
1593 1380 1629 1400 ne
1653 1371 1786 1407 aspiciam

995 1416 1170 1444 uﬂlictionem
1182 1417 1253 1444 hanc
1263 1418 1297 1450 ",
1313 1427 1323 1444 ι
1342 1417 1460 1445 sustinet
1477 1418 1559 1450 Deus,
1571 1421 1599 1445 et
1611 1416 1787 1453 coadjutores

995 1462 1127 1497 quosdam
1144 1462 1197 1497 ipsi
1217 1462 1301 1499 deligi
1310 1463 1400 1499 jubet,
1414 1464 1580 1499 quibuscum
1613 1463 1699 1491 totius
1718 1470 1786 1490 con-

995 1507 1161 1543 gregationis
1177 1515 1271 1535 curam
1293 1509 1489 1540 communicet,
1514 1508 1588 1535 viros
1612 1515 1727 1537 numero
1740 1515 1785 1535 se—

153 1553 222 1588 θμδν
236 1554 432 1590 ὲὸδομήκοντα.
445 1565 453 1581 ι
467 1554 532 1582 Εἶπε
549 1556 604 1592 γὰρ
618 1557 720 1592 Κύριος
735 1558 803 1593 πρὸς
825 1559 939 1595 Μωσῆν·

995 1553 1147 1588 ptuaginta.
1165 1563 1174 1579 ι
1191 1553 1265 1581 Dixit
1280 1554 1353 1582 enim
1371 1554 1405 1582 ad
1422 1554 1514 1581 Mosen
1529 1562 1536 1580 :
1551 1553 1693 1589 Congrega
1716 1552 1786 1580 mihi

151 1600 294 1635 Συνάγαγέ
309 1609 354 1636 μοι
371 1601 556 1637 ἑϐδομήκοντα
571 1602 671 1638 ἄνδρας
688 1603 742 1630 ἀπὸ
753 1603 807 1630 τῶν
823 1605 942 1640 πρεσϐυ-

151 1647 239 1682 τέρων
259 1646 378 1682 Ἰσραὴλ,
387 1646 434 1678 οὓς
445 1648 526 1680 αὐτὸς
534 1646 608 1680 οἶδας
618 1649 658 1675 ὅτι
673 1645 747 1675 οὗτοί
757 1651 811 1676 είσι
826 1650 944 1686 πρεσϐύ-

151 1698 227 1726 τεροι
242 1691 290 1718 τοῦ
311 1691 393 1723 λαοῦ,
410 1693 457 1718 καὶ
477 1694 651 1728 γραμματεῖς
678 1693 782 1725 αὐτῶν,
800 1695 847 1720 καὶ
869 1694 944 1727 ἄξεις

152 1737 253 1769 αὐτοὺς
267 1737 335 1772 πρὸς
347 1738 397 1774 τὴν
415 1739 518 1774 σκηνὴν
533 1738 579 1765 τοῦ
599 1739 762 1775 μαρτυρίου,
775 1739 822 1766 καὶ
834 1741 944 1775 στῆσον·

152 1791 198 1810 ται
215 1784 274 1810 ἐκεῖ
298 1783 370 1818 μετὰ
394 1783 451 1815 σοῦ,
467 1783 514 1810 καὶ
535 1785 737 1820 καταϐήσομαι,
760 1785 808 1811 καὶ
829 1785 941 1821 λαλήσω

151 1830 211 1856 ἐκεῖ
226 1829 296 1865 μετὰ
324 1829 381 1857 σοῦ.
404 1830 459 1857 Καὶ
474 1830 565 1864 ἀφελῶ
584 1830 638 1857 ἀπὸ
656 1830 703 1857 τοῦ
721 1831 876 1867 πνεύματος
892 1831 940 1859 τοῦ

152 1874 200 1901 ἐπὶ
215 1876 268 1907 σοὶ,
284 1875 332 1902 καὶ
355 1875 431 1911 θήσω
445 1876 489 1902 ἐπ’
503 1876 601 1907 αὐτοὺς
611 1896 618 1909 ,
633 1876 680 1902 καὶ.
701 1877 943 1912 συναντιλήψονται

152 1921 222 1956 μετὰ
242 1921 289 1949 σοῦ
307 1922 356 1957 τὴν
368 1922 455 1958 ὁρμὴν
468 1922 516 1949 τοῦ
532 1922 608 1949 λαοῦ*
622 1922 670 1949 καὶ
684 1923 734 1950 οὐκ
745 1923 831 1955 οἴσεις
843 1924 942 1956 αὐτοὺς

151 1969 185 1995 σὺ
201 1968 289 2003 μόνος.
312 1978 322 1994 ι
339 1966 376 1995 Οὖ
387 1968 418 2004 δὴ
433 1968 576 2003 γεγονότος
589 1969 768 2004 (παρεστήκιι
787 1970 843 2004 γὰρ
859 1968 941 2003 εὐθὺς

150 2014 215 2046 τοὺς
228 2014 283 2040 τῶν
298 2014 386 2041 ἄλλων
400 2014 671 2050 διαπρεπεστέρους),
688 2014 766 2048 ἁγίου
779 2015 827 2050 μὲν
840 2015 941 2047 αὐτοὺς

151 2059 306 2094 ἐμπίπλησι
330 2059 490 2095 Πνεύματος
505 2060 519 2086 ὁ
542 2060 596 2086 τῶν
614 2060 682 2086 ὅλων
701 2060 777 2092 Θεός·
794 2059 854 2087 εἶτα
871 2061 943 2096 μετὰ

149 2105 231 2135 τοῦτο
244 2107 304 2138 ταῖς
325 2106 380 2132 τῶν
402 2106 550 2132 κλαιόντων
563 2105 724 2141 ἐπιθυμίαις
735 2106 862 2139 ἐνδιδοὺς,
875 2107 942 2134 καο-

151 2152 187 2178 let
203 2151 252 2187 μὲν
278 2153 373 2184 αὐτοῖς
388 2151 438 2188 τὴν
456 2153 675 2188 ὸρτυγομήτραν.
694 2153 726 2179 οι
737 2152 766 2178 δὲ
786 2151 879 2188 κύκλῳ
891 2153 941 2189 τῆς

149 2198 328 2234 παρεμϐολῆς
349 2197 469 2234 σωρηδὸν
487 2197 574 2229 ὄντες,
600 2197 732 2233 κειμένην
748 2198 939 2234 συναγείρουσι

994 1599 1167 1634 septuaginta
1193 1598 1268 1626 viros
1281 1607 1315 1626 ex
1344 1599 1503 1627 senioribus
1525 1599 1618 1631 Israel,
1644 1606 1714 1634 quos
1726 1598 1785 1634 ipso

994 1645 1095 1672 novisti
1103 1645 1176 1680 quod
1185 1645 1242 1673 sint
1251 1646 1376 1673 seniores
1387 1646 1483 1681 populi
1495 1653 1527 1673 ac
1537 1645 1636 1673 scribae
1647 1644 1783 1680 ipsorum.

992 1696 1021 1719 et
1037 1691 1091 1719 duc
1103 1699 1151 1719 eos
1162 1692 1196 1719 ad
1224 1692 1433 1720 tabernaculum
1447 1691 1609 1724 testimonii,
1624 1695 1654 1719 et
1672 1691 1784 1719 stabunt

992 1738 1031 1765 ibi
1043 1741 1144 1770 tecum,
1158 1742 1186 1766 et
1201 1738 1378 1771 descendam,
1399 1742 1427 1766 et
1442 1738 1540 1774 loquar
1559 1737 1596 1764 ibi
1614 1745 1676 1765 cum
1699 1737 1782 1773 ipsis.

992 1784 1028 1812 Et
1042 1784 1165 1812 auferam
1177 1792 1192 1812 a
1209 1785 1310 1820 spiritu
1321 1785 1369 1820 qui
1377 1785 1406 1812 in
1417 1789 1444 1812 te
1457 1789 1510 1817 est,
1523 1789 1551 1812 et
1562 1784 1718 1820 impertiam
1730 1784 1782 1816 eis,

992 1833 1020 1857 et
1032 1833 1122 1857 tecum
1145 1830 1295 1865 portabunt
1308 1830 1402 1866 pepuli
1432 1830 1564 1866 impetum
1587 1838 1661 1858 :nec
1684 1834 1714 1858 tu
1736 1837 1784 1858 eos

993 1875 1068 1902 solus
1081 1875 1231 1903 sustinebis
1247 1875 1280 1902 ".
1298 1885 1306 1900 ι
1332 1875 1391 1908 Quo
1407 1875 1480 1903 facto
1491 1876 1606 1904 adduxit
1621 1877 1714 1904 statim
1725 1883 1782 1912 prie

991 1921 1054 1949 aliis
1067 1922 1271 1952 eminentiores.
1285 1928 1354 1956 quos
1362 1921 1446 1957 hujus
1458 1922 1580 1949 universi
1599 1922 1672 1950 Deus
1684 1922 1783 1958 imple-

991 1967 1032 1995 vit
1045 1967 1150 2003 Spiritu
1161 1971 1265 1994 sancto.
1280 1966 1384 1994 Deinde
1402 1974 1470 1994 vero
1481 1967 1628 2003 indulgens
1644 1967 1782 2004 cupidita-

991 2011 1066 2040 tibus
1075 2011 1210 2046 tlentium,
1223 2013 1333 2041 demisit
1345 2013 1412 2049 ipsis
1427 2015 1607 2042 coturnicem.
1618 2015 1654 2042 At
1667 2015 1713 2043 isti
1730 2023 1782 2044 cu—

991 2059 1115 2086 mulatim
1137 2059 1211 2087 circa
1225 2063 1316 2088 castra
1333 2066 1485 2093 versantes,
1496 2068 1560 2088 cum
1575 2061 1702 2090 viderent
1719 2070 1780 2091 eam

988 2106 1090 2141 jacere,
1113 2106 1167 2133 lati
1178 2106 1326 2134 admodum
1342 2107 1523 2143 collegerunt.
1548 2107 1781 2136 Devoraruntau-

991 2155 1046 2178 tem
1059 2159 1134 2179 more
1149 2151 1282 2184 belluino,
1297 2153 1372 2180 nulla
1393 2153 1527 2181 satietatis
1543 2153 1650 2181 ratione
1675 2155 1777 2183 habita.

990 2196 1160 2233 Congregata
1172 2202 1264 2225 autem
1274 2201 1303 2225 et
1315 2204 1394 2233 capta
1409 2199 1443 2225 ab
1459 2198 1526 2234 ipsis
1536 2199 1669 2227 immensa
1688 2200 1779 2228 avium

151 2246 201 2282 μὲν
212 2246 363 2281 γεγηθότες
376 2243 405 2272 εὖ
427 2245 500 2280 μάλα
510 2253 517 2260 ·
532 2245 729 2281 κατεδηδόκασι
747 2245 776 2271 δὲ
791 2246 938 2282 θηριοπρε-

994 2243 1177 2276 multitudine,
1186 2246 1215 2271 et
1226 2251 1276 2271 esu
1293 2244 1386 2271 carnis
1396 2252 1446 2279 per
1468 2248 1555 2272 totum
1583 2253 1706 2273 mensem
1728 2246 1780 2273 du-

149 2292 219 2324 πῶς,
232 2292 313 2328 κόρου
325 2292 373 2318 καὶ
384 2291 550 2327 αὐταρκείας
563 2291 751 2327 ἠφειδηκότες.
763 2291 940 2327 Συνειλεγμέ-

148 2345 199 2373 νης
214 2337 242 2364 δὲ
255 2338 345 2368 αὐτοῖς
360 2337 407 2364 καὶ
423 2336 607 2372 ἅληλισμένης
624 2335 743 2372 πληθύος
756 2336 786 2362 οὐ
800 2337 939 2373 μετρητῆς

149 2382 310 2418 στρωθίιιη,
326 2383 374 2409 καὶ
390 2381 611 2418 παρατεινούσης
636 2382 685 2417 τῆς
709 2382 877 2418 κρεοφαγίας
899 2384 940 2414 εἰς

151 2429 235 2464 μηνὸς
253 2429 371 2464 ἡμέρας,
385 2429 528 2455 τελευταία
547 2428 641 2455 λοιπὸν
663 2429 828 2464 ἐπισκήπτει
849 2427 937 2460 νόσος,

148 2477 196 2503 καὶ
210 2476 247 2508 ὡς
267 2478 281 2503 ό
298 2477 441 2512 προφήτης
456 2476 549 2511 φησιν,
569 2485 579 2502 ι
604 2475 769 2503 Ἐπλάτυνεν
783 2476 798 2502 ό
811 2475 879 2511 ᾅδης
889 2475 939 2510 τὴν

147 2523 236 2558 ψυχὴν
250 2523 333 2550 αὑτοῦ
343 2543 350 2555 ,
367 2523 414 2550 καὶ
428 2522 544 2558 διήνοιξε
562 2522 593 2549 τὺ
614 2523 702 2557 στόμα
716 2521 814 2553 αὑτοῦ,
831 2520 878 2547 τοῦ
901 2520 939 2556 μὴ

147 2569 293 2597 διαλιπεῖν.
313 2569 354 2596 Τὰ
368 2569 436 2605 κρέα
449 2569 515 2605 γὰρ,
531 2568 626 2604 φησιν,
642 2567 676 2604 ἦν
689 2568 730 2594 ἔτι
746 2569 775 2594 ὲν
791 2568 847 2599 τοῖς
861 2567 937 2594 ὀδοῦ-

149 2624 193 2645 σιν
208 2616 315 2647 αὐτῶν,
331 2616 397 2652 πρὶν
419 2615 552 2642 ἐκλιπεῖν.
575 2624 584 2640 ι
605 2615 660 2641 Καὶ
680 2614 783 2650 Κύριος
807 2612 936 2649 ἐθυμώθη

147 2663 188 2694 si;
201 2660 246 2689 τιν
260 2661 335 2694 λαὸν,
349 2662 397 2689 καὶ
420 2661 540 2693 ἐπάταξε
559 2660 663 2696 Κύριος
683 2659 728 2686 τὸν
753 2659 817 2686 λαὸν
831 2658 938 2694 πληγὴν

149 2708 272 2744 μεγάλην
305 2708 418 2743 σφόδρα,
439 2708 487 2735 καὶ
512 2706 615 2741 ἐκλήθη
634 2705 664 2732 τὸ
679 2705 766 2741 ὄνομα
786 2705 833 2731 τοῦ
855 2705 937 2731 τόπου

148 2755 265 2787 ἐκείνου,
284 2763 294 2780 ε
313 2754 418 2789 Μνῆμα
433 2754 484 2789 τῆς
500 2752 657 2788 ἐπιθυμίας,
677 2761 686 2777 ι
703 2751 744 2778 ὅτι
760 2752 819 2778 ἐκεῖ
834 2750 938 2785 ἔθαψαν

146 2800 194 2828 τὸν
217 2800 281 2828 λαὸν
305 2801 351 2827 τὸν
379 2799 561 2835 ἐπιθυμητήν.
590 2797 740 2829 Ἐνδέοντος
764 2797 818 2832 γὰρ
845 2797 937 2828 αὺτοῖς

989 2293 1077 2322 rante,
1105 2289 1216 2318 tandem
1236 2289 1324 2318 letalis
1350 2298 1398 2318 eos
1427 2291 1541 2319 morbus
1562 2291 1672 2324 invasit,
1696 2296 1724 2320 et
1747 2297 1778 2321 ut

988 2336 1123 2371 propheta
1134 2336 1191 2363 ait:
1215 2345 1225 2362 ι
1251 2336 1378 2364 Infernus
1394 2336 1519 2365 dilatavit
1540 2337 1661 2365 animm
1688 2346 1777 2370 suam,

988 2386 1016 2409 et
1039 2383 1148 2418 aperuit
1162 2390 1193 2410 os
1211 2389 1291 2410 suum
1313 2385 1344 2410 ut
1359 2390 1416 2410 non
1431 2382 1592 2411 deﬁcerent.
1609 2383 1633 2400 "
1650 2393 1659 2409 ι
1674 2383 1779 2412 Games

988 2428 1062 2456 enim
1078 2432 1158 2456 erant
1176 2427 1267 2456 adhuc
1277 2428 1350 2456 intra
1367 2428 1464 2456 dentes
1477 2428 1610 2464 ipsorum.
1629 2434 1775 2465 antequam

987 2474 1145 2502 deﬁcerent.
1164 2473 1283 2509 Ideoque
1307 2474 1450 2508 Dominus,
1477 2475 1564 2503 iratus
1580 2476 1693 2511 populo,
1717 2484 1779 2511 pcr-

986 2521 1074 2549 eussit
1094 2528 1158 2549 eum
1182 2521 1261 2558 plaga
1285 2528 1393 2556 magna,
1410 2525 1594 2557 vocatumque
1616 2526 1659 2550 est
1676 2530 1776 2550 nomen

986 2567 1039 2595 loci
1057 2567 1141 2600 illius,
1160 2576 1170 2592 ι
1186 2567 1394 2595 Monumentum
1410 2568 1650 2604 concupiscentiae,
1669 2578 1679 2595 ›
1711 2569 1775 2605 quia

986 2613 1025 2641 ibi
1036 2613 1204 2649 sepelierunt
1215 2613 1345 2649 populum
1352 2613 1603 2649 concupiscentem.
1616 2615 1686 2643 Cum
1700 2615 1775 2642 enim

987 2659 1092 2687 nullius
1104 2659 1169 2686 boni
1185 2659 1276 2695 inopia
1296 2659 1464 2692 laborarent,
1477 2664 1644 2696 possemque
1670 2660 1773 2689 aﬂ'atim

987 2711 1094 2732 manna;
1116 2703 1223 2731 deliciis
1244 2703 1359 2739 perfrui.
1378 2708 1467 2732 tamen
1484 2705 1598 2741 insuper
1619 2713 1715 2733 carnes
1727 2713 1775 2741 ap-

986 2753 1096 2785 petunt,
1106 2753 1134 2777 et
1148 2757 1240 2785 porra,
1259 2753 1288 2776 et
1302 2750 1370 2777 ficus
1384 2754 1413 2777 et
1427 2757 1549 2788 pepones
1570 2755 1679 2782 vocant,
1695 2751 1776 2778 item.

986 2803 1039 2830 que
1055 2802 1143 2830 caepas
1160 2798 1188 2822 et
1203 2795 1275 2822 allia.
1287 2794 1364 2823 Unde
1379 2795 1452 2822 haud
1467 2795 1504 2823 ita
1518 2796 1605 2823 multo
1621 2800 1774 2832 postquam

182 2860 205 2876 ³⁵
220 2858 302 2887 Num.
319 2866 356 2893 ll,
370 2858 425 2885 4-6.
463 2858 486 2874 ’⁸
501 2857 568 2884 ibid.
590 2856 631 2883 10.
683 2857 704 2872 ¹¹
723 2855 791 2883 ibid.
812 2854 866 2883 ἱῖιπ
893 2855 914 2870 ⁷¹¹
929 2854 943 2881 il

994 2852 1056 2882 .15.
1095 2853 1200 2881 “ibid.
1227 2852 1270 2887 ιθ,
1292 2852 1333 2880 t7.
1372 2851 1558 2887 ’διδωμι
