1999 3056
221 131 272 158 ιδδ

221 243 401 271 coturnicem,
409 246 465 265 non
473 238 629 273 approbatis
636 246 731 266 eorum
740 238 988 272 concupiscentiam
999 246 1006 269 ;

221 284 302 320 294
321 283 368 311 sed
388 284 480 318 potius
505 284 658 312 certissima
681 283 734 310 fide
759 283 800 310 eis
827 282 1006 317 persuadens,

219 330 293 364 quod
313 329 382 357 nihil
399 329 450 365 ipsi
464 329 500 356 sit
525 329 702 364 impossibile.
726 328 843 363 Ideoque
864 328 1007 356 confestim

221 376 300 411 punit
311 376 436 411 turpibus
446 376 633 411 voluptatibus
641 374 913 409 captos.Similequid
925 375 1008 402 mise-

222 423 260 450 ris
268 422 369 450 ludatis
377 422 476 449 accidit
487 425 608 456 tempore
619 420 753 448 adventus
763 420 913 448 Salvatoris
924 428 930 447 :
945 427 1008 448 uin»

221 467 270 493 bra
282 466 356 493 enim
366 470 394 493 et
411 466 465 501 typi
482 465 646 493 fueruntilla
661 472 721 499 quae
735 468 1007 500 tumpraamonstrata

220 512 511 544 fuerunt,futurorum.
520 512 589 539 Cum
601 511 675 538 enim
689 511 741 546 ipsi
749 519 815 539 vero
827 519 944 544 manna},
953 512 1007 539 hoc

219 564 260 586 est
270 557 440 592 Christo,qui
451 556 593 584 descendit
606 557 737 590 ecmlo,et
749 561 839 592 potest
851 565 901 585 nos
912 565 1008 586 omnes

219 605 353 637 enutrirc,
375 603 565 639 promittitque
579 602 811 635 vitamaaternam,
834 603 1008 638 praetulerint

220 658 299 678 usum
328 654 499 677 terrenarum
518 648 643 683 putidum
660 649 741 684 atque
757 649 901 681 insulsum,
917 649 1005 677 offen-

218 695 319 722 derunt
331 693 486 724 necessario
496 702 549 720 non
557 693 645 720 solum
655 693 751 727 Deum,
763 702 859 721 verum
869 695 951 722 etiam
964 695 1005 730 ip-

219 749 277 768 sum
288 740 412 767 divinum
424 740 525 767 Mosen.
539 739 677 775 Scriptum
689 745 731 768 est
743 741 816 768 enim
830 749 852 767 ει
867 741 956 769 lratus
964 745 1006 768 est

217 789 294 814 furor
304 785 412 814 Domini
426 790 522 812 contra
539 786 670 820 populum
699 793 790 818 suum,
805 790 834 813 ct
855 786 921 814 Mosi
940 786 1007 814 item

217 833 360 860 videbatur
375 833 476 860 malum
491 833 525 859 η.
537 842 546 857 ι
567 832 643 860 Mens
658 833 732 860 enim
747 836 905 860 sanctorum
930 840 1005 860 sem-

218 888 267 915 per
278 879 327 907 Dei
339 879 507 907 voluntatem
523 879 656 913 sequitur.
682 879 760 912 Quod
775 883 867 906 autem
886 879 1004 914 populus

217 925 347 953 Judaicus
372 925 448 952 omni
468 932 501 952 ex
525 929 602 960 parte
627 924 755 960 supernis
771 924 851 952 bonis
877 925 1005 960 praeferat

218 973 382 1008 temporaria
411 977 439 999 et
454 971 584 1003 carnalia,
609 971 688 999 facile
710 971 773 1006 quis
788 979 822 999 ex
848 971 1005 1006 evangelica

218 1019 346 1054 parabola
365 1017 494 1045 didicerit
506 1017 540 1044 9°.
553 1017 632 1045 Servi
648 1017 722 1045 enim
737 1016 785 1052 qui
807 1015 936 1044 convivas
963 1017 1006 1043 in-

217 1074 229 1091 \
236 1065 350 1097 ilabant,
359 1064 493 1092 advocare
504 1064 615 1099 quidem
627 1063 688 1091 illos
698 1063 827 1090 volebant
836 1062 870 1090 ad
878 1062 987 1097 nuptias
997 1071 1002 1088 :

218 1113 269 1147 ipsi
284 1120 350 1139 vero
366 1111 503 1143 abierunt,
518 1111 591 1138 alius
607 1110 635 1138 in
662 1117 758 1145 agrum
781 1117 872 1142 suum,
887 1109 958 1136 alius
971 1108 1006 1136 ad

219 1158 327 1193 negotia
340 1165 390 1185 sua
399 1176 407 1189 ,
419 1161 585 1184 excusantes
598 1164 640 1188 se,
656 1156 700 1183 hic
710 1155 833 1191 quidem,
847 1155 919 1190 quod
936 1163 1004 1182 uxo-

218 1211 275 1231 rem
288 1203 424 1236 duxisset;
441 1203 486 1230 ille
502 1210 580 1235 vero,
596 1202 669 1237 quod
686 1209 782 1237 agrum
808 1205 1004 1236 comparasset.

217 1250 335 1285 ideoque
354 1257 409 1276 non
440 1253 553 1284 possent
578 1247 682 1275 venire.
707 1247 792 1275 Porro
816 1247 891 1282 quod
902 1251 931 1274 ct
947 1249 1006 1282 ipse

217 1296 305 1323 Moses
318 1295 351 1323 de
374 1294 562 1322 inobedientia
577 1294 737 1322 Judaeorum
763 1297 932 1328 conquestus
959 1293 1004 1326 sit,

216 1341 362 1370 confirmat
378 1341 510 1368 Dominus
527 1345 622 1368 noster
642 1340 722 1368 Jesus
740 1330 877 1372 Christus,
895 1339 933 1366 ita
962 1339 1005 1366 di-

216 1395 282 1414 cens
297 1396 303 1413 :
319 1397 328 1412 ι
338 1387 376 1413 Ne
387 1387 550 1414 existimetis
562 1386 634 1422 quod
641 1393 692 1421 ego
704 1385 754 1412 sim
768 1393 818 1412 vos
828 1388 1006 1413 accusatdrus

216 1433 288 1468 apud
305 1433 424 1460 Patrem.
440 1433 489 1460 Est
507 1433 554 1468 qui
570 1440 618 1460 vos
631 1435 742 1460 accusot
758 1432 855 1464 Moses,
865 1431 894 1459 in
923 1439 1005 1466 quem

215 1486 264 1506 vos
278 1478 447 1513 speravistis.
469 1477 498 1504 Si
510 1477 584 1505 enim
604 1476 754 1504 crederetis
764 1475 841 1508 Mosi,
855 1475 1006 1504 crederetis

215 1528 243 1551 et
273 1523 340 1550 mihi
357 1532 364 1550 ι
380 1531 444 1550 nam
472 1523 506 1550 de
536 1530 578 1550 me
596 1523 641 1550 ille
655 1522 810 1558 scripsit".
829 1532 839 1548 ι
869 1522 908 1550 Ac
923 1530 1005 1558 gravo

214 1568 325 1604 quidem
339 1574 368 1596 et
382 1568 499 1596 arduum
525 1568 654 1596 censebat
673 1567 771 1600 Moses,
794 1567 899 1595 diutius
933 1567 1005 1596 ferre

216 1614 352 1642 lsraelem.
371 1613 476 1641 Idcirco
488 1613 561 1641 Deus
579 1612 761 1641 sanetificavit
772 1613 857 1640 etiam
873 1613 942 1640 alios
950 1621 1004 1640 nu<

215 1667 293 1687 mero
312 1659 496 1694 septuaginta,
526 1664 557 1686 ut
570 1660 626 1695 jam
640 1658 769 1686 diximus.
798 1659 865 1686 Nam
876 1659 920 1687 lex
935 1659 1003 1691 sola,

216 1706 295 1740 cujus
306 1708 400 1740 typum
419 1705 489 1740 gerit
503 1705 601 1737 Moses,
633 1713 714 1732 manu
734 1704 836 1733 ducere
844 1713 900 1732 non
921 1706 1003 1733 valet.

217 1751 294 1778 [inde
318 1754 347 1778 et
371 1750 417 1778 alii
431 1750 603 1785 septuaginta
620 1751 789 1786 deliguntur,
815 1751 862 1786 qui
880 1750 908 1778 id
930 1751 1004 1786 quod

216 1798 293 1825 deest
303 1797 460 1832 suppleam,
476 1802 504 1824 et
516 1797 601 1824 veluti
626 1797 655 1823 in
669 1804 786 1824 numero
804 1796 925 1831 perfecto
943 1804 1004 1824 cer-

216 1848 325 1871 nantur.
347 1843 421 1870 Hanc
431 1842 506 1870 enim
522 1841 717 1878 perfectionem
745 1841 880 1877 signiﬁcat
905 1850 1004 1870 nume-

217 1897 264 1917 rus
279 1888 511 1924 septuagenarius.
531 1888 566 1916 At
590 1888 702 1923 quinam
727 1892 792 1915 sunt
817 1889 1004 1924 septuaginta?

214 1936 266 1969 Qui
278 1944 327 1970 per
335 1934 474 1963 Christum
492 1938 553 1970 post
563 1932 655 1962 Mosen
670 1939 735 1962 sunt
749 1934 892 1964 constituti
903 1934 937 1961 ad
951 1934 1004 1962 du-

215 1981 332 2009 cendum
352 1981 495 2015 populum,
510 1987 627 2015 quorum
640 1980 767 2015 primitias
790 1985 818 2008 et
834 1985 927 2015 patres
939 1985 1004 2008 sunt

214 2026 302 2054 sancti
327 2025 464 2061 discipuli.
491 2025 563 2053 Deus
586 2029 679 2052 autem
712 2024 813 2052 dicitur
836 2025 945 2054 auferre
969 2025 1003 2053 de

214 2071 311 2106 spiritu
325 2071 372 2106 qui
383 2076 425 2098 est
437 2071 464 2098 in
483 2071 565 2103 Mose.
581 2078 701 2105 eumque
724 2071 872 2098 immittere
902 2071 930 2099 in
944 2071 1002 2099 ele—

214 2122 273 2146 ctus
284 2125 339 2144 non
352 2117 433 2145 aliam
444 2117 480 2144 ob
491 2124 611 2149 causam,
624 2124 707 2151 quam
724 2121 754 2144 ut
764 2117 918 2150 credamus,
928 2118 1003 2153 quod

214 2164 286 2191 Deus
303 2171 358 2190 uno
367 2169 396 2191 et
406 2167 501 2190 saneto
513 2162 617 2197 Spiritu
637 2170 743 2195 omnes,
766 2167 795 2191 et
810 2164 856 2198 qui
872 2168 936 2192 ante
952 2173 1003 2193 nos

733 131 760 158 S.
782 131 918 159 CYRlLLl
937 130 1170 159 ALEXANDRINI
1190 132 1349 161 Altflllllil’.

221 190 441 223 tuanducassent,
458 190 632 225 interierunt.
651 190 718 218 Nam
737 191 808 218 Deus
831 191 878 218 dat
897 190 1003 225 quidem

1060 191 1113 217 τῶν
1146 192 1256 226 ἀγαθῶν
1283 193 1407 225 οὐδενος,

1439 193 1505 220 ἀλλὰ
1530 193 1617 219 καίτοι
1650 193 1733 228 μετῆν
1757 195 1848 226 αὐτοῖς

1061 237 1194 269 πλουσίως
1210 239 1270 269 ταῖς
1285 237 1331 264 τοῦ
1348 238 1437 272 μάννα
1454 238 1596 273 χορηγίαις
1619 238 1788 275 ἀδιαϐλήτως
1804 240 1848 265 ὲν-

1039 302 1041 306 ι
1059 283 1175 318 τρυφᾷν,
1191 284 1278 318 κρεῶν
1293 283 1376 319 ἐρῶσι
1394 284 1441 311 καὶ
1458 284 1582 319 πράσιον,
1606 285 1717 316 σικυοὺς
1738 285 1784 311 καὶ
1800 285 1848 310 πέ-

1018 1537 1041 1567 C

1060 336 1143 359 πονας
1156 328 1328 362 ὀνομάζουσι,
1342 328 1473 364 κρόμμυά
1487 337 1515 354 τε
1529 328 1576 354 καὶ
1599 327 1720 363 σκόροδα.
1732 328 1848 362 Τοιγάρ-

1059 380 1100 398 τοι
1115 372 1259 406 φαγόντες,
1274 373 1325 399 οὺκ
1342 373 1381 404 εἰς
1394 373 1503 409 μακρὰν
1515 373 1668 400 διολώλασι.
1687 373 1785 400 siam:
1800 373 1849 408 μὲν

1059 417 1113 454 γὰρ
1133 417 1182 453 τὴν
1197 418 1407 455 ὀρτυγομήτραν
1424 418 1500 451 Θεὸς,
1516 419 1566 446 οὐκ
1588 419 1706 446 ἐπαινῶν
1722 419 1771 454 τὴν
1790 419 1846 445 ἐπι-

1060 462 1173 498 θυμίαν,
1190 462 1371 499 πληροφορῶν
1387 463 1413 489 δὲ
1430 463 1529 498 μᾶλλον
1549 464 1593 490 διὰ
1613 464 1794 499 πραγμάτων,
1811 463 1849 495 ὡς

1058 508 1134 536 οὐδὲν
1150 509 1290 544 ἀμήχανον
1304 509 1387 544 αὐτῷ.
1402 510 1519 542 Κολάςει
1535 510 1563 536 δὲ
1582 510 1651 546 μετὰ
1666 510 1744 537 τοῦτο
1757 510 1848 536 λοιπὸν

1058 554 1214 586 ἀκολούθως
1239 556 1365 591 αἰσχραῖς
1390 555 1533 587 ὲναλόντας
1555 556 1672 591 ἡδοναῖς.
1692 556 1849 583 Πεπόνθασι

1058 609 1086 626 τι
1106 600 1176 627 κατὰ
1190 601 1235 627 τὸν
1255 601 1305 636 τῆς
1321 601 1467 636 ἐπιδημίας
1481 601 1528 628 τοῦ
1546 602 1671 638 Σωτῆρος
1685 603 1764 638 ήμῶν
1785 611 1845 629 και-

1059 647 1104 682 ρὸν
1119 648 1143 674 ot
1164 647 1277 679 τάλανες
1298 647 1431 674 Ἰουδαῖοι.
1453 648 1531 675 Σκιαὶ
1548 648 1600 684 γὰρ
1619 649 1721 675 τούτων
1744 649 1846 681 ἐκεῖνα,

1059 693 1106 720 καὶ
1122 692 1204 720 τύποι
1229 694 1459 729 προανεφαίνοντο
1479 694 1533 721 τῶν
1558 694 1678 730 ὑστέρων
1704 694 1738 721 τὰ
1762 695 1847 722 πάλαι

1059 739 1262 774 συμὸεεῖηκότα.
1280 739 1453 775 Καθιγμένου
1469 740 1524 776 γὰρ
1541 741 1606 775 ἡμῖν
1635 740 1738 768 ἄνωθεν
1754 741 1799 768 καὶ
1817 741 1847 774 ἐξ

1058 783 1172 819 οὐρανοῦ
1191 784 1237 811 τοῦ
1251 784 1433 820 ἀληθεστέρου
1449 785 1547 820 μάννα,
1568 785 1697 820 Χριστοῦ,
1715 785 1762 813 καὶ
1776 787 1847 812 ἀπο.

1058 830 1168 865 τρέφειν
1192 831 1248 856 οἴου
1263 838 1304 863 τε,
1322 830 1368 856 καὶ
1384 831 1601 866 ὑπισλνουμένου
1621 832 1688 867 πρὶς
1706 832 1846 867 ἀμήρυτον

1057 877 1138 913 ζωὴν,
1155 874 1209 904 ἐῶν
1235 878 1363 912 ἐπιγείων
1385 878 1434 913 τὴν
1451 878 1549 913 χρῆσιν
1573 878 1622 914 τὴν
1649 879 1718 905 κατὰ
1742 879 1845 914 κόσμον

1057 923 1165 958 ἀληθῶς
1190 924 1238 950 καὶ
1265 924 1449 959 ὑδαρεστάτην
1476 924 1614 956 ἀσυνέτως
1648 924 1845 960 ἀνοῃρημένοι,

1057 968 1313 1005 προσκεκρούκασιν
1328 970 1496 1004 ἀναγκαίως,
1513 970 1560 997 καὶ
1582 970 1644 1005 οὐχὶ
1665 971 1697 1005 δὴ
1714 971 1785 1006 μόνῳ
1805 971 1846 1006 τῷ

1056 1014 1108 1041 τῶν
1122 1015 1189 1041 ὅλων
1201 1014 1269 1050 Θεῷ,
1281 1014 1348 1042 ἀλλὰ.
1361 1015 1408 1042 καὶ
1419 1015 1492 1050 αὐτῷ
1506 1015 1537 1052 δὴ
1548 1015 1586 1050 τῷ
1597 1015 1733 1052 θεσπεσίῳ
1746 1017 1843 1052 Μωσῇ.

1056 1061 1213 1095 Γέγραπται
1235 1062 1301 1097 γὰρ,
1325 1062 1366 1088 ὅτι
1389 1072 1397 1087 ι
1423 1062 1479 1089 Kal
1504 1062 1631 1097 ἐθυμώθη
1653 1062 1755 1098 Κύριος
1775 1063 1844 1098 ὀργῇ

1056 1108 1096 1139 εἰς
1113 1108 1157 1135 τὸν
1174 1107 1236 1134 λαὸν
1253 1107 1348 1141 αὑτοῦ,
1364 1109 1412 1135 καὶ
1427 1108 1518 1135 ἔναντι
1535 1109 1621 1144 Μωσῇ
1635 1106 1668 1144 ἦν
1684 1109 1812 1144 πονηρόν.
1831 1119 1841 1135 ι

1057 1154 1172 1180 Ἐπεται
1184 1154 1239 1189 γὰρ
1254 1154 1298 1180 ἀεὶ
1309 1155 1370 1186 ταῖς
1383 1154 1430 1181 τοῦ
1445 1154 1513 1182 Θεοῦ
1527 1155 1639 1190 ψήφοις,
1661 1155 1716 1182 τῶν
1731 1155 1816 1189 ἁγίων
1830 1155 1846 1181 6

1056 1199 1128 1230 νοῦς.
1138 1199 1198 1226 ’Ότι
1215 1200 1265 1234 μὲν
1278 1197 1324 1226 οὖν
1337 1200 1389 1226 τῶν
1403 1199 1506 1226 ἄνωθεν
1517 1199 1627 1234 ἀγαθῶν
1642 1200 1676 1227 τὰ
1690 1201 1846 1237 πρόσκαιρά

1056 1254 1085 1272 τε
1109 1246 1156 1272 καὶ
1176 1246 1296 1280 σαρκικὰ
1315 1246 1452 1282 προετίθει
1477 1246 1603 1281 πανταχῆ
1626 1246 1680 1273 τῶν
1711 1247 1845 1275 Ἰουδαίων

1055 1292 1070 1318 6
1086 1291 1181 1327 δῆμος,
1200 1291 1334 1327 ἁναμάθοι
1348 1300 1389 1323 τις
1404 1291 1437 1318 ἂν
1453 1293 1485 1318 εκ
1497 1293 1545 1326 τῆς
1561 1293 1740 1328 εὖαγγελικῆς
1759 1301 1847 1328 παρα-

1056 1338 1148 1374 6ολῆς.
1166 1339 1197 1365 Ol
1219 1338 1268 1373 μὲν
1285 1338 1340 1373 γὰρ
1359 1338 1584 1373 δειπνοκλήτορες
1600 1339 1769 1374 συναγείρειν
1783 1339 1847 1374 ἢθε-

1056 1385 1102 1412 λον
1121 1386 1161 1416 εἰς
1173 1385 1237 1416 τοὺς
1249 1384 1366 1419 γάμους⁸
1387 1384 1412 1410 οἱ
1426 1384 1454 1410 δὲ
1477 1385 1629 1419 ἀπῲχοντο,
1646 1384 1739 1419 φησὶν,
1751 1384 1780 1416 ὃς
1795 1383 1846 1419 μὲν

1056 1431 1103 1458 ἐπὶ
1118 1430 1163 1458 τὸν
1179 1431 1243 1457 ῑδιον
1263 1430 1358 1466 ἀγρὸν,
1375 1430 1405 1462 ὃς
1419 1430 1448 1457 δὲ
1471 1431 1518 1457 ἐπὶ
1533 1431 1582 1466 τὴν
1597 1431 1732 1466 ἐμπορίαν
1749 1430 1845 1458 αὐτοῦ.

1057 1477 1113 1503 Καὶ
1127 1475 1160 1512 ἦν
1183 1477 1200 1512 ἡ
1218 1477 1395 1512 παραίτησις,
1417 1476 1456 1512 τῷ
1471 1477 1532 1512 μὲν,
1551 1478 1592 1504 ὅτι
1606 1478 1729 1504 Γυναῖκα
1740 1477 1844 1513 ἔγημα,

1057 1522 1095 1557 τῷ
1112 1522 1150 1555 δὲ,
1171 1523 1212 1549 ὅτι
1233 1522 1329 1558 ’Δγρὺν
1343 1523 1478 1558 ἠγόρασα,
1502 1523 1550 1550 καὶ
1572 1523 1602 1549 οὐ
1616 1523 1730 1558 δύναμαι
1745 1523 1844 1551 ἐλθεῖν.

1058 1567 1121 1594 Ὅτι
1138 1567 1167 1594 δὲ
1189 1568 1237 1594 καὶ
1254 1567 1334 1600 αὐτὸς
1351 1568 1400 1603 τῆς
1414 1567 1467 1594 τῶν
1490 1568 1624 1595 Ἰουδαίων
1641 1568 1780 1601 ἀπειθείας
1795 1578 1846 1596 κα-

1056 1613 1230 1648 τακέκραγεν
1245 1614 1260 1640 6
1282 1613 1396 1648 Μωσῆς,
1417 1613 1583 1642 πιστώσεται
1604 1614 1689 1649 λέγων
1710 1616 1724 1641 ὁ
1742 1615 1846 1651 Κύριος

1056 1659 1134 1694 ἡμῶν
1156 1659 1260 1695 Ἰησοῦς
1275 1660 1403 1695 Χριστόςσ
1424 1670 1434 1687 ι
1453 1660 1498 1696 Μὴ
1517 1661 1619 1688 δοκεῖτε
1643 1662 1684 1688 ὅτι
1702 1661 1758 1696 ἑγὼ
1778 1670 1845 1690 κατ-

1055 1705 1142 1741 ηγορή
1148 1714 1186 1732 σω
1197 1705 1274 1741 ὑμῶν
1289 1705 1356 1741 πρὸς
1366 1705 1410 1732 τὸν
1423 1706 1544 1742 Πατέρα.
1556 1707 1649 1733 Ἔστιν
1657 1707 1671 1733 6
1682 1708 1845 1743 κατηγορῶν

1056 1753 1133 1788 ὑμῶν
1148 1753 1267 1788 Μωσῆς,
1284 1753 1323 1784 εἰς
1337 1752 1366 1779 ὃν
1383 1753 1460 1788 ὑμεῖς
1477 1753 1620 1788 ἠλπίκατε.
1640 1754 1671 1780 Εἰ
1687 1753 1741 1790 γὰρ
1757 1754 1845 1790 [si-m-

1056 1799 1166 1826 στεύετε
1179 1799 1265 1834 Μωσῇ
1277 1818 1284 1831 ,
1305 1798 1463 1825 ἐπιστεύετε
1483 1799 1516 1826 ἂν
1537 1799 1608 1834 ἐμοί·
1624 1799 1756 1835 περὶγὰρ
1775 1800 1844 1835 ἐμοῦ

1055 1845 1159 1875 ἐκεῖνος
1180 1843 1292 1880 ἔγραψε.
1315 1853 1325 1870 ι
1349 1845 1402 1870 Καὶ
1425 1844 1554 1880 φορτικὸν
1581 1845 1630 1880 μὲν
1654 1845 1716 1872 λίαν
1735 1847 1845 1880 ἡγεῖται

1055 1890 1174 1924 Μωσῆς,
1193 1890 1222 1916 τὸ
1248 1890 1410 1924 ὑπενεγκεῖν
1435 1891 1475 1917 ἔτι
1497 1891 1627 1918 δύνασθαι
1652 1893 1696 1919 τὸν
1724 1892 1842 1928 Ἰσραήλ.

1061 1935 1206 1970 Ἡγιάζετο
1220 1936 1248 1962 δὲ
1270 1937 1285 1962 6
1304 1936 1369 1968 Θεὸς
1393 1936 1503 1972 ἐτέρους
1527 1936 1572 1964 τὸν
1593 1937 1709 1974 ἀριθμὸν
1727 1939 1843 1974 ἐϐδομή-

1056 1989 1147 2014 κοντα,
1163 1981 1290 2019 καθάπερ
1309 1983 1360 2018 ἤδη
1376 1983 1553 2018 προείπομεν.
1568 1984 1656 2016 Μόνος
1674 1985 1729 2021 γὰρ
1740 1986 1814 2020 ἡμᾶς
1828 1986 1844 2012 6

1054 2027 1153 2063 νόμος,
1174 2025 1204 2055 οὒ
1227 2029 1274 2056 καὶ
1295 2029 1380 2061 τύπος
1401 2030 1480 2056 νοοῖτ’
1504 2030 1538 2056 ἂν
1556 2030 1670 2063 εἰκότως
1690 2032 1704 2057 6
1727 2031 1842 2066 Μωσῆς,

1054 2077 1234 2110 χειραγωγεῖν
1249 2075 1297 2111 οὐχ
1318 2073 1375 2107 οἶός
1391 2084 1432 2102 τε.
1450 2076 1585 2112 Ταύτῃτοι
1603 2078 1650 2104 καὶ
1664 2078 1752 2114 ἕτεροι
1766 2079 1843 2106 ἐϐδο-

1055 2120 1178 2156 μήκοντα
1197 2120 1413 2156 χειροτονοῦνται
1430 2122 1533 2153 πολλοὶ,
1559 2122 1590 2149 τὸ
1605 2123 1726 2150 ἐλλεῖπον
1745 2125 1843 2160 ἐκείνῳ

1054 2165 1253 2202 πληρώσοντες.
1267 2167 1314 2199 καὶ
1332 2166 1370 2199 ὡς
1389 2168 1418 2194 ὲν
1441 2168 1537 2204 τελείῳ
1555 2170 1706 2205 πεφήνασιν
1722 2170 1842 2206 ἀριθμῷ.

214 2209 335 2242 fuerunt,
349 2214 377 2237 et
388 2217 438 2237 nos
451 2208 610 2240 sanctificet.
631 2208 712 2243 295
722 2208 857 2241 Quoniam
872 2210 948 2238 enim
959 2213 1001 2237 est

1055 2210 1137 2237 Τοῦδε
1150 2211 1204 2247 γὰρ
1220 2211 1252 2238 ἂν
1268 2212 1311 2247 εῐη
1342 2213 1509 2248 σημαντικὸν
1522 2234 1530 2246 ,
1547 2214 1561 2240 6
1576 2214 1761 2250 ἑϐδομήκοντα
1782 2216 1841 2252 ἀρι-

214 2263 284 2283 unus
295 2255 386 2288 Pater,
402 2263 472 2282 unus
486 2255 552 2282 item
568 2254 664 2287 Filius,
680 2254 718 2283 ita
729 2262 839 2290 quoque
855 2263 927 2283 unus
942 2256 1003 2291 Spi-

214 2300 284 2328 ritus
294 2305 414 2332 sanctus,
428 2300 475 2334 qui
492 2299 520 2327 in
535 2299 677 2334 prophetis
691 2303 717 2327 et
731 2301 758 2328 in
771 2301 852 2329 nobis
867 2309 938 2329 unus
949 2306 1000 2329 est.

213 2346 280 2374 Cum
296 2354 361 2381 ergo
377 2353 449 2373 unus
461 2345 507 2378 sit,
526 2345 603 2373 nullo
618 2346 698 2374 modo
720 2346 871 2374 secundum
886 2347 1001 2375 divisio—

214 2399 275 2418 nem
298 2392 466 2427 intelligatur
488 2392 517 2419 in
549 2392 663 2425 multis;
688 2393 736 2420 sed
763 2397 806 2420 est
831 2393 1000 2426 individuus,

212 2437 295 2468 etiam
315 2437 342 2464 in
354 2437 499 2472 multiplici
512 2438 648 2466 donorum
663 2438 869 2472 distributione,
891 2444 918 2467 et
938 2447 1001 2474 per-

212 2484 281 2510 fecte
300 2491 330 2515 se
350 2483 455 2511 habens
465 2483 493 2511 in
512 2484 650 2512 omnibus.
670 2483 878 2514 Observandum
907 2491 999 2514 autem

211 2534 263 2562 est,
273 2529 346 2564 quod
357 2529 438 2564 hujus
446 2530 565 2558 universi
572 2531 646 2558 Deus
653 2531 764 2566 jusserit
776 2531 887 2566 quidem
898 2532 1000 2568 eligere

212 2582 327 2603 numero
353 2575 531 2611 septuaginta.
552 2575 689 2604 Caterum
712 2576 757 2604 hic
787 2585 920 2604 numerus
943 2585 999 2605 non

211 2619 374 2655 completur.
391 2619 541 2648 Defuerunt
552 2621 626 2648 enim
641 2621 706 2655 duo,
726 2621 822 2650 Modad
846 2627 875 2650 et
899 2623 996 2651 Eldad.

211 2664 374 2693 Delicientes
398 2670 490 2694 autem
512 2666 595 2693 etiam
617 2666 668 2694 hos
693 2667 779 2702 replet
790 2668 863 2696 Deus
882 2667 997 2704 Spiritui.

211 2712 412 2747 Prophetarum
427 2712 502 2740 enim
533 2712 560 2739 in
589 2713 694 2740 castris.
729 2713 928 2749 Undequidam
951 2715 999 2750 qui

210 2758 283 2786 circa
314 2758 407 2786 Mosen
425 2763 504 2786 erant
523 2766 571 2786 eos
599 2759 779 2792 aemulantur,
793 2765 822 2787 et
840 2760 998 2788 submoveri

1055 2255 1134 2291 θμός.
1153 2257 1208 2284 Kal
1217 2257 1289 2289 τίνες
1307 2255 1380 2285 οὗτοι
1396 2257 1428 2294 δὴ
1442 2259 1523 2286 πάλιν
1533 2269 1540 2293 ;
1552 2261 1583 2287 Οἱ
1596 2261 1665 2296 μετὰ
1678 2262 1779 2289 Μωσέα
1798 2263 1842 2289 διὰ

1052 2301 1172 2336 Χριστοῦ
1194 2301 1262 2338 πρὸς
1279 2303 1309 2329 τὸ
1333 2303 1516 2339 καθηγεῖσθαι
1533 2307 1782 2342 παρενηνεγμένοι,
1803 2305 1842 2335 ὧν

1052 2346 1099 2373 καὶ
1109 2347 1221 2383 ἀπαρχὴ
1233 2349 1280 2375 καὶ
1301 2349 1421 2384 πατέρες
1433 2350 1458 2376 ot
1478 2350 1617 2378 θεσπέσιοι
1634 2352 1762 2387 μαθηταί.
1781 2353 1841 2388 Ἀφ-

1051 2393 1122 2420 ελεῖν
1140 2394 1170 2420 δὲ
1189 2394 1296 2429 λέγεται
1313 2395 1380 2428 Θεὸς
1398 2397 1452 2423 ἀπὸ
1467 2397 1516 2424 τοῦ
1532 2398 1688 2434 πνεύματος
1705 2399 1751 2426 τοῦ
1764 2400 1842 2432 ὄντος

1051 2440 1099 2467 ἐπὶ
1114 2440 1227 2473 Μωσέα,
1245 2441 1293 2468 καὶ
1315 2442 1415 2470 ἐνεῖναι
1435 2445 1491 2476 τοῖς
1504 2444 1715 2480 ἐξειλεγμένοις,
1728 2448 1776 2474 καὶ
1790 2447 1841 2482 οὐχ

1051 2487 1144 2523 ἑτέρου
1157 2495 1205 2514 του
1218 2487 1306 2523 χάριν.
1323 2487 1340 2523 ἢ
1359 2488 1402 2515 ἵνα
1419 2490 1609 2527 πιστεύσωμεν
1622 2492 1664 2519 ὄτι
1679 2493 1721 2528 τῷ
1737 2494 1778 2520 ἑνὶ
1793 2493 1841 2522 καὶ

1049 2533 1120 2568 ἁγίῳ
1136 2533 1290 2570 Πνεύματι,
1303 2534 1366 2567 τούς
1380 2543 1411 2561 τε
1425 2536 1480 2571 πρὸ
1495 2537 1574 2572 ἡμῶν
1595 2538 1689 2572 ἁγίους
1703 2539 1750 2566 καὶ
1765 2540 1841 2575 ἡμᾶς

1048 2578 1147 2610 αὐτοὺς
1162 2578 1272 2613 ἁγιάζει
1281 2579 1357 2611 Θεός.
1373 2581 1479 2616 Ὥσπερ
1495 2582 1549 2618 γὰρ
1563 2581 1604 2615 εἷς
1616 2585 1692 2611 ἐστιν
1705 2586 1718 2612 6
1733 2585 1838 2621 Πατὴρ,

1050 2620 1090 2655 εἷς
1105 2623 1132 2650 δὲ
1146 2624 1246 2660 ὁμοίως
1262 2625 1309 2651 καὶ
1322 2626 1336 2652 6
1352 2625 1424 2658 Υἱὸς,
1443 2626 1514 2653 οὓτω
1530 2628 1576 2655 καὶ
1594 2629 1623 2655 ἓν
1638 2629 1669 2656 τὸ
1684 2629 1795 2665 Πνεῦμα
1809 2620 1840 2657 τὸ

1050 2669 1128 2704 ἅγιον
1139 2690 1146 2701 ,
1167 2670 1198 2696 τό
1210 2678 1240 2696 τε
1253 2672 1282 2697 ἐν
1306 2672 1461 2707 προφήταις
1485 2672 1513 2699 ἓν
1528 2673 1575 2700 καὶ
1598 2675 1628 2702 ὲν
1649 2676 1728 2710 ἡμῖν.
1745 2677 1793 2702 Ἕν
1809 2676 1838 2703 δὲ

1051 2715 1183 2750 ὑπάρχον,
1198 2715 1229 2742 οὐ
1250 2715 1319 2743 κατὰ
1346 2716 1479 2752 διαίρεσιν
1501 2719 1530 2746 ὲν
1549 2719 1657 2753 πολλοῖς
1678 2721 1788 2748 ἐννοοίτ“
1805 2721 1839 2749 ἂν

1051 2760 1172 2794 εἰκότως,
1185 2760 1242 2787 ἀλλ’
1256 2761 1330 2788 ἔστιν
1342 2762 1490 2798 ἀμέριστον
1502 2765 1550 2792 καὶ
1564 2766 1592 2793 ὲν
1606 2766 1690 2803 πολλῇ
1705 2768 1840 2804 χαρισμά-

243 2846 265 2863 ⁹¹
282 2846 362 2875 Νυιη.
380 2856 416 2882 xi,
437 2847 476 2875 10.
515 2847 538 2863 "
551 2847 646 2876 Matth.
666 2856 720 2882 nr,
735 2849 828 2877 lG-tll.
867 2850 888 2865 ⁵⁷
904 2850 981 2877 Joan.

1055 2850 1089 2882 i5,
1111 2850 1152 2877 46.
