1999 3056
209 163 262 190 ΗΊ

726 164 754 192 S.
776 163 914 193 CYRlLLl
933 161 1168 190 ALEXANDRINI
1187 161 1346 191 ARClllEP.

1786 161 1838 189 ΗΒ

209 219 349 254 potuerint
359 221 508 255 portare“.
522 231 530 246 ι
542 220 612 254 Quin
623 225 650 249 et
662 221 757 248 beatus
772 220 873 248 Paulus
887 217 998 245 manda-

1054 216 1145 252 κάριος
1162 217 1266 249 Παῦλος
1281 218 1469 252 κατακρίσεως
1481 215 1618 243 διακονίαν
1636 215 1769 241 ἀποκαλεῖ
1790 215 1840 249 τὴν

210 267 268 289 tum
285 264 416 298 sapientis
429 265 509 293 lilosis
527 266 674 300 appellavit
690 265 872 292 ministerium
885 262 999 289 damna-

211 309 301 336 tionis.
312 310 350 336 lta
361 311 433 338 enim
445 312 498 338 ait:
512 322 521 337 ‹
531 311 558 339 Si
573 311 755 339 ministerium
766 309 950 337 damnationis
959 312 1001 336 est

210 354 238 382 in
250 355 346 390 gloria,
359 361 462 391 quanto
473 358 558 393 magis
567 357 731 384 exuberabit
743 356 927 384 ministerium
956 357 1001 392 jo-

209 401 292 429 stItiaa
305 403 330 429 in
343 403 428 438 gloria
438 404 475 430 ⁸⁰⁸ἓ
491 413 499 426 ι
513 403 558 431 Ait
569 404 640 430 enim
655 403 736 430 etiam
749 403 830 438 paulo
840 407 916 430 ante:
928 413 936 428 ι
946 403 1004 430 Lit-

211 452 268 474 tera
281 448 392 482 occidit,
401 450 514 484 spiritus
526 455 616 476 autem
629 449 750 476 viviticat
762 449 793 475 °‘.
807 458 815 474 ›
827 448 1000 476 Manifestum

209 498 252 520 est
266 499 357 522 autem
371 496 446 530 quod
463 504 513 530 per
526 496 645 522 litteram
667 495 802 530 intelligat
820 495 918 530 legem,
933 496 1004 522 sicut

211 546 258 573 per
269 541 404 575 spiritum,
416 541 567 576 designavit
578 541 682 568 cultum
695 541 875 576 spiritualem,
888 543 940 570 hoc
949 547 1000 576 est,

170 610 172 613 .
211 585 397 620 Erangelium.
412 587 529 622 ideoque
543 588 586 614 lcx
598 593 639 615 est
651 588 759 615 acerba.
775 588 843 615 Nam
855 593 883 616 et
895 588 1002 616 Merrha

209 633 356 666 exponitur
365 641 465 660 amara.
482 634 566 661 Porro
592 634 664 669 quod
690 634 834 670 discipliua
855 635 923 670 legis
943 635 1001 670 ipsa

210 684 258 710 per
273 677 400 712 seipsam,
417 682 551 712 quatenus
573 678 599 705 in
622 678 693 714 typis
714 679 1002 711 consistit,vivi[icare

209 729 345 758 nequeat,
372 725 534 753 conﬁrmare
567 734 799 761 supervacaneum
833 731 883 754 est.
906 727 1003 754 Nullus

208 769 282 799 enim
300 778 350 804 per
366 770 453 806 legem
467 772 634 806 justiﬁcatur
649 773 721 807 apud
733 773 829 804 Deum,
844 773 915 799 sicut
932 773 1002 800 scri-

209 819 286 849 ptum
303 820 354 843 est.
368 816 450 852 284
463 816 515 844 Sed
528 818 601 852 quod
613 818 671 853 ipsa
685 818 727 845 lex
741 822 806 845 tunc
817 818 950 846 etliciatur
963 819 1003 846 vi-

208 859 332 891 viﬁcans,
346 865 373 888 ct
386 861 540 889 amaritudo
556 871 616 898 quae
627 868 668 890 est
680 863 707 890 in
723 863 824 895 littera,
845 865 966 897 tollatur,
979 864 1001 891 si

209 905 266 939 ipsa
280 906 460 940 spiritualiter
476 907 612 935 intellecta
626 908 773 943 patefaciat
784 909 885 937 Christi
899 914 1000 945 myste-

210 951 281 977 rium
293 951 366 986 (l'inis
380 953 453 980 enim
467 953 533 988 legis
544 953 669 981 Christus
681 959 734 987 est,
758 955 784 982 in
799 955 913 983 salutem
928 956 1002 983 omni

211 997 333 1024 credenti
345 998 390 1033 ⁸²),
402 999 483 1025 etiam
494 999 519 1026 id
531 999 603 1035 quod
617 1000 644 1027 in
652 1000 761 1027 Merrha
774 1000 875 1028 factum
889 1006 939 1033 est,
948 1009 1003 1028 ma-

211 1042 326 1070 n'l'cstus
348 1047 426 1079 typus
442 1053 501 1072 esse
517 1050 615 1080 potest.
640 1045 754 1081 Lignum
775 1046 848 1073 enim
869 1047 1003 1081 signiﬁcat

211 1087 360 1116 Salvatoris
382 1090 467 1118 nostri
493 1099 618 1124 erucem,
643 1096 692 1119 aut
717 1092 804 1127 ipsius
827 1093 1001 1128 mysterium,

209 1134 359 1168 quodcum
377 1136 411 1163 ab
429 1136 483 1164 illis
504 1137 551 1172 qui
571 1137 622 1165 sub
644 1138 704 1174 lege
727 1144 802 1171 sunt,
819 1138 902 1166 fuerit
925 1148 1002 1167 rece-

210 1183 296 1214 ptum,
311 1180 391 1209 dulce
409 1183 491 1210 etiam
509 1183 536 1210 id
558 1183 631 1218 quod
651 1189 692 1211 est
705 1192 838 1217 amarum,
852 1185 1002 1218 invenient,

209 1225 273 1259 quia
292 1225 334 1252 lex
347 1234 400 1253 non
414 1232 534 1260 accusat,
555 1235 605 1255 nec
627 1229 705 1263 punit
718 1236 765 1255 eos
782 1229 829 1263 qui
846 1229 963 1256 credunt
976 1229 1003 1256 in

208 1269 359 1304 Christum,
373 1273 420 1299 sed
433 1273 527 1308 potius
542 1282 590 1301 eos
607 1273 738 1306 riviﬁeat,
757 1275 887 1302 translata
903 1279 976 1302 recte
988 1283 1003 1302 a

209 1316 290 1344 nobis
302 1314 417 1345 historia
430 1319 463 1346 ad
475 1319 643 1347 intellectum
655 1320 836 1354 spiritualem,
849 1325 876 1347 et
886 1320 1003 1349 ducente

210 1362 243 1388 ad
256 1362 406 1396 Christum,
424 1365 471 1399 qui
492 1369 534 1393 est
549 1365 603 1393 vita
618 1370 645 1393 et
659 1366 811 1394 viviﬁcans.
826 1367 904 1394 Tunc
918 1368 1002 1400 enim,

209 1409 286 1442 tunc,
299 1409 419 1444 inquam,
428 1411 511 1438 etiam
524 1411 567 1439 lex
580 1411 692 1439 deﬁniet
705 1412 1004 1448 nobisjustilicationes

209 1461 237 1485 et
250 1456 364 1492 judicia,
378 1461 472 1492 utpote
487 1465 547 1492 qum
560 1465 611 1485 nos
628 1461 702 1485 recta
723 1457 806 1486 ducat
825 1458 858 1485 ad
883 1459 908 1486 id
930 1459 1003 1493 quod

210 1503 265 1531 Deo
277 1503 374 1538 placet,
391 1503 518 1538 viamque
538 1503 571 1530 ad
595 1511 676 1531 omne
697 1504 770 1539 quod
792 1504 910 1532 salutare
923 1505 1004 1532 nobis

208 1555 260 1582 est,
276 1549 402 1577 ostendat
421 1559 427 1576 :
449 1554 530 1585 atque
555 1554 632 1577 extra
650 1551 774 1577 timorem
797 1559 939 1586 pmumque
955 1559 1002 1578 cx-

209 1595 405 1630 speclationem
429 1596 464 1622 sit
483 1596 658 1623 collocatura.
675 1596 719 1623 Ait
740 1596 814 1623 enim
831 1605 836 1623 :
859 1607 867 1621 ι
887 1596 1001 1624 Omnem

208 1642 314 1676 plagam
335 1650 416 1677 quam
438 1641 532 1669 induxi
553 1643 580 1669 in
595 1641 745 1677 (Egyptios,
763 1650 818 1669 non
834 1641 959 1669 inducam
973 1642 1000 1668 iu

209 1695 258 1715 vos
272 1688 304 1714 ".
322 1697 330 1712 ι
345 1687 479 1721 Quocirca
493 1695 554 1722 spes
570 1687 704 1715 evadendi
718 1696 826 1722 pennam
838 1688 892 1715 illis
903 1696 1003 1724 propo-

210 1734 262 1760 sita
277 1738 328 1765 est,
341 1733 388 1768 qui
404 1734 563 1770 mysterium
578 1733 680 1761 Christi
698 1734 724 1761 iu
742 1735 800 1769 lege
821 1735 1001 1769 comprehen-

209 1789 269 1808 sum
288 1781 438 1816 accipiunt.
461 1781 550 1816 Atque
573 1781 635 1813 hoc,
654 1782 785 1814 arbitror,
806 1786 858 1813 est,
881 1774 953 1818 (ιιῖοά
975 1786 1003 1808 ct

210 1827 268 1861 ipse.
293 1827 418 1853 Salvator
438 1827 507 1854 dixit
529 1827 636 1862 populis
655 1826 811 1854 Iudaeorum
830 1826 857 1853 in
881 1830 1002 1861 tempore

210 1880 266 1899 SlltI}
288 1872 518 1907 peregrinationis
540 1882 545 1898 :
572 1883 581 1898 ‹
606 1873 703 1905 Amen,
727 1880 806 1899 amen
824 1872 886 1898 (lico
907 1871 1000 1903 vobis,

210 1918 282 1952 quod
301 1919 390 1945 omnis
407 1919 453 1954 qui
473 1919 550 1946 audit
570 1926 725 1946 sermonem
744 1926 846 1949 meum,
868 1922 895 1944 et
915 1917 1002 1944 credit

212 1965 248 1991 illi
259 1965 305 2000 qui
315 1965 388 1992 misit
398 1973 450 1997 me,
460 1965 542 1993 habet
554 1966 635 1993 vitam
643 1969 783 1995 mlcrnam,
795 1968 823 1991 et
834 1963 1000 1998 iujudicium

210 2019 265 2038 non
288 2012 376 2043 venit.
399 2012 445 2039 sed
463 2012 560 2039 transit
582 2020 597 2039 a
620 2016 707 2038 morte
730 2010 764 2038 ad
782 2010 864 2036 vitam
888 2009 920 2036 “.
945 2010 1002 2036 iEt

211 2065 306 2085 rursus
321 2067 326 2084 :
346 2068 354 2083 ι
370 2058 421 2092 Qui
434 2058 521 2086 credit
539 2059 565 2085 in
582 2058 691 2089 Filium,
709 2064 763 2084 non
783 2056 921 2092 judicatur
937 2057 969 2082 κδ.
990 2066 998 2081 ι

210 2104 277 2132 Cum
288 2105 372 2140 igitur
383 2105 567 2139 receperimus
577 2103 678 2132 Christi
691 2102 911 2138 juslilicationes,
926 2107 1000 2134 tunc,

210 2154 285 2182 tunc,
301 2150 458 2185 inquam,iu
474 2150 544 2177 Elim
557 2149 709 2181 veniemus,
723 2147 796 2183 quod
809 2152 850 2174 est
867 2147 1000 2175 ascensio.

209 2196 397 2224 Trausivimus
411 2197 484 2224 enim
500 2204 532 2223 es
545 2195 630 2223 veteri
643 2193 736 2222 nostra
756 2193 870 2220 infantia
884 2193 911 2219 in
924 2200 1001 2220 men—

1051 262 1095 289 διὰ
1105 262 1151 288 τοῦ
1168 264 1306 297 πανσόφου
1320 263 1442 294 Μωσέως
1453 262 1572 296 ἐντολήν.
1587 261 1659 296 Ἔφη
1675 260 1728 295 γὰρ
1740 260 1837 291 οὕτως·

1055 317 1063 332 ι
1087 307 1118 334 Εἰ
1133 308 1187 344 γὰρ
1206 309 1222 344 ἡ
1239 308 1361 335 διακονία
1379 308 1428 342 τῆς
1448 307 1637 341 κατακρίσεως
1658 306 1731 339 δόξα.
1750 306 1840 341 πολλῷ

1053 353 1152 387 μᾶλλον
1176 354 1332 389 περισσεύει
1356 355 1371 389 ἡ
1394 353 1517 379 διακονία
1539 352 1588 387 τῆς
1616 352 1788 387 δικαιοσύνης
1811 353 1839 379 ἐν

1051 399 1124 436 δόξῃ.
1145 409 1153 426 ι
1169 401 1239 434 Ἔφη
1248 400 1275 426 δὲ
1285 400 1332 426 καὶ
1343 399 1465 434 ὲτέρωῧι’
1479 409 1487 425 ι
1500 399 1536 425 Τὸ
1546 399 1663 434 γράμμα
1673 399 1838 431 ἀποκτείνει,

1050 443 1081 470 τὸ
1095 443 1123 470 δὲ
1137 444 1245 479 πνεῦμα
1259 444 1394 477 ζωοποιεῖ,
1412 454 1421 469 ι
1437 444 1558 480 Γράμμα
1571 444 1673 479 σαφῶς,
1688 442 1764 479 οἶμαί
1777 453 1839 477 που,

1051 489 1096 516 τὸν
1107 490 1197 525 νόμον,
1213 491 1318 527 πνεῦμα
1330 491 1358 517 δὲ
1371 491 1462 522 πάλιν,
1473 491 1522 526 τὴν
1533 491 1561 516 ὲν
1571 491 1704 525 πνεύματι
1714 491 1840 526 λατρείαν

1051 536 1206 569 ἀποκαλῶν,
1223 537 1358 568 τουτέστι,
1372 537 1421 572 τὴν
1431 536 1622 571 εὐαγγελικήν·
1642 537 1739 572 πικρὸς
1759 536 1814 571 γὰρ
1827 537 1841 562 ὀ

1051 581 1142 616 νόμος.
1164 582 1361 618 Ἐρμηνεύεται
1375 582 1403 608 δὲ
1419 582 1504 617 πικρὰ
1521 582 1567 608 καὶ
1582 583 1598 616 ἠ
1615 582 1720 617 Μερρἀ
1738 583 1798 608 Ὀτι
1813 582 1842 608 δὲ

1053 628 1128 662 ἡδιὰ
1145 628 1225 663 νόμου
1247 629 1387 660 παίδευσις
1408 628 1476 663 αὑτὴ
1497 628 1557 654 καθ’
1578 628 1692 663 ἑαυτὴν,
1712 629 1759 655 καὶ
1780 629 1841 654 ὅσον

1050 671 1117 709 ἧκεν
1129 674 1168 705 εἰς
1177 673 1288 706 τύπους,
1302 674 1442 706 ζωοποιεῖν
1455 675 1503 709 οὐχ
1515 675 1557 701 οἵα
1570 683 1610 707 τε,
1623 674 1654 700 τὸ
1664 674 1841 700 διατείνεσθαι

1052 719 1188 754 περιττόν.
1205 720 1300 750 Οὐδεὶς
1313 719 1367 754 γὰρ
1381 720 1410 746 ὲν
1426 719 1501 755 νόμῳ
1516 719 1667 746 δικαιοῦται
1682 719 1758 755 παρὰ
1772 719 1841 754 Θεῷ,

1052 763 1124 789 κατὰ
1135 763 1164 790 τὸ
1179 763 1379 799 γεγραμμένον.
1402 764 1482 796 Ἀλλὰ
1493 765 1540 791 καὶ
1553 765 1633 797 αὐτὸς
1648 765 1724 791 ἔσται
1735 765 1768 800 δὴ
1781 765 1841 791 τότε

1053 820 1186 852 ζωοποιὸς
1211 821 1224 847 ό
1250 820 1348 856 νόμος,
1377 820 1598 855 ἀπαλλαγήσεται
1622 822 1669 849 καὶ
1697 823 1746 857 τῆς
1773 824 1842 850 κατὲι

1053 865 1171 900 γράμμα
1188 865 1308 901 πικρίας,
1323 866 1347 892 εἰ
1359 866 1463 900 γένοιτο
1477 867 1677 901 παραδεκτικὺς
1693 869 1842 904 μυστηρίου

1052 910 1099 936 τοῦ
1115 911 1186 937 κατὰ
1197 911 1313 946 Χριστόν
1326 920 1332 926 ·
1349 911 1424 943 τέλος
1439 911 1492 947 γὰρ
1508 912 1589 946 νόμου
1607 913 1721 948 Χριστὸς
1736 915 1774 946 εἰς
1791 923 1843 941 σω-

1052 955 1149 991 τηρίαν
1164 956 1244 983 παντὶ
1256 956 1421 988 πιστεύοντι,
1434 956 1577 992 νοούμενος
1590 957 1709 992 δηλονότι
1722 968 1844 995 πνευμα-

1053 1000 1145 1032 τικῶς·
1158 1000 1242 1033 τύπος
1256 1001 1278 1028 δ’
1294 1001 1326 1028 ἂν
1338 1002 1379 1038 εἴη
1394 1002 1441 1029 καὶ
1454 1003 1529 1028 τοῦδε
1545 1003 1631 1039 σαφὴς
1645 1005 1675 1030 τὸ
1688 1005 1734 1031 ἐπὶ
1746 1006 1844 1042 Μερρᾷ

1054 1044 1236 1081 συμϐεϐηκός.
1243 1046 1324 1080 Δηλοῖ
1331 1046 1420 1082 γὰρτὸ
1428 1047 1515 1079 ξύλον,
1523 1048 1567 1074 τὸν
1574 1048 1619 1075 τοῦ
1627 1050 1751 1085 Σωτῆρος
1763 1059 1844 1077 σταυ-

1054 1089 1110 1126 ρδν,
1121 1090 1180 1124 ἦτοι
1196 1091 1225 1116 τὸ
1238 1090 1281 1116 ἐπ’
1294 1090 1368 1125 αὐτῷ
1381 1091 1539 1126 μυστήριον*
1552 1092 1620 1127 ὅπερ
1634 1094 1657 1119 εἰ
1670 1093 1773 1126 γένοιτο
1787 1096 1844 1125 τοῖς

1053 1136 1081 1161 ἐν
1096 1135 1170 1170 νόμῳ
1186 1136 1371 1172 παραδεκτὸν,
1389 1138 1475 1171 γλυκὺ
1491 1139 1537 1165 καὶ
1554 1139 1583 1165 τὸ
1599 1139 1695 1174 πικρὸν
1712 1140 1839 1174 εὑρήσου-

1055 1189 1110 1207 σιν·
1129 1182 1159 1207 οὐ
1177 1182 1231 1217 γὰρ
1242 1183 1299 1213 τοῖς
1320 1183 1494 1210 πιστεύουσιν
1510 1184 1549 1215 είς
1563 1185 1694 1219 Χριστὲν,
1711 1185 1843 1220 φιλαίτιός
1888 1195 1890 1197 ·

1053 1225 1083 1252 τέ
1104 1227 1162 1253 ἐστι
1183 1228 1228 1253 καὶ
1247 1227 1382 1264 κολαστὴς
1398 1229 1412 1255 ὁ
1432 1229 1531 1264 νόμος,
1548 1229 1604 1256 ἀλλ’
1622 1230 1671 1266 ἤδη
1694 1230 1842 1265 ζωοποιὲνς,

1056 1271 1313 1309 μεταπλαττομένης
1333 1272 1361 1300 εὖ
1383 1275 1455 1309 μάλα
1471 1275 1521 1310 τῆς
1538 1275 1658 1311 ἱστορίας
1685 1278 1751 1311 ἡμῖν
1775 1277 1844 1312 πρὸς

1054 1316 1171 1353 θεωρίαν
1189 1320 1391 1355 πνευματικὴν,
1407 1321 1453 1346 καὶ
1469 1321 1640 1357 ποδηγούσης
1654 1322 1700 1348 ἐπὶ
1713 1323 1842 1357 Χριστὸν,

1054 1360 1083 1392 ὃς
1095 1361 1152 1387 ἐστι
1166 1361 1222 1397 ζωὴ
1243 1362 1289 1389 καὶ
1305 1363 1445 1395 ζωοποιός.
1462 1365 1529 1391 Τότε
1545 1365 1609 1402 γὰρ,
1625 1366 1686 1393 τότε
1701 1368 1747 1393 καὶ
1762 1368 1844 1402 νόμος

1055 1406 1120 1441 ἡμῖν
1131 1408 1200 1442 ὁριεῖ
1209 1407 1381 1443 δικαιώματά
1393 1419 1422 1436 τε
1432 1411 1479 1437 καὶ
1487 1411 1600 1447 κρίσεις.
1619 1413 1779 1448 ’Δποκομιεῖ
1789 1415 1845 1450 γὰρ

1055 1451 1134 1482 εὐθὺς
1147 1453 1192 1478 ἐπὶ
1207 1453 1236 1479 τὸ
1247 1453 1321 1489 αὐτῷ
1332 1455 1436 1488 δοκοῦν,
1451 1457 1499 1483 καὶ
1513 1457 1561 1492 τὴν
1576 1458 1615 1489 εἰς
1626 1459 1679 1484 πᾶν
1689 1459 1777 1485 ὁτιοῦν
1790 1460 1845 1486 τῶν

1055 1499 1173 1533 ἀρίστων
1187 1500 1340 1533 καταδεὲξει
1352 1502 1455 1537 τρίϐον,
1474 1503 1526 1535 ἔξω
1542 1512 1570 1530 τε
1588 1504 1721 1539 δειμάτων
1736 1506 1783 1532 καὶ
1797 1507 1844 1533 τοῦ

1055 1544 1216 1576 κολάζεσθαι
1231 1546 1382 1581 προσδοκᾷν
1395 1545 1520 1581 γενέσοαι
1532 1549 1744 1584 παρασκευάζει.
1761 1559 1770 1576 ι
1786 1551 1844 1577 Πᾶ-

1057 1597 1106 1615 σαν
1118 1590 1181 1625 γὰρ,
1196 1591 1272 1625 φησὶ,
1287 1591 1393 1627 πληγὴν
1407 1593 1439 1628 ἣν
1452 1594 1591 1628 ἐπήγαγον
1605 1596 1661 1626 τοῖς
1674 1597 1843 1630 Αἰγυπτίοις,

1055 1636 1104 1662 οὐκ
1119 1636 1210 1669 ἐπάξω
1227 1637 1273 1663 ἐπὶ
1288 1637 1326 1663 σέ.
1349 1648 1358 1663 ›
1377 1638 1480 1665 Οὐκοῦν
1499 1641 1553 1671 τοῖς
1570 1640 1598 1666 ὲν
1616 1641 1689 1677 νόμῳ
1705 1641 1782 1669 τοῦτο
1799 1643 1845 1669 λα-

1056 1681 1132 1709 ὅοῦσι
1147 1683 1305 1718 μυστήριον,
1319 1684 1395 1716 ἐλπὶς
1411 1685 1500 1720 ὰγαοὴ
1516 1686 1562 1712 τοῦ
1574 1687 1749 1722 διαϐήσεσθαι
1763 1689 1843 1716 κόλα-

1057 1735 1108 1754 σιν,
1130 1727 1184 1753 Καὶ
1201 1727 1293 1759 τοῦτο,
1311 1725 1401 1762 οἶμαι,
1414 1729 1488 1755 ἐστὶν
1515 1729 1530 1755 ὃ
1547 1730 1592 1756 καὶ
1610 1731 1690 1762 αὐτὸς
1706 1731 1816 1766 εἴρηκεν
1831 1733 1845 1758 ὁ

1056 1772 1150 1808 Σωτὴρ
1166 1774 1220 1804 τοῖς
1241 1773 1373 1800 Ἰουδαίων
1388 1774 1482 1810 δήμοις
1495 1777 1564 1802 κατὰ
1580 1776 1625 1803 τὸν
1639 1777 1687 1811 τῆς
1699 1777 1843 1812 ἐπιδημίας

1057 1819 1150 1854 καιρόν
1161 1827 1167 1833 ·
1192 1828 1201 1844 ‹
1228 1819 1313 1854 Ἀμὴν
1325 1839 1331 1851 ,
1347 1820 1419 1855 ἀμὴν
1434 1821 1505 1855 λέγω
1523 1822 1596 1857 ὑμῖν,
1617 1823 1657 1849 ὅτι
1677 1824 1690 1849 ό
1706 1823 1750 1849 τὸν
1766 1823 1844 1857 λόγον

1058 1872 1108 1898 μου
1132 1864 1255 1898 ἁκούων,
1275 1865 1321 1891 καὶ
1339 1866 1473 1893 πιστεύων
1495 1867 1533 1903 τῷ
1555 1868 1692 1903 πέμψαντί
1718 1878 1767 1904 με,
1788 1869 1844 1904 ἔχει

1057 1910 1128 1945 ζωὴν
1143 1910 1259 1943 αἰώνιον,
1272 1911 1318 1938 καὶ
1328 1913 1367 1944 είς
1378 1913 1467 1948 κρίσιν
1484 1913 1533 1940 οὐκ
1545 1914 1662 1950 ἔρχεται·
1678 1915 1745 1941 ἀλλὰ
1761 1924 1844 1950 μετα-

1056 1955 1171 1990 ϐέϐηκεν
1187 1956 1218 1982 ἐκ
1233 1955 1278 1982 τοῦ
1297 1957 1412 1984 θανάτου
1427 1959 1467 1990 είς
1481 1959 1562 1994 ζωήν.
1584 1969 1592 1985 ι
1610 1961 1663 1986 Καὶ
1676 1961 1765 1987 πάλιν
1781 1970 1789 1986 ι
1815 1961 1844 1987 '0

1057 2001 1190 2027 πιστεύων
1207 2002 1246 2032 εἰς
1259 2001 1303 2028 τὸν
1316 2002 1388 2034 Υἱδν,
1404 2004 1434 2030 οὐ
1447 2004 1578 2040 κρίνεται.
1596 2015 1604 2031 ι
1619 2006 1844 2041 Παραδεξάμενος

1056 2046 1143 2073 τοίνυν
1158 2048 1191 2074 τὰ
1203 2047 1373 2084 δικαιώματα
1387 2050 1505 2086 Χριστοῦ
1518 2072 1524 2081 ,
1536 2051 1594 2077 τότε
1610 2051 1653 2086 δὴ,
1667 2052 1725 2078 τότε
1743 2053 1788 2079 καὶ
1803 2053 1844 2084 εἰς

1063 2091 1155 2126 Ἐλεὶμ
1171 2092 1286 2128 ἥξομενα
1302 2094 1316 2120 ὅ
1334 2095 1425 2126 ἐστιν,
1442 2095 1583 2127 ἀνάϐασις,
1612 2096 1844 2132 Ἀναϐιϐαζόμεοα

1057 2135 1110 2171 γὰρ
1129 2137 1161 2162 ὲκ
1184 2137 1234 2172 τῆς
1255 2138 1373 2173 ἀρχαίας
1400 2139 1477 2175 ἡμῶν
1501 2140 1660 2175 νηπιότητος
1684 2142 1723 2173 εἰς
1744 2142 1844 2176 ἀρτίως

1056 2183 1170 2218 ἔχουσαν
1185 2184 1279 2220 φρένα,
1291 2186 1338 2212 καὶ
1352 2187 1389 2218 είς
1402 2186 1499 2221 μέτρον
1514 2186 1620 2222 ἡλικίας
1636 2187 1681 2214 τοῦ
1696 2187 1844 2223 πληρώμα-

211 2247 265 2270 tem
280 2243 440 2278 perfectam,
453 2248 479 2270 et
497 2243 526 2269 in
545 2249 701 2269 mensuram
719 2240 807 2267 anatis
824 2238 1001 2274 plenitudinis

1056 2239 1100 2262 τος
1117 2230 1163 2257 τοῦ
1183 2231 1300 2266 Χριστοῦ
1323 2232 1558 2268 καταντήσαντες,
1582 2234 1641 2265 ταῖς
1664 2233 1718 2260 τῶν
1742 2234 1844 2268 νοητῶν

209 2289 309 2317 Christi
323 2290 355 2321 “°,
370 2289 416 2316 ubi
431 2288 584 2315 incidentes
598 2288 624 2314 in
645 2287 734 2314 fontes
751 2293 884 2320 aquarum
901 2284 1002 2311 intelli-

210 2335 334 2369 gibilium
347 2339 452 2362 nostras
465 2333 598 2361 habemus
612 2332 735 2359 delicias.
751 2331 782 2358 Hi
796 2336 888 2358 autem
901 2331 1004 2358 duode-

210 2381 263 2407 cim
276 2380 365 2407 fontes
388 2379 548 2407 describunt
561 2378 641 2405 nobis
654 2377 768 2405 chorum
782 2377 927 2404 duodecim
940 2384 1004 2411 apo-

211 2427 354 2458 stolorum,
372 2426 418 2452 ubi
433 2430 461 2452 et
478 2425 649 2460 septuaginta
664 2424 771 2458 stipites
786 2423 939 2458 palmarum
958 2431 1002 2450 re—

210 2472 359 2506 periemus.
383 2471 520 2506 Scriptum
541 2475 582 2498 est
605 2471 677 2497 enim
697 2469 770 2504 quod
791 2469 922 2496 Dominus
943 2473 1004 2503 post

211 2521 319 2543 sanctos
330 2516 467 2550 apostolos
481 2525 488 2541 ι
504 2515 655 2551 designarit
672 2515 740 2542 alios
755 2514 926 2549 septuaginta
943 2513 974 2541 ⁸⁷.
991 2523 999 2538 ι

210 2562 287 2595 Quod
302 2566 392 2589 autem
408 2562 493 2589 diviui
510 2562 637 2597 discipuli
660 2569 754 2592 revera
770 2561 824 2588 sint
843 2560 943 2592 tonics,
957 2560 1003 2595 qui

211 2607 290 2635 nobis
307 2607 429 2635 divinum
451 2613 478 2636 et
500 2609 618 2636 salutare
636 2608 788 2636 scaturiunt
804 2607 917 2635 verbum
931 2607 1002 2637 vitae,

211 2653 439 2681 llr-monstraverit
454 2654 524 2681 Deus
542 2654 575 2681 iis
587 2654 634 2688 qui
649 2654 675 2680 in
695 2654 753 2687 lege
768 2651 909 2687 iustiﬁcati
929 2654 1002 2682 sunt,

211 2700 247 2726 ita
260 2699 353 2727 dicens
367 2709 373 2726 :
391 2711 399 2725 ι
416 2700 527 2727 llaurile
544 2708 640 2735 aquam
653 2707 716 2726 cum
729 2698 821 2726 lmtitia
833 2706 865 2724 ex
883 2696 1004 2723 fontibus

211 2746 343 2773 Salutaris
356 2745 388 2772 ⁵³.
404 2757 412 2772 ι
426 2747 457 2773 Ει
469 2746 501 2773 dc
513 2745 611 2780 quovis
624 2750 718 2772 sancto
741 2744 825 2771 David
840 2744 875 2770 ita
887 2742 983 2769 scribit
997 2750 1002 2766 :

827 2847 846 2860 Μ
866 2845 931 2871 ἰὶιί‹Ι.
954 2846 978 2871 ti.

794 2881 813 2896 θτ
836 2881 901 2908 Luc.
919 2888 943 2911 κ,
962 2881 985 2907 l.

247 2847 269 2861 ⁵³
284 2846 342 2872 Act.
366 2855 409 2877 xv,

212 2883 234 2898 ⁸⁵
246 2881 324 2909 Joan.
339 2889 377 2915 lli,
400 2883 439 2909 [8.

445 2848 483 2874 I0.
537 2847 557 2862 5"
583 2847 602 2873 Il
621 2847 683 2873 Cor.
705 2855 743 2874 Ill.
762 2847 786 2872 ε).

495 2884 516 2899 °“
531 2882 631 2916 l‘lphcs.
654 2890 689 2914 Ir,
716 2882 754 2907 15.

1019 2846 1040 2860 ε²
1065 2845 1144 2870 Ιὶυιιι.
1172 2851 1196 2871 x.
1217 2843 1242 2868 4.

1055 2276 1157 2303 ὑδάτων
1175 2278 1277 2311 πηγαῖς
1294 2277 1506 2312 ὲντρυφήσομεν.
1530 2278 1697 2305 Δυοκαίδεκα
1718 2278 1746 2304 δὲ
1765 2276 1844 2306 αὗται

1052 2322 1097 2348 τὸν
1114 2322 1168 2348 τῶν
1185 2323 1268 2356 ἁγίων
1282 2323 1439 2350 ἀποστόλων
1451 2324 1517 2359 ἡμῖν
1534 2325 1740 2359 καταγράψουσι
1753 2326 1841 2360 χορόν·

1054 2367 1270 2402 περιτευξόμεθα
1281 2367 1308 2393 δὲ
1320 2368 1365 2394 καὶ
1376 2369 1431 2399 τοῖς
1443 2368 1628 2404 ἑϐδομήκοντα
1639 2369 1776 2405 στελέχεσι
1790 2370 1844 2396 τῶν

1054 2414 1192 2448 φοινίκων.
1203 2413 1359 2449 Γέγραπται
1370 2414 1435 2449 γὰρ,
1453 2414 1493 2440 ὅτι
1511 2415 1579 2449 μετὰ
1595 2416 1657 2447 τοὺς
1672 2416 1766 2449 ἁγίους
1778 2417 1841 2442 ἁπο-

1054 2458 1162 2490 στδλους
1179 2468 1188 2484 ι
1203 2458 1335 2491 ἀνέδειξεν
1349 2460 1362 2485 ὁ
1376 2459 1478 2495 Κύριος
1494 2459 1603 2495 ἐτέρους
1616 2459 1811 2495 ἐϐδομήκοντα.
1832 2470 1840 2485 ι

1055 2505 1114 2531 Ὅτι
1129 2504 1156 2530 δὲ
1171 2504 1258 2539 πηγαὶ
1269 2503 1338 2531 κατὰ
1355 2504 1383 2530 τὸ
1400 2504 1498 2539 ἀληθὲς
1515 2506 1539 2531 οί
1557 2504 1696 2531 θεσπέσιοι
1713 2505 1842 2541 μαθηταὶ,

1052 2553 1098 2578 τὸν
1114 2552 1183 2578 θεῖον
1198 2552 1263 2586 ἡμῖν
1277 2551 1323 2578 καί
1340 2551 1473 2585 σωτήριον
1488 2551 1535 2578 καὶ
1550 2551 1697 2585 ἀναγκαῖον
1714 2553 1753 2583 εἰς
1771 2551 1843 2587 ζωὴν

1053 2597 1234 2632 ἁναϐρύοντες
1245 2597 1333 2630 λόγον,
1351 2595 1536 2630 παραδείξειεν
1553 2596 1585 2622 ἂν
1600 2593 1629 2622 εὖ
1650 2596 1721 2630 μάλα
1743 2598 1797 2628 τοῖς
1815 2599 1843 2623 ἐν

1054 2644 1127 2678 νόμῳ
1140 2643 1358 2677 δεδικαιωμένος
1373 2643 1387 2668 ὁ
1403 2641 1456 2668 τῶν
1470 2641 1538 2667 ὅλων
1552 2641 1616 2672 Θεὸς
1627 2663 1633 2674 ,
1651 2641 1722 2668 οὕτω
1739 2642 1824 2676 λέγων
1835 2650 1842 2655 ·

1057 2700 1064 2715 ι
1081 2690 1243 2724 Ἀντλήσατε
1252 2688 1324 2724 ὕδωρ
1334 2688 1391 2723 μετ’
1402 2687 1570 2722 εὐφροσύνης
1582 2688 1613 2713 ἐκ
1623 2687 1677 2713 τῶν
1689 2688 1783 2723 πηγῶν
1796 2688 1843 2714 τοῦ

1055 2736 1201 2771 Σωτηρίου.
1214 2744 1222 2760 ι
1245 2734 1335 2768 ’Δγίου
1355 2735 1381 2760 δὲ
1404 2734 1466 2769 πέρι
1487 2734 1586 2764 παντὸς
1601 2734 1615 2759 ὁ
1631 2729 1773 2765 θεσπέσιος
1788 2734 1843 2760 Με-

1283 2843 1303 2858 ⁶³
1322 2843 1406 2870 Exod.
1436 2851 1479 2874 xv,
1507 2843 1550 2869 '26.
1591 2843 1613 2857 "‘
1636 2842 1713 2869 Joan.
1741 2849 1766 2872 ν,
1797 2840 1840 2867 24.

1027 2880 1049 2895 ἐί
1065 2879 1116 2906 lsa.
1135 2886 1180 2910 λιι,
1196 2879 1222 2905 3.
