  <div class='ocr_page' id='page_1' title='image "/cluster/home/n/w/nwhite01/storage/ocr_20150623/69/njp.32101077772729/266.png"; bbox 0 0 1999 3056; ppageno 0'>
   <div class='ocr_carea' id='block_1_1' title="bbox 148 164 201 192">
    <p class='ocr_par' dir='ltr' id='par_1_1' title="bbox 148 164 201 192">
     <span class='ocr_line' id='line_1_1' title="bbox 148 164 201 192; baseline -0.019 0"><span class='ocrx_word' id='word_1_1' title='bbox 148 164 201 192; x_wconf 65' lang='grc'><strong>449</strong></span> 
     </span>
    </p>
   </div>
   <div class='ocr_carea' id='block_1_2' title="bbox 662 157 1272 188">
    <p class='ocr_par' dir='ltr' id='par_1_2' title="bbox 662 157 1272 188">
     <span class='ocr_line' id='line_1_2' title="bbox 662 157 1272 188; baseline -0.005 -1"><span class='ocrx_word' id='word_1_2' title='bbox 662 158 923 188; x_wconf 75' lang='lat' dir='ltr'><strong>GLAPHYRORUM</strong></span> <span class='ocrx_word' id='word_1_3' title='bbox 941 158 974 185; x_wconf 87' lang='lat' dir='ltr'><strong>IN</strong></span> <span class='ocrx_word' id='word_1_4' title='bbox 995 157 1136 185; x_wconf 84' lang='lat' dir='ltr'><strong>EXODUM</strong></span> <span class='ocrx_word' id='word_1_5' title='bbox 1154 158 1218 185; x_wconf 88' lang='lat' dir='ltr'><strong>LIB.</strong></span> <span class='ocrx_word' id='word_1_6' title='bbox 1240 158 1272 184; x_wconf 91' lang='lat' dir='ltr'><strong>ll.</strong></span> 
     </span>
    </p>
   </div>
   <div class='ocr_carea' id='block_1_3' title="bbox 1729 157 1784 185">
    <p class='ocr_par' dir='ltr' id='par_1_3' title="bbox 1729 157 1784 185">
     <span class='ocr_line' id='line_1_3' title="bbox 1729 157 1784 185; baseline -0.036 0"><span class='ocrx_word' id='word_1_7' title='bbox 1729 157 1784 185; x_wconf 66' lang='grc'><strong>450</strong></span> 
     </span>
    </p>
   </div>
   <div class='ocr_carea' id='block_1_4' title="bbox 149 212 952 255">
    <p class='ocr_par' dir='ltr' id='par_1_4' title="bbox 149 216 939 255">
     <span class='ocr_line' id='line_1_4' title="bbox 149 216 939 255; baseline -0.006 -9"><span class='ocrx_word' id='word_1_8' title='bbox 149 221 243 255; x_wconf 72' lang='grc' dir='ltr'>λῳδὸς,</span> <span class='ocrx_word' id='word_1_9' title='bbox 257 229 265 245; x_wconf 76' lang='grc' dir='ltr'><strong>ι</strong></span> <span class='ocrx_word' id='word_1_10' title='bbox 283 219 400 250; x_wconf 75' lang='grc' dir='ltr'>Δίκαιος,</span> <span class='ocrx_word' id='word_1_11' title='bbox 414 220 505 254; x_wconf 69' lang='grc' dir='ltr'>φησὶν,</span> <span class='ocrx_word' id='word_1_12' title='bbox 520 219 557 250; x_wconf 84' lang='grc' dir='ltr'>ὡς</span> <span class='ocrx_word' id='word_1_13' title='bbox 572 218 658 252; x_wconf 48' lang='grc' dir='ltr'>τοίνιξ</span> <span class='ocrx_word' id='word_1_14' title='bbox 668 217 788 252; x_wconf 77' lang='grc' dir='ltr'><strong>ἀνθήσει.</strong></span> <span class='ocrx_word' id='word_1_15' title='bbox 810 227 818 242; x_wconf 73' lang='grc' dir='ltr'><strong>ι</strong></span> <span class='ocrx_word' id='word_1_16' title='bbox 833 217 888 242; x_wconf 74' lang='grc' dir='ltr'><strong>Καὶ</strong></span> <span class='ocrx_word' id='word_1_17' title='bbox 903 216 939 251; x_wconf 85' lang='grc' dir='ltr'>μή</span> 
     </span>
    </p>
   </div>
   <div class='ocr_carea' id='block_1_5' title="bbox 1003 212 1784 255">
    <p class='ocr_par' dir='ltr' id='par_1_5' title="bbox 1018 212 1784 250">
     <span class='ocr_line' id='line_1_5' title="bbox 1018 212 1784 250; baseline -0.004 -7"><span class='ocrx_word' id='word_1_18' title='bbox 1018 215 1112 243; x_wconf 85' lang='lat' dir='ltr'><strong>Justus</strong></span> <span class='ocrx_word' id='word_1_19' title='bbox 1123 220 1152 242; x_wconf 91' lang='lat' dir='ltr'><strong>ut</strong></span> <span class='ocrx_word' id='word_1_20' title='bbox 1164 215 1253 250; x_wconf 84' lang='lat' dir='ltr'><strong>palma</strong></span> <span class='ocrx_word' id='word_1_21' title='bbox 1267 213 1375 241; x_wconf 83' lang='lat' dir='ltr'><strong>florebit</strong></span> <span class='ocrx_word' id='word_1_22' title='bbox 1388 213 1420 238; x_wconf 75' lang='grc'><strong>⁸³.</strong></span> <span class='ocrx_word' id='word_1_23' title='bbox 1437 222 1444 237; x_wconf 79' lang='grc' dir='ltr'><strong>ι</strong></span> <span class='ocrx_word' id='word_1_24' title='bbox 1460 212 1541 248; x_wconf 73' lang='lat'><strong>285</strong></span> <span class='ocrx_word' id='word_1_25' title='bbox 1552 213 1645 247; x_wconf 82' lang='lat' dir='ltr'><strong>Neque</strong></span> <span class='ocrx_word' id='word_1_26' title='bbox 1655 220 1721 245; x_wconf 76' lang='lat' dir='ltr'><strong>vero</strong></span> <span class='ocrx_word' id='word_1_27' title='bbox 1732 213 1784 240; x_wconf 86' lang='lat' dir='ltr'><strong>hoc</strong></span> 
     </span>
    </p>
   </div>
   <div class='ocr_carea' id='block_1_6' title="bbox 151 262 941 300">
    <p class='ocr_par' dir='ltr' id='par_1_6' title="bbox 151 262 941 300">
     <span class='ocr_line' id='line_1_6' title="bbox 151 262 941 300; baseline -0.006 -8"><span class='ocrx_word' id='word_1_28' title='bbox 151 276 191 293; x_wconf 83' lang='grc' dir='ltr'><strong>τοι</strong></span> <span class='ocrx_word' id='word_1_29' title='bbox 207 266 359 300; x_wconf 75' lang='grc' dir='ltr'>θαυμάσῃς.</span> <span class='ocrx_word' id='word_1_30' title='bbox 383 265 458 291; x_wconf 76' lang='grc' dir='ltr'>Ἐπεὶ</span> <span class='ocrx_word' id='word_1_31' title='bbox 474 265 519 291; x_wconf 69' lang='grc' dir='ltr'>καὶ</span> <span class='ocrx_word' id='word_1_32' title='bbox 538 264 617 296; x_wconf 76' lang='grc' dir='ltr'>αὐτὸς</span> <span class='ocrx_word' id='word_1_33' title='bbox 637 265 651 290; x_wconf 87' lang='grc' dir='ltr'>ὁ</span> <span class='ocrx_word' id='word_1_34' title='bbox 666 263 782 298; x_wconf 74' lang='grc' dir='ltr'>Χριστὸς</span> <span class='ocrx_word' id='word_1_35' title='bbox 798 264 831 298; x_wconf 83' lang='grc' dir='ltr'>τῇ</span> <span class='ocrx_word' id='word_1_36' title='bbox 853 262 941 297; x_wconf 80' lang='grc' dir='ltr'>τοιᾷδε</span> 
     </span>
    </p>
   </div>
   <div class='ocr_carea' id='block_1_7' title="bbox 150 307 940 346">
    <p class='ocr_par' dir='ltr' id='par_1_7' title="bbox 150 307 940 346">
     <span class='ocr_line' id='line_1_7' title="bbox 150 307 940 346; baseline -0.008 -9"><span class='ocrx_word' id='word_1_37' title='bbox 150 311 246 346; x_wconf 78' lang='grc' dir='ltr'>κλήσει</span> <span class='ocrx_word' id='word_1_38' title='bbox 256 309 470 344; x_wconf 72' lang='grc' dir='ltr'><strong>κατονομάζεται</strong></span> <span class='ocrx_word' id='word_1_39' title='bbox 482 309 557 344; x_wconf 77' lang='grc' dir='ltr'>παρά</span> <span class='ocrx_word' id='word_1_40' title='bbox 566 317 598 343; x_wconf 90' lang='grc' dir='ltr'><strong>γε</strong></span> <span class='ocrx_word' id='word_1_41' title='bbox 608 310 641 344; x_wconf 85' lang='grc' dir='ltr'>τῇ</span> <span class='ocrx_word' id='word_1_42' title='bbox 653 307 824 342; x_wconf 77' lang='grc' dir='ltr'>θεοπνεύστῳ</span> <span class='ocrx_word' id='word_1_43' title='bbox 835 307 940 341; x_wconf 69' lang='grc' dir='ltr'>Γραφῇ.</span> 
     </span>
    </p>
   </div>
   <div class='ocr_carea' id='block_1_8' title="bbox 154 351 943 390">
    <p class='ocr_par' dir='ltr' id='par_1_8' title="bbox 154 351 943 390">
     <span class='ocr_line' id='line_1_8' title="bbox 154 351 943 390; baseline -0.008 -8"><span class='ocrx_word' id='word_1_44' title='bbox 154 357 227 390; x_wconf 71' lang='grc' dir='ltr'><strong>Ἔφη</strong></span> <span class='ocrx_word' id='word_1_45' title='bbox 254 356 307 390; x_wconf 79' lang='grc' dir='ltr'><strong>γάρ</strong></span> <span class='ocrx_word' id='word_1_46' title='bbox 326 364 377 381; x_wconf 82' lang='grc' dir='ltr'><strong>που</strong></span> <span class='ocrx_word' id='word_1_47' title='bbox 401 355 482 381; x_wconf 73' lang='grc' dir='ltr'>πάλιν</span> <span class='ocrx_word' id='word_1_48' title='bbox 508 355 524 389; x_wconf 82' lang='grc' dir='ltr'><strong>ἡ</strong></span> <span class='ocrx_word' id='word_1_49' title='bbox 546 353 627 389; x_wconf 84' lang='grc' dir='ltr'>νοητὴ</span> <span class='ocrx_word' id='word_1_50' title='bbox 650 353 759 388; x_wconf 73' lang='grc' dir='ltr'>νύμφη,</span> <span class='ocrx_word' id='word_1_51' title='bbox 778 351 903 379; x_wconf 80' lang='grc' dir='ltr'><strong>τουτέστι</strong></span> <span class='ocrx_word' id='word_1_52' title='bbox 927 351 943 385; x_wconf 83' lang='grc' dir='ltr'>ἡ</span> 
     </span>
    </p>
   </div>
   <div class='ocr_carea' id='block_1_9' title="bbox 159 396 943 437">
    <p class='ocr_par' dir='ltr' id='par_1_9' title="bbox 159 396 943 437">
     <span class='ocr_line' id='line_1_9' title="bbox 159 396 943 437; baseline -0.01 -8"><span class='ocrx_word' id='word_1_53' title='bbox 159 401 316 437; x_wconf 77' lang='grc' dir='ltr'>Ἐκκλησία,</span> <span class='ocrx_word' id='word_1_54' title='bbox 331 401 394 436; x_wconf 78' lang='grc' dir='ltr'>περὶ</span> <span class='ocrx_word' id='word_1_55' title='bbox 407 400 452 427; x_wconf 78' lang='grc' dir='ltr'>τοῦ</span> <span class='ocrx_word' id='word_1_56' title='bbox 466 400 567 426; x_wconf 79' lang='grc' dir='ltr'>ἄνωθεν</span> <span class='ocrx_word' id='word_1_57' title='bbox 581 401 628 426; x_wconf 80' lang='grc' dir='ltr'><strong>καὶ</strong></span> <span class='ocrx_word' id='word_1_58' title='bbox 643 399 672 432; x_wconf 79' lang='grc' dir='ltr'>ἐξ</span> <span class='ocrx_word' id='word_1_59' title='bbox 682 397 798 434; x_wconf 78' lang='grc' dir='ltr'>οὐρανοῦ</span> <span class='ocrx_word' id='word_1_60' title='bbox 813 396 943 431; x_wconf 65' lang='grc' dir='ltr'>νυμψίου,</span> 
     </span>
    </p>
   </div>
   <div class='ocr_carea' id='block_1_10' title="bbox 153 441 944 484">
    <p class='ocr_par' dir='ltr' id='par_1_10' title="bbox 153 441 944 484">
     <span class='ocr_line' id='line_1_10' title="bbox 153 441 944 484; baseline -0.009 -9"><span class='ocrx_word' id='word_1_61' title='bbox 153 449 225 484; x_wconf 67' lang='grc' dir='ltr'>φημὶ</span> <span class='ocrx_word' id='word_1_62' title='bbox 237 448 268 483; x_wconf 82' lang='grc' dir='ltr'>δὴ</span> <span class='ocrx_word' id='word_1_63' title='bbox 285 447 414 482; x_wconf 77' lang='grc' dir='ltr'>Χριστοῦ·</span> <span class='ocrx_word' id='word_1_64' title='bbox 436 456 445 472; x_wconf 73' lang='grc' dir='ltr'>ι</span> <span class='ocrx_word' id='word_1_65' title='bbox 466 444 546 474; x_wconf 84' lang='grc' dir='ltr'>Εἶπα·</span> <span class='ocrx_word' id='word_1_66' title='bbox 570 445 753 480; x_wconf 75' lang='grc' dir='ltr'>Ἀναῦήσομαι</span> <span class='ocrx_word' id='word_1_67' title='bbox 773 444 819 469; x_wconf 73' lang='grc' dir='ltr'><strong>ἐπὶ</strong></span> <span class='ocrx_word' id='word_1_68' title='bbox 832 443 870 477; x_wconf 84' lang='grc' dir='ltr'><strong>τῷ</strong></span> <span class='ocrx_word' id='word_1_69' title='bbox 886 441 944 475; x_wconf 75' lang='grc' dir='ltr'>φοί-</span> 
     </span>
    </p>
   </div>
   <div class='ocr_carea' id='block_1_11' title="bbox 153 489 945 528">
    <p class='ocr_par' dir='ltr' id='par_1_11' title="bbox 153 489 945 528">
     <span class='ocr_line' id='line_1_11' title="bbox 153 489 945 528; baseline -0.008 -8"><span class='ocrx_word' id='word_1_70' title='bbox 153 502 226 520; x_wconf 88' lang='grc' dir='ltr'>νικι·</span> <span class='ocrx_word' id='word_1_71' title='bbox 253 493 383 528; x_wconf 79' lang='grc' dir='ltr'>κρατὴσω</span> <span class='ocrx_word' id='word_1_72' title='bbox 397 493 450 520; x_wconf 85' lang='grc' dir='ltr'><strong>τῶν</strong></span> <span class='ocrx_word' id='word_1_73' title='bbox 473 492 547 527; x_wconf 61' lang='grc' dir='ltr'>ὑψῶν</span> <span class='ocrx_word' id='word_1_74' title='bbox 564 492 658 518; x_wconf 71' lang='grc' dir='ltr'>αὑτοῦ.</span> <span class='ocrx_word' id='word_1_75' title='bbox 682 500 690 516; x_wconf 69' lang='grc' dir='ltr'><strong>ι</strong></span> <span class='ocrx_word' id='word_1_76' title='bbox 720 490 776 517; x_wconf 78' lang='grc' dir='ltr'>Ἀεὶ</span> <span class='ocrx_word' id='word_1_77' title='bbox 794 489 849 524; x_wconf 77' lang='grc' dir='ltr'>γάρ</span> <span class='ocrx_word' id='word_1_78' title='bbox 873 489 945 514; x_wconf 77' lang='grc' dir='ltr'>ἐστιν</span> 
     </span>
    </p>
   </div>
   <div class='ocr_carea' id='block_1_12' title="bbox 154 530 946 571">
    <p class='ocr_par' dir='ltr' id='par_1_12' title="bbox 154 530 946 571">
     <span class='ocr_line' id='line_1_12' title="bbox 154 530 946 571; baseline -0.01 -7"><span class='ocrx_word' id='word_1_79' title='bbox 154 538 267 569; x_wconf 76' lang='grc' dir='ltr'>εὐθαλὲς</span> <span class='ocrx_word' id='word_1_80' title='bbox 283 538 313 563; x_wconf 79' lang='grc' dir='ltr'>τὺ</span> <span class='ocrx_word' id='word_1_81' title='bbox 328 537 410 571; x_wconf 80' lang='grc' dir='ltr'>φυτὸν</span> <span class='ocrx_word' id='word_1_82' title='bbox 422 557 428 569; x_wconf 85' lang='grc'><strong>,</strong></span> <span class='ocrx_word' id='word_1_83' title='bbox 444 536 529 570; x_wconf 83' lang='grc' dir='ltr'>γλυκύ</span> <span class='ocrx_word' id='word_1_84' title='bbox 547 544 577 561; x_wconf 84' lang='grc' dir='ltr'><strong>τε</strong></span> <span class='ocrx_word' id='word_1_85' title='bbox 591 536 637 562; x_wconf 77' lang='grc' dir='ltr'><strong>καὶ</strong></span> <span class='ocrx_word' id='word_1_86' title='bbox 654 533 759 570; x_wconf 67' lang='grc' dir='ltr'>εὕριζον</span> <span class='ocrx_word' id='word_1_87' title='bbox 769 554 776 566; x_wconf 84' lang='grc'><strong>,</strong></span> <span class='ocrx_word' id='word_1_88' title='bbox 792 534 839 559; x_wconf 81' lang='grc' dir='ltr'><strong>καὶ</strong></span> <span class='ocrx_word' id='word_1_89' title='bbox 853 530 946 557; x_wconf 81' lang='grc' dir='ltr'>λελευ-</span> 
     </span>
    </p>
   </div>
   <div class='ocr_carea' id='block_1_13' title="bbox 155 575 947 618">
    <p class='ocr_par' dir='ltr' id='par_1_13' title="bbox 155 575 947 618">
     <span class='ocr_line' id='line_1_13' title="bbox 155 575 947 618; baseline -0.009 -9"><span class='ocrx_word' id='word_1_90' title='bbox 155 583 297 618; x_wconf 76' lang='grc' dir='ltr'>κασμένην</span> <span class='ocrx_word' id='word_1_91' title='bbox 323 582 383 617; x_wconf 80' lang='grc' dir='ltr'>ἕχον</span> <span class='ocrx_word' id='word_1_92' title='bbox 410 582 459 617; x_wconf 75' lang='grc' dir='ltr'><strong>τὴν</strong></span> <span class='ocrx_word' id='word_1_93' title='bbox 483 581 609 616; x_wconf 77' lang='grc' dir='ltr'><strong>καρδίαν.</strong></span> <span class='ocrx_word' id='word_1_94' title='bbox 634 579 818 612; x_wconf 76' lang='grc' dir='ltr'>Τοιουτοειδὴς</span> <span class='ocrx_word' id='word_1_95' title='bbox 840 577 867 603; x_wconf 81' lang='grc' dir='ltr'>δέ</span> <span class='ocrx_word' id='word_1_96' title='bbox 889 575 947 607; x_wconf 82' lang='grc' dir='ltr'>πώς</span> 
     </span>
    </p>
   </div>
   <div class='ocr_carea' id='block_1_14' title="bbox 154 621 947 663">
    <p class='ocr_par' dir='ltr' id='par_1_14' title="bbox 154 621 947 663">
     <span class='ocr_line' id='line_1_14' title="bbox 154 621 947 663; baseline -0.01 -8"><span class='ocrx_word' id='word_1_97' title='bbox 154 630 229 655; x_wconf 74' lang='grc' dir='ltr'>ἐστιν</span> <span class='ocrx_word' id='word_1_98' title='bbox 247 630 261 655; x_wconf 89' lang='grc' dir='ltr'><em>ὀ</em></span> <span class='ocrx_word' id='word_1_99' title='bbox 277 628 394 663; x_wconf 74' lang='grc' dir='ltr'>Χριστὸς</span> <span class='ocrx_word' id='word_1_100' title='bbox 408 627 524 662; x_wconf 82' lang='grc' dir='ltr'>νοητῶς,</span> <span class='ocrx_word' id='word_1_101' title='bbox 540 627 572 653; x_wconf 77' lang='grc' dir='ltr'>δι’</span> <span class='ocrx_word' id='word_1_102' title='bbox 588 623 618 653; x_wconf 73' lang='grc' dir='ltr'>οὗ</span> <span class='ocrx_word' id='word_1_103' title='bbox 642 625 689 652; x_wconf 73' lang='grc' dir='ltr'><strong>καὶ</strong></span> <span class='ocrx_word' id='word_1_104' title='bbox 708 624 766 659; x_wconf 80' lang='grc' dir='ltr'>μεθ’</span> <span class='ocrx_word' id='word_1_105' title='bbox 783 621 814 651; x_wconf 76' lang='grc' dir='ltr'>οὗ</span> <span class='ocrx_word' id='word_1_106' title='bbox 828 622 867 658; x_wconf 79' lang='grc' dir='ltr'>τῷ</span> <span class='ocrx_word' id='word_1_107' title='bbox 887 621 947 657; x_wconf 77' lang='grc' dir='ltr'>Θεῷ</span> 
     </span>
    </p>
   </div>
   <div class='ocr_carea' id='block_1_15' title="bbox 155 667 948 710">
    <p class='ocr_par' dir='ltr' id='par_1_15' title="bbox 155 667 948 710">
     <span class='ocr_line' id='line_1_15' title="bbox 155 667 948 710; baseline -0.009 -9"><span class='ocrx_word' id='word_1_108' title='bbox 155 675 203 701; x_wconf 74' lang='grc' dir='ltr'>καὶ</span> <span class='ocrx_word' id='word_1_109' title='bbox 217 675 304 710; x_wconf 78' lang='grc' dir='ltr'>Πατρὶ</span> <span class='ocrx_word' id='word_1_110' title='bbox 319 675 335 709; x_wconf 85' lang='grc' dir='ltr'>ἡ</span> <span class='ocrx_word' id='word_1_111' title='bbox 351 673 426 710; x_wconf 71' lang='grc' dir='ltr'>δόξα,</span> <span class='ocrx_word' id='word_1_112' title='bbox 442 674 490 699; x_wconf 81' lang='grc' dir='ltr'><strong>σὺν</strong></span> <span class='ocrx_word' id='word_1_113' title='bbox 504 672 575 708; x_wconf 81' lang='grc' dir='ltr'>ἁγίῳ</span> <span class='ocrx_word' id='word_1_114' title='bbox 592 671 731 706; x_wconf 72' lang='grc' dir='ltr'>Πνεῦματι</span> <span class='ocrx_word' id='word_1_115' title='bbox 749 671 789 701; x_wconf 84' lang='grc' dir='ltr'>εἰς</span> <span class='ocrx_word' id='word_1_116' title='bbox 805 669 868 700; x_wconf 77' lang='grc' dir='ltr'>τοὺς</span> <span class='ocrx_word' id='word_1_117' title='bbox 883 667 948 694; x_wconf 76' lang='grc' dir='ltr'>αἰῶ-</span> 
     </span>
    </p>
   </div>
   <div class='ocr_carea' id='block_1_16' title="bbox 155 719 519 754">
    <p class='ocr_par' dir='ltr' id='par_1_16' title="bbox 155 719 519 754">
     <span class='ocr_line' id='line_1_16' title="bbox 155 719 519 754; baseline -0.008 -7"><span class='ocrx_word' id='word_1_118' title='bbox 155 729 204 752; x_wconf 77' lang='grc' dir='ltr'><strong>νας</strong></span> <span class='ocrx_word' id='word_1_119' title='bbox 216 721 270 747; x_wconf 77' lang='grc' dir='ltr'>τῶν</span> <span class='ocrx_word' id='word_1_120' title='bbox 286 719 402 747; x_wconf 76' lang='grc' dir='ltr'>αἰώνων.</span> <span class='ocrx_word' id='word_1_121' title='bbox 422 719 519 754; x_wconf 69' lang='grc' dir='ltr'>Ἀμήν.</span> 
     </span>
    </p>
   </div>
   <div class='ocr_carea' id='block_1_17' title="bbox 225 774 873 822">
    <p class='ocr_par' dir='ltr' id='par_1_17' title="bbox 225 774 873 822">
     <span class='ocr_line' id='line_1_17' title="bbox 225 774 873 822; baseline -0.011 -8"><span class='ocrx_word' id='word_1_122' title='bbox 225 787 294 822; x_wconf 75' lang='grc' dir='ltr'>Περὶ</span> <span class='ocrx_word' id='word_1_123' title='bbox 309 787 362 814; x_wconf 86' lang='grc' dir='ltr'>τοῦ</span> <span class='ocrx_word' id='word_1_124' title='bbox 377 786 477 821; x_wconf 69' lang='grc' dir='ltr'>μάννα</span> <span class='ocrx_word' id='word_1_125' title='bbox 487 805 495 817; x_wconf 86' lang='grc'><strong>,</strong></span> <span class='ocrx_word' id='word_1_126' title='bbox 510 785 558 812; x_wconf 76' lang='grc' dir='ltr'>καὶ</span> <span class='ocrx_word' id='word_1_127' title='bbox 573 784 627 818; x_wconf 83' lang='grc' dir='ltr'>τῆς</span> <span class='ocrx_word' id='word_1_128' title='bbox 643 774 873 818; x_wconf 66' lang='grc' dir='ltr'>ὀρτυγομήτρας.</span> 
     </span>
    </p>
   </div>
   <div class='ocr_carea' id='block_1_18' title="bbox 190 839 948 879">
    <p class='ocr_par' dir='ltr' id='par_1_18' title="bbox 190 839 948 879">
     <span class='ocr_line' id='line_1_18' title="bbox 190 839 948 879; baseline -0.009 -8"><span class='ocrx_word' id='word_1_129' title='bbox 190 844 224 871; x_wconf 86' lang='grc' dir='ltr'><strong>α’.</strong></span> <span class='ocrx_word' id='word_1_130' title='bbox 234 843 444 879; x_wconf 84' lang='grc' dir='ltr'>Θαυματουργεῖ</span> <span class='ocrx_word' id='word_1_131' title='bbox 452 842 479 868; x_wconf 75' lang='grc' dir='ltr'>δὲ</span> <span class='ocrx_word' id='word_1_132' title='bbox 489 842 568 868; x_wconf 77' lang='grc' dir='ltr'>πάλιν</span> <span class='ocrx_word' id='word_1_133' title='bbox 577 842 590 867; x_wconf 81' lang='grc' dir='ltr'>ὁ</span> <span class='ocrx_word' id='word_1_134' title='bbox 600 840 653 867; x_wconf 85' lang='grc' dir='ltr'>τῶν</span> <span class='ocrx_word' id='word_1_135' title='bbox 663 841 731 867; x_wconf 84' lang='grc' dir='ltr'>ὅλων</span> <span class='ocrx_word' id='word_1_136' title='bbox 744 839 819 870; x_wconf 77' lang='grc' dir='ltr'>Θεὸς,</span> <span class='ocrx_word' id='word_1_137' title='bbox 829 839 875 865; x_wconf 76' lang='grc' dir='ltr'>καὶ</span> <span class='ocrx_word' id='word_1_138' title='bbox 884 847 948 873; x_wconf 88' lang='grc' dir='ltr'>μετ-</span> 
     </span>
    </p>
   </div>
   <div class='ocr_carea' id='block_1_19' title="bbox 995 258 1786 296">
    <p class='ocr_par' dir='ltr' id='par_1_19' title="bbox 995 258 1786 296">
     <span class='ocr_line' id='line_1_19' title="bbox 995 258 1786 296; baseline -0.001 -8"><span class='ocrx_word' id='word_1_139' title='bbox 995 261 1103 289; x_wconf 88' lang='lat' dir='ltr'><strong>mireris</strong></span> <span class='ocrx_word' id='word_1_140' title='bbox 1113 282 1120 294; x_wconf 89' lang='lat'><strong>,</strong></span> <span class='ocrx_word' id='word_1_141' title='bbox 1135 261 1270 296; x_wconf 85' lang='lat' dir='ltr'><strong>siquidem</strong></span> <span class='ocrx_word' id='word_1_142' title='bbox 1285 265 1312 287; x_wconf 90' lang='lat' dir='ltr'><strong>et</strong></span> <span class='ocrx_word' id='word_1_143' title='bbox 1330 260 1387 295; x_wconf 88' lang='lat' dir='ltr'><strong>ipse</strong></span> <span class='ocrx_word' id='word_1_144' title='bbox 1400 259 1525 286; x_wconf 73' lang='lat' dir='ltr'><strong>Christus</strong></span> <span class='ocrx_word' id='word_1_145' title='bbox 1538 258 1565 284; x_wconf 94' lang='lat' dir='ltr'><strong>in</strong></span> <span class='ocrx_word' id='word_1_146' title='bbox 1579 259 1664 286; x_wconf 85' lang='lat' dir='ltr'><strong>sacris</strong></span> <span class='ocrx_word' id='word_1_147' title='bbox 1674 259 1786 287; x_wconf 83' lang='lat' dir='ltr'><strong>Litteris</strong></span> 
     </span>
    </p>
   </div>
   <div class='ocr_carea' id='block_1_20' title="bbox 994 304 1786 342">
    <p class='ocr_par' dir='ltr' id='par_1_20' title="bbox 994 304 1786 342">
     <span class='ocr_line' id='line_1_20' title="bbox 994 304 1786 342; baseline -0.005 -7"><span class='ocrx_word' id='word_1_148' title='bbox 994 307 1046 334; x_wconf 86' lang='lat' dir='ltr'><strong>hoc</strong></span> <span class='ocrx_word' id='word_1_149' title='bbox 1057 308 1168 335; x_wconf 86' lang='lat' dir='ltr'><strong>nomine</strong></span> <span class='ocrx_word' id='word_1_150' title='bbox 1180 307 1344 342; x_wconf 72' lang='lat' dir='ltr'><strong>appellatur.</strong></span> <span class='ocrx_word' id='word_1_151' title='bbox 1359 305 1401 332; x_wconf 82' lang='lat' dir='ltr'><strong>Ait</strong></span> <span class='ocrx_word' id='word_1_152' title='bbox 1413 305 1487 332; x_wconf 90' lang='lat' dir='ltr'><strong>enim</strong></span> <span class='ocrx_word' id='word_1_153' title='bbox 1498 304 1564 331; x_wconf 81' lang='lat' dir='ltr'><strong>alibi</strong></span> <span class='ocrx_word' id='word_1_154' title='bbox 1576 312 1676 338; x_wconf 86' lang='lat' dir='ltr'><strong>sponsa</strong></span> <span class='ocrx_word' id='word_1_155' title='bbox 1687 305 1786 332; x_wconf 79' lang='lat' dir='ltr'><strong>intelli-</strong></span> 
     </span>
    </p>
   </div>
   <div class='ocr_carea' id='block_1_21' title="bbox 994 350 1786 389">
    <p class='ocr_par' dir='ltr' id='par_1_21' title="bbox 994 350 1786 389">
     <span class='ocr_line' id='line_1_21' title="bbox 994 350 1786 389; baseline -0.006 -8"><span class='ocrx_word' id='word_1_156' title='bbox 994 353 1095 389; x_wconf 76' lang='lat' dir='ltr'><strong>gibilis,</strong></span> <span class='ocrx_word' id='word_1_157' title='bbox 1105 354 1157 381; x_wconf 90' lang='lat' dir='ltr'><strong>hoc</strong></span> <span class='ocrx_word' id='word_1_158' title='bbox 1163 357 1204 381; x_wconf 88' lang='lat' dir='ltr'><strong>est</strong></span> <span class='ocrx_word' id='word_1_159' title='bbox 1213 353 1343 384; x_wconf 75' lang='lat' dir='ltr'><strong>Ecclesia,</strong></span> <span class='ocrx_word' id='word_1_160' title='bbox 1352 352 1385 379; x_wconf 88' lang='lat' dir='ltr'><strong>de</strong></span> <span class='ocrx_word' id='word_1_161' title='bbox 1394 359 1513 386; x_wconf 88' lang='lat' dir='ltr'><strong>superno</strong></span> <span class='ocrx_word' id='word_1_162' title='bbox 1522 358 1553 377; x_wconf 88' lang='lat' dir='ltr'><strong>ac</strong></span> <span class='ocrx_word' id='word_1_163' title='bbox 1561 350 1664 377; x_wconf 66' lang='lat' dir='ltr'><strong>caelesti</strong></span> <span class='ocrx_word' id='word_1_164' title='bbox 1676 357 1786 384; x_wconf 84' lang='lat' dir='ltr'><strong>sponso,</strong></span> 
     </span>
    </p>
   </div>
   <div class='ocr_carea' id='block_1_22' title="bbox 995 396 1784 431">
    <p class='ocr_par' dir='ltr' id='par_1_22' title="bbox 995 396 1784 431">
     <span class='ocr_line' id='line_1_22' title="bbox 995 396 1784 431; baseline -0.006 -5"><span class='ocrx_word' id='word_1_165' title='bbox 995 399 1105 427; x_wconf 75' lang='lat' dir='ltr'><strong>Christo</strong></span> <span class='ocrx_word' id='word_1_166' title='bbox 1116 400 1247 427; x_wconf 83' lang='lat' dir='ltr'><strong>nimirum</strong></span> <span class='ocrx_word' id='word_1_167' title='bbox 1261 407 1267 425; x_wconf 93' lang='lat'>:</span> <span class='ocrx_word' id='word_1_168' title='bbox 1285 409 1293 424; x_wconf 73' lang='grc' dir='ltr'><strong>ι</strong></span> <span class='ocrx_word' id='word_1_169' title='bbox 1309 398 1379 430; x_wconf 88' lang='lat' dir='ltr'><strong>Dixi,</strong></span> <span class='ocrx_word' id='word_1_170' title='bbox 1394 397 1546 425; x_wconf 83' lang='lat' dir='ltr'><strong>Aseendam</strong></span> <span class='ocrx_word' id='word_1_171' title='bbox 1559 397 1586 423; x_wconf 88' lang='lat' dir='ltr'><strong>in</strong></span> <span class='ocrx_word' id='word_1_172' title='bbox 1599 397 1728 431; x_wconf 79' lang='lat' dir='ltr'><strong>palmam,</strong></span> <span class='ocrx_word' id='word_1_173' title='bbox 1739 396 1784 422; x_wconf 60' lang='lat' dir='ltr'><strong>oba</strong></span> 
     </span>
    </p>
   </div>
   <div class='ocr_carea' id='block_1_23' title="bbox 997 441 1788 480">
    <p class='ocr_par' dir='ltr' id='par_1_23' title="bbox 997 441 1788 480">
     <span class='ocr_line' id='line_1_23' title="bbox 997 441 1788 480; baseline -0.006 -8"><span class='ocrx_word' id='word_1_174' title='bbox 997 446 1089 473; x_wconf 90' lang='lat' dir='ltr'><strong>tinebo</strong></span> <span class='ocrx_word' id='word_1_175' title='bbox 1106 445 1265 472; x_wconf 89' lang='lat' dir='ltr'><strong>altitudines</strong></span> <span class='ocrx_word' id='word_1_176' title='bbox 1280 445 1339 480; x_wconf 80' lang='lat' dir='ltr'><strong>ejus</strong></span> <span class='ocrx_word' id='word_1_177' title='bbox 1353 444 1386 470; x_wconf 72' lang='lat'><strong>7°.</strong></span> <span class='ocrx_word' id='word_1_178' title='bbox 1404 453 1411 468; x_wconf 84' lang='grc' dir='ltr'>ι</span> <span class='ocrx_word' id='word_1_179' title='bbox 1428 443 1542 477; x_wconf 85' lang='lat' dir='ltr'><strong>Semper</strong></span> <span class='ocrx_word' id='word_1_180' title='bbox 1553 442 1626 469; x_wconf 92' lang='lat' dir='ltr'><strong>enim</strong></span> <span class='ocrx_word' id='word_1_181' title='bbox 1639 441 1720 468; x_wconf 80' lang='lat' dir='ltr'><strong>ﬂoret</strong></span> <span class='ocrx_word' id='word_1_182' title='bbox 1731 441 1788 468; x_wconf 81' lang='lat' dir='ltr'><strong>haee</strong></span> 
     </span>
    </p>
   </div>
   <div class='ocr_carea' id='block_1_24' title="bbox 996 487 1789 526">
    <p class='ocr_par' dir='ltr' id='par_1_24' title="bbox 996 487 1789 526">
     <span class='ocr_line' id='line_1_24' title="bbox 996 487 1789 526; baseline -0.006 -8"><span class='ocrx_word' id='word_1_183' title='bbox 996 491 1088 524; x_wconf 87' lang='lat' dir='ltr'><strong>arbor,</strong></span> <span class='ocrx_word' id='word_1_184' title='bbox 1099 495 1195 526; x_wconf 88' lang='lat' dir='ltr'><strong>estque</strong></span> <span class='ocrx_word' id='word_1_185' title='bbox 1207 491 1296 518; x_wconf 86' lang='lat' dir='ltr'><strong>dulcis</strong></span> <span class='ocrx_word' id='word_1_186' title='bbox 1307 495 1334 517; x_wconf 82' lang='lat' dir='ltr'><strong>et</strong></span> <span class='ocrx_word' id='word_1_187' title='bbox 1347 490 1417 516; x_wconf 89' lang='lat' dir='ltr'><strong>bene</strong></span> <span class='ocrx_word' id='word_1_188' title='bbox 1431 489 1562 520; x_wconf 85' lang='lat' dir='ltr'><strong>radicata,</strong></span> <span class='ocrx_word' id='word_1_189' title='bbox 1574 495 1634 523; x_wconf 59' lang='lat' dir='ltr'><strong>qua</strong></span> <span class='ocrx_word' id='word_1_190' title='bbox 1645 492 1673 514; x_wconf 87' lang='lat' dir='ltr'><strong>et</strong></span> <span class='ocrx_word' id='word_1_191' title='bbox 1683 495 1731 514; x_wconf 89' lang='lat' dir='ltr'><strong>cor</strong></span> <span class='ocrx_word' id='word_1_192' title='bbox 1741 487 1789 514; x_wconf 89' lang='lat' dir='ltr'><strong>ha-</strong></span> 
     </span>
    </p>
   </div>
   <div class='ocr_carea' id='block_1_25' title="bbox 997 533 1788 573">
    <p class='ocr_par' dir='ltr' id='par_1_25' title="bbox 997 533 1788 573">
     <span class='ocr_line' id='line_1_25' title="bbox 997 533 1788 573; baseline -0.008 -8"><span class='ocrx_word' id='word_1_193' title='bbox 997 537 1044 565; x_wconf 85' lang='lat' dir='ltr'><strong>bet</strong></span> <span class='ocrx_word' id='word_1_194' title='bbox 1055 537 1230 565; x_wconf 87' lang='lat' dir='ltr'><strong>eandescens.</strong></span> <span class='ocrx_word' id='word_1_195' title='bbox 1244 537 1317 563; x_wconf 85' lang='lat' dir='ltr'><strong>Talis</strong></span> <span class='ocrx_word' id='word_1_196' title='bbox 1326 539 1470 573; x_wconf 80' lang='lat' dir='ltr'><strong>autemest</strong></span> <span class='ocrx_word' id='word_1_197' title='bbox 1481 534 1607 562; x_wconf 83' lang='lat' dir='ltr'><strong>Christus</strong></span> <span class='ocrx_word' id='word_1_198' title='bbox 1617 533 1788 569; x_wconf 83' lang='lat' dir='ltr'><strong>spiritaliter,</strong></span> 
     </span>
    </p>
   </div>
   <div class='ocr_carea' id='block_1_26' title="bbox 997 581 1789 620">
    <p class='ocr_par' dir='ltr' id='par_1_26' title="bbox 997 581 1789 620">
     <span class='ocr_line' id='line_1_26' title="bbox 997 581 1789 620; baseline -0.008 -8"><span class='ocrx_word' id='word_1_199' title='bbox 997 593 1047 620; x_wconf 87' lang='lat' dir='ltr'><strong>per</strong></span> <span class='ocrx_word' id='word_1_200' title='bbox 1059 592 1140 620; x_wconf 88' lang='lat' dir='ltr'><strong>quem</strong></span> <span class='ocrx_word' id='word_1_201' title='bbox 1151 589 1179 611; x_wconf 89' lang='lat' dir='ltr'><strong>et</strong></span> <span class='ocrx_word' id='word_1_202' title='bbox 1189 591 1250 611; x_wconf 89' lang='lat' dir='ltr'><strong>eum</strong></span> <span class='ocrx_word' id='word_1_203' title='bbox 1262 591 1316 618; x_wconf 86' lang='lat' dir='ltr'><strong>quo</strong></span> <span class='ocrx_word' id='word_1_204' title='bbox 1329 583 1384 609; x_wconf 86' lang='lat' dir='ltr'><strong>Deo</strong></span> <span class='ocrx_word' id='word_1_205' title='bbox 1394 582 1467 609; x_wconf 82' lang='lat' dir='ltr'><strong>Patri</strong></span> <span class='ocrx_word' id='word_1_206' title='bbox 1479 582 1515 608; x_wconf 91' lang='lat' dir='ltr'><strong>sit</strong></span> <span class='ocrx_word' id='word_1_207' title='bbox 1525 581 1610 616; x_wconf 78' lang='lat' dir='ltr'><strong>gloria</strong></span> <span class='ocrx_word' id='word_1_208' title='bbox 1621 588 1682 608; x_wconf 88' lang='lat' dir='ltr'><strong>cum</strong></span> <span class='ocrx_word' id='word_1_209' title='bbox 1695 583 1789 607; x_wconf 89' lang='lat' dir='ltr'><strong>sancto</strong></span> 
     </span>
    </p>
   </div>
   <div class='ocr_carea' id='block_1_27' title="bbox 999 627 1507 665">
    <p class='ocr_par' dir='ltr' id='par_1_27' title="bbox 999 627 1507 665">
     <span class='ocr_line' id='line_1_27' title="bbox 999 627 1507 665; baseline -0.004 -9"><span class='ocrx_word' id='word_1_210' title='bbox 999 629 1115 665; x_wconf 87' lang='lat' dir='ltr'><strong>Spiritu,</strong></span> <span class='ocrx_word' id='word_1_211' title='bbox 1131 630 1157 656; x_wconf 89' lang='lat' dir='ltr'><strong>in</strong></span> <span class='ocrx_word' id='word_1_212' title='bbox 1173 629 1272 657; x_wconf 71' lang='lat' dir='ltr'><strong>sazcula</strong></span> <span class='ocrx_word' id='word_1_213' title='bbox 1283 632 1394 656; x_wconf 71' lang='lat' dir='ltr'><strong>aeterna.</strong></span> <span class='ocrx_word' id='word_1_214' title='bbox 1410 627 1507 654; x_wconf 86' lang='lat' dir='ltr'><strong>Amen.</strong></span> 
     </span>
    </p>
   </div>
   <div class='ocr_carea' id='block_1_28' title="bbox 1217 778 1569 805">
    <p class='ocr_par' dir='ltr' id='par_1_28' title="bbox 1217 778 1569 805">
     <span class='ocr_line' id='line_1_28' title="bbox 1217 778 1569 805; baseline -0.003 0"><span class='ocrx_word' id='word_1_215' title='bbox 1217 778 1255 805; x_wconf 87' lang='lat' dir='ltr'><strong>De</strong></span> <span class='ocrx_word' id='word_1_216' title='bbox 1270 787 1370 805; x_wconf 82' lang='lat' dir='ltr'><strong>manna</strong></span> <span class='ocrx_word' id='word_1_217' title='bbox 1389 783 1414 805; x_wconf 79' lang='lat' dir='ltr'><strong>et</strong></span> <span class='ocrx_word' id='word_1_218' title='bbox 1429 779 1569 805; x_wconf 72' lang='lat' dir='ltr'><strong>coturnice.</strong></span> 
     </span>
    </p>
   </div>
   <div class='ocr_carea' id='block_1_29' title="bbox 1036 834 1789 866">
    <p class='ocr_par' dir='ltr' id='par_1_29' title="bbox 1036 834 1789 866">
     <span class='ocr_line' id='line_1_29' title="bbox 1036 834 1789 866; baseline -0.001 -4"><span class='ocrx_word' id='word_1_219' title='bbox 1036 835 1062 862; x_wconf 77' lang='grc'><strong>1.</strong></span> <span class='ocrx_word' id='word_1_220' title='bbox 1090 834 1154 862; x_wconf 85' lang='lat' dir='ltr'><strong>Edit</strong></span> <span class='ocrx_word' id='word_1_221' title='bbox 1175 843 1285 862; x_wconf 86' lang='lat' dir='ltr'><strong>rursum</strong></span> <span class='ocrx_word' id='word_1_222' title='bbox 1308 835 1439 862; x_wconf 89' lang='lat' dir='ltr'><strong>miracula</strong></span> <span class='ocrx_word' id='word_1_223' title='bbox 1461 835 1543 861; x_wconf 90' lang='lat' dir='ltr'><strong>totius</strong></span> <span class='ocrx_word' id='word_1_224' title='bbox 1563 834 1683 865; x_wconf 82' lang='lat' dir='ltr'><strong>universi</strong></span> <span class='ocrx_word' id='word_1_225' title='bbox 1706 835 1789 866; x_wconf 88' lang='lat' dir='ltr'><strong>Deus,</strong></span> 
     </span>
    </p>
   </div>
   <div class='ocr_carea' id='block_1_30' title="bbox 156 879 952 925">
    <p class='ocr_par' dir='ltr' id='par_1_30' title="bbox 156 884 948 925">
     <span class='ocr_line' id='line_1_30' title="bbox 156 884 948 925; baseline -0.009 -9"><span class='ocrx_word' id='word_1_226' title='bbox 156 890 212 925; x_wconf 85' lang='grc' dir='ltr'>ιησι</span> <span class='ocrx_word' id='word_1_227' title='bbox 229 890 278 925; x_wconf 75' lang='grc' dir='ltr'>μὲν</span> <span class='ocrx_word' id='word_1_228' title='bbox 290 890 321 915; x_wconf 76' lang='grc' dir='ltr'><strong>ἐκ</strong></span> <span class='ocrx_word' id='word_1_229' title='bbox 334 889 476 923; x_wconf 78' lang='grc' dir='ltr'>δυνάμεως</span> <span class='ocrx_word' id='word_1_230' title='bbox 509 888 548 918; x_wconf 70' lang='grc' dir='ltr'>εἰς</span> <span class='ocrx_word' id='word_1_231' title='bbox 569 885 695 921; x_wconf 83' lang='grc' dir='ltr'>δύναμιν,</span> <span class='ocrx_word' id='word_1_232' title='bbox 706 885 775 912; x_wconf 82' lang='grc' dir='ltr'>κατὰ</span> <span class='ocrx_word' id='word_1_233' title='bbox 787 884 816 910; x_wconf 76' lang='grc' dir='ltr'><strong>τὸ</strong></span> <span class='ocrx_word' id='word_1_234' title='bbox 829 893 948 919; x_wconf 86' lang='grc' dir='ltr'>γεγραμ-</span> 
     </span>
    </p>
   </div>
   <div class='ocr_carea' id='block_1_31' title="bbox 1003 879 1790 925">
    <p class='ocr_par' dir='ltr' id='par_1_31' title="bbox 1003 879 1790 916">
     <span class='ocr_line' id='line_1_31' title="bbox 1003 879 1790 916; baseline -0.004 -8"><span class='ocrx_word' id='word_1_235' title='bbox 1003 881 1153 916; x_wconf 88' lang='lat' dir='ltr'><strong>transitque</strong></span> <span class='ocrx_word' id='word_1_236' title='bbox 1177 880 1210 907; x_wconf 91' lang='lat' dir='ltr'><strong>de</strong></span> <span class='ocrx_word' id='word_1_237' title='bbox 1232 880 1333 906; x_wconf 87' lang='lat' dir='ltr'><strong>virtute</strong></span> <span class='ocrx_word' id='word_1_238' title='bbox 1354 880 1380 906; x_wconf 90' lang='lat' dir='ltr'><strong>in</strong></span> <span class='ocrx_word' id='word_1_239' title='bbox 1408 880 1548 910; x_wconf 82' lang='lat' dir='ltr'><strong>virtutem,</strong></span> <span class='ocrx_word' id='word_1_240' title='bbox 1568 879 1639 906; x_wconf 82' lang='lat' dir='ltr'><strong>sicut</strong></span> <span class='ocrx_word' id='word_1_241' title='bbox 1657 879 1790 914; x_wconf 88' lang='lat' dir='ltr'><strong>scriptum</strong></span> 
     </span>
    </p>
   </div>
   <div class='ocr_carea' id='block_1_32' title="bbox 157 930 945 972">
    <p class='ocr_par' dir='ltr' id='par_1_32' title="bbox 157 930 945 972">
     <span class='ocr_line' id='line_1_32' title="bbox 157 930 945 972; baseline -0.01 -9"><span class='ocrx_word' id='word_1_242' title='bbox 157 937 252 972; x_wconf 68' lang='grc' dir='ltr'>μένονο</span> <span class='ocrx_word' id='word_1_243' title='bbox 269 937 326 966; x_wconf 85' lang='grc' dir='ltr'>τοῖς</span> <span class='ocrx_word' id='word_1_244' title='bbox 341 935 367 961; x_wconf 78' lang='grc' dir='ltr'>δὲ</span> <span class='ocrx_word' id='word_1_245' title='bbox 378 934 530 970; x_wconf 73' lang='grc' dir='ltr'><strong>ἀμηχάνοις</strong></span> <span class='ocrx_word' id='word_1_246' title='bbox 551 933 673 968; x_wconf 79' lang='grc' dir='ltr'>εὑρίσκει</span> <span class='ocrx_word' id='word_1_247' title='bbox 691 931 799 966; x_wconf 74' lang='grc' dir='ltr'>πόρους,</span> <span class='ocrx_word' id='word_1_248' title='bbox 815 930 865 965; x_wconf 77' lang='grc' dir='ltr'>τῆς</span> <span class='ocrx_word' id='word_1_249' title='bbox 881 931 945 956; x_wconf 81' lang='grc' dir='ltr'>ἐαυ-</span> 
     </span>
    </p>
   </div>
   <div class='ocr_carea' id='block_1_33' title="bbox 155 975 949 1015">
    <p class='ocr_par' dir='ltr' id='par_1_33' title="bbox 155 975 949 1015">
     <span class='ocr_line' id='line_1_33' title="bbox 155 975 949 1015; baseline -0.011 -7"><span class='ocrx_word' id='word_1_250' title='bbox 155 981 202 1008; x_wconf 77' lang='grc' dir='ltr'>τοῦ</span> <span class='ocrx_word' id='word_1_251' title='bbox 215 980 293 1015; x_wconf 71' lang='grc' dir='ltr'>δόξης</span> <span class='ocrx_word' id='word_1_252' title='bbox 308 978 463 1014; x_wconf 79' lang='grc' dir='ltr'>ἁπανταχοῦ</span> <span class='ocrx_word' id='word_1_253' title='bbox 478 977 610 1013; x_wconf 81' lang='grc' dir='ltr'>προνοῶν,</span> <span class='ocrx_word' id='word_1_254' title='bbox 627 977 673 1003; x_wconf 74' lang='grc' dir='ltr'><strong>καὶ</strong></span> <span class='ocrx_word' id='word_1_255' title='bbox 690 975 866 1010; x_wconf 80' lang='grc' dir='ltr'>πολυτρόπως</span> <span class='ocrx_word' id='word_1_256' title='bbox 882 975 949 1000; x_wconf 86' lang='grc' dir='ltr'>ἀπο-</span> 
     </span>
    </p>
   </div>
   <div class='ocr_carea' id='block_1_34' title="bbox 155 1019 949 1060">
    <p class='ocr_par' dir='ltr' id='par_1_34' title="bbox 155 1019 949 1060">
     <span class='ocr_line' id='line_1_34' title="bbox 155 1019 949 1060; baseline -0.01 -7"><span class='ocrx_word' id='word_1_257' title='bbox 155 1026 261 1057; x_wconf 64' lang='grc' dir='ltr'>δεικνὺς</span> <span class='ocrx_word' id='word_1_258' title='bbox 271 1046 278 1058; x_wconf 86' lang='grc'><strong>,</strong></span> <span class='ocrx_word' id='word_1_259' title='bbox 293 1026 332 1052; x_wconf 70' lang='grc' dir='ltr'>ὅτι</span> <span class='ocrx_word' id='word_1_260' title='bbox 354 1025 386 1059; x_wconf 83' lang='grc' dir='ltr'><strong>δὴ</strong></span> <span class='ocrx_word' id='word_1_261' title='bbox 413 1024 486 1060; x_wconf 77' lang='grc' dir='ltr'>μόνῳ</span> <span class='ocrx_word' id='word_1_262' title='bbox 502 1024 626 1058; x_wconf 80' lang='grc' dir='ltr'><strong>μέτεστιν</strong></span> <span class='ocrx_word' id='word_1_263' title='bbox 640 1021 713 1056; x_wconf 79' lang='grc' dir='ltr'><strong>αὑτῷ</strong></span> <span class='ocrx_word' id='word_1_264' title='bbox 726 1021 756 1047; x_wconf 72' lang='grc' dir='ltr'>τὸ</span> <span class='ocrx_word' id='word_1_265' title='bbox 771 1020 891 1056; x_wconf 49' lang='grc' dir='ltr'><strong>ἀμογητὶ⁸</strong></span> <span class='ocrx_word' id='word_1_266' title='bbox 904 1019 949 1046; x_wconf 73' lang='grc' dir='ltr'>δύ-</span> 
     </span>
    </p>
   </div>
   <div class='ocr_carea' id='block_1_35' title="bbox 156 1063 948 1105">
    <p class='ocr_par' dir='ltr' id='par_1_35' title="bbox 156 1063 948 1105">
     <span class='ocr_line' id='line_1_35' title="bbox 156 1063 948 1105; baseline -0.01 -6"><span class='ocrx_word' id='word_1_267' title='bbox 156 1072 252 1099; x_wconf 70' lang='grc' dir='ltr'>νασθαι</span> <span class='ocrx_word' id='word_1_268' title='bbox 278 1070 427 1105; x_wconf 76' lang='grc' dir='ltr'>κατορθοῦν</span> <span class='ocrx_word' id='word_1_269' title='bbox 450 1070 497 1096; x_wconf 77' lang='grc' dir='ltr'><strong>καὶ</strong></span> <span class='ocrx_word' id='word_1_270' title='bbox 518 1068 553 1095; x_wconf 80' lang='grc' dir='ltr'>τὰ</span> <span class='ocrx_word' id='word_1_271' title='bbox 576 1068 647 1103; x_wconf 80' lang='grc' dir='ltr'>πέρα</span> <span class='ocrx_word' id='word_1_272' title='bbox 671 1067 766 1101; x_wconf 80' lang='grc' dir='ltr'>λόγου,</span> <span class='ocrx_word' id='word_1_273' title='bbox 788 1066 836 1092; x_wconf 74' lang='grc' dir='ltr'><strong>καὶ</strong></span> <span class='ocrx_word' id='word_1_274' title='bbox 852 1063 892 1097; x_wconf 69' lang='grc' dir='ltr'>οἷς</span> <span class='ocrx_word' id='word_1_275' title='bbox 916 1064 948 1091; x_wconf 87' lang='grc' dir='ltr'><strong>ἃν</strong></span> 
     </span>
    </p>
   </div>
   <div class='ocr_carea' id='block_1_36' title="bbox 156 1111 947 1151">
    <p class='ocr_par' dir='ltr' id='par_1_36' title="bbox 156 1111 947 1151">
     <span class='ocr_line' id='line_1_36' title="bbox 156 1111 947 1151; baseline -0.01 -7"><span class='ocrx_word' id='word_1_276' title='bbox 156 1118 270 1149; x_wconf 69' lang='grc' dir='ltr'>εἰκότως</span> <span class='ocrx_word' id='word_1_277' title='bbox 285 1117 375 1142; x_wconf 77' lang='grc' dir='ltr'>ἕποιτο</span> <span class='ocrx_word' id='word_1_278' title='bbox 391 1116 459 1151; x_wconf 78' lang='grc' dir='ltr'>πρὸς</span> <span class='ocrx_word' id='word_1_279' title='bbox 473 1115 552 1150; x_wconf 81' lang='grc' dir='ltr'><strong>ἡμῶν</strong></span> <span class='ocrx_word' id='word_1_280' title='bbox 567 1114 597 1140; x_wconf 85' lang='grc' dir='ltr'><strong>τὸ</strong></span> <span class='ocrx_word' id='word_1_281' title='bbox 610 1111 869 1147; x_wconf 65' lang='grc' dir='ltr'>καταϐαυμάζεσῦαι</span> <span class='ocrx_word' id='word_1_282' title='bbox 883 1111 947 1142; x_wconf 82' lang='grc' dir='ltr'>δεῖν,</span> 
     </span>
    </p>
   </div>
   <div class='ocr_carea' id='block_1_37' title="bbox 156 1157 949 1196">
    <p class='ocr_par' dir='ltr' id='par_1_37' title="bbox 156 1157 949 1196">
     <span class='ocr_line' id='line_1_37' title="bbox 156 1157 949 1196; baseline -0.01 -6"><span class='ocrx_word' id='word_1_283' title='bbox 156 1164 201 1190; x_wconf 79' lang='grc' dir='ltr'><strong>ἵνα</strong></span> <span class='ocrx_word' id='word_1_284' title='bbox 221 1163 265 1189; x_wconf 76' lang='grc' dir='ltr'><strong>διὰ</strong></span> <span class='ocrx_word' id='word_1_285' title='bbox 292 1163 401 1189; x_wconf 77' lang='grc' dir='ltr'>πάντων</span> <span class='ocrx_word' id='word_1_286' title='bbox 421 1161 507 1196; x_wconf 73' lang='grc' dir='ltr'>ὁρῷτο</span> <span class='ocrx_word' id='word_1_287' title='bbox 530 1160 613 1192; x_wconf 82' lang='grc' dir='ltr'>Θεὸς,</span> <span class='ocrx_word' id='word_1_288' title='bbox 635 1160 665 1185; x_wconf 81' lang='grc' dir='ltr'><strong>οὺ</strong></span> <span class='ocrx_word' id='word_1_289' title='bbox 688 1158 748 1185; x_wconf 72' lang='grc' dir='ltr'>καθ’</span> <span class='ocrx_word' id='word_1_290' title='bbox 771 1158 819 1184; x_wconf 77' lang='grc' dir='ltr'><strong>ἕνα</strong></span> <span class='ocrx_word' id='word_1_291' title='bbox 841 1157 894 1183; x_wconf 82' lang='grc' dir='ltr'>τῶν</span> <span class='ocrx_word' id='word_1_292' title='bbox 917 1157 949 1183; x_wconf 84' lang='grc' dir='ltr'>ὲκ</span> 
     </span>
    </p>
   </div>
   <div class='ocr_carea' id='block_1_38' title="bbox 113 1201 950 1244">
    <p class='ocr_par' dir='ltr' id='par_1_38' title="bbox 113 1201 950 1244">
     <span class='ocr_line' id='line_1_38' title="bbox 113 1201 950 1244; baseline -0.008 -10"><span class='ocrx_word' id='word_1_293' title='bbox 113 1232 116 1234; x_wconf 39' lang='grc' dir='ltr'><strong>ν</strong></span> <span class='ocrx_word' id='word_1_294' title='bbox 156 1210 254 1244; x_wconf 73' lang='grc' dir='ltr'>τέχνης</span> <span class='ocrx_word' id='word_1_295' title='bbox 270 1208 419 1242; x_wconf 74' lang='grc' dir='ltr'>ἀνθρώπων</span> <span class='ocrx_word' id='word_1_296' title='bbox 431 1227 437 1236; x_wconf 91' lang='grc'><em>.</em></span> <span class='ocrx_word' id='word_1_297' title='bbox 451 1207 535 1242; x_wconf 73' lang='grc' dir='ltr'>ἤγουν</span> <span class='ocrx_word' id='word_1_298' title='bbox 551 1205 664 1236; x_wconf 75' lang='grc' dir='ltr'><strong>ἀνοσίως</strong></span> <span class='ocrx_word' id='word_1_299' title='bbox 677 1203 867 1239; x_wconf 78' lang='grc' dir='ltr'><strong>ἐξῃρημένων,</strong></span> <span class='ocrx_word' id='word_1_300' title='bbox 882 1201 950 1229; x_wconf 76' lang='grc' dir='ltr'>ἀλλὰ</span> 
     </span>
    </p>
   </div>
   <div class='ocr_carea' id='block_1_39' title="bbox 157 1248 944 1290">
    <p class='ocr_par' dir='ltr' id='par_1_39' title="bbox 157 1248 944 1290">
     <span class='ocr_line' id='line_1_39' title="bbox 157 1248 944 1290; baseline -0.013 -8"><span class='ocrx_word' id='word_1_301' title='bbox 157 1256 237 1290; x_wconf 78' lang='grc' dir='ltr'>φύσει</span> <span class='ocrx_word' id='word_1_302' title='bbox 253 1263 282 1280; x_wconf 81' lang='grc' dir='ltr'><strong>τε</strong></span> <span class='ocrx_word' id='word_1_303' title='bbox 298 1255 344 1281; x_wconf 77' lang='grc' dir='ltr'><strong>καὶ</strong></span> <span class='ocrx_word' id='word_1_304' title='bbox 360 1252 477 1288; x_wconf 79' lang='grc' dir='ltr'>ἀληθῶς.</span> <span class='ocrx_word' id='word_1_305' title='bbox 506 1251 572 1277; x_wconf 74' lang='grc' dir='ltr'><strong>Ἀπὸ</strong></span> <span class='ocrx_word' id='word_1_306' title='bbox 584 1251 638 1285; x_wconf 83' lang='grc' dir='ltr'>γὰρ</span> <span class='ocrx_word' id='word_1_307' title='bbox 656 1249 710 1276; x_wconf 84' lang='grc' dir='ltr'><strong>τῶν</strong></span> <span class='ocrx_word' id='word_1_308' title='bbox 725 1248 836 1280; x_wconf 69' lang='grc' dir='ltr'>ἐνδόξως</span> <span class='ocrx_word' id='word_1_309' title='bbox 849 1248 944 1274; x_wconf 78' lang='grc' dir='ltr'>ἀποτε-</span> 
     </span>
    </p>
   </div>
   <div class='ocr_carea' id='block_1_40' title="bbox 157 1294 950 1335">
    <p class='ocr_par' dir='ltr' id='par_1_40' title="bbox 157 1294 950 1335">
     <span class='ocr_line' id='line_1_40' title="bbox 157 1294 950 1335; baseline -0.014 -7"><span class='ocrx_word' id='word_1_310' title='bbox 157 1301 295 1335; x_wconf 78' lang='grc' dir='ltr'>λουμένων</span> <span class='ocrx_word' id='word_1_311' title='bbox 312 1297 492 1334; x_wconf 78' lang='grc' dir='ltr'>καταϐρήσειέ</span> <span class='ocrx_word' id='word_1_312' title='bbox 507 1305 549 1328; x_wconf 86' lang='grc' dir='ltr'><strong>τις</strong></span> <span class='ocrx_word' id='word_1_313' title='bbox 567 1296 600 1322; x_wconf 83' lang='grc' dir='ltr'><strong>ἂν</strong></span> <span class='ocrx_word' id='word_1_314' title='bbox 619 1296 666 1321; x_wconf 81' lang='grc' dir='ltr'>καί</span> <span class='ocrx_word' id='word_1_315' title='bbox 683 1294 881 1327; x_wconf 77' lang='grc' dir='ltr'><strong>ἀταλαιπώρως</strong></span> <span class='ocrx_word' id='word_1_316' title='bbox 905 1300 950 1318; x_wconf 82' lang='grc' dir='ltr'>κο-</span> 
     </span>
    </p>
   </div>
   <div class='ocr_carea' id='block_1_41' title="bbox 160 1337 950 1383">
    <p class='ocr_par' dir='ltr' id='par_1_41' title="bbox 160 1337 950 1383">
     <span class='ocr_line' id='line_1_41' title="bbox 160 1337 950 1383; baseline -0.013 -9"><span class='ocrx_word' id='word_1_317' title='bbox 160 1348 223 1383; x_wconf 80' lang='grc' dir='ltr'>μιδῇ</span> <span class='ocrx_word' id='word_1_318' title='bbox 244 1347 291 1382; x_wconf 72' lang='grc' dir='ltr'>τὴν</span> <span class='ocrx_word' id='word_1_319' title='bbox 309 1346 446 1380; x_wconf 76' lang='grc' dir='ltr'>ἀκήρατον</span> <span class='ocrx_word' id='word_1_320' title='bbox 462 1344 557 1378; x_wconf 75' lang='grc' dir='ltr'>φύσιν·</span> <span class='ocrx_word' id='word_1_321' title='bbox 610 1342 741 1376; x_wconf 81' lang='grc' dir='ltr'>πρόσεστι</span> <span class='ocrx_word' id='word_1_322' title='bbox 761 1340 810 1373; x_wconf 78' lang='grc' dir='ltr'><strong>μὲν</strong></span> <span class='ocrx_word' id='word_1_323' title='bbox 826 1339 862 1370; x_wconf 83' lang='grc' dir='ltr'>ὡς</span> <span class='ocrx_word' id='word_1_324' title='bbox 885 1337 950 1364; x_wconf 75' lang='grc' dir='ltr'>ἴδιον</span> 
     </span>
    </p>
   </div>
   <div class='ocr_carea' id='block_1_42' title="bbox 158 1383 950 1427">
    <p class='ocr_par' dir='ltr' id='par_1_42' title="bbox 158 1383 950 1427">
     <span class='ocr_line' id='line_1_42' title="bbox 158 1383 950 1427; baseline -0.015 -7"><span class='ocrx_word' id='word_1_325' title='bbox 158 1393 269 1427; x_wconf 81' lang='grc' dir='ltr'>ἁγαοὺν,</span> <span class='ocrx_word' id='word_1_326' title='bbox 281 1392 311 1418; x_wconf 80' lang='grc' dir='ltr'>τὸ</span> <span class='ocrx_word' id='word_1_327' title='bbox 326 1390 462 1421; x_wconf 75' lang='grc' dir='ltr'>πάναλκές</span> <span class='ocrx_word' id='word_1_328' title='bbox 475 1398 504 1415; x_wconf 84' lang='grc' dir='ltr'><strong>τε</strong></span> <span class='ocrx_word' id='word_1_329' title='bbox 522 1388 568 1415; x_wconf 79' lang='grc' dir='ltr'><strong>καὶ</strong></span> <span class='ocrx_word' id='word_1_330' title='bbox 582 1388 688 1422; x_wconf 80' lang='grc' dir='ltr'>ἄμαχον</span> <span class='ocrx_word' id='word_1_331' title='bbox 711 1386 779 1421; x_wconf 62' lang='grc' dir='ltr'>πρὶς</span> <span class='ocrx_word' id='word_1_332' title='bbox 795 1384 849 1410; x_wconf 70' lang='grc' dir='ltr'>πᾶν</span> <span class='ocrx_word' id='word_1_333' title='bbox 862 1383 950 1409; x_wconf 80' lang='grc' dir='ltr'>ὁτιοῦν</span> 
     </span>
    </p>
   </div>
   <div class='ocr_carea' id='block_1_43' title="bbox 158 1428 951 1472">
    <p class='ocr_par' dir='ltr' id='par_1_43' title="bbox 158 1428 951 1472">
     <span class='ocr_line' id='line_1_43' title="bbox 158 1428 951 1472; baseline -0.015 -6"><span class='ocrx_word' id='word_1_334' title='bbox 158 1436 196 1466; x_wconf 84' lang='grc' dir='ltr'>ὧν</span> <span class='ocrx_word' id='word_1_335' title='bbox 213 1439 245 1465; x_wconf 84' lang='grc' dir='ltr'>ἂν</span> <span class='ocrx_word' id='word_1_336' title='bbox 261 1438 346 1464; x_wconf 74' lang='grc' dir='ltr'>ἕλοιτο</span> <span class='ocrx_word' id='word_1_337' title='bbox 365 1437 441 1472; x_wconf 76' lang='grc' dir='ltr'>δρᾷν.</span> <span class='ocrx_word' id='word_1_338' title='bbox 466 1436 599 1471; x_wconf 78' lang='grc' dir='ltr'>Πρόσεστι</span> <span class='ocrx_word' id='word_1_339' title='bbox 622 1433 649 1460; x_wconf 84' lang='grc' dir='ltr'>δὲ</span> <span class='ocrx_word' id='word_1_340' title='bbox 665 1432 711 1459; x_wconf 66' lang='grc' dir='ltr'>καὶ</span> <span class='ocrx_word' id='word_1_341' title='bbox 729 1430 798 1466; x_wconf 86' lang='grc' dir='ltr'>μετὰ</span> <span class='ocrx_word' id='word_1_342' title='bbox 812 1429 905 1456; x_wconf 79' lang='grc' dir='ltr'>τούτου</span> <span class='ocrx_word' id='word_1_343' title='bbox 922 1428 951 1455; x_wconf 73' lang='grc' dir='ltr'>τὸ</span> 
     </span>
    </p>
   </div>
   <div class='ocr_carea' id='block_1_44' title="bbox 159 1475 952 1516">
    <p class='ocr_par' dir='ltr' id='par_1_44' title="bbox 159 1475 952 1516">
     <span class='ocr_line' id='line_1_44' title="bbox 159 1475 952 1516; baseline -0.014 -5"><span class='ocrx_word' id='word_1_344' title='bbox 159 1484 329 1516; x_wconf 80' lang='grc' dir='ltr'>ἀνεξίκακον.</span> <span class='ocrx_word' id='word_1_345' title='bbox 348 1483 412 1509; x_wconf 83' lang='grc' dir='ltr'>Ἴδοι</span> <span class='ocrx_word' id='word_1_346' title='bbox 425 1482 447 1508; x_wconf 86' lang='grc' dir='ltr'>δ’</span> <span class='ocrx_word' id='word_1_347' title='bbox 461 1481 494 1508; x_wconf 82' lang='grc' dir='ltr'>ἂν</span> <span class='ocrx_word' id='word_1_348' title='bbox 508 1482 521 1508; x_wconf 82' lang='grc' dir='ltr'><strong>ὅ</strong></span> <span class='ocrx_word' id='word_1_349' title='bbox 534 1489 622 1515; x_wconf 77' lang='grc' dir='ltr'>φημι,</span> <span class='ocrx_word' id='word_1_350' title='bbox 637 1478 685 1505; x_wconf 83' lang='grc' dir='ltr'>καὶ</span> <span class='ocrx_word' id='word_1_351' title='bbox 702 1478 774 1513; x_wconf 77' lang='grc' dir='ltr'>μάλα</span> <span class='ocrx_word' id='word_1_352' title='bbox 788 1475 890 1510; x_wconf 63' lang='grc' dir='ltr'>σαφῶς,</span> <span class='ocrx_word' id='word_1_353' title='bbox 903 1475 952 1501; x_wconf 73' lang='grc' dir='ltr'><strong>καὶ</strong></span> 
     </span>
    </p>
   </div>
   <div class='ocr_carea' id='block_1_45' title="bbox 160 1520 950 1564">
    <p class='ocr_par' dir='ltr' id='par_1_45' title="bbox 160 1520 950 1564">
     <span class='ocr_line' id='line_1_45' title="bbox 160 1520 950 1564; baseline -0.013 -8"><span class='ocrx_word' id='word_1_354' title='bbox 160 1531 189 1557; x_wconf 71' lang='grc' dir='ltr'>ἐν</span> <span class='ocrx_word' id='word_1_355' title='bbox 205 1531 260 1560; x_wconf 85' lang='grc' dir='ltr'>τοῖς</span> <span class='ocrx_word' id='word_1_356' title='bbox 282 1528 382 1564; x_wconf 80' lang='grc' dir='ltr'>ἀρτίως</span> <span class='ocrx_word' id='word_1_357' title='bbox 405 1528 471 1562; x_wconf 80' lang='grc' dir='ltr'>ἡμῖν</span> <span class='ocrx_word' id='word_1_358' title='bbox 495 1524 696 1561; x_wconf 79' lang='grc' dir='ltr'>προκειμένοις.</span> <span class='ocrx_word' id='word_1_359' title='bbox 712 1522 866 1558; x_wconf 80' lang='grc' dir='ltr'>Γέγραπται</span> <span class='ocrx_word' id='word_1_360' title='bbox 885 1520 950 1556; x_wconf 78' lang='grc' dir='ltr'>γὰρ,</span> 
     </span>
    </p>
   </div>
   <div class='ocr_carea' id='block_1_46' title="bbox 999 925 1791 960">
    <p class='ocr_par' dir='ltr' id='par_1_46' title="bbox 999 925 1791 960">
     <span class='ocr_line' id='line_1_46' title="bbox 999 925 1791 960; baseline -0.004 -6"><span class='ocrx_word' id='word_1_361' title='bbox 999 930 1040 954; x_wconf 89' lang='lat' dir='ltr'><strong>est</strong></span> <span class='ocrx_word' id='word_1_362' title='bbox 1073 936 1078 953; x_wconf 92' lang='lat'>:</span> <span class='ocrx_word' id='word_1_363' title='bbox 1109 926 1269 960; x_wconf 79' lang='lat' dir='ltr'><strong>exitumque</strong></span> <span class='ocrx_word' id='word_1_364' title='bbox 1305 925 1408 960; x_wconf 82' lang='lat' dir='ltr'><strong>reperit</strong></span> <span class='ocrx_word' id='word_1_365' title='bbox 1439 925 1666 959; x_wconf 83' lang='lat' dir='ltr'><strong>impossibilibus,</strong></span> <span class='ocrx_word' id='word_1_366' title='bbox 1688 925 1791 960; x_wconf 83' lang='lat' dir='ltr'><strong>ubique</strong></span> 
     </span>
    </p>
   </div>
   <div class='ocr_carea' id='block_1_47' title="bbox 998 969 1792 1007">
    <p class='ocr_par' dir='ltr' id='par_1_47' title="bbox 998 969 1792 1007">
     <span class='ocr_line' id='line_1_47' title="bbox 998 969 1792 1007; baseline -0.003 -8"><span class='ocrx_word' id='word_1_367' title='bbox 998 980 1055 999; x_wconf 74' lang='lat' dir='ltr'><strong>suae</strong></span> <span class='ocrx_word' id='word_1_368' title='bbox 1070 972 1162 1007; x_wconf 65' lang='lat' dir='ltr'><strong>glorim</strong></span> <span class='ocrx_word' id='word_1_369' title='bbox 1189 970 1345 1006; x_wconf 85' lang='lat' dir='ltr'><strong>providens,</strong></span> <span class='ocrx_word' id='word_1_370' title='bbox 1360 975 1442 1004; x_wconf 86' lang='lat' dir='ltr'><strong>atque</strong></span> <span class='ocrx_word' id='word_1_371' title='bbox 1455 969 1633 997; x_wconf 74' lang='lat' dir='ltr'><strong>multifariam</strong></span> <span class='ocrx_word' id='word_1_372' title='bbox 1644 970 1792 997; x_wconf 83' lang='lat' dir='ltr'><strong>ostendens</strong></span> 
     </span>
    </p>
   </div>
   <div class='ocr_carea' id='block_1_48' title="bbox 998 1016 1790 1054">
    <p class='ocr_par' dir='ltr' id='par_1_48' title="bbox 998 1016 1790 1054">
     <span class='ocr_line' id='line_1_48' title="bbox 998 1016 1790 1054; baseline -0.001 -9"><span class='ocrx_word' id='word_1_373' title='bbox 998 1019 1089 1054; x_wconf 86' lang='lat' dir='ltr'><strong>ipsum</strong></span> <span class='ocrx_word' id='word_1_374' title='bbox 1105 1018 1193 1045; x_wconf 87' lang='lat' dir='ltr'><strong>solum</strong></span> <span class='ocrx_word' id='word_1_375' title='bbox 1205 1024 1284 1052; x_wconf 89' lang='lat' dir='ltr'><strong>posse</strong></span> <span class='ocrx_word' id='word_1_376' title='bbox 1296 1017 1363 1044; x_wconf 90' lang='lat' dir='ltr'><strong>citra</strong></span> <span class='ocrx_word' id='word_1_377' title='bbox 1375 1017 1461 1043; x_wconf 89' lang='lat' dir='ltr'><strong>ullum</strong></span> <span class='ocrx_word' id='word_1_378' title='bbox 1474 1016 1596 1043; x_wconf 87' lang='lat' dir='ltr'><strong>laborem</strong></span> <span class='ocrx_word' id='word_1_379' title='bbox 1611 1021 1740 1051; x_wconf 68' lang='lat' dir='ltr'><strong>priestare</strong></span> <span class='ocrx_word' id='word_1_380' title='bbox 1759 1024 1790 1044; x_wconf 87' lang='lat' dir='ltr'><strong>ea</strong></span> 
     </span>
    </p>
   </div>
   <div class='ocr_carea' id='block_1_49' title="bbox 999 1062 1791 1098">
    <p class='ocr_par' dir='ltr' id='par_1_49' title="bbox 999 1062 1791 1098">
     <span class='ocr_line' id='line_1_49' title="bbox 999 1062 1791 1098; baseline -0.004 -8"><span class='ocrx_word' id='word_1_381' title='bbox 999 1071 1059 1098; x_wconf 71' lang='lat' dir='ltr'><strong>quae</strong></span> <span class='ocrx_word' id='word_1_382' title='bbox 1071 1063 1204 1090; x_wconf 88' lang='lat' dir='ltr'><strong>rationem</strong></span> <span class='ocrx_word' id='word_1_383' title='bbox 1218 1066 1358 1097; x_wconf 86' lang='lat' dir='ltr'><strong>superant,</strong></span> <span class='ocrx_word' id='word_1_384' title='bbox 1376 1069 1490 1096; x_wconf 67' lang='lat' dir='ltr'><strong>quaeque</strong></span> <span class='ocrx_word' id='word_1_385' title='bbox 1504 1062 1600 1088; x_wconf 88' lang='lat' dir='ltr'><strong>merito</strong></span> <span class='ocrx_word' id='word_1_386' title='bbox 1613 1062 1791 1093; x_wconf 85' lang='lat' dir='ltr'><strong>admiramur,</strong></span> 
     </span>
    </p>
   </div>
   <div class='ocr_carea' id='block_1_50' title="bbox 999 1107 1791 1143">
    <p class='ocr_par' dir='ltr' id='par_1_50' title="bbox 999 1107 1791 1143">
     <span class='ocr_line' id='line_1_50' title="bbox 999 1107 1791 1143; baseline -0.003 -8"><span class='ocrx_word' id='word_1_387' title='bbox 999 1111 1030 1135; x_wconf 89' lang='lat' dir='ltr'><strong>ut</strong></span> <span class='ocrx_word' id='word_1_388' title='bbox 1051 1108 1091 1135; x_wconf 88' lang='lat' dir='ltr'><strong>sic</strong></span> <span class='ocrx_word' id='word_1_389' title='bbox 1120 1115 1168 1143; x_wconf 90' lang='lat' dir='ltr'><strong>per</strong></span> <span class='ocrx_word' id='word_1_390' title='bbox 1187 1107 1279 1134; x_wconf 86' lang='lat' dir='ltr'><strong>omnia</strong></span> <span class='ocrx_word' id='word_1_391' title='bbox 1301 1110 1483 1142; x_wconf 78' lang='lat' dir='ltr'><strong>cognoscatur</strong></span> <span class='ocrx_word' id='word_1_392' title='bbox 1499 1107 1581 1138; x_wconf 87' lang='lat' dir='ltr'><strong>Deus,</strong></span> <span class='ocrx_word' id='word_1_393' title='bbox 1601 1115 1655 1133; x_wconf 92' lang='lat' dir='ltr'><strong>non</strong></span> <span class='ocrx_word' id='word_1_394' title='bbox 1672 1111 1700 1133; x_wconf 88' lang='lat' dir='ltr'><strong>ut</strong></span> <span class='ocrx_word' id='word_1_395' title='bbox 1716 1107 1791 1141; x_wconf 86' lang='lat' dir='ltr'><strong>quis-</strong></span> 
     </span>
    </p>
   </div>
   <div class='ocr_carea' id='block_1_51' title="bbox 1000 1151 1792 1188">
    <p class='ocr_par' dir='ltr' id='par_1_51' title="bbox 1000 1151 1792 1188">
     <span class='ocr_line' id='line_1_51' title="bbox 1000 1151 1792 1188; baseline -0.003 -8"><span class='ocrx_word' id='word_1_396' title='bbox 1000 1154 1071 1188; x_wconf 83' lang='lat' dir='ltr'><strong>piam</strong></span> <span class='ocrx_word' id='word_1_397' title='bbox 1084 1161 1117 1180; x_wconf 87' lang='lat' dir='ltr'><strong>ex</strong></span> <span class='ocrx_word' id='word_1_398' title='bbox 1129 1152 1288 1180; x_wconf 79' lang='lat' dir='ltr'><strong>artificiosis</strong></span> <span class='ocrx_word' id='word_1_399' title='bbox 1302 1151 1462 1178; x_wconf 88' lang='lat' dir='ltr'><strong>hominibus</strong></span> <span class='ocrx_word' id='word_1_400' title='bbox 1477 1156 1523 1178; x_wconf 89' lang='lat' dir='ltr'><strong>aut</strong></span> <span class='ocrx_word' id='word_1_401' title='bbox 1536 1151 1582 1186; x_wconf 87' lang='lat' dir='ltr'><strong>qui</strong></span> <span class='ocrx_word' id='word_1_402' title='bbox 1595 1151 1677 1187; x_wconf 86' lang='lat' dir='ltr'><strong>impie</strong></span> <span class='ocrx_word' id='word_1_403' title='bbox 1689 1152 1792 1186; x_wconf 86' lang='lat' dir='ltr'><strong>aliquid</strong></span> 
     </span>
    </p>
   </div>
   <div class='ocr_carea' id='block_1_52' title="bbox 1000 1196 1794 1231">
    <p class='ocr_par' dir='ltr' id='par_1_52' title="bbox 1000 1196 1794 1231">
     <span class='ocr_line' id='line_1_52' title="bbox 1000 1196 1794 1231; baseline -0.001 -6"><span class='ocrx_word' id='word_1_404' title='bbox 1000 1199 1176 1229; x_wconf 88' lang='lat' dir='ltr'><strong>invenerunt,</strong></span> <span class='ocrx_word' id='word_1_405' title='bbox 1186 1197 1233 1223; x_wconf 83' lang='lat' dir='ltr'><strong>sed</strong></span> <span class='ocrx_word' id='word_1_406' title='bbox 1245 1204 1307 1223; x_wconf 85' lang='lat' dir='ltr'><strong>vere</strong></span> <span class='ocrx_word' id='word_1_407' title='bbox 1325 1204 1355 1223; x_wconf 86' lang='lat' dir='ltr'><strong>ac</strong></span> <span class='ocrx_word' id='word_1_408' title='bbox 1367 1197 1540 1223; x_wconf 79' lang='lat' dir='ltr'><strong>naturaliter.</strong></span> <span class='ocrx_word' id='word_1_409' title='bbox 1558 1196 1624 1223; x_wconf 91' lang='lat' dir='ltr'><strong>Nam</strong></span> <span class='ocrx_word' id='word_1_410' title='bbox 1638 1204 1672 1223; x_wconf 86' lang='lat' dir='ltr'><strong>ex</strong></span> <span class='ocrx_word' id='word_1_411' title='bbox 1684 1196 1717 1223; x_wconf 93' lang='lat' dir='ltr'><strong>iis</strong></span> <span class='ocrx_word' id='word_1_412' title='bbox 1733 1205 1794 1231; x_wconf 72' lang='lat' dir='ltr'><strong>qua:</strong></span> 
     </span>
    </p>
   </div>
   <div class='ocr_carea' id='block_1_53' title="bbox 999 1241 1793 1279">
    <p class='ocr_par' dir='ltr' id='par_1_53' title="bbox 999 1241 1793 1279">
     <span class='ocr_line' id='line_1_53' title="bbox 999 1241 1793 1279; baseline -0.003 -9"><span class='ocrx_word' id='word_1_413' title='bbox 999 1244 1116 1279; x_wconf 77' lang='lat' dir='ltr'><strong>gloriose</strong></span> <span class='ocrx_word' id='word_1_414' title='bbox 1140 1246 1260 1278; x_wconf 72' lang='lat' dir='ltr'><strong>prtestat,</strong></span> <span class='ocrx_word' id='word_1_415' title='bbox 1286 1241 1415 1269; x_wconf 82' lang='lat' dir='ltr'><strong>facillime</strong></span> <span class='ocrx_word' id='word_1_416' title='bbox 1438 1241 1500 1276; x_wconf 87' lang='lat' dir='ltr'><strong>quis</strong></span> <span class='ocrx_word' id='word_1_417' title='bbox 1520 1242 1686 1269; x_wconf 83' lang='lat' dir='ltr'><strong>intellexerit</strong></span> <span class='ocrx_word' id='word_1_418' title='bbox 1703 1242 1793 1276; x_wconf 84' lang='lat' dir='ltr'><strong>perfe-</strong></span> 
     </span>
    </p>
   </div>
   <div class='ocr_carea' id='block_1_54' title="bbox 1000 1288 1795 1330">
    <p class='ocr_par' dir='ltr' id='par_1_54' title="bbox 1000 1288 1795 1330">
     <span class='ocr_line' id='line_1_54' title="bbox 1000 1288 1795 1330; baseline -0.003 -13"><span class='ocrx_word' id='word_1_419' title='bbox 1000 1290 1149 1330; x_wconf 74' lang='lat' dir='ltr'><strong>ctissimam</strong></span> <span class='ocrx_word' id='word_1_420' title='bbox 1176 1288 1262 1323; x_wconf 83' lang='lat' dir='ltr'><strong>ipsius</strong></span> <span class='ocrx_word' id='word_1_421' title='bbox 1286 1292 1435 1322; x_wconf 86' lang='lat' dir='ltr'><strong>naturam;</strong></span> <span class='ocrx_word' id='word_1_422' title='bbox 1460 1289 1503 1315; x_wconf 93' lang='lat' dir='ltr'><strong>cui</strong></span> <span class='ocrx_word' id='word_1_423' title='bbox 1525 1288 1596 1315; x_wconf 90' lang='lat' dir='ltr'><strong>inest</strong></span> <span class='ocrx_word' id='word_1_424' title='bbox 1611 1289 1721 1323; x_wconf 87' lang='lat' dir='ltr'><strong>quidem</strong></span> <span class='ocrx_word' id='word_1_425' title='bbox 1735 1292 1795 1315; x_wconf 87' lang='lat' dir='ltr'><strong>tan-</strong></span> 
     </span>
    </p>
   </div>
   <div class='ocr_carea' id='block_1_55' title="bbox 1000 1333 1794 1369">
    <p class='ocr_par' dir='ltr' id='par_1_55' title="bbox 1000 1333 1794 1369">
     <span class='ocr_line' id='line_1_55' title="bbox 1000 1333 1794 1369; baseline 0 -9"><span class='ocrx_word' id='word_1_426' title='bbox 1000 1342 1082 1369; x_wconf 83' lang='lat' dir='ltr'><strong>quam</strong></span> <span class='ocrx_word' id='word_1_427' title='bbox 1098 1334 1240 1368; x_wconf 88' lang='lat' dir='ltr'><strong>proprium</strong></span> <span class='ocrx_word' id='word_1_428' title='bbox 1258 1334 1372 1366; x_wconf 85' lang='lat' dir='ltr'><strong>bonum,</strong></span> <span class='ocrx_word' id='word_1_429' title='bbox 1394 1333 1603 1368; x_wconf 87' lang='lat' dir='ltr'><strong>omnipotentia,</strong></span> <span class='ocrx_word' id='word_1_430' title='bbox 1621 1337 1648 1361; x_wconf 88' lang='lat' dir='ltr'><strong>et</strong></span> <span class='ocrx_word' id='word_1_431' title='bbox 1661 1333 1794 1361; x_wconf 86' lang='lat' dir='ltr'><strong>invictum</strong></span> 
     </span>
    </p>
   </div>
   <div class='ocr_carea' id='block_1_56' title="bbox 1001 1379 1796 1415">
    <p class='ocr_par' dir='ltr' id='par_1_56' title="bbox 1001 1379 1796 1415">
     <span class='ocr_line' id='line_1_56' title="bbox 1001 1379 1796 1415; baseline 0.001 -9"><span class='ocrx_word' id='word_1_432' title='bbox 1001 1380 1086 1406; x_wconf 89' lang='lat' dir='ltr'><strong>robur</strong></span> <span class='ocrx_word' id='word_1_433' title='bbox 1109 1379 1142 1406; x_wconf 87' lang='lat' dir='ltr'><strong>ad</strong></span> <span class='ocrx_word' id='word_1_434' title='bbox 1164 1380 1349 1415; x_wconf 86' lang='lat' dir='ltr'><strong>quodcunque</strong></span> <span class='ocrx_word' id='word_1_435' title='bbox 1376 1380 1496 1407; x_wconf 82' lang='lat' dir='ltr'><strong>voluerit</strong></span> <span class='ocrx_word' id='word_1_436' title='bbox 1517 1379 1683 1406; x_wconf 85' lang='lat' dir='ltr'><strong>faciendum.</strong></span> <span class='ocrx_word' id='word_1_437' title='bbox 1710 1380 1796 1407; x_wconf 82' lang='lat' dir='ltr'><strong>Adest</strong></span> 
     </span>
    </p>
   </div>
   <div class='ocr_carea' id='block_1_57' title="bbox 1001 1424 1795 1460">
    <p class='ocr_par' dir='ltr' id='par_1_57' title="bbox 1001 1424 1795 1460">
     <span class='ocr_line' id='line_1_57' title="bbox 1001 1424 1795 1460; baseline 0.001 -9"><span class='ocrx_word' id='word_1_438' title='bbox 1001 1425 1083 1452; x_wconf 89' lang='lat' dir='ltr'><strong>etiam</strong></span> <span class='ocrx_word' id='word_1_439' title='bbox 1102 1425 1214 1460; x_wconf 82' lang='lat' dir='ltr'><strong>insuper</strong></span> <span class='ocrx_word' id='word_1_440' title='bbox 1234 1425 1260 1452; x_wconf 88' lang='lat' dir='ltr'><strong>ei</strong></span> <span class='ocrx_word' id='word_1_441' title='bbox 1282 1425 1482 1460; x_wconf 77' lang='lat' dir='ltr'><strong>longanimitas.</strong></span> <span class='ocrx_word' id='word_1_442' title='bbox 1498 1424 1597 1452; x_wconf 74' lang='lat' dir='ltr'><strong>Videas</strong></span> <span class='ocrx_word' id='word_1_443' title='bbox 1616 1425 1795 1460; x_wconf 68' lang='lat' dir='ltr'><strong>autemquod</strong></span> 
     </span>
    </p>
   </div>
   <div class='ocr_carea' id='block_1_58' title="bbox 1002 1470 1796 1505">
    <p class='ocr_par' dir='ltr' id='par_1_58' title="bbox 1002 1470 1796 1505">
     <span class='ocr_line' id='line_1_58' title="bbox 1002 1470 1796 1505; baseline 0.001 -8"><span class='ocrx_word' id='word_1_444' title='bbox 1002 1471 1075 1502; x_wconf 86' lang='lat' dir='ltr'><strong>dico,</strong></span> <span class='ocrx_word' id='word_1_445' title='bbox 1093 1474 1120 1498; x_wconf 88' lang='lat' dir='ltr'><strong>et</strong></span> <span class='ocrx_word' id='word_1_446' title='bbox 1131 1470 1241 1505; x_wconf 83' lang='lat' dir='ltr'><strong>quidem</strong></span> <span class='ocrx_word' id='word_1_447' title='bbox 1253 1470 1398 1498; x_wconf 84' lang='lat' dir='ltr'><strong>manifeste</strong></span> <span class='ocrx_word' id='word_1_448' title='bbox 1408 1470 1567 1502; x_wconf 84' lang='lat' dir='ltr'><strong>admodum,</strong></span> <span class='ocrx_word' id='word_1_449' title='bbox 1582 1470 1609 1497; x_wconf 91' lang='lat' dir='ltr'><strong>in</strong></span> <span class='ocrx_word' id='word_1_450' title='bbox 1622 1470 1654 1497; x_wconf 90' lang='lat' dir='ltr'><strong>iis</strong></span> <span class='ocrx_word' id='word_1_451' title='bbox 1668 1478 1728 1504; x_wconf 61' lang='lat' dir='ltr'><strong>qum</strong></span> <span class='ocrx_word' id='word_1_452' title='bbox 1741 1477 1796 1505; x_wconf 63' lang='lat' dir='ltr'><strong>pra:</strong></span> 
     </span>
    </p>
   </div>
   <div class='ocr_carea' id='block_1_59' title="bbox 1003 1515 1797 1551">
    <p class='ocr_par' dir='ltr' id='par_1_59' title="bbox 1003 1515 1797 1551">
     <span class='ocr_line' id='line_1_59' title="bbox 1003 1515 1797 1551; baseline 0.001 -8"><span class='ocrx_word' id='word_1_453' title='bbox 1003 1517 1131 1543; x_wconf 91' lang='lat' dir='ltr'><strong>manibus</strong></span> <span class='ocrx_word' id='word_1_454' title='bbox 1155 1517 1298 1543; x_wconf 87' lang='lat' dir='ltr'><strong>habemus.</strong></span> <span class='ocrx_word' id='word_1_455' title='bbox 1322 1515 1461 1551; x_wconf 90' lang='lat' dir='ltr'><strong>Scriptum</strong></span> <span class='ocrx_word' id='word_1_456' title='bbox 1483 1519 1524 1543; x_wconf 89' lang='lat' dir='ltr'><strong>est</strong></span> <span class='ocrx_word' id='word_1_457' title='bbox 1542 1516 1637 1542; x_wconf 86' lang='lat' dir='ltr'><strong>enim:</strong></span> <span class='ocrx_word' id='word_1_458' title='bbox 1658 1525 1666 1541; x_wconf 74' lang='grc' dir='ltr'><strong>ε</strong></span> <span class='ocrx_word' id='word_1_459' title='bbox 1685 1516 1797 1544; x_wconf 88' lang='lat' dir='ltr'><strong>Decimo</strong></span> 
     </span>
    </p>
   </div>
   <div class='ocr_carea' id='block_1_60' title="bbox 160 1560 952 1610">
    <p class='ocr_par' dir='ltr' id='par_1_60' title="bbox 160 1566 950 1610">
     <span class='ocr_line' id='line_1_60' title="bbox 160 1566 950 1610; baseline -0.014 -8"><span class='ocrx_word' id='word_1_460' title='bbox 160 1577 202 1602; x_wconf 76' lang='grc' dir='ltr'>ὅτι</span> <span class='ocrx_word' id='word_1_461' title='bbox 216 1584 225 1601; x_wconf 72' lang='grc' dir='ltr'><strong>ι</strong></span> <span class='ocrx_word' id='word_1_462' title='bbox 241 1575 279 1610; x_wconf 85' lang='grc' dir='ltr'><strong>Τῇ</strong></span> <span class='ocrx_word' id='word_1_463' title='bbox 293 1572 523 1607; x_wconf 70' lang='grc' dir='ltr'>πεντεκαιδεκάτῃ</span> <span class='ocrx_word' id='word_1_464' title='bbox 535 1571 636 1607; x_wconf 68' lang='grc' dir='ltr'>ἡμέρᾳ,</span> <span class='ocrx_word' id='word_1_465' title='bbox 649 1569 687 1604; x_wconf 80' lang='grc' dir='ltr'><strong>τῷ</strong></span> <span class='ocrx_word' id='word_1_466' title='bbox 700 1568 765 1604; x_wconf 72' lang='grc' dir='ltr'>μηνὶ</span> <span class='ocrx_word' id='word_1_467' title='bbox 775 1567 812 1603; x_wconf 84' lang='grc' dir='ltr'>τῷ</span> <span class='ocrx_word' id='word_1_468' title='bbox 822 1566 950 1602; x_wconf 77' lang='grc' dir='ltr'>δευτέρῳ,</span> 
     </span>
    </p>
   </div>
   <div class='ocr_carea' id='block_1_61' title="bbox 1003 1560 1797 1610">
    <p class='ocr_par' dir='ltr' id='par_1_61' title="bbox 1004 1560 1797 1596">
     <span class='ocr_line' id='line_1_61' title="bbox 1004 1560 1797 1596; baseline 0.001 -9"><span class='ocrx_word' id='word_1_469' title='bbox 1004 1561 1100 1596; x_wconf 86' lang='lat' dir='ltr'><strong>quinto</strong></span> <span class='ocrx_word' id='word_1_470' title='bbox 1116 1561 1160 1588; x_wconf 89' lang='lat' dir='ltr'><strong>die</strong></span> <span class='ocrx_word' id='word_1_471' title='bbox 1174 1561 1277 1587; x_wconf 88' lang='lat' dir='ltr'><strong>mensis</strong></span> <span class='ocrx_word' id='word_1_472' title='bbox 1292 1561 1416 1593; x_wconf 87' lang='lat' dir='ltr'><strong>secundi,</strong></span> <span class='ocrx_word' id='word_1_473' title='bbox 1435 1568 1498 1587; x_wconf 93' lang='lat' dir='ltr'><strong>cum</strong></span> <span class='ocrx_word' id='word_1_474' title='bbox 1512 1561 1563 1595; x_wconf 90' lang='lat' dir='ltr'><strong>ipsi</strong></span> <span class='ocrx_word' id='word_1_475' title='bbox 1580 1568 1612 1588; x_wconf 87' lang='lat' dir='ltr'><strong>ex</strong></span> <span class='ocrx_word' id='word_1_476' title='bbox 1625 1560 1740 1596; x_wconf 63' lang='lat' dir='ltr'><strong>Egypto</strong></span> <span class='ocrx_word' id='word_1_477' title='bbox 1754 1569 1797 1588; x_wconf 87' lang='lat' dir='ltr'><strong>es-</strong></span> 
     </span>
    </p>
   </div>
   <div class='ocr_carea' id='block_1_62' title="bbox 161 1613 952 1657">
    <p class='ocr_par' dir='ltr' id='par_1_62' title="bbox 161 1613 952 1657">
     <span class='ocr_line' id='line_1_62' title="bbox 161 1613 952 1657; baseline -0.013 -9"><span class='ocrx_word' id='word_1_478' title='bbox 161 1622 359 1657; x_wconf 76' lang='grc' dir='ltr'>ὲξεληλυθότων</span> <span class='ocrx_word' id='word_1_479' title='bbox 382 1620 471 1647; x_wconf 73' lang='grc' dir='ltr'>αὐτῶν</span> <span class='ocrx_word' id='word_1_480' title='bbox 493 1620 524 1646; x_wconf 79' lang='grc' dir='ltr'>ὲκ</span> <span class='ocrx_word' id='word_1_481' title='bbox 545 1618 598 1653; x_wconf 79' lang='grc' dir='ltr'>γῆς</span> <span class='ocrx_word' id='word_1_482' title='bbox 617 1617 773 1651; x_wconf 78' lang='grc' dir='ltr'>Αἰγύπτου,</span> <span class='ocrx_word' id='word_1_483' title='bbox 795 1613 952 1649; x_wconf 70' lang='grc' dir='ltr'>διεγόγγυζε</span> 
     </span>
    </p>
   </div>
   <div class='ocr_carea' id='block_1_63' title="bbox 162 1659 953 1702">
    <p class='ocr_par' dir='ltr' id='par_1_63' title="bbox 162 1659 953 1702">
     <span class='ocr_line' id='line_1_63' title="bbox 162 1659 953 1702; baseline -0.013 -7"><span class='ocrx_word' id='word_1_484' title='bbox 162 1670 237 1695; x_wconf 72' lang='grc' dir='ltr'>πᾶσα</span> <span class='ocrx_word' id='word_1_485' title='bbox 262 1667 408 1702; x_wconf 79' lang='grc' dir='ltr'>συναγωγὴ</span> <span class='ocrx_word' id='word_1_486' title='bbox 435 1666 500 1692; x_wconf 81' lang='grc' dir='ltr'>υἱῶν</span> <span class='ocrx_word' id='word_1_487' title='bbox 530 1663 636 1700; x_wconf 84' lang='grc' dir='ltr'>Ἰσραὴλ</span> <span class='ocrx_word' id='word_1_488' title='bbox 657 1662 703 1689; x_wconf 79' lang='grc' dir='ltr'><strong>ἐπί</strong></span> <span class='ocrx_word' id='word_1_489' title='bbox 727 1670 757 1688; x_wconf 87' lang='grc' dir='ltr'><strong>τε</strong></span> <span class='ocrx_word' id='word_1_490' title='bbox 792 1660 879 1695; x_wconf 80' lang='grc' dir='ltr'>Μωσῆ</span> <span class='ocrx_word' id='word_1_491' title='bbox 907 1659 953 1686; x_wconf 69' lang='grc' dir='ltr'>καὶ</span> 
     </span>
    </p>
   </div>
   <div class='ocr_carea' id='block_1_64' title="bbox 169 1704 950 1750">
    <p class='ocr_par' dir='ltr' id='par_1_64' title="bbox 169 1704 950 1750">
     <span class='ocr_line' id='line_1_64' title="bbox 169 1704 950 1750; baseline -0.014 -9"><span class='ocrx_word' id='word_1_492' title='bbox 169 1713 291 1750; x_wconf 79' lang='grc' dir='ltr'>Ἀαρὼν,</span> <span class='ocrx_word' id='word_1_493' title='bbox 316 1713 363 1740; x_wconf 70' lang='grc' dir='ltr'>καὶ</span> <span class='ocrx_word' id='word_1_494' title='bbox 387 1710 462 1739; x_wconf 82' lang='grc' dir='ltr'>εἷπον</span> <span class='ocrx_word' id='word_1_495' title='bbox 487 1710 554 1746; x_wconf 77' lang='grc' dir='ltr'>πρὸς</span> <span class='ocrx_word' id='word_1_496' title='bbox 576 1709 674 1740; x_wconf 70' lang='grc' dir='ltr'>αὐτοὺς</span> <span class='ocrx_word' id='word_1_497' title='bbox 697 1708 721 1734; x_wconf 83' lang='grc' dir='ltr'>οἱ</span> <span class='ocrx_word' id='word_1_498' title='bbox 745 1707 797 1733; x_wconf 69' lang='grc' dir='ltr'>υῐοὶ</span> <span class='ocrx_word' id='word_1_499' title='bbox 829 1704 950 1740; x_wconf 75' lang='grc' dir='ltr'>Ἰσραήλ’</span> 
     </span>
    </p>
   </div>
   <div class='ocr_carea' id='block_1_65' title="bbox 165 1751 953 1795">
    <p class='ocr_par' dir='ltr' id='par_1_65' title="bbox 165 1751 953 1795">
     <span class='ocr_line' id='line_1_65' title="bbox 165 1751 953 1795; baseline -0.014 -8"><span class='ocrx_word' id='word_1_500' title='bbox 165 1761 280 1795; x_wconf 74' lang='grc' dir='ltr'>Ὄφελον</span> <span class='ocrx_word' id='word_1_501' title='bbox 301 1759 472 1793; x_wconf 64' lang='grc' dir='ltr'>ἀπεθάνομεν</span> <span class='ocrx_word' id='word_1_502' title='bbox 494 1756 643 1791; x_wconf 73' lang='grc' dir='ltr'>πληγέντες</span> <span class='ocrx_word' id='word_1_503' title='bbox 669 1754 721 1781; x_wconf 75' lang='grc' dir='ltr'>ὑπὸ</span> <span class='ocrx_word' id='word_1_504' title='bbox 741 1751 844 1788; x_wconf 83' lang='grc' dir='ltr'>Κυρίου</span> <span class='ocrx_word' id='word_1_505' title='bbox 867 1752 895 1777; x_wconf 85' lang='grc' dir='ltr'>ὲν</span> 
     </span>
    </p>
   </div>
   <div class='ocr_carea' id='block_1_66' title="bbox 162 1794 955 1839">
    <p class='ocr_par' dir='ltr' id='par_1_66' title="bbox 162 1794 955 1839">
     <span class='ocr_line' id='line_1_66' title="bbox 162 1794 955 1839; baseline -0.016 -7"><span class='ocrx_word' id='word_1_506' title='bbox 162 1805 313 1839; x_wconf 75' lang='grc' dir='ltr'>Αἰγύπτου,</span> <span class='ocrx_word' id='word_1_507' title='bbox 336 1804 399 1830; x_wconf 77' lang='grc' dir='ltr'>ὅταν</span> <span class='ocrx_word' id='word_1_508' title='bbox 417 1802 582 1836; x_wconf 75' lang='grc' dir='ltr'>ἐκαθίσαμεν</span> <span class='ocrx_word' id='word_1_509' title='bbox 610 1799 655 1826; x_wconf 77' lang='grc' dir='ltr'><strong>ἐπὶ</strong></span> <span class='ocrx_word' id='word_1_510' title='bbox 680 1797 733 1824; x_wconf 81' lang='grc' dir='ltr'><strong>τῶν</strong></span> <span class='ocrx_word' id='word_1_511' title='bbox 755 1796 877 1832; x_wconf 74' lang='grc' dir='ltr'>λεϐήτων</span> <span class='ocrx_word' id='word_1_512' title='bbox 901 1794 955 1820; x_wconf 80' lang='grc' dir='ltr'><strong>τῶν</strong></span> 
     </span>
    </p>
   </div>
   <div class='ocr_carea' id='block_1_67' title="bbox 164 1842 954 1888">
    <p class='ocr_par' dir='ltr' id='par_1_67' title="bbox 164 1842 954 1888">
     <span class='ocr_line' id='line_1_67' title="bbox 164 1842 954 1888; baseline -0.016 -9"><span class='ocrx_word' id='word_1_513' title='bbox 164 1851 263 1888; x_wconf 77' lang='grc' dir='ltr'>κρεῶν,</span> <span class='ocrx_word' id='word_1_514' title='bbox 282 1851 329 1877; x_wconf 67' lang='grc' dir='ltr'>καὶ</span> <span class='ocrx_word' id='word_1_515' title='bbox 355 1849 486 1885; x_wconf 74' lang='grc' dir='ltr'>ἡσθίομεν</span> <span class='ocrx_word' id='word_1_516' title='bbox 512 1847 611 1882; x_wconf 77' lang='grc' dir='ltr'>ἄρτους</span> <span class='ocrx_word' id='word_1_517' title='bbox 632 1845 672 1876; x_wconf 83' lang='grc' dir='ltr'>εἰς</span> <span class='ocrx_word' id='word_1_518' title='bbox 694 1842 869 1878; x_wconf 71' lang='grc' dir='ltr'>πλησμονήνῑ</span> <span class='ocrx_word' id='word_1_519' title='bbox 894 1842 954 1867; x_wconf 73' lang='grc' dir='ltr'><strong>Ὅτι</strong></span> 
     </span>
    </p>
   </div>
   <div class='ocr_carea' id='block_1_68' title="bbox 165 1888 956 1932">
    <p class='ocr_par' dir='ltr' id='par_1_68' title="bbox 165 1888 956 1932">
     <span class='ocr_line' id='line_1_68' title="bbox 165 1888 956 1932; baseline -0.016 -7"><span class='ocrx_word' id='word_1_520' title='bbox 165 1898 314 1932; x_wconf 73' lang='grc' dir='ltr'>ἑξηγάγετε</span> <span class='ocrx_word' id='word_1_521' title='bbox 327 1896 401 1931; x_wconf 77' lang='grc' dir='ltr'>ἡμᾶς</span> <span class='ocrx_word' id='word_1_522' title='bbox 415 1895 454 1926; x_wconf 79' lang='grc' dir='ltr'>εἰς</span> <span class='ocrx_word' id='word_1_523' title='bbox 469 1893 517 1928; x_wconf 87' lang='grc' dir='ltr'><strong>τὴν</strong></span> <span class='ocrx_word' id='word_1_524' title='bbox 532 1892 634 1928; x_wconf 74' lang='grc' dir='ltr'>ἔρημον</span> <span class='ocrx_word' id='word_1_525' title='bbox 654 1890 773 1924; x_wconf 78' lang='grc' dir='ltr'>ταύτην,</span> <span class='ocrx_word' id='word_1_526' title='bbox 796 1888 956 1915; x_wconf 81' lang='grc' dir='ltr'>ἀποκτεῖναι</span> 
     </span>
    </p>
   </div>
   <div class='ocr_carea' id='block_1_69' title="bbox 165 1932 956 1977">
    <p class='ocr_par' dir='ltr' id='par_1_69' title="bbox 165 1932 956 1977">
     <span class='ocr_line' id='line_1_69' title="bbox 165 1932 956 1977; baseline -0.014 -7"><span class='ocrx_word' id='word_1_527' title='bbox 165 1945 256 1970; x_wconf 75' lang='grc' dir='ltr'>πᾶσαν</span> <span class='ocrx_word' id='word_1_528' title='bbox 269 1943 319 1977; x_wconf 77' lang='grc' dir='ltr'><strong>τὴν</strong></span> <span class='ocrx_word' id='word_1_529' title='bbox 334 1940 494 1975; x_wconf 81' lang='grc' dir='ltr'>συναγωγὴν</span> <span class='ocrx_word' id='word_1_530' title='bbox 513 1938 615 1973; x_wconf 77' lang='grc' dir='ltr'>ταύτην</span> <span class='ocrx_word' id='word_1_531' title='bbox 630 1938 658 1963; x_wconf 80' lang='grc' dir='ltr'><strong>ἐν</strong></span> <span class='ocrx_word' id='word_1_532' title='bbox 670 1935 759 1971; x_wconf 81' lang='grc' dir='ltr'>λιμῷ;</span> <span class='ocrx_word' id='word_1_533' title='bbox 774 1932 841 1961; x_wconf 84' lang='grc' dir='ltr'>Εἷπε</span> <span class='ocrx_word' id='word_1_534' title='bbox 856 1934 884 1960; x_wconf 70' lang='grc' dir='ltr'>δὲ</span> <span class='ocrx_word' id='word_1_535' title='bbox 901 1932 956 1960; x_wconf 80' lang='grc' dir='ltr'><strong>Κύ-</strong></span> 
     </span>
    </p>
   </div>
   <div class='ocr_carea' id='block_1_70' title="bbox 168 1977 956 2023">
    <p class='ocr_par' dir='ltr' id='par_1_70' title="bbox 168 1977 956 2023">
     <span class='ocr_line' id='line_1_70' title="bbox 168 1977 956 2023; baseline -0.014 -9"><span class='ocrx_word' id='word_1_536' title='bbox 168 1996 223 2023; x_wconf 84' lang='grc' dir='ltr'>ριος</span> <span class='ocrx_word' id='word_1_537' title='bbox 240 1986 306 2021; x_wconf 62' lang='grc' dir='ltr'>προς</span> <span class='ocrx_word' id='word_1_538' title='bbox 321 1985 438 2019; x_wconf 80' lang='grc' dir='ltr'>Μωσῆν·</span> <span class='ocrx_word' id='word_1_539' title='bbox 461 1983 526 2010; x_wconf 76' lang='grc' dir='ltr'>Ἰδοὺ</span> <span class='ocrx_word' id='word_1_540' title='bbox 548 1981 603 2016; x_wconf 80' lang='grc' dir='ltr'>ἐγὼ</span> <span class='ocrx_word' id='word_1_541' title='bbox 618 1981 658 2007; x_wconf 76' lang='grc' dir='ltr'><strong>ῢω</strong></span> <span class='ocrx_word' id='word_1_542' title='bbox 670 1981 733 2016; x_wconf 82' lang='grc' dir='ltr'>ὑμῖν</span> <span class='ocrx_word' id='word_1_543' title='bbox 748 1980 848 2015; x_wconf 76' lang='grc' dir='ltr'>ἄρτους</span> <span class='ocrx_word' id='word_1_544' title='bbox 862 1980 894 2004; x_wconf 81' lang='grc' dir='ltr'><strong>ὲκ</strong></span> <span class='ocrx_word' id='word_1_545' title='bbox 910 1977 956 2004; x_wconf 76' lang='grc' dir='ltr'><strong>τοῦ</strong></span> 
     </span>
    </p>
   </div>
   <div class='ocr_carea' id='block_1_71' title="bbox 167 2022 957 2068">
    <p class='ocr_par' dir='ltr' id='par_1_71' title="bbox 167 2022 957 2068">
     <span class='ocr_line' id='line_1_71' title="bbox 167 2022 957 2068; baseline -0.015 -8"><span class='ocrx_word' id='word_1_546' title='bbox 167 2022 281 2068; x_wconf 74' lang='grc' dir='ltr'>οὐρανοῦ</span> <span class='ocrx_word' id='word_1_547' title='bbox 292 2051 300 2064; x_wconf 87' lang='grc'><strong>,</strong></span> <span class='ocrx_word' id='word_1_548' title='bbox 315 2031 361 2058; x_wconf 68' lang='grc' dir='ltr'><strong>καὶ</strong></span> <span class='ocrx_word' id='word_1_549' title='bbox 377 2029 546 2062; x_wconf 72' lang='grc' dir='ltr'>ἐξελεύσεται</span> <span class='ocrx_word' id='word_1_550' title='bbox 565 2028 579 2054; x_wconf 83' lang='grc' dir='ltr'>ὁ</span> <span class='ocrx_word' id='word_1_551' title='bbox 594 2026 674 2058; x_wconf 75' lang='grc' dir='ltr'>λαὸς,</span> <span class='ocrx_word' id='word_1_552' title='bbox 691 2025 739 2053; x_wconf 79' lang='grc' dir='ltr'>καὶ</span> <span class='ocrx_word' id='word_1_553' title='bbox 756 2024 911 2057; x_wconf 74' lang='grc' dir='ltr'>συλλέξουσι</span> <span class='ocrx_word' id='word_1_554' title='bbox 927 2022 957 2048; x_wconf 76' lang='grc' dir='ltr'>τὸ</span> 
     </span>
    </p>
   </div>
   <div class='ocr_carea' id='block_1_72' title="bbox 166 2068 958 2113">
    <p class='ocr_par' dir='ltr' id='par_1_72' title="bbox 166 2068 958 2113">
     <span class='ocr_line' id='line_1_72' title="bbox 166 2068 958 2113; baseline -0.013 -9"><span class='ocrx_word' id='word_1_555' title='bbox 166 2078 217 2113; x_wconf 76' lang='grc' dir='ltr'>τῆς</span> <span class='ocrx_word' id='word_1_556' title='bbox 238 2077 344 2113; x_wconf 81' lang='grc' dir='ltr'>ἡμέρας</span> <span class='ocrx_word' id='word_1_557' title='bbox 364 2076 402 2106; x_wconf 83' lang='grc' dir='ltr'>εἰς</span> <span class='ocrx_word' id='word_1_558' title='bbox 422 2074 544 2110; x_wconf 79' lang='grc' dir='ltr'>ἡμέραν,</span> <span class='ocrx_word' id='word_1_559' title='bbox 567 2073 640 2104; x_wconf 81' lang='grc' dir='ltr'>ὅπως</span> <span class='ocrx_word' id='word_1_560' title='bbox 664 2071 787 2106; x_wconf 78' lang='grc' dir='ltr'>πειράσω</span> <span class='ocrx_word' id='word_1_561' title='bbox 812 2069 911 2100; x_wconf 71' lang='grc' dir='ltr'>αὐτοὺς</span> <span class='ocrx_word' id='word_1_562' title='bbox 933 2068 958 2094; x_wconf 81' lang='lat' dir='ltr'><strong>et</strong></span> 
     </span>
    </p>
   </div>
   <div class='ocr_carea' id='block_1_73' title="bbox 167 2115 958 2160">
    <p class='ocr_par' dir='ltr' id='par_1_73' title="bbox 167 2115 958 2160">
     <span class='ocr_line' id='line_1_73' title="bbox 167 2115 958 2160; baseline -0.014 -9"><span class='ocrx_word' id='word_1_563' title='bbox 167 2124 347 2160; x_wconf 79' lang='grc' dir='ltr'>πορεύσονται</span> <span class='ocrx_word' id='word_1_564' title='bbox 363 2123 391 2148; x_wconf 74' lang='grc' dir='ltr'>ἐν</span> <span class='ocrx_word' id='word_1_565' title='bbox 405 2121 442 2156; x_wconf 83' lang='grc' dir='ltr'>τῷ</span> <span class='ocrx_word' id='word_1_566' title='bbox 464 2121 538 2155; x_wconf 72' lang='grc' dir='ltr'>νόμῳ</span> <span class='ocrx_word' id='word_1_567' title='bbox 555 2128 616 2155; x_wconf 89' lang='grc' dir='ltr'>μου.</span> <span class='ocrx_word' id='word_1_568' title='bbox 640 2118 695 2145; x_wconf 74' lang='grc' dir='ltr'><strong>Καὶ</strong></span> <span class='ocrx_word' id='word_1_569' title='bbox 719 2117 794 2144; x_wconf 74' lang='grc' dir='ltr'>ἔσται</span> <span class='ocrx_word' id='word_1_570' title='bbox 819 2117 849 2151; x_wconf 85' lang='grc' dir='ltr'>τῇ</span> <span class='ocrx_word' id='word_1_571' title='bbox 868 2115 958 2151; x_wconf 66' lang='grc' dir='ltr'>ἡμέρᾳ</span> 
     </span>
    </p>
   </div>
   <div class='ocr_carea' id='block_1_74' title="bbox 167 2158 958 2206">
    <p class='ocr_par' dir='ltr' id='par_1_74' title="bbox 167 2158 958 2206">
     <span class='ocr_line' id='line_1_74' title="bbox 167 2158 958 2206; baseline -0.015 -8"><span class='ocrx_word' id='word_1_572' title='bbox 167 2172 200 2206; x_wconf 82' lang='grc' dir='ltr'>τῇ</span> <span class='ocrx_word' id='word_1_573' title='bbox 230 2171 314 2206; x_wconf 74' lang='grc' dir='ltr'>ἕκτῃ,</span> <span class='ocrx_word' id='word_1_574' title='bbox 338 2168 385 2195; x_wconf 66' lang='grc' dir='ltr'>καὶ</span> <span class='ocrx_word' id='word_1_575' title='bbox 408 2167 581 2202; x_wconf 77' lang='grc' dir='ltr'>ἑτοιμὰσουσι</span> <span class='ocrx_word' id='word_1_576' title='bbox 602 2164 616 2190; x_wconf 79' lang='grc' dir='ltr'><strong>ὃ</strong></span> <span class='ocrx_word' id='word_1_577' title='bbox 634 2164 666 2190; x_wconf 86' lang='grc' dir='ltr'>ἂν</span> <span class='ocrx_word' id='word_1_578' title='bbox 690 2158 885 2195; x_wconf 77' lang='grc' dir='ltr'>εἰσενέγκωσι,</span> <span class='ocrx_word' id='word_1_579' title='bbox 912 2160 958 2186; x_wconf 68' lang='grc' dir='ltr'>καὶ</span> 
     </span>
    </p>
   </div>
   <div class='ocr_carea' id='block_1_75' title="bbox 167 2205 958 2244">
    <p class='ocr_par' dir='ltr' id='par_1_75' title="bbox 167 2205 958 2244">
     <span class='ocr_line' id='line_1_75' title="bbox 167 2205 958 2244; baseline -0.015 -2"><span class='ocrx_word' id='word_1_580' title='bbox 167 2215 244 2242; x_wconf 74' lang='grc' dir='ltr'>ἔσται</span> <span class='ocrx_word' id='word_1_581' title='bbox 266 2205 375 2241; x_wconf 72' lang='grc' dir='ltr'>διπλοῦν</span> <span class='ocrx_word' id='word_1_582' title='bbox 390 2212 404 2239; x_wconf 83' lang='grc' dir='ltr'><strong>ὃ</strong></span> <span class='ocrx_word' id='word_1_583' title='bbox 427 2211 459 2238; x_wconf 81' lang='grc' dir='ltr'>ἂν</span> <span class='ocrx_word' id='word_1_584' title='bbox 485 2209 657 2244; x_wconf 82' lang='grc' dir='ltr'>συναγάγωσι</span> <span class='ocrx_word' id='word_1_585' title='bbox 674 2207 704 2233; x_wconf 85' lang='grc' dir='ltr'>τὺ</span> <span class='ocrx_word' id='word_1_586' title='bbox 720 2207 779 2234; x_wconf 77' lang='grc' dir='ltr'>καθ’</span> <span class='ocrx_word' id='word_1_587' title='bbox 795 2206 900 2241; x_wconf 79' lang='grc' dir='ltr'>ἡμέραν</span> <span class='ocrx_word' id='word_1_588' title='bbox 919 2205 958 2235; x_wconf 82' lang='grc' dir='ltr'><strong>εἱς</strong></span> 
     </span>
    </p>
   </div>
   <div class='ocr_carea' id='block_1_76' title="bbox 168 2249 958 2296">
    <p class='ocr_par' dir='ltr' id='par_1_76' title="bbox 168 2249 958 2296">
     <span class='ocr_line' id='line_1_76' title="bbox 168 2249 958 2296; baseline -0.014 -10"><span class='ocrx_word' id='word_1_589' title='bbox 168 2261 284 2296; x_wconf 72' lang='grc' dir='ltr'>ἡμέραν.</span> <span class='ocrx_word' id='word_1_590' title='bbox 304 2268 312 2284; x_wconf 72' lang='grc' dir='ltr'><strong>ι</strong></span> <span class='ocrx_word' id='word_1_591' title='bbox 329 2258 368 2284; x_wconf 71' lang='grc' dir='ltr'>Τὰ</span> <span class='ocrx_word' id='word_1_592' title='bbox 385 2257 432 2292; x_wconf 73' lang='grc' dir='ltr'><strong>μὲν</strong></span> <span class='ocrx_word' id='word_1_593' title='bbox 447 2256 502 2290; x_wconf 75' lang='grc' dir='ltr'>γὰρ</span> <span class='ocrx_word' id='word_1_594' title='bbox 513 2255 565 2281; x_wconf 82' lang='grc' dir='ltr'><strong>τῶν</strong></span> <span class='ocrx_word' id='word_1_595' title='bbox 580 2252 751 2287; x_wconf 78' lang='grc' dir='ltr'>Αἰγυπτίων,</span> <span class='ocrx_word' id='word_1_596' title='bbox 769 2250 896 2284; x_wconf 74' lang='grc' dir='ltr'>καθάπερ</span> <span class='ocrx_word' id='word_1_597' title='bbox 909 2249 958 2284; x_wconf 70' lang='grc' dir='ltr'><strong>ἤδη</strong></span> 
     </span>
    </p>
   </div>
   <div class='ocr_carea' id='block_1_77' title="bbox 169 2294 959 2341">
    <p class='ocr_par' dir='ltr' id='par_1_77' title="bbox 169 2294 959 2341">
     <span class='ocr_line' id='line_1_77' title="bbox 169 2294 959 2341; baseline -0.015 -9"><span class='ocrx_word' id='word_1_598' title='bbox 169 2294 341 2341; x_wconf 81' lang='grc' dir='ltr'>προείπαμεν</span> <span class='ocrx_word' id='word_1_599' title='bbox 352 2324 358 2335; x_wconf 92' lang='grc'><strong>,</strong></span> <span class='ocrx_word' id='word_1_600' title='bbox 377 2302 518 2337; x_wconf 79' lang='grc' dir='ltr'>διολῴ).ασι</span> <span class='ocrx_word' id='word_1_601' title='bbox 537 2299 709 2335; x_wconf 80' lang='grc' dir='ltr'>πρωτότοκα·</span> <span class='ocrx_word' id='word_1_602' title='bbox 727 2296 913 2331; x_wconf 77' lang='grc' dir='ltr'>ἐξεπέμποντο</span> <span class='ocrx_word' id='word_1_603' title='bbox 931 2294 959 2320; x_wconf 75' lang='grc' dir='ltr'>δὲ</span> 
     </span>
    </p>
   </div>
   <div class='ocr_carea' id='block_1_78' title="bbox 168 2340 960 2388">
    <p class='ocr_par' dir='ltr' id='par_1_78' title="bbox 168 2340 960 2388">
     <span class='ocr_line' id='line_1_78' title="bbox 168 2340 960 2388; baseline -0.016 -10"><span class='ocrx_word' id='word_1_604' title='bbox 168 2353 218 2388; x_wconf 82' lang='grc' dir='ltr'>τῆς</span> <span class='ocrx_word' id='word_1_605' title='bbox 232 2351 323 2386; x_wconf 86' lang='grc' dir='ltr'>χώρας</span> <span class='ocrx_word' id='word_1_606' title='bbox 343 2351 367 2376; x_wconf 79' lang='grc' dir='ltr'><strong>οἱ</strong></span> <span class='ocrx_word' id='word_1_607' title='bbox 382 2347 536 2383; x_wconf 78' lang='grc' dir='ltr'>ὲξΊσραὴλ,</span> <span class='ocrx_word' id='word_1_608' title='bbox 556 2346 626 2376; x_wconf 69' lang='grc' dir='ltr'>οὔδε,</span> <span class='ocrx_word' id='word_1_609' title='bbox 647 2345 708 2371; x_wconf 81' lang='grc' dir='ltr'>ὅσον</span> <span class='ocrx_word' id='word_1_610' title='bbox 726 2344 824 2374; x_wconf 76' lang='grc' dir='ltr'>εἰπεῖν,</span> <span class='ocrx_word' id='word_1_611' title='bbox 845 2340 960 2368; x_wconf 76' lang='grc' dir='ltr'>ἐπισιτί-</span> 
     </span>
    </p>
   </div>
   <div class='ocr_carea' id='block_1_79' title="bbox 171 2386 960 2430">
    <p class='ocr_par' dir='ltr' id='par_1_79' title="bbox 171 2386 960 2430">
     <span class='ocr_line' id='line_1_79' title="bbox 171 2386 960 2430; baseline -0.016 -6"><span class='ocrx_word' id='word_1_612' title='bbox 171 2398 267 2424; x_wconf 81' lang='grc' dir='ltr'>σασθαι</span> <span class='ocrx_word' id='word_1_613' title='bbox 285 2395 514 2430; x_wconf 76' lang='grc' dir='ltr'>συγχωρούμενοι.</span> <span class='ocrx_word' id='word_1_614' title='bbox 532 2393 568 2419; x_wconf 83' lang='grc' dir='ltr'>Τὸ</span> <span class='ocrx_word' id='word_1_615' title='bbox 581 2392 636 2428; x_wconf 77' lang='grc' dir='ltr'>γὰρ</span> <span class='ocrx_word' id='word_1_616' title='bbox 650 2391 725 2422; x_wconf 86' lang='grc' dir='ltr'>σταῖς</span> <span class='ocrx_word' id='word_1_617' title='bbox 744 2389 834 2416; x_wconf 80' lang='grc' dir='ltr'>αὐτῶν</span> <span class='ocrx_word' id='word_1_618' title='bbox 851 2386 960 2422; x_wconf 75' lang='grc' dir='ltr'>ἐξήνεγ-</span> 
     </span>
    </p>
   </div>
   <div class='ocr_carea' id='block_1_80' title="bbox 170 2434 955 2476">
    <p class='ocr_par' dir='ltr' id='par_1_80' title="bbox 170 2434 955 2476">
     <span class='ocr_line' id='line_1_80' title="bbox 170 2434 955 2476; baseline -0.01 -9"><span class='ocrx_word' id='word_1_619' title='bbox 170 2450 220 2467; x_wconf 77' lang='grc' dir='ltr'><strong>καν</strong></span> <span class='ocrx_word' id='word_1_620' title='bbox 231 2441 283 2476; x_wconf 79' lang='grc' dir='ltr'><strong>πρὸ</strong></span> <span class='ocrx_word' id='word_1_621' title='bbox 295 2441 342 2467; x_wconf 86' lang='grc' dir='ltr'><strong>τοῦ</strong></span> <span class='ocrx_word' id='word_1_622' title='bbox 357 2441 515 2476; x_wconf 80' lang='grc' dir='ltr'>ζυμωθῆναι</span> <span class='ocrx_word' id='word_1_623' title='bbox 531 2440 565 2466; x_wconf 81' lang='grc' dir='ltr'>τὰ</span> <span class='ocrx_word' id='word_1_624' title='bbox 578 2438 726 2474; x_wconf 74' lang='grc' dir='ltr'>φυράματα</span> <span class='ocrx_word' id='word_1_625' title='bbox 741 2436 828 2462; x_wconf 80' lang='grc' dir='ltr'>αὐτῶν</span> <span class='ocrx_word' id='word_1_626' title='bbox 838 2435 885 2469; x_wconf 83' lang='lat' dir='ltr'><strong>(ll.</strong></span> <span class='ocrx_word' id='word_1_627' title='bbox 895 2434 955 2467; x_wconf 78' lang='grc' dir='ltr'><strong>Ἐφ-</strong></span> 
     </span>
    </p>
   </div>
   <div class='ocr_carea' id='block_1_81' title="bbox 170 2480 955 2521">
    <p class='ocr_par' dir='ltr' id='par_1_81' title="bbox 170 2480 955 2521">
     <span class='ocr_line' id='line_1_81' title="bbox 170 2480 955 2521; baseline -0.013 -7"><span class='ocrx_word' id='word_1_628' title='bbox 170 2487 341 2521; x_wconf 78' lang='grc' dir='ltr'>οδιασᾶμενοι</span> <span class='ocrx_word' id='word_1_629' title='bbox 353 2487 381 2513; x_wconf 82' lang='grc' dir='ltr'>δὲ</span> <span class='ocrx_word' id='word_1_630' title='bbox 397 2487 452 2518; x_wconf 87' lang='grc' dir='ltr'>τοῖς</span> <span class='ocrx_word' id='word_1_631' title='bbox 467 2484 667 2520; x_wconf 78' lang='grc' dir='ltr'>παρατυχοῦσιν</span> <span class='ocrx_word' id='word_1_632' title='bbox 678 2482 780 2514; x_wconf 74' lang='grc' dir='ltr'>ἁπλῶς,</span> <span class='ocrx_word' id='word_1_633' title='bbox 795 2481 907 2515; x_wconf 77' lang='grc' dir='ltr'>ἐξῄεσαν</span> <span class='ocrx_word' id='word_1_634' title='bbox 927 2480 955 2505; x_wconf 81' lang='grc' dir='ltr'>ἐν</span> 
     </span>
    </p>
   </div>
   <div class='ocr_carea' id='block_1_82' title="bbox 173 2524 958 2568">
    <p class='ocr_par' dir='ltr' id='par_1_82' title="bbox 173 2524 958 2568">
     <span class='ocr_line' id='line_1_82' title="bbox 173 2524 958 2568; baseline -0.015 -8"><span class='ocrx_word' id='word_1_635' title='bbox 173 2533 273 2568; x_wconf 84' lang='grc' dir='ltr'>σπουδῇ</span> <span class='ocrx_word' id='word_1_636' title='bbox 285 2552 293 2564; x_wconf 91' lang='grc'><strong>,</strong></span> <span class='ocrx_word' id='word_1_637' title='bbox 307 2531 354 2558; x_wconf 84' lang='grc' dir='ltr'><strong>καὶ</strong></span> <span class='ocrx_word' id='word_1_638' title='bbox 371 2532 399 2556; x_wconf 83' lang='grc' dir='ltr'><strong>ὲν</strong></span> <span class='ocrx_word' id='word_1_639' title='bbox 414 2531 463 2565; x_wconf 84' lang='grc' dir='ltr'>ῐσῳ</span> <span class='ocrx_word' id='word_1_640' title='bbox 485 2530 516 2556; x_wconf 77' lang='grc' dir='ltr'><strong>τὸ</strong></span> <span class='ocrx_word' id='word_1_641' title='bbox 531 2529 611 2564; x_wconf 86' lang='grc' dir='ltr'>δεῖμα</span> <span class='ocrx_word' id='word_1_642' title='bbox 623 2528 680 2558; x_wconf 87' lang='grc' dir='ltr'>τοῖς</span> <span class='ocrx_word' id='word_1_643' title='bbox 705 2525 849 2553; x_wconf 81' lang='grc' dir='ltr'>διώκουσιν</span> <span class='ocrx_word' id='word_1_644' title='bbox 876 2524 958 2557; x_wconf 82' lang='grc' dir='ltr'>Αἰγυ-</span> 
     </span>
    </p>
   </div>
   <div class='ocr_carea' id='block_1_83' title="bbox 172 2569 962 2612">
    <p class='ocr_par' dir='ltr' id='par_1_83' title="bbox 172 2569 962 2612">
     <span class='ocr_line' id='line_1_83' title="bbox 172 2569 962 2612; baseline -0.015 -6"><span class='ocrx_word' id='word_1_645' title='bbox 172 2579 260 2611; x_wconf 78' lang='grc' dir='ltr'>πτίοις</span> <span class='ocrx_word' id='word_1_646' title='bbox 279 2579 326 2605; x_wconf 75' lang='grc' dir='ltr'><strong>καὶ</strong></span> <span class='ocrx_word' id='word_1_647' title='bbox 347 2579 402 2609; x_wconf 80' lang='grc' dir='ltr'>τοῖς</span> <span class='ocrx_word' id='word_1_648' title='bbox 416 2577 465 2612; x_wconf 82' lang='grc' dir='ltr'>τὴν</span> <span class='ocrx_word' id='word_1_649' title='bbox 481 2576 571 2607; x_wconf 81' lang='grc' dir='ltr'>δίωξιν</span> <span class='ocrx_word' id='word_1_650' title='bbox 594 2573 782 2608; x_wconf 79' lang='grc' dir='ltr'>ὑπομένουσιν.</span> <span class='ocrx_word' id='word_1_651' title='bbox 796 2571 827 2597; x_wconf 84' lang='lat' dir='ltr'><strong>Ui</strong></span> <span class='ocrx_word' id='word_1_652' title='bbox 845 2570 893 2605; x_wconf 78' lang='grc' dir='ltr'>μὲν</span> <span class='ocrx_word' id='word_1_653' title='bbox 908 2569 962 2604; x_wconf 84' lang='grc' dir='ltr'><strong>γὰρ</strong></span> 
     </span>
    </p>
   </div>
   <div class='ocr_carea' id='block_1_84' title="bbox 171 2616 963 2660">
    <p class='ocr_par' dir='ltr' id='par_1_84' title="bbox 171 2616 963 2660">
     <span class='ocr_line' id='line_1_84' title="bbox 171 2616 963 2660; baseline -0.014 -8"><span class='ocrx_word' id='word_1_654' title='bbox 171 2626 227 2656; x_wconf 85' lang='grc' dir='ltr'>τοῖς</span> <span class='ocrx_word' id='word_1_655' title='bbox 235 2625 285 2660; x_wconf 71' lang='grc' dir='ltr'><strong>ἤδη</strong></span> <span class='ocrx_word' id='word_1_656' title='bbox 301 2623 412 2650; x_wconf 82' lang='grc' dir='ltr'>ὀλωλόσι</span> <span class='ocrx_word' id='word_1_657' title='bbox 434 2619 710 2657; x_wconf 58' lang='grc' dir='ltr'>προστεθήίσ]γεσθαι</span> <span class='ocrx_word' id='word_1_658' title='bbox 723 2616 901 2653; x_wconf 74' lang='grc' dir='ltr'>προσεδόκουν</span> <span class='ocrx_word' id='word_1_659' title='bbox 914 2616 963 2641; x_wconf 70' lang='grc' dir='ltr'>οὐκ</span> 
     </span>
    </p>
   </div>
   <div class='ocr_carea' id='block_1_85' title="bbox 171 2661 963 2706">
    <p class='ocr_par' dir='ltr' id='par_1_85' title="bbox 171 2661 963 2706">
     <span class='ocr_line' id='line_1_85' title="bbox 171 2661 963 2706; baseline -0.013 -8"><span class='ocrx_word' id='word_1_660' title='bbox 171 2673 210 2703; x_wconf 82' lang='grc' dir='ltr'>εἰς</span> <span class='ocrx_word' id='word_1_661' title='bbox 225 2670 375 2706; x_wconf 81' lang='grc' dir='ltr'>μακρὰν,εἰ</span> <span class='ocrx_word' id='word_1_662' title='bbox 387 2669 423 2704; x_wconf 87' lang='grc' dir='ltr'>μὴ</span> <span class='ocrx_word' id='word_1_663' title='bbox 441 2670 496 2699; x_wconf 86' lang='grc' dir='ltr'>τοῖς</span> <span class='ocrx_word' id='word_1_664' title='bbox 506 2666 587 2698; x_wconf 81' lang='grc' dir='ltr'>θείοις</span> <span class='ocrx_word' id='word_1_665' title='bbox 596 2666 715 2696; x_wconf 76' lang='grc' dir='ltr'>εῐκοντες</span> <span class='ocrx_word' id='word_1_666' title='bbox 728 2664 859 2698; x_wconf 83' lang='grc' dir='ltr'>νεύμασιν</span> <span class='ocrx_word' id='word_1_667' title='bbox 872 2661 963 2693; x_wconf 80' lang='grc' dir='ltr'>ἐξελά-</span> 
     </span>
    </p>
   </div>
   <div class='ocr_carea' id='block_1_86' title="bbox 173 2707 963 2751">
    <p class='ocr_par' dir='ltr' id='par_1_86' title="bbox 173 2707 963 2751">
     <span class='ocr_line' id='line_1_86' title="bbox 173 2707 963 2751; baseline -0.014 -8"><span class='ocrx_word' id='word_1_668' title='bbox 173 2725 248 2743; x_wconf 78' lang='grc' dir='ltr'>σαιεν</span> <span class='ocrx_word' id='word_1_669' title='bbox 256 2716 304 2751; x_wconf 78' lang='grc' dir='ltr'>τῆς</span> <span class='ocrx_word' id='word_1_670' title='bbox 317 2714 408 2750; x_wconf 83' lang='grc' dir='ltr'>χώρας</span> <span class='ocrx_word' id='word_1_671' title='bbox 424 2714 469 2740; x_wconf 73' lang='grc' dir='ltr'>τὸν</span> <span class='ocrx_word' id='word_1_672' title='bbox 488 2712 612 2748; x_wconf 75' lang='grc' dir='ltr'>Ἰσραήλο</span> <span class='ocrx_word' id='word_1_673' title='bbox 629 2711 654 2737; x_wconf 83' lang='grc' dir='ltr'><strong>οἱ</strong></span> <span class='ocrx_word' id='word_1_674' title='bbox 668 2710 707 2742; x_wconf 81' lang='grc' dir='ltr'>δὲ,</span> <span class='ocrx_word' id='word_1_675' title='bbox 727 2710 752 2736; x_wconf 75' lang='grc' dir='ltr'><strong>εἰ</strong></span> <span class='ocrx_word' id='word_1_676' title='bbox 766 2707 963 2743; x_wconf 72' lang='grc' dir='ltr'>καταληφθεῖεν</span> 
     </span>
    </p>
   </div>
   <div class='ocr_carea' id='block_1_87' title="bbox 173 2754 959 2801">
    <p class='ocr_par' dir='ltr' id='par_1_87' title="bbox 173 2754 959 2801">
     <span class='ocr_line' id='line_1_87' title="bbox 173 2754 959 2801; baseline -0.014 -11"><span class='ocrx_word' id='word_1_677' title='bbox 173 2763 315 2801; x_wconf 80' lang='grc' dir='ltr'>μέλλοντες</span> <span class='ocrx_word' id='word_1_678' title='bbox 329 2762 377 2789; x_wconf 72' lang='grc' dir='ltr'>καὶ</span> <span class='ocrx_word' id='word_1_679' title='bbox 391 2760 571 2794; x_wconf 84' lang='grc' dir='ltr'>ἀπολυόμενοι</span> <span class='ocrx_word' id='word_1_680' title='bbox 585 2759 634 2794; x_wconf 79' lang='grc' dir='ltr'>τὴν</span> <span class='ocrx_word' id='word_1_681' title='bbox 652 2756 818 2793; x_wconf 80' lang='grc' dir='ltr'>ἀναδρομὴν,</span> <span class='ocrx_word' id='word_1_682' title='bbox 833 2754 959 2801; x_wconf 25' lang='grc' dir='ltr'>ᾦοντοᾼδὴ</span> 
     </span>
    </p>
   </div>
   <div class='ocr_carea' id='block_1_88' title="bbox 171 2799 960 2840">
    <p class='ocr_par' dir='ltr' id='par_1_88' title="bbox 171 2799 960 2840">
     <span class='ocr_line' id='line_1_88' title="bbox 171 2799 960 2840; baseline -0.015 -3"><span class='ocrx_word' id='word_1_683' title='bbox 171 2799 282 2840; x_wconf 71' lang='grc' dir='ltr'>πάντως</span> <span class='ocrx_word' id='word_1_684' title='bbox 295 2809 356 2839; x_wconf 82' lang='grc' dir='ltr'>τοὺς</span> <span class='ocrx_word' id='word_1_685' title='bbox 371 2807 413 2833; x_wconf 73' lang='grc' dir='ltr'><strong>ἐπ’</strong></span> <span class='ocrx_word' id='word_1_686' title='bbox 428 2807 517 2836; x_wconf 80' lang='grc' dir='ltr'>αὐτοῖς</span> <span class='ocrx_word' id='word_1_687' title='bbox 533 2806 589 2836; x_wconf 82' lang='grc' dir='ltr'>τοῖς</span> <span class='ocrx_word' id='word_1_688' title='bbox 607 2804 729 2839; x_wconf 68' lang='grc' dir='ltr'>ἐσχάτοις</span> <span class='ocrx_word' id='word_1_689' title='bbox 751 2801 859 2836; x_wconf 82' lang='grc' dir='ltr'>ἀγῶνας</span> <span class='ocrx_word' id='word_1_690' title='bbox 871 2799 960 2834; x_wconf 84' lang='grc' dir='ltr'><strong>εἰσὸή-</strong></span> 
     </span>
    </p>
   </div>
   <div class='ocr_carea' id='block_1_89' title="bbox 211 2861 701 2898">
    <p class='ocr_par' dir='ltr' id='par_1_89' title="bbox 211 2861 701 2898">
     <span class='ocr_line' id='line_1_89' title="bbox 211 2861 701 2898; baseline -0.014 -4"><span class='ocrx_word' id='word_1_691' title='bbox 211 2868 233 2883; x_wconf 86' lang='grc'>⁶⁹</span> <span class='ocrx_word' id='word_1_692' title='bbox 242 2866 314 2894; x_wconf 87' lang='lat' dir='ltr'><strong>Psal.</strong></span> <span class='ocrx_word' id='word_1_693' title='bbox 333 2873 385 2898; x_wconf 82' lang='lat' dir='ltr'><strong>xct,</strong></span> <span class='ocrx_word' id='word_1_694' title='bbox 404 2865 448 2891; x_wconf 80' lang='grc'><strong>15.</strong></span> <span class='ocrx_word' id='word_1_695' title='bbox 486 2864 509 2879; x_wconf 86' lang='grc'>⁷⁰</span> <span class='ocrx_word' id='word_1_696' title='bbox 521 2863 598 2891; x_wconf 84' lang='lat' dir='ltr'><strong>Cant.</strong></span> <span class='ocrx_word' id='word_1_697' title='bbox 615 2870 660 2894; x_wconf 86' lang='lat' dir='ltr'><strong>vn,</strong></span> <span class='ocrx_word' id='word_1_698' title='bbox 675 2861 701 2888; x_wconf 87' lang='lat'><strong>8.</strong></span> 
     </span>
    </p>
   </div>
   <div class='ocr_carea' id='block_1_90' title="bbox 740 2855 990 2891">
    <p class='ocr_par' dir='ltr' id='par_1_90' title="bbox 740 2855 990 2891">
     <span class='ocr_line' id='line_1_90' title="bbox 740 2855 990 2891; baseline -0.024 -4"><span class='ocrx_word' id='word_1_699' title='bbox 740 2860 761 2876; x_wconf 90' lang='grc'><strong>⁷¹</strong></span> <span class='ocrx_word' id='word_1_700' title='bbox 776 2858 859 2886; x_wconf 86' lang='lat' dir='ltr'><strong>Exod.</strong></span> <span class='ocrx_word' id='word_1_701' title='bbox 873 2865 928 2891; x_wconf 74' lang='grc' dir='ltr'>ιγι,</span> <span class='ocrx_word' id='word_1_702' title='bbox 942 2855 990 2882; x_wconf 81' lang='grc'><strong>1-5</strong></span> 
     </span>
    </p>
   </div>
   <div class='ocr_carea' id='block_1_91' title="bbox 1005 1605 1796 1641">
    <p class='ocr_par' dir='ltr' id='par_1_91' title="bbox 1005 1605 1796 1641">
     <span class='ocr_line' id='line_1_91' title="bbox 1005 1605 1796 1641; baseline -0.001 -8"><span class='ocrx_word' id='word_1_703' title='bbox 1005 1610 1065 1634; x_wconf 89' lang='lat' dir='ltr'><strong>sent</strong></span> <span class='ocrx_word' id='word_1_704' title='bbox 1087 1606 1200 1641; x_wconf 80' lang='lat' dir='ltr'><strong>egressi,</strong></span> <span class='ocrx_word' id='word_1_705' title='bbox 1222 1605 1406 1633; x_wconf 86' lang='lat' dir='ltr'><strong>murmuravit</strong></span> <span class='ocrx_word' id='word_1_706' title='bbox 1432 1606 1520 1632; x_wconf 88' lang='lat' dir='ltr'><strong>omnis</strong></span> <span class='ocrx_word' id='word_1_707' title='bbox 1536 1605 1710 1641; x_wconf 78' lang='lat' dir='ltr'><strong>congregatio</strong></span> <span class='ocrx_word' id='word_1_708' title='bbox 1726 1605 1796 1633; x_wconf 86' lang='lat' dir='ltr'><strong>ﬁlio-</strong></span> 
     </span>
    </p>
   </div>
   <div class='ocr_carea' id='block_1_92' title="bbox 1005 1651 1797 1684">
    <p class='ocr_par' dir='ltr' id='par_1_92' title="bbox 1005 1651 1797 1684">
     <span class='ocr_line' id='line_1_92' title="bbox 1005 1651 1797 1684; baseline 0 -5"><span class='ocrx_word' id='word_1_709' title='bbox 1005 1660 1064 1679; x_wconf 89' lang='lat' dir='ltr'><strong>rum</strong></span> <span class='ocrx_word' id='word_1_710' title='bbox 1087 1651 1168 1678; x_wconf 81' lang='lat' dir='ltr'><strong>lsrael</strong></span> <span class='ocrx_word' id='word_1_711' title='bbox 1189 1655 1284 1678; x_wconf 84' lang='lat' dir='ltr'><strong>contra</strong></span> <span class='ocrx_word' id='word_1_712' title='bbox 1304 1651 1397 1678; x_wconf 83' lang='lat' dir='ltr'><strong>Mosen</strong></span> <span class='ocrx_word' id='word_1_713' title='bbox 1414 1655 1441 1678; x_wconf 89' lang='lat' dir='ltr'><strong>et</strong></span> <span class='ocrx_word' id='word_1_714' title='bbox 1464 1651 1564 1684; x_wconf 85' lang='lat' dir='ltr'><strong>Aaron,</strong></span> <span class='ocrx_word' id='word_1_715' title='bbox 1582 1655 1609 1678; x_wconf 87' lang='lat' dir='ltr'><strong>et</strong></span> <span class='ocrx_word' id='word_1_716' title='bbox 1621 1651 1748 1679; x_wconf 77' lang='lat' dir='ltr'><strong>dixerunt</strong></span> <span class='ocrx_word' id='word_1_717' title='bbox 1762 1651 1797 1679; x_wconf 83' lang='lat' dir='ltr'><strong>ad</strong></span> 
     </span>
    </p>
   </div>
   <div class='ocr_carea' id='block_1_93' title="bbox 1004 1696 1797 1732">
    <p class='ocr_par' dir='ltr' id='par_1_93' title="bbox 1004 1696 1797 1732">
     <span class='ocr_line' id='line_1_93' title="bbox 1004 1696 1797 1732; baseline 0 -8"><span class='ocrx_word' id='word_1_718' title='bbox 1004 1705 1052 1724; x_wconf 87' lang='lat' dir='ltr'><strong>eos</strong></span> <span class='ocrx_word' id='word_1_719' title='bbox 1077 1697 1123 1724; x_wconf 88' lang='lat' dir='ltr'><strong>tllii</strong></span> <span class='ocrx_word' id='word_1_720' title='bbox 1148 1697 1230 1724; x_wconf 84' lang='lat' dir='ltr'><strong>lsrael</strong></span> <span class='ocrx_word' id='word_1_721' title='bbox 1248 1705 1253 1723; x_wconf 89' lang='lat'>:</span> <span class='ocrx_word' id='word_1_722' title='bbox 1271 1696 1382 1724; x_wconf 87' lang='lat' dir='ltr'><strong>Utinam</strong></span> <span class='ocrx_word' id='word_1_723' title='bbox 1396 1697 1497 1724; x_wconf 93' lang='lat' dir='ltr'><strong>mortui</strong></span> <span class='ocrx_word' id='word_1_724' title='bbox 1510 1705 1632 1724; x_wconf 87' lang='lat' dir='ltr'><strong>essemus</strong></span> <span class='ocrx_word' id='word_1_725' title='bbox 1646 1697 1768 1732; x_wconf 89' lang='lat' dir='ltr'><strong>percussi</strong></span> <span class='ocrx_word' id='word_1_726' title='bbox 1782 1705 1797 1724; x_wconf 72' lang='grc' dir='ltr'>ει</span> 
     </span>
    </p>
   </div>
   <div class='ocr_carea' id='block_1_94' title="bbox 1005 1741 1798 1777">
    <p class='ocr_par' dir='ltr' id='par_1_94' title="bbox 1005 1741 1798 1777">
     <span class='ocr_line' id='line_1_94' title="bbox 1005 1741 1798 1777; baseline 0 -8"><span class='ocrx_word' id='word_1_727' title='bbox 1005 1743 1121 1770; x_wconf 79' lang='lat' dir='ltr'><strong>Domino</strong></span> <span class='ocrx_word' id='word_1_728' title='bbox 1131 1743 1158 1769; x_wconf 91' lang='lat' dir='ltr'><strong>in</strong></span> <span class='ocrx_word' id='word_1_729' title='bbox 1172 1746 1244 1770; x_wconf 85' lang='lat' dir='ltr'><strong>terra</strong></span> <span class='ocrx_word' id='word_1_730' title='bbox 1254 1741 1373 1777; x_wconf 69' lang='lat' dir='ltr'><strong>AEgypti,</strong></span> <span class='ocrx_word' id='word_1_731' title='bbox 1386 1742 1495 1777; x_wconf 84' lang='lat' dir='ltr'><strong>quando</strong></span> <span class='ocrx_word' id='word_1_732' title='bbox 1508 1742 1671 1770; x_wconf 87' lang='lat' dir='ltr'><strong>sedebamus</strong></span> <span class='ocrx_word' id='word_1_733' title='bbox 1687 1742 1719 1769; x_wconf 89' lang='lat' dir='ltr'><strong>ad</strong></span> <span class='ocrx_word' id='word_1_734' title='bbox 1732 1742 1798 1769; x_wconf 87' lang='lat' dir='ltr'><strong>ollas</strong></span> 
     </span>
    </p>
   </div>
   <div class='ocr_carea' id='block_1_95' title="bbox 1006 1787 1796 1823">
    <p class='ocr_par' dir='ltr' id='par_1_95' title="bbox 1006 1787 1796 1823">
     <span class='ocr_line' id='line_1_95' title="bbox 1006 1787 1796 1823; baseline -0.001 -7"><span class='ocrx_word' id='word_1_735' title='bbox 1006 1789 1140 1820; x_wconf 87' lang='lat' dir='ltr'><strong>carnium,</strong></span> <span class='ocrx_word' id='word_1_736' title='bbox 1156 1793 1183 1815; x_wconf 90' lang='lat' dir='ltr'><strong>et</strong></span> <span class='ocrx_word' id='word_1_737' title='bbox 1207 1788 1420 1815; x_wconf 84' lang='lat' dir='ltr'><strong>comedchamus</strong></span> <span class='ocrx_word' id='word_1_738' title='bbox 1442 1796 1539 1823; x_wconf 85' lang='lat' dir='ltr'><strong>panem</strong></span> <span class='ocrx_word' id='word_1_739' title='bbox 1564 1787 1598 1815; x_wconf 89' lang='lat' dir='ltr'><strong>ad</strong></span> <span class='ocrx_word' id='word_1_740' title='bbox 1623 1789 1796 1816; x_wconf 80' lang='lat' dir='ltr'><strong>satietatem!</strong></span> 
     </span>
    </p>
   </div>
   <div class='ocr_carea' id='block_1_96' title="bbox 1005 1834 1800 1867">
    <p class='ocr_par' dir='ltr' id='par_1_96' title="bbox 1005 1834 1800 1867">
     <span class='ocr_line' id='line_1_96' title="bbox 1005 1834 1800 1867; baseline 0 -5"><span class='ocrx_word' id='word_1_741' title='bbox 1005 1836 1061 1863; x_wconf 82' lang='lat' dir='ltr'><strong>Cur</strong></span> <span class='ocrx_word' id='word_1_742' title='bbox 1075 1835 1223 1862; x_wconf 88' lang='lat' dir='ltr'><strong>induxistis</strong></span> <span class='ocrx_word' id='word_1_743' title='bbox 1239 1843 1291 1862; x_wconf 92' lang='lat' dir='ltr'><strong>nos</strong></span> <span class='ocrx_word' id='word_1_744' title='bbox 1312 1835 1338 1862; x_wconf 88' lang='lat' dir='ltr'><strong>in</strong></span> <span class='ocrx_word' id='word_1_745' title='bbox 1359 1835 1500 1862; x_wconf 83' lang='lat' dir='ltr'><strong>desertum</strong></span> <span class='ocrx_word' id='word_1_746' title='bbox 1514 1834 1574 1867; x_wconf 88' lang='lat' dir='ltr'><strong>hoc,</strong></span> <span class='ocrx_word' id='word_1_747' title='bbox 1591 1837 1622 1861; x_wconf 91' lang='lat' dir='ltr'><strong>ut</strong></span> <span class='ocrx_word' id='word_1_748' title='bbox 1637 1834 1800 1862; x_wconf 87' lang='lat' dir='ltr'><strong>oceideretis</strong></span> 
     </span>
    </p>
   </div>
   <div class='ocr_carea' id='block_1_97' title="bbox 1007 1879 1799 1916">
    <p class='ocr_par' dir='ltr' id='par_1_97' title="bbox 1007 1879 1799 1916">
     <span class='ocr_line' id='line_1_97' title="bbox 1007 1879 1799 1916; baseline -0.004 -7"><span class='ocrx_word' id='word_1_749' title='bbox 1007 1890 1115 1910; x_wconf 87' lang='lat' dir='ltr'><strong>onmem</strong></span> <span class='ocrx_word' id='word_1_750' title='bbox 1141 1881 1380 1916; x_wconf 69' lang='lat' dir='ltr'><strong>congregationem</strong></span> <span class='ocrx_word' id='word_1_751' title='bbox 1410 1880 1479 1906; x_wconf 89' lang='lat' dir='ltr'><strong>hanc</strong></span> <span class='ocrx_word' id='word_1_752' title='bbox 1501 1879 1679 1907; x_wconf 81' lang='lat' dir='ltr'><strong>fame?Dixit</strong></span> <span class='ocrx_word' id='word_1_753' title='bbox 1706 1884 1799 1907; x_wconf 89' lang='lat' dir='ltr'><strong>autem</strong></span> 
     </span>
    </p>
   </div>
   <div class='ocr_carea' id='block_1_98' title="bbox 1007 1924 1799 1960">
    <p class='ocr_par' dir='ltr' id='par_1_98' title="bbox 1007 1924 1799 1960">
     <span class='ocr_line' id='line_1_98' title="bbox 1007 1924 1799 1960; baseline -0.004 -5"><span class='ocrx_word' id='word_1_754' title='bbox 1007 1928 1139 1955; x_wconf 90' lang='lat' dir='ltr'><strong>Dominus</strong></span> <span class='ocrx_word' id='word_1_755' title='bbox 1158 1927 1191 1953; x_wconf 89' lang='lat' dir='ltr'><strong>ad</strong></span> <span class='ocrx_word' id='word_1_756' title='bbox 1212 1926 1303 1953; x_wconf 84' lang='lat' dir='ltr'><strong>Mosen</strong></span> <span class='ocrx_word' id='word_1_757' title='bbox 1318 1934 1322 1952; x_wconf 94' lang='lat'>:</span> <span class='ocrx_word' id='word_1_758' title='bbox 1340 1925 1409 1952; x_wconf 88' lang='lat' dir='ltr'><strong>Ecce</strong></span> <span class='ocrx_word' id='word_1_759' title='bbox 1420 1933 1470 1960; x_wconf 76' lang='lat' dir='ltr'><strong>ego</strong></span> <span class='ocrx_word' id='word_1_760' title='bbox 1487 1925 1577 1958; x_wconf 70' lang='lat' dir='ltr'><strong>bluam</strong></span> <span class='ocrx_word' id='word_1_761' title='bbox 1589 1924 1668 1951; x_wconf 82' lang='lat' dir='ltr'><strong>vobis</strong></span> <span class='ocrx_word' id='word_1_762' title='bbox 1682 1933 1765 1959; x_wconf 88' lang='lat' dir='ltr'><strong>panes</strong></span> <span class='ocrx_word' id='word_1_763' title='bbox 1784 1933 1799 1952; x_wconf 90' lang='lat' dir='ltr'><strong>e</strong></span> 
     </span>
    </p>
   </div>
   <div class='ocr_carea' id='block_1_99' title="bbox 1007 1969 1800 2007">
    <p class='ocr_par' dir='ltr' id='par_1_99' title="bbox 1007 1969 1800 2007">
     <span class='ocr_line' id='line_1_99' title="bbox 1007 1969 1800 2007; baseline -0.005 -6"><span class='ocrx_word' id='word_1_764' title='bbox 1007 1974 1087 2006; x_wconf 74' lang='lat' dir='ltr'><strong>cwlo,</strong></span> <span class='ocrx_word' id='word_1_765' title='bbox 1102 1976 1129 2000; x_wconf 88' lang='lat' dir='ltr'><strong>et</strong></span> <span class='ocrx_word' id='word_1_766' title='bbox 1144 1972 1301 2007; x_wconf 79' lang='lat' dir='ltr'><strong>egredietur</strong></span> <span class='ocrx_word' id='word_1_767' title='bbox 1313 1971 1440 2005; x_wconf 81' lang='lat' dir='ltr'><strong>populus,</strong></span> <span class='ocrx_word' id='word_1_768' title='bbox 1454 1973 1482 1996; x_wconf 91' lang='lat' dir='ltr'><strong>et</strong></span> <span class='ocrx_word' id='word_1_769' title='bbox 1497 1970 1624 2004; x_wconf 82' lang='lat' dir='ltr'><strong>colligent</strong></span> <span class='ocrx_word' id='word_1_770' title='bbox 1636 1970 1709 2004; x_wconf 87' lang='lat' dir='ltr'><strong>quod</strong></span> <span class='ocrx_word' id='word_1_771' title='bbox 1727 1969 1800 1997; x_wconf 82' lang='lat' dir='ltr'><strong>suﬂi—</strong></span> 
     </span>
    </p>
   </div>
   <div class='ocr_carea' id='block_1_100' title="bbox 1008 2015 1799 2052">
    <p class='ocr_par' dir='ltr' id='par_1_100' title="bbox 1008 2015 1799 2052">
     <span class='ocr_line' id='line_1_100' title="bbox 1008 2015 1799 2052; baseline -0.005 -6"><span class='ocrx_word' id='word_1_772' title='bbox 1008 2019 1046 2046; x_wconf 89' lang='lat' dir='ltr'><strong>cit</strong></span> <span class='ocrx_word' id='word_1_773' title='bbox 1067 2019 1094 2045; x_wconf 93' lang='lat' dir='ltr'><strong>in</strong></span> <span class='ocrx_word' id='word_1_774' title='bbox 1107 2018 1166 2045; x_wconf 89' lang='lat' dir='ltr'><strong>dies</strong></span> <span class='ocrx_word' id='word_1_775' title='bbox 1182 2017 1304 2052; x_wconf 80' lang='lat' dir='ltr'><strong>singulos</strong></span> <span class='ocrx_word' id='word_1_776' title='bbox 1319 2025 1324 2042; x_wconf 91' lang='lat'><strong>:</strong></span> <span class='ocrx_word' id='word_1_777' title='bbox 1342 2019 1372 2042; x_wconf 91' lang='lat' dir='ltr'><strong>ut</strong></span> <span class='ocrx_word' id='word_1_778' title='bbox 1390 2019 1492 2042; x_wconf 88' lang='lat' dir='ltr'><strong>tentem</strong></span> <span class='ocrx_word' id='word_1_779' title='bbox 1509 2023 1566 2046; x_wconf 89' lang='lat' dir='ltr'><strong>eos,</strong></span> <span class='ocrx_word' id='word_1_780' title='bbox 1583 2015 1606 2042; x_wconf 91' lang='lat' dir='ltr'><strong>si</strong></span> <span class='ocrx_word' id='word_1_781' title='bbox 1620 2016 1799 2043; x_wconf 87' lang='lat' dir='ltr'><strong>ambulabunt</strong></span> 
     </span>
    </p>
   </div>
   <div class='ocr_carea' id='block_1_101' title="bbox 1009 2062 1800 2099">
    <p class='ocr_par' dir='ltr' id='par_1_101' title="bbox 1009 2062 1800 2099">
     <span class='ocr_line' id='line_1_101' title="bbox 1009 2062 1800 2099; baseline -0.003 -8"><span class='ocrx_word' id='word_1_782' title='bbox 1009 2064 1036 2091; x_wconf 93' lang='lat' dir='ltr'><strong>in</strong></span> <span class='ocrx_word' id='word_1_783' title='bbox 1047 2065 1106 2099; x_wconf 82' lang='lat' dir='ltr'><strong>lege</strong></span> <span class='ocrx_word' id='word_1_784' title='bbox 1119 2072 1188 2090; x_wconf 84' lang='lat' dir='ltr'><strong>mea.</strong></span> <span class='ocrx_word' id='word_1_785' title='bbox 1206 2063 1240 2090; x_wconf 80' lang='lat' dir='ltr'><strong>Et</strong></span> <span class='ocrx_word' id='word_1_786' title='bbox 1253 2062 1307 2090; x_wconf 90' lang='lat' dir='ltr'><strong>erit</strong></span> <span class='ocrx_word' id='word_1_787' title='bbox 1318 2062 1362 2088; x_wconf 94' lang='lat' dir='ltr'><strong>die</strong></span> <span class='ocrx_word' id='word_1_788' title='bbox 1379 2065 1463 2093; x_wconf 80' lang='lat' dir='ltr'><strong>sexta,</strong></span> <span class='ocrx_word' id='word_1_789' title='bbox 1475 2065 1502 2088; x_wconf 91' lang='lat' dir='ltr'><strong>et</strong></span> <span class='ocrx_word' id='word_1_790' title='bbox 1517 2062 1710 2096; x_wconf 64' lang='lat' dir='ltr'><strong>prmparabunt</strong></span> <span class='ocrx_word' id='word_1_791' title='bbox 1727 2062 1800 2097; x_wconf 83' lang='lat' dir='ltr'><strong>quod</strong></span> 
     </span>
    </p>
   </div>
   <div class='ocr_carea' id='block_1_102' title="bbox 1010 2106 1801 2144">
    <p class='ocr_par' dir='ltr' id='par_1_102' title="bbox 1010 2106 1801 2144">
     <span class='ocr_line' id='line_1_102' title="bbox 1010 2106 1801 2144; baseline -0.004 -7"><span class='ocrx_word' id='word_1_792' title='bbox 1010 2110 1127 2137; x_wconf 84' lang='lat' dir='ltr'><strong>inferant</strong></span> <span class='ocrx_word' id='word_1_793' title='bbox 1141 2117 1147 2142; x_wconf 85' lang='lat'><strong>;</strong></span> <span class='ocrx_word' id='word_1_794' title='bbox 1164 2108 1246 2144; x_wconf 74' lang='lat'><strong>286</strong></span> <span class='ocrx_word' id='word_1_795' title='bbox 1267 2111 1295 2135; x_wconf 86' lang='lat' dir='ltr'><strong>et</strong></span> <span class='ocrx_word' id='word_1_796' title='bbox 1310 2108 1364 2134; x_wconf 88' lang='lat' dir='ltr'><strong>erit</strong></span> <span class='ocrx_word' id='word_1_797' title='bbox 1383 2106 1495 2141; x_wconf 82' lang='lat' dir='ltr'><strong>duplum</strong></span> <span class='ocrx_word' id='word_1_798' title='bbox 1511 2107 1570 2141; x_wconf 78' lang='lat' dir='ltr'><strong>ejus</strong></span> <span class='ocrx_word' id='word_1_799' title='bbox 1581 2106 1653 2141; x_wconf 89' lang='lat' dir='ltr'><strong>quod</strong></span> <span class='ocrx_word' id='word_1_800' title='bbox 1672 2107 1801 2142; x_wconf 83' lang='lat' dir='ltr'><strong>colligere</strong></span> 
     </span>
    </p>
   </div>
   <div class='ocr_carea' id='block_1_103' title="bbox 1008 2152 1801 2190">
    <p class='ocr_par' dir='ltr' id='par_1_103' title="bbox 1008 2152 1801 2190">
     <span class='ocr_line' id='line_1_103' title="bbox 1008 2152 1801 2190; baseline -0.008 -6"><span class='ocrx_word' id='word_1_801' title='bbox 1008 2156 1133 2184; x_wconf 83' lang='lat' dir='ltr'><strong>solebant</strong></span> <span class='ocrx_word' id='word_1_802' title='bbox 1154 2163 1202 2190; x_wconf 85' lang='lat' dir='ltr'><strong>per</strong></span> <span class='ocrx_word' id='word_1_803' title='bbox 1212 2155 1270 2182; x_wconf 88' lang='lat' dir='ltr'><strong>dies</strong></span> <span class='ocrx_word' id='word_1_804' title='bbox 1282 2153 1403 2189; x_wconf 81' lang='lat' dir='ltr'><strong>singulos</strong></span> <span class='ocrx_word' id='word_1_805' title='bbox 1413 2153 1445 2179; x_wconf 81' lang='grc' dir='ltr'><strong>τι.</strong></span> <span class='ocrx_word' id='word_1_806' title='bbox 1461 2162 1470 2178; x_wconf 75' lang='grc' dir='ltr'><strong>ι</strong></span> <span class='ocrx_word' id='word_1_807' title='bbox 1491 2152 1673 2187; x_wconf 79' lang='lat' dir='ltr'><strong>Primogenita</strong></span> <span class='ocrx_word' id='word_1_808' title='bbox 1689 2152 1801 2186; x_wconf 86' lang='lat' dir='ltr'><strong>quidem</strong></span> 
     </span>
    </p>
   </div>
   <div class='ocr_carea' id='block_1_104' title="bbox 1010 2197 1803 2238">
    <p class='ocr_par' dir='ltr' id='par_1_104' title="bbox 1010 2197 1803 2238">
     <span class='ocr_line' id='line_1_104' title="bbox 1010 2197 1803 2238; baseline -0.006 -9"><span class='ocrx_word' id='word_1_809' title='bbox 1010 2201 1210 2238; x_wconf 63' lang='lat' dir='ltr'><strong>Egyptiorum,</strong></span> <span class='ocrx_word' id='word_1_810' title='bbox 1225 2205 1254 2226; x_wconf 90' lang='lat' dir='ltr'><strong>ut</strong></span> <span class='ocrx_word' id='word_1_811' title='bbox 1265 2200 1319 2235; x_wconf 88' lang='lat' dir='ltr'><strong>jam</strong></span> <span class='ocrx_word' id='word_1_812' title='bbox 1335 2198 1464 2231; x_wconf 81' lang='lat' dir='ltr'><strong>diximus,</strong></span> <span class='ocrx_word' id='word_1_813' title='bbox 1479 2197 1641 2233; x_wconf 81' lang='lat' dir='ltr'><strong>perierunt;</strong></span> <span class='ocrx_word' id='word_1_814' title='bbox 1658 2197 1704 2225; x_wconf 88' lang='lat' dir='ltr'><strong>sed</strong></span> <span class='ocrx_word' id='word_1_815' title='bbox 1715 2198 1803 2225; x_wconf 88' lang='lat' dir='ltr'><strong>Israc-</strong></span> 
     </span>
    </p>
   </div>
   <div class='ocr_carea' id='block_1_105' title="bbox 977 2243 1800 2282">
    <p class='ocr_par' dir='ltr' id='par_1_105' title="bbox 977 2243 1800 2282">
     <span class='ocr_line' id='line_1_105' title="bbox 977 2243 1800 2282; baseline -0.005 -7"><span class='ocrx_word' id='word_1_816' title='bbox 977 2243 996 2270; x_wconf 85' lang='lat' dir='ltr'><strong>D</strong></span> <span class='ocrx_word' id='word_1_817' title='bbox 1011 2248 1066 2275; x_wconf 71' lang='lat' dir='ltr'><strong>lita:</strong></span> <span class='ocrx_word' id='word_1_818' title='bbox 1083 2247 1151 2274; x_wconf 86' lang='lat' dir='ltr'><strong>adeo</strong></span> <span class='ocrx_word' id='word_1_819' title='bbox 1165 2254 1281 2282; x_wconf 81' lang='lat' dir='ltr'><strong>propere</strong></span> <span class='ocrx_word' id='word_1_820' title='bbox 1297 2244 1516 2276; x_wconf 85' lang='lat' dir='ltr'><strong>dimittebantur,</strong></span> <span class='ocrx_word' id='word_1_821' title='bbox 1535 2247 1563 2270; x_wconf 91' lang='lat' dir='ltr'><strong>ut</strong></span> <span class='ocrx_word' id='word_1_822' title='bbox 1578 2251 1612 2270; x_wconf 88' lang='lat' dir='ltr'><strong>ne</strong></span> <span class='ocrx_word' id='word_1_823' title='bbox 1629 2243 1728 2271; x_wconf 83' lang='lat' dir='ltr'><strong>viatico</strong></span> <span class='ocrx_word' id='word_1_824' title='bbox 1737 2244 1800 2279; x_wconf 90' lang='lat' dir='ltr'><strong>qui-</strong></span> 
     </span>
    </p>
   </div>
   <div class='ocr_carea' id='block_1_106' title="bbox 1009 2289 1803 2326">
    <p class='ocr_par' dir='ltr' id='par_1_106' title="bbox 1009 2289 1803 2326">
     <span class='ocr_line' id='line_1_106' title="bbox 1009 2289 1803 2326; baseline -0.006 -5"><span class='ocrx_word' id='word_1_825' title='bbox 1009 2294 1070 2321; x_wconf 90' lang='lat' dir='ltr'><strong>dem</strong></span> <span class='ocrx_word' id='word_1_826' title='bbox 1089 2301 1117 2320; x_wconf 90' lang='lat' dir='ltr'><strong>se</strong></span> <span class='ocrx_word' id='word_1_827' title='bbox 1136 2293 1271 2320; x_wconf 88' lang='lat' dir='ltr'><strong>instruere</strong></span> <span class='ocrx_word' id='word_1_828' title='bbox 1289 2296 1409 2326; x_wconf 86' lang='lat' dir='ltr'><strong>possent.</strong></span> <span class='ocrx_word' id='word_1_829' title='bbox 1426 2289 1550 2317; x_wconf 85' lang='lat' dir='ltr'><strong>Farinam</strong></span> <span class='ocrx_word' id='word_1_830' title='bbox 1569 2289 1643 2316; x_wconf 89' lang='lat' dir='ltr'><strong>enim</strong></span> <span class='ocrx_word' id='word_1_831' title='bbox 1658 2297 1735 2317; x_wconf 88' lang='lat' dir='ltr'><strong>suam</strong></span> <span class='ocrx_word' id='word_1_832' title='bbox 1751 2298 1803 2317; x_wconf 84' lang='lat' dir='ltr'><strong>ex—</strong></span> 
     </span>
    </p>
   </div>
   <div class='ocr_carea' id='block_1_107' title="bbox 1010 2334 1805 2372">
    <p class='ocr_par' dir='ltr' id='par_1_107' title="bbox 1010 2334 1805 2372">
     <span class='ocr_line' id='line_1_107' title="bbox 1010 2334 1805 2372; baseline -0.004 -6"><span class='ocrx_word' id='word_1_833' title='bbox 1010 2340 1144 2371; x_wconf 85' lang='lat' dir='ltr'><strong>tulerunt,</strong></span> <span class='ocrx_word' id='word_1_834' title='bbox 1165 2341 1310 2372; x_wconf 84' lang='lat' dir='ltr'><strong>antequam</strong></span> <span class='ocrx_word' id='word_1_835' title='bbox 1330 2343 1425 2364; x_wconf 65' lang='lat' dir='ltr'><strong>massae.</strong></span> <span class='ocrx_word' id='word_1_836' title='bbox 1436 2339 1528 2362; x_wconf 89' lang='lat' dir='ltr'><strong>essent</strong></span> <span class='ocrx_word' id='word_1_837' title='bbox 1539 2334 1717 2367; x_wconf 58' lang='lat' dir='ltr'><strong>fermentata,</strong></span> <span class='ocrx_word' id='word_1_838' title='bbox 1734 2343 1805 2370; x_wconf 80' lang='lat' dir='ltr'><strong>quas</strong></span> 
     </span>
    </p>
   </div>
   <div class='ocr_carea' id='block_1_108' title="bbox 1011 2381 1802 2417">
    <p class='ocr_par' dir='ltr' id='par_1_108' title="bbox 1011 2381 1802 2417">
     <span class='ocr_line' id='line_1_108' title="bbox 1011 2381 1802 2417; baseline -0.006 -4"><span class='ocrx_word' id='word_1_839' title='bbox 1011 2382 1042 2413; x_wconf 25' lang='lat' dir='ltr'><strong>in.</strong></span> <span class='ocrx_word' id='word_1_840' title='bbox 1056 2386 1113 2413; x_wconf 90' lang='lat' dir='ltr'><strong>suis</strong></span> <span class='ocrx_word' id='word_1_841' title='bbox 1134 2383 1307 2412; x_wconf 76' lang='lat' dir='ltr'><strong>vestimentis</strong></span> <span class='ocrx_word' id='word_1_842' title='bbox 1331 2382 1535 2417; x_wconf 78' lang='lat' dir='ltr'><strong>colligaverant.</strong></span> <span class='ocrx_word' id='word_1_843' title='bbox 1564 2381 1678 2416; x_wconf 89' lang='lat' dir='ltr'><strong>Sumpto</strong></span> <span class='ocrx_word' id='word_1_844' title='bbox 1708 2382 1802 2416; x_wconf 87' lang='lat' dir='ltr'><strong>itaque</strong></span> 
     </span>
    </p>
   </div>
   <div class='ocr_carea' id='block_1_109' title="bbox 1010 2427 1801 2464">
    <p class='ocr_par' dir='ltr' id='par_1_109' title="bbox 1010 2427 1801 2464">
     <span class='ocr_line' id='line_1_109' title="bbox 1010 2427 1801 2464; baseline -0.006 -5"><span class='ocrx_word' id='word_1_845' title='bbox 1010 2432 1110 2459; x_wconf 84' lang='lat' dir='ltr'><strong>viatico</strong></span> <span class='ocrx_word' id='word_1_846' title='bbox 1132 2439 1165 2458; x_wconf 82' lang='lat' dir='ltr'><strong>ex</strong></span> <span class='ocrx_word' id='word_1_847' title='bbox 1185 2430 1218 2457; x_wconf 90' lang='lat' dir='ltr'><strong>iis</strong></span> <span class='ocrx_word' id='word_1_848' title='bbox 1233 2437 1292 2464; x_wconf 71' lang='lat' dir='ltr'><strong>quae</strong></span> <span class='ocrx_word' id='word_1_849' title='bbox 1305 2428 1385 2456; x_wconf 87' lang='lat' dir='ltr'><strong>obvia</strong></span> <span class='ocrx_word' id='word_1_850' title='bbox 1399 2432 1489 2459; x_wconf 89' lang='lat' dir='ltr'><strong>erant,</strong></span> <span class='ocrx_word' id='word_1_851' title='bbox 1502 2427 1613 2454; x_wconf 85' lang='lat' dir='ltr'><strong>exibant</strong></span> <span class='ocrx_word' id='word_1_852' title='bbox 1629 2427 1801 2460; x_wconf 85' lang='lat' dir='ltr'><strong>festinanter,</strong></span> 
     </span>
    </p>
   </div>
   <div class='ocr_carea' id='block_1_110' title="bbox 990 2474 1801 2510">
    <p class='ocr_par' dir='ltr' id='par_1_110' title="bbox 990 2474 1801 2510">
     <span class='ocr_line' id='line_1_110' title="bbox 990 2474 1801 2510; baseline -0.004 -7"><span class='ocrx_word' id='word_1_853' title='bbox 990 2500 993 2503; x_wconf 85' lang='lat'><strong>.</strong></span> <span class='ocrx_word' id='word_1_854' title='bbox 1012 2482 1040 2505; x_wconf 87' lang='lat' dir='ltr'><strong>et</strong></span> <span class='ocrx_word' id='word_1_855' title='bbox 1065 2476 1199 2504; x_wconf 77' lang='lat' dir='ltr'><strong>timebant</strong></span> <span class='ocrx_word' id='word_1_856' title='bbox 1222 2476 1273 2503; x_wconf 88' lang='lat' dir='ltr'><strong>sibi</strong></span> <span class='ocrx_word' id='word_1_857' title='bbox 1297 2480 1350 2502; x_wconf 82' lang='lat' dir='ltr'><strong>tam</strong></span> <span class='ocrx_word' id='word_1_858' title='bbox 1373 2474 1489 2510; x_wconf 57' lang='lat' dir='ltr'><strong>[Egyptii</strong></span> <span class='ocrx_word' id='word_1_859' title='bbox 1505 2477 1704 2510; x_wconf 87' lang='lat' dir='ltr'><strong>persecutores,</strong></span> <span class='ocrx_word' id='word_1_860' title='bbox 1720 2481 1801 2508; x_wconf 85' lang='lat' dir='ltr'><strong>quam</strong></span> 
     </span>
    </p>
   </div>
   <div class='ocr_carea' id='block_1_111' title="bbox 1013 2518 1803 2556">
    <p class='ocr_par' dir='ltr' id='par_1_111' title="bbox 1013 2518 1803 2556">
     <span class='ocr_line' id='line_1_111' title="bbox 1013 2518 1803 2556; baseline -0.008 -5"><span class='ocrx_word' id='word_1_861' title='bbox 1013 2523 1110 2554; x_wconf 60' lang='lat' dir='ltr'><strong>Judaei,</strong></span> <span class='ocrx_word' id='word_1_862' title='bbox 1138 2522 1185 2556; x_wconf 91' lang='lat' dir='ltr'><strong>qui</strong></span> <span class='ocrx_word' id='word_1_863' title='bbox 1213 2521 1387 2548; x_wconf 83' lang='lat' dir='ltr'><strong>sustinebant</strong></span> <span class='ocrx_word' id='word_1_864' title='bbox 1409 2519 1638 2555; x_wconf 85' lang='lat' dir='ltr'><strong>persecutionem.</strong></span> <span class='ocrx_word' id='word_1_865' title='bbox 1662 2518 1730 2546; x_wconf 85' lang='lat' dir='ltr'><strong>Nam</strong></span> <span class='ocrx_word' id='word_1_866' title='bbox 1748 2518 1803 2545; x_wconf 92' lang='lat' dir='ltr'><strong>illis</strong></span> 
     </span>
    </p>
   </div>
   <div class='ocr_carea' id='block_1_112' title="bbox 1013 2565 1802 2604">
    <p class='ocr_par' dir='ltr' id='par_1_112' title="bbox 1013 2565 1802 2604">
     <span class='ocr_line' id='line_1_112' title="bbox 1013 2565 1802 2604; baseline -0.005 -8"><span class='ocrx_word' id='word_1_867' title='bbox 1013 2569 1123 2604; x_wconf 88' lang='lat' dir='ltr'><strong>quidem</strong></span> <span class='ocrx_word' id='word_1_868' title='bbox 1143 2567 1287 2594; x_wconf 76' lang='lat' dir='ltr'><strong>videbatur</strong></span> <span class='ocrx_word' id='word_1_869' title='bbox 1307 2566 1382 2593; x_wconf 80' lang='lat' dir='ltr'><strong>brevi</strong></span> <span class='ocrx_word' id='word_1_870' title='bbox 1403 2565 1472 2598; x_wconf 89' lang='lat' dir='ltr'><strong>fore,</strong></span> <span class='ocrx_word' id='word_1_871' title='bbox 1491 2569 1520 2592; x_wconf 92' lang='lat' dir='ltr'><strong>ut</strong></span> <span class='ocrx_word' id='word_1_872' title='bbox 1539 2565 1730 2600; x_wconf 79' lang='lat' dir='ltr'><strong>primogenitis</strong></span> <span class='ocrx_word' id='word_1_873' title='bbox 1745 2565 1802 2600; x_wconf 86' lang='lat' dir='ltr'><strong>jam</strong></span> 
     </span>
    </p>
   </div>
   <div class='ocr_carea' id='block_1_113' title="bbox 1011 2610 1802 2651">
    <p class='ocr_par' dir='ltr' id='par_1_113' title="bbox 1011 2610 1802 2651">
     <span class='ocr_line' id='line_1_113' title="bbox 1011 2610 1802 2651; baseline -0.008 -8"><span class='ocrx_word' id='word_1_874' title='bbox 1011 2614 1161 2651; x_wconf 84' lang='lat' dir='ltr'><strong>deperditis</strong></span> <span class='ocrx_word' id='word_1_875' title='bbox 1174 2613 1225 2648; x_wconf 88' lang='lat' dir='ltr'><strong>ipsi</strong></span> <span class='ocrx_word' id='word_1_876' title='bbox 1239 2612 1418 2647; x_wconf 80' lang='lat' dir='ltr'><strong>adderentur,</strong></span> <span class='ocrx_word' id='word_1_877' title='bbox 1433 2611 1485 2638; x_wconf 92' lang='lat' dir='ltr'><strong>nisi</strong></span> <span class='ocrx_word' id='word_1_878' title='bbox 1497 2611 1591 2638; x_wconf 75' lang='lat' dir='ltr'><strong>divino</strong></span> <span class='ocrx_word' id='word_1_879' title='bbox 1605 2611 1683 2638; x_wconf 86' lang='lat' dir='ltr'><strong>nutui</strong></span> <span class='ocrx_word' id='word_1_880' title='bbox 1693 2610 1802 2638; x_wconf 91' lang='lat' dir='ltr'><strong>obtem—</strong></span> 
     </span>
    </p>
   </div>
   <div class='ocr_carea' id='block_1_114' title="bbox 1011 2656 1801 2697">
    <p class='ocr_par' dir='ltr' id='par_1_114' title="bbox 1011 2656 1801 2697">
     <span class='ocr_line' id='line_1_114' title="bbox 1011 2656 1801 2697; baseline -0.006 -8"><span class='ocrx_word' id='word_1_881' title='bbox 1011 2665 1149 2697; x_wconf 85' lang='lat' dir='ltr'><strong>perantes,</strong></span> <span class='ocrx_word' id='word_1_882' title='bbox 1177 2658 1313 2686; x_wconf 83' lang='lat' dir='ltr'><strong>lsraelitas</strong></span> <span class='ocrx_word' id='word_1_883' title='bbox 1330 2665 1345 2684; x_wconf 89' lang='lat' dir='ltr'><strong>e</strong></span> <span class='ocrx_word' id='word_1_884' title='bbox 1364 2665 1412 2684; x_wconf 84' lang='lat' dir='ltr'><strong>sua</strong></span> <span class='ocrx_word' id='word_1_885' title='bbox 1430 2656 1541 2691; x_wconf 85' lang='lat' dir='ltr'><strong>regione</strong></span> <span class='ocrx_word' id='word_1_886' title='bbox 1564 2657 1753 2684; x_wconf 84' lang='lat' dir='ltr'><strong>dimitterent:</strong></span> <span class='ocrx_word' id='word_1_887' title='bbox 1772 2656 1801 2684; x_wconf 87' lang='lat' dir='ltr'><strong>bi</strong></span> 
     </span>
    </p>
   </div>
   <div class='ocr_carea' id='block_1_115' title="bbox 1012 2702 1804 2740">
    <p class='ocr_par' dir='ltr' id='par_1_115' title="bbox 1012 2702 1804 2740">
     <span class='ocr_line' id='line_1_115' title="bbox 1012 2702 1804 2740; baseline -0.008 -5"><span class='ocrx_word' id='word_1_888' title='bbox 1012 2715 1088 2739; x_wconf 84' lang='lat' dir='ltr'><strong>vero,</strong></span> <span class='ocrx_word' id='word_1_889' title='bbox 1107 2706 1129 2734; x_wconf 91' lang='lat' dir='ltr'><strong>si</strong></span> <span class='ocrx_word' id='word_1_890' title='bbox 1146 2703 1419 2740; x_wconf 87' lang='lat' dir='ltr'><strong>deprehenderentur</strong></span> <span class='ocrx_word' id='word_1_891' title='bbox 1434 2702 1502 2729; x_wconf 87' lang='lat' dir='ltr'><strong>tardi</strong></span> <span class='ocrx_word' id='word_1_892' title='bbox 1515 2707 1596 2736; x_wconf 87' lang='lat' dir='ltr'><strong>atque</strong></span> <span class='ocrx_word' id='word_1_893' title='bbox 1608 2702 1710 2729; x_wconf 87' lang='lat' dir='ltr'><strong>exitum</strong></span> <span class='ocrx_word' id='word_1_894' title='bbox 1723 2702 1804 2729; x_wconf 79' lang='lat' dir='ltr'><strong>diﬂe—</strong></span> 
     </span>
    </p>
   </div>
   <div class='ocr_carea' id='block_1_116' title="bbox 1013 2747 1804 2787">
    <p class='ocr_par' dir='ltr' id='par_1_116' title="bbox 1013 2747 1804 2787">
     <span class='ocr_line' id='line_1_116' title="bbox 1013 2747 1804 2787; baseline -0.009 -7"><span class='ocrx_word' id='word_1_895' title='bbox 1013 2757 1114 2784; x_wconf 86' lang='lat' dir='ltr'><strong>rentes,</strong></span> <span class='ocrx_word' id='word_1_896' title='bbox 1132 2751 1265 2787; x_wconf 84' lang='lat' dir='ltr'><strong>putabant</strong></span> <span class='ocrx_word' id='word_1_897' title='bbox 1284 2748 1419 2780; x_wconf 80' lang='lat' dir='ltr'><strong>futurum,</strong></span> <span class='ocrx_word' id='word_1_898' title='bbox 1438 2751 1468 2774; x_wconf 93' lang='lat' dir='ltr'><strong>ut</strong></span> <span class='ocrx_word' id='word_1_899' title='bbox 1486 2747 1515 2774; x_wconf 88' lang='lat' dir='ltr'><strong>iu</strong></span> <span class='ocrx_word' id='word_1_900' title='bbox 1536 2752 1674 2775; x_wconf 77' lang='lat' dir='ltr'><strong>certamen</strong></span> <span class='ocrx_word' id='word_1_901' title='bbox 1690 2751 1804 2782; x_wconf 87' lang='lat' dir='ltr'><strong>propter</strong></span> 
     </span>
    </p>
   </div>
   <div class='ocr_carea' id='block_1_117' title="bbox 1015 2793 1802 2833">
    <p class='ocr_par' dir='ltr' id='par_1_117' title="bbox 1015 2793 1802 2833">
     <span class='ocr_line' id='line_1_117' title="bbox 1015 2793 1802 2833; baseline -0.009 -7"><span class='ocrx_word' id='word_1_902' title='bbox 1015 2799 1088 2833; x_wconf 82' lang='lat' dir='ltr'><strong>ipsos</strong></span> <span class='ocrx_word' id='word_1_903' title='bbox 1113 2797 1224 2825; x_wconf 88' lang='lat' dir='ltr'><strong>ultimos</strong></span> <span class='ocrx_word' id='word_1_904' title='bbox 1251 2795 1387 2827; x_wconf 83' lang='lat' dir='ltr'><strong>venirent,</strong></span> <span class='ocrx_word' id='word_1_905' title='bbox 1417 2801 1448 2821; x_wconf 87' lang='lat' dir='ltr'><strong>ac</strong></span> <span class='ocrx_word' id='word_1_906' title='bbox 1471 2793 1530 2822; x_wconf 90' lang='lat' dir='ltr'><strong>sine</strong></span> <span class='ocrx_word' id='word_1_907' title='bbox 1549 2794 1602 2822; x_wconf 86' lang='lat' dir='ltr'><strong>ulla</strong></span> <span class='ocrx_word' id='word_1_908' title='bbox 1626 2793 1802 2821; x_wconf 86' lang='lat' dir='ltr'><strong>miseratione</strong></span> 
     </span>
    </p>
   </div>
   <div class='ocr_carea' id='block_1_118' title="bbox 213 2897 952 2949">
    <p class='ocr_par' dir='ltr' id='par_1_118' title="bbox 213 2903 952 2949">
     <span class='ocr_line' id='line_1_118' title="bbox 213 2903 952 2949; baseline -0.016 -8"><span class='ocrx_word' id='word_1_909' title='bbox 213 2914 250 2949; x_wconf 85' lang='lat' dir='ltr'><strong>(l)</strong></span> <span class='ocrx_word' id='word_1_910' title='bbox 268 2913 366 2948; x_wconf 81' lang='lat' dir='ltr'><strong>Supple</strong></span> <span class='ocrx_word' id='word_1_911' title='bbox 380 2919 413 2940; x_wconf 81' lang='lat' dir='ltr'><strong>ex</strong></span> <span class='ocrx_word' id='word_1_912' title='bbox 424 2910 517 2939; x_wconf 80' lang='lat' dir='ltr'><strong>codice</strong></span> <span class='ocrx_word' id='word_1_913' title='bbox 532 2910 683 2941; x_wconf 66' lang='lat' dir='ltr'><strong>llarlreano,</strong></span> <span class='ocrx_word' id='word_1_914' title='bbox 699 2906 860 2941; x_wconf 73' lang='grc' dir='ltr'>ἐνδεδέματα</span> <span class='ocrx_word' id='word_1_915' title='bbox 875 2905 902 2931; x_wconf 78' lang='grc' dir='ltr'><strong>ἐν</strong></span> <span class='ocrx_word' id='word_1_916' title='bbox 918 2903 952 2930; x_wconf 63' lang='lat' dir='ltr'><strong>ro?</strong></span> 
     </span>
    </p>
   </div>
   <div class='ocr_carea' id='block_1_119' title="bbox 1003 2897 1220 2949">
    <p class='ocr_par' dir='ltr' id='par_1_119' title="bbox 1003 2897 1220 2936">
     <span class='ocr_line' id='line_1_119' title="bbox 1003 2897 1220 2936; baseline -0.018 -8"><span class='ocrx_word' id='word_1_917' title='bbox 1003 2900 1104 2936; x_wconf 69' lang='grc' dir='ltr'>ματίοις</span> <span class='ocrx_word' id='word_1_918' title='bbox 1121 2897 1220 2926; x_wconf 70' lang='grc' dir='ltr'>αὐτῶν.</span> 
     </span>
    </p>
   </div>
  </div>
