1999 3056
214 129 264 157 hil

729 123 757 150 S.
778 122 917 149 CYRILLI
936 121 1171 149 ALEXANDRINI
1192 122 1351 150 ARClliEP.

1796 124 1849 151 ιῢὲ

213 188 428 216 trucidarentur.
443 185 551 222 Egressi
566 189 631 213 sunt
648 185 732 220 igitur
743 192 839 219 parum
858 182 997 210 admodun

1059 182 1164 214 σεσοαι,
1178 183 1223 209 καὶ
1234 183 1416 209 κινδυνεύσειν
1429 182 1684 217 ἀφιλοικτιρμόνως.
1702 182 1849 218 Ἐξῴχοντο

211 235 246 262 dc
260 234 293 262 iis
305 241 366 269 quae
382 233 415 260 ad
428 232 626 268 profectiOnem
641 230 865 266 requirebantur,
884 228 1004 259 solliciti,

209 281 310 315 vixque
328 280 374 307 illa
388 287 448 314 qum
464 279 497 306 ad
511 286 621 305 manum
635 281 715 304 erant
725 279 907 311 asportantes,
923 279 1006 309 atque

210 335 242 354 ex
263 327 297 354 iis
313 334 375 361 qum
398 325 472 353 domi
489 333 546 352 suae
567 328 648 351 erant
665 331 698 350 ea
720 327 825 350 tantum
837 322 1004 352 auferentes,

210 381 271 408 qua:
300 372 457 400 necessaria
485 370 566 398 simul
592 375 620 397 et
639 373 780 404 asportata
795 368 884 395 facilia
902 373 1003 400 essent,

211 418 312 452 quibus
330 417 476 452 assumptis
493 415 579 451 ignari
599 415 728 449 deinceps
755 414 827 442 unde
842 422 901 449 qua:
916 414 949 441 ad
963 413 1004 441 vi-

213 469 266 491 tam
280 462 484 491 sustentandam
494 461 651 488 sulliccrcnt
661 460 713 487 sibi
726 464 926 494 compararent,
940 467 1004 494 pro-

211 511 338 537 ciderunt
350 509 376 535 in
389 507 558 535 desiderium
571 506 637 537 cibi,
650 513 706 540 quo
722 506 749 533 iu
761 505 877 541 zﬁgypto
889 506 931 533 usi
945 505 1005 532 fue-

211 560 271 582 rant
286 563 293 588 ;
306 559 334 581 et
347 562 376 581 se
389 562 404 580 a
427 552 543 580 summis
562 551 684 579 miseriis
701 559 734 578 ac
746 552 879 579 servitute
896 557 1005 586 ereptos

210 600 300 631 obliti,
328 598 532 634 quodammodo
559 605 608 624 suo
627 597 749 632 ipsorum
777 597 879 624 auxilio
896 597 1004 624 obstre-

210 650 288 680 punt,
307 644 435 679 quodque
447 651 462 671 e
479 643 614 671 servitute
627 642 762 678 redempti
777 642 843 674 sint,
859 642 1004 677 indignan-

211 695 263 722 tur.
298 695 326 717 et
349 689 526 724 optatissime:
555 689 777 722 suavissimmque
802 688 924 715 libertati
952 688 1004 714 im-

209 736 305 764 mundi
312 736 417 763 ventris
428 735 576 770 ingluviem
586 735 812 769 saturitatemque
821 737 1002 769 anteponunt.

211 781 273 808 llaec
286 781 377 815 itaque
388 788 432 807 res
443 780 522 807 valde
541 779 670 806 turbabat
681 779 872 812 mediatorem,
885 779 939 806 hoc
950 783 1001 811 est,

209 826 311 853 Mosen.
328 826 380 853 Sed
393 826 466 853 Deus
479 825 615 860 promittit
625 833 654 852 se
665 825 739 852 illico
753 826 861 859 copiam
875 825 1002 852 ciborum

209 871 276 906 ipsis
303 871 553 906 suppeditaturum,
575 879 664 906 neque
688 878 786 905 parum
803 871 921 906 benigne
942 879 1002 898 sese

211 917 359 944 rebellibus
374 917 463 944 oﬂ‘crt.
478 917 545 944 Nam
559 916 633 951 quod
648 917 805 944 necessaria
821 917 854 944 ad
865 917 928 944 vita:
940 925 1002 944 sus-

210 963 389 990 tentationem
409 963 444 989 ab
458 963 517 998 ipso
536 962 657 997 exigant,
672 963 888 997 reprehensione
902 967 981 990 vacat
994 971 1000 989 ε

209 1009 465 1036 obmurmuratione
491 1016 558 1035 vero
585 1008 747 1035 oll‘enditur.
769 1009 855 1035 Porro
878 1008 1002 1035 Salvator

210 1056 268 1090 ipse
285 1055 312 1081 in
326 1055 497 1082 orationibus
516 1063 567 1082 nos
580 1054 673 1082 docuit
690 1054 782 1081 dicere
795 1063 801 1081 ι
816 1064 824 1079 ε
838 1055 938 1082 Panem
952 1063 1002 1082 no-

209 1105 296 1128 strum
313 1100 503 1135 quotidianum
519 1100 552 1127 da
573 1100 653 1127 nobis
672 1100 754 1128 hodie
774 1101 807 1127 ⁷¹.
824 1110 833 1126 ›
853 1100 930 1134 Quod
942 1101 1004 1136 qui-

210 1147 272 1174 dem
288 1147 413 1174 dicentes
427 1147 502 1174 nullo
514 1147 596 1174 modo
610 1154 772 1174 accusamus
783 1147 940 1179 Dominum,
955 1147 1002 1174 sed

209 1193 301 1228 thius
320 1193 354 1220 ab
372 1193 432 1228 ipso
450 1193 568 1228 petimus
586 1200 646 1227 quae
667 1192 701 1219 ad
720 1192 804 1219 vitam
823 1197 886 1219 sunt
905 1200 1003 1220 neces-

209 1237 291 1264 saria.
303 1238 435 1265 Iudaicus
449 1242 541 1264 autem
557 1237 686 1272 populus,
702 1245 764 1264 cum
777 1237 890 1264 deberet
909 1241 1002 1272 petere

208 1283 312 1316 cibum,
327 1284 398 1319 quod
414 1284 547 1311 liberatus
567 1284 603 1311 sit
621 1284 819 1316 stomachatur,
833 1290 914 1319 atque
933 1285 1003 1312 hanc

209 1337 264 1356 tam
299 1330 446 1364 pretiosam
470 1333 498 1356 et
519 1329 670 1364 optabilem
697 1330 813 1365 gratiam
843 1331 1004 1358 stultissime

207 1376 377 1407 criminatur,
394 1380 522 1410 tanquam
534 1383 594 1402 eam
611 1384 672 1411 qua:
690 1376 763 1411 ipsos
780 1376 1003 1404 suavissimarum

200 1429 312 1457 .rerum,
323 1421 447 1448 carnium
455 1421 586 1448 nimirum
595 1429 627 1448 ac
634 1423 721 1456 panis,
731 1429 781 1449 usu
793 1422 916 1457 privarit.
929 1424 1004 1456 Quo-

207 1464 280 1491 circa
294 1469 479 1496 murmurant,
496 1464 636 1500 impieque
649 1466 704 1493 Deo
713 1466 911 1502 obloquuntur.
921 1469 1003 1503 287

208 1510 281 1538 Deus
296 1515 388 1539 autem
402 1512 509 1547 patiens
518 1512 663 1544 malorum,
677 1514 813 1548 promittit
824 1514 864 1541 cis
876 1514 999 1549 inspera-
1014 1528 1035 1557 ρ

209 1559 263 1583 tam
289 1556 389 1584 horum
414 1557 530 1592 copiam.
554 1557 680 1584 Demittit
702 1558 776 1586 enim
794 1567 845 1594 pro
865 1559 997 1587 inell‘abili

207 1609 256 1629 sua
274 1602 397 1637 potentia
416 1602 524 1637 vesperi
537 1602 647 1637 quidem
660 1604 842 1637 coturnicem,
856 1612 935 1632 mane
948 1613 998 1633 au—

207 1652 263 1675 tem
284 1656 393 1675 manna.
416 1648 485 1675 llinc
502 1648 612 1675 divinus
628 1649 713 1676 David
737 1649 796 1676 ait:
820 1659 828 1675 I
847 1650 948 1678 Panem
963 1651 997 1678 de

207 1694 280 1720 «nlo
295 1694 371 1720 dedit
384 1694 433 1726 eis,
450 1702 548 1728 panem
571 1695 731 1729 angelorum
754 1696 930 1724 manducavit
950 1696 998 1723 ho—

208 1747 252 1766 mo
264 1739 297 1767 ".
315 1750 323 1765 ι
343 1740 602 1767 Certissimeautem
616 1741 711 1768 docuit
722 1749 769 1769 eos
783 1742 952 1777 experientia
966 1751 998 1770 ac

207 1785 290 1813 rebus
313 1785 389 1820 ipsis,
413 1785 486 1819 quod
512 1786 584 1813 Deus
607 1787 694 1821 possit
709 1787 790 1815 etiam
804 1796 878 1815 nunc
892 1788 958 1815 dare
969 1793 997 1815 et

206 1839 304 1866 parare
327 1839 450 1858 mensam
471 1831 498 1858 in
522 1832 653 1866 deserto;
674 1834 742 1861 sicut
758 1842 853 1861 revera
864 1835 996 1862 ctDomi-

206 1885 259 1904 nus
280 1882 373 1904 noster
392 1878 471 1905 Jesus
487 1878 613 1911 Christus
632 1879 732 1907 similia
751 1879 838 1907 edidit
852 1880 994 1913 miracula,

206 1929 268 1949 cum
292 1931 326 1950 ex
347 1923 469 1958 quinque
485 1924 601 1958 panibus
617 1924 709 1952 fractis
721 1925 875 1960 complures
888 1930 995 1952 satura-

204 1968 244 1996 vit
267 1969 296 1996 in
319 1969 438 2001 deserto,
460 1970 604 1998 duodecim
622 1971 735 2006 ﬁsuper
759 1971 886 2006 cophinis
899 1979 933 1999 ex
942 1971 996 1999 fra-

205 1979 244 1996 νιι
268 1979 296 1996 Ill
319 1979 438 2001 (ICSCI‘tO,
460 1979 604 1998 uuouecim
653 1979 735 2006 super
759 1979 886 2006 copnims
899 1979 994 1999 extra-

205 2015 450 2050 gmentisrcpletis.
461 2016 546 2043 Porro
557 1979 762 2051 inexﬁicabiles
772 2021 836 2044 sunt
848 2017 921 2044 modi
932 2017 994 2052 qui-

204 2059 257 2087 bus
281 2060 413 2088 miracula
435 2061 530 2094 edidit,
556 2063 604 2089 sed
624 2070 685 2097 qua:
708 2067 827 2090 mentem
846 2064 993 2096 excedunt,

205 2104 257 2132 ﬁde
284 2106 535 2141 apprehendantur,
561 2107 710 2142 audiatque
732 2108 805 2135 Deus
819 2108 853 2135 ab
865 2109 994 2137 omnibus

204 2151 251 2186 qui
263 2151 351 2186 ipsum
365 2153 537 2180 admirantur
549 2163 555 2180 :
567 2153 630 2180 Scio
643 2153 715 2188 quod
727 2154 817 2181 omnia
830 2154 928 2189 possis,
943 2163 993 2182 ne-

203 2205 256 2231 que
273 2201 316 2224 est
331 2198 479 2233 quidquam
493 2199 542 2226 tibi
557 2199 735 2233 impossibile.

238 2243 264 2270 2.
274 2243 410 2272 Hactenus
416 2253 480 2272 vero
487 2245 520 2272 de
528 2245 655 2272 sensibus
661 2253 751 2273 sermo
757 2245 923 2273 estbabitus.
930 2245 996 2279 Quis

204 2297 270 2315 vero
282 2297 379 2317 sensus
391 2290 425 2317 sit
436 2290 589 2324 spiritualis
599 2290 840 2324 considerationis,
859 2295 906 2318 aut
920 2292 994 2327 quod

203 2333 271 2366 legis
282 2333 407 2367 aenigma,
417 2334 472 2368 jam
484 2334 565 2361 nobis
585 2335 780 2369 inquirendum
800 2341 851 2368 est,
865 2337 912 2371 qui
924 2338 993 2365 assi-

203 2377 256 2404 due
268 2377 411 2404 veritatem
424 2378 629 2412 investigamus.
642 2379 803 2407 Videbimus
815 2380 898 2415 igitur
909 2382 991 2409 etiam

203 2430 251 2457 per
268 2423 326 2450 hazc
343 2423 415 2457 quod
432 2424 487 2450 vita
505 2423 598 2458 legalis
615 2425 651 2452 sit
665 2426 760 2460 procul
777 2426 862 2454 dubio
874 2435 992 2463 evange-

203 2468 255 2495 lica
275 2468 399 2501 inferior,
420 2469 539 2503 itemque
559 2470 709 2497 carnalium
728 2471 928 2500 desideriorum
948 2482 993 2501 ac-

203 2513 338 2540 ('usationi
358 2514 486 2546 obnoxia,
505 2522 593 2550 neque
605 2523 620 2542 a
633 2517 749 2544 terrenis
761 2519 992 2553 concupiscentiis

203 2559 287 2586 libera
305 2569 310 2586 :
331 2559 423 2586 divina
443 2567 506 2587 vero
523 2564 606 2595 atque
617 2562 773 2596 evangelica
787 2569 829 2590 est
841 2564 991 2598 spiritualis

201 2609 229 2632 ct
241 2605 380 2638 inviolata,
397 2606 570 2641 speciemque
582 2607 724 2635 habetalia
736 2609 989 2645 incomparabiliter

201 2651 396 2686 pulchriorem.
410 2651 629 2687 Uuiuscujusque
645 2661 712 2681 vero
726 2654 987 2684 demonstrationem

201 2705 233 2724 ac
246 2697 336 2729 iidem,
357 2698 491 2724 rationem
507 2698 648 2733 utriusque
661 2699 730 2727 bene
743 2702 941 2735 examinantes,
953 2711 986 2730 ex

201 2749 275 2771 sacra
295 2742 434 2779 Scriptura
449 2748 574 2779 petemus
589 2754 595 2771 2
618 2755 625 2770 I
641 2745 753 2774 Factum
772 2752 814 2774 est
828 2752 919 2776 autem
938 2757 986 2776 vc-

1009 2194 1031 2222 D

237 2833 261 2850 "
278 2834 372 2863 Matth.
392 2844 428 2869 vl,
443 2837 486 2866 Η.
525 2839 547 2854 ⁷³
562 2839 633 2867 Psal.
651 2847 750 2872 Lxxvu,
764 2839 808 2866 Η.

1056 227 1156 259 τοίνυν,
1168 228 1198 254 οὐ
1211 228 1309 264 κομιδῇ
1326 228 1380 254 τῶν
1397 229 1436 260 εἰς
1452 228 1608 263 ἀποδημίαν
1623 228 1848 262 πεφροντικότες.

1056 274 1103 300 καὶ
1118 274 1151 301 τά
1166 275 1195 300 ἐν
1211 276 1289 310 χερσὶ
1308 274 1385 309 μόλις
1398 274 1583 309 ἁρπάσαντες,
1601 275 1742 309 μονονουχὶ
1754 274 1782 300 δὲ
1795 273 1849 300 τῶν

1055 320 1124 346 οἶκοι
1140 320 1272 355 κειμένων
1286 320 1451 354 κεκλοφότες
1464 320 1620 354 ἀναγκαίως
1629 320 1661 346 τὰ
1671 320 1730 346 λίαν
1741 320 1812 346 εὐπὰ
1818 328 1846 355 ρ-

1055 375 1144 397 οιστα,
1168 366 1186 393 ὃ.
1208 366 1240 400 δὴ
1256 367 1303 393 καὶ
1313 366 1532 402 κατεδηδοκότεῖ,
1549 364 1609 393 εἶτα
1619 366 1700 392 πόθεν
1712 366 1745 393 ἂν
1758 366 1849 396 αὐτοῖς

1056 414 1085 439 ἐν
1107 413 1203 447 ἐρήμῳ
1226 412 1260 438 τὰ
1285 412 1396 447 ζωαρκῆ
1421 412 1614 447 προσγένοιντο
1638 411 1847 446 διηπορηκότες,

1055 457 1221 484 κατώλισθον
1241 459 1282 490 εἰς
1301 458 1449 494 ἐπιθυμίαν
1466 458 1514 493 τῆς
1533 459 1562 485 ὲν
1579 457 1710 492 Αἰγύπτῳ
1732 457 1847 492 τροφῆς.

1055 505 1102 531 καὶ
1116 504 1157 530 ὅτι
1171 504 1222 539 μὲν
1234 504 1287 530 τῶν
1299 505 1421 540 ἐσχάτων
1433 503 1559 539 ἑξῄροντο
1573 504 1681 530 πάντων
1699 503 1745 529 καὶ
1757 503 1805 536 τῆς
1820 504 1849 528 ὲν

1054 550 1186 585 Αἰγύπτῳ
1210 549 1342 581 δουλείας,
1357 550 1598 582 ἐπιλανθάνονται,
1617 549 1663 576 καὶ
1685 548 1767 574 οἱονεί
1791 556 1848 578 πως

1055 594 1280 629 κατακεκράγασι
1305 594 1354 629 τῆς
1377 594 1553 629 ἐπικουρίαςι
1572 594 1619 620 καὶ
1642 593 1682 620 ὅτι
1698 592 1849 627 λελύτρων-

1054 649 1110 672 ται,
1125 640 1318 675 χαλεπαίνουσι
1329 659 1336 672 ,
1359 640 1405 667 καὶ
1419 641 1468 675 τῆς
1484 639 1649 676 τριποθήτου
1664 639 1710 666 καὶ
1727 639 1849 665 εὐκταιο-

1054 687 1138 722 τάτης
1161 686 1262 713 ἅπασιν
1279 685 1433 721 ἀνθρώποις
1451 686 1608 720 ἐλευθερίας
1619 706 1626 717 ,
1642 685 1761 720 γαστρὸς
1777 685 1847 710 ἀκα-

1055 732 1154 768 θάρτου
1167 732 1349 768 προτάττουσι
1361 731 1451 767 κόρον.
1464 732 1520 758 Καὶ
1530 731 1641 767 θορυεεῖ
1651 731 1702 766 μὲν
1713 730 1742 756 τὸ
1753 729 1806 766 χρῆ
1811 738 1847 764 μα

1054 779 1099 806 τὸν
1119 778 1310 814 μεσιτεύοντα,
1332 778 1456 804 τουτέστι
1480 777 1609 805 Μωῠσέα.
1628 777 1801 812 Χορηγήσειν
1818 775 1845 802 δὲ

1055 826 1227 862 παραχρῆμα
1239 825 1289 860 τὴν
1300 824 1354 850 τῶν
1368 824 1506 859 ἐδωδίμων
1520 823 1649 858 ἀφθονίαν
1661 823 1751 853 αὐτοῖς
1762 823 1846 854 ἐπαγ-

1055 872 1178 907 γέλλεται
1188 871 1264 903 Θεὸς,
1279 871 1325 897 καὶ
1337 869 1587 906 προσκεκρουκόσιν
1595 868 1624 895 οὺ
1637 868 1765 904 μετρίως,
1778 866 1846 902 ἠμέ-

1056 928 1108 954 ρως
1133 919 1173 945 ἔτι
1194 918 1392 954 προσφέρεται.
1419 917 1456 944 Τὸ
1480 917 1529 952 μὲν
1551 915 1605 952 γὰρ
1626 915 1691 951 παρ’
1714 913 1796 941 αὑτοῦ
1812 914 1847 940 τὰ

1054 963 1166 1000 ζωαρκῆ
1189 963 1312 999 δέχεσθαι
1335 963 1433 995 θέλειν,
1456 962 1550 998 μῶμον
1569 961 1601 988 ἆν
1629 961 1684 996 ἔχοι
1706 959 1846 991 παντελῶς

1053 1010 1164 1037 οὐδένα·
1190 1009 1271 1036 λυπεῖ
1289 1010 1317 1036 δὲ
1337 1009 1397 1036 λίαν
1419 1009 1434 1035 ὀ
1454 1008 1621 1044 γογγυσμός.
1649 1007 1704 1034 Καὶ
1727 1007 1782 1042 γὰρ
1797 1004 1846 1033 οὖν

1055 1056 1135 1088 αὐτὸς
1149 1056 1163 1082 ό
1186 1056 1282 1092 Σωτὴρ
1299 1057 1328 1082 ὲν
1345 1056 1512 1091 προσευχαῖς
1533 1055 1606 1090 ἡμᾶς
1621 1053 1723 1086 ἐδίδαξε
1741 1053 1846 1087 λέγειν·

1058 1112 1067 1127 ἰ
1086 1102 1138 1128 Τὸν
1153 1101 1235 1137 ἄρτον
1247 1101 1326 1137 ἡμῶν
1337 1101 1383 1128 τὸν
1398 1101 1536 1127 ἐπιούσιον
1551 1099 1594 1132 δὸς
1605 1101 1670 1135 ἡμῖν
1685 1099 1814 1134 σήμερον.
1835 1108 1844 1124 ι

1061 1148 1131 1175 Ἀλλ’
1145 1149 1171 1183 εἰ
1187 1147 1267 1174 τοῦτο
1284 1147 1334 1183 μὲν
1348 1147 1475 1182 λέγοιμεν
1486 1166 1493 1179 ,
1507 1146 1567 1173 κατ’
1588 1146 1683 1172 οὐδένα
1701 1145 1732 1181 δὴ
1745 1145 1846 1180 τρόπον

1054 1182 1235 1228 αἰτιασόμεθα
1253 1193 1297 1220 τὸν
1316 1193 1473 1227 Δεσπότην,
1491 1191 1672 1227 ἐξαιτήσομεν
1692 1191 1720 1217 δὲ
1746 1190 1847 1226 μᾶλλον

1054 1239 1119 1274 παρ’
1143 1239 1227 1266 αὑτοῦ
1244 1239 1279 1266 τὰ
1301 1240 1342 1271 εις
1363 1237 1436 1274 ζωὴν
1460 1238 1609 1273 ²ρῑττιτήδεια.
1630 1237 1662 1263 Οἱ
1684 1237 1712 1264 δέ
1738 1245 1768 1271 γε
1792 1237 1847 1263 τῶν

1060 1283 1195 1312 Ἰουδαίων
1202 1284 1296 1320 δῆμοι,
1310 1284 1369 1311 δέον
1383 1283 1494 1319 αίτῆοαι
1507 1283 1620 1319 τροφὰς,
1640 1282 1680 1309 ὅτι
1697 1282 1848 1317 λελύτρων-

1053 1338 1099 1356 ται
1114 1329 1308 1364 χαλεπαίνουσι
1318 1349 1326 1361 ς
1341 1329 1389 1356 καὶ
1407 1328 1457 1364 τὴν
1476 1328 1548 1355 οὕτω
1561 1327 1661 1363 σεπτὴν
1674 1327 1720 1353 καὶ
1734 1326 1846 1360 agmin-

1055 1384 1123 1402 πτον
1132 1375 1212 1411 χάριν
1225 1375 1419 1411 ἀνοή[τό]τατα
1431 1374 1643 1409 καθυϐρίζουσιν
1654 1394 1660 1404 ,
1676 1372 1713 1404 ὡς
1724 1372 1778 1399 τῶν
1790 1372 1847 1407 ἠδί-

1053 1430 1125 1448 στων
1139 1421 1237 1453 αὐτοὺς
1246 1421 1439 1456 ἔκπὲμψασαν,
1448 1420 1529 1455 ἄρτου
1539 1416 1579 1450 τε,
1591 1427 1628 1454 φη
1634 1418 1674 1454 μὶ,
1684 1418 1731 1444 καὶ
1745 1417 1844 1453 κρεῶν.

1055 1466 1159 1493 Οὐκοῦν
1180 1466 1344 1501 γογγύζουσι
1363 1467 1430 1501 μὲν,
1456 1467 1503 1493 καὶ
1526 1465 1770 1500 κατακεκράγασιν
1796 1464 1845 1490 ἀνι

1055 1511 1149 1543 οσίως.
1159 1512 1328 1544 ’Λνεξικακεί
1335 1512 1363 1539 δὲ
1373 1512 1437 1544 Θεὸς
1444 1533 1452 1545 ,
1464 1512 1512 1539 καὶ
1522 1511 1651 1546 ἀδόκητον
1661 1510 1751 1541 αὐτοῖς
1764 1509 1845 1544 ἀφθο-

1055 1556 1114 1584 νίαν
1135 1557 1343 1592 ἐπαγγέλλεται.
1364 1558 1420 1585 Καὶ
1436 1557 1467 1593 δὴ
1482 1557 1530 1584 καὶ
1547 1557 1673 1592 καθίησιν
1690 1555 1786 1591 ἀφάτῳ
1799 1554 1845 1581 δυ-

1049 1603 1130 1638 νάμει
1147 1603 1267 1639 ἑσπέρας
1290 1603 1341 1639 μὲν
1357 1603 1406 1639 τὴν
1429 1603 1655 1639 ὀρτυγομήτραν·
1681 1603 1739 1638 ἅμα
1759 1601 1787 1628 δὲ
1809 1603 1843 1637 τῇ

1048 1648 1096 1683 ἕῳ,
1112 1649 1142 1675 τὸ
1158 1649 1256 1683 μάννα.
1271 1650 1326 1676 Καὶ¹
1351 1650 1389 1682 ὼς
1403 1650 1418 1676 ὸ
1439 1650 1510 1682 θεῖος
1524 1650 1576 1685 ἔφη
1599 1650 1696 1682 Δαΰὶδ,
1716 1659 1724 1675 ι
1745 1649 1844 1685 ’Λρτιν

1048 1693 1163 1728 οὐρανοῦ
1179 1693 1278 1720 ἔδωκεν
1299 1694 1409 1728 αὐτοῖς,
1431 1695 1513 1730 ἄρτον
1531 1695 1655 1730 ἀγγέλων
1677 1695 1777 1730 ἔφαγεν
1798 1695 1844 1722 ἆν-

1048 1738 1167 1774 ορωττος.
1188 1748 1197 1764 ι
1217 1739 1452 1775 Πεπληροφὸρηκε
1467 1741 1496 1766 δὲ
1517 1740 1561 1767 διὰ
1577 1740 1674 1776 πείρας
1693 1740 1778 1773 αὐτῆς
1795 1733 1843 1766 καὶ

1049 1784 1230 1819 πραγμάτων,
1246 1785 1287 1812 ὅτι
1301 1785 1412 1813 δύναται
1433 1787 1447 1813 ὁ
1462 1786 1528 1817 Θεὸς
1546 1786 1628 1822 ἄρτον
1643 1795 1672 1813 τε
1688 1785 1779 1812 δοῦναι
1794 1786 1842 1812 καί

1048 1830 1193 1865 ἑτοιμάσαι
1210 1832 1349 1866 τράπεζαν
1369 1833 1396 1858 ὲν
1414 1832 1520 1868 ἐρήμῳ,
1538 1832 1664 1868 καθάπερ
1681 1832 1776 1868 ἀμέλει
1794 1832 1843 1859 καὶ

1047 1877 1060 1903 ὁ
1073 1876 1173 1912 Κύριος
1186 1877 1266 1913 ἡμῶν
1287 1878 1390 1913 Ἰησοῦς
1402 1879 1520 1914 Χριστὸς
1531 1879 1566 1905 τὰ
1582 1878 1626 1905 ἴσα
1638 1877 1839 1914 τερατουργῶν,

1047 1922 1127 1948 πέντε
1141 1922 1290 1955 διακλάσας
1303 1924 1411 1959 ἄρτους,
1428 1924 1538 1960 ἐκόρεσε
1558 1925 1606 1960 μὲν
1623 1926 1651 1952 ὲν
1664 1925 1760 1960 ἐρήμῳ
1773 1924 1839 1951 πολ-

1046 1967 1119 1999 λοὺς,
1135 1969 1179 1994 ὅτε
1199 1969 1433 2005 συνεκομίσθησαν
1445 1971 1580 2005 λειψάνων
1603 1971 1708 2006 κόφινοι
1724 1971 1828 1997 δώδεκα

1061 2014 1280 2050 Απεριέργαστοι
1294 2015 1322 2042 δὲ
1342 2015 1483 2047 παντελῶς
1500 2017 1549 2051 τῆς
1572 2016 1795 2052 θαυματουργίας
1811 2019 1837 2044 o!

1045 2061 1153 2097 τρόποι,
1174 2061 1265 2087 πίστει
1280 2061 1312 2097 δὴ
1335 2059 1381 2088 οὖν
1397 2062 1522 2097 τιμάσθω
1543 2061 1578 2088 τὰ
1600 2062 1671 2097 ὑπὲρ
1693 2062 1765 2095 νοῦν,
1790 2062 1838 2088 καὶ

1045 2106 1167 2133 ἀκουέτω
1190 2106 1256 2138 Θεὸς
1280 2107 1357 2143 παρὰ
1389 2107 1498 2134 πάντων
1522 2106 1746 2143 τεθαυμακότων·
1771 2105 1838 2134 Οἶδα

1044 2152 1086 2179 ὅτι
1108 2153 1197 2179 πάντα
1217 2152 1345 2180 δύνασαι’
1368 2153 1497 2180 ἀδυνατεῖ
1511 2153 1538 2180 δέ
1554 2162 1596 2180 σοι
1609 2153 1694 2181 οὐδέν.

1080 2248 1113 2283 β’.
1136 2248 1205 2275 Ἀλλ’
1216 2249 1244 2276 ἐν
1260 2248 1364 2281 τούτοις
1376 2250 1424 2285 μὲν
1439 2250 1505 2285 ἡμῖν
1522 2250 1536 2277 ὸ
1550 2250 1614 2286 περὶ
1630 2249 1684 2276 τῶν
1698 2248 1836 2285 αἰσθητῶν

1044 2294 1113 2320 ἔστω
1120 2294 1208 2328 λόγος.
1221 2295 1268 2326 Τίς
1279 2295 1301 2322 δ’
1315 2295 1348 2322 ἂν
1359 2296 1464 2330 γένοιτο
1479 2290 1570 2323 λοιπδν
1581 2296 1632 2331 τῆς
1646 2296 1836 2331 πνευματικῆς

1043 2340 1158 2376 θεωρίας
1176 2341 1191 2367 ὁ
1202 2341 1274 2373 νοῦς,
1285 2341 1302 2376 ἣ
1313 2341 1337 2368 τί
1347 2341 1393 2368 τοῦ
1417 2342 1499 2377 νόμου
1511 2342 1541 2368 τὸ
1550 2343 1663 2377 αἴνιγμα
1675 2342 1835 2378 πολυπραγ-

1047 2388 1136 2421 μονεῖν
1147 2388 1305 2420 ἀναγκαῖον,
1315 2387 1470 2424 φιλοθηρεῖν
1479 2386 1508 2415 εὖ
1524 2387 1597 2423 μάλα
1610 2388 1834 2415 διεσπουδακὸσιν

1042 2432 1107 2466 ἡμῖν
1118 2431 1168 2467 τὴν
1178 2432 1315 2466 ἀλήθειαν.
1337 2433 1473 2468 Εἰσόμεθα
1491 2434 1581 2460 τοίνυν
1596 2435 1643 2460 καὶ
1662 2435 1707 2461 διὰ
1719 2435 1831 2468 τούτων,

1041 2479 1078 2510 ὡς
1090 2478 1162 2504 ἐστιν
1176 2479 1368 2514 ἀναμφιλόγως
1376 2480 1426 2514 τῆς
1436 2480 1616 2515 εὐαγγελικῆς
1623 2480 1758 2513 πολιτείας
1768 2490 1832 2508 κατ-

1041 2523 1131 2559 όπινή
1151 2524 1260 2560 νομικὴ,
1275 2525 1324 2551 καὶ
1340 2525 1393 2551 τῶν
1409 2526 1449 2557 εἰς
1466 2526 1645 2561 φιλοσαρκίαν
1661 2527 1831 2562 αίτιαμάτων

1040 2568 1090 2594 οὐκ
1113 2569 1257 2604 ἐλευθέρα,
1275 2569 1447 2605 ἀπήλλακται
1468 2571 1496 2597 δὲ
1518 2571 1576 2606 οὐχὶ
1599 2572 1715 2606 γεώδους
1736 2572 1831 2600 ἐπιθυ-

1043 2613 1119 2648 μίςιις⁷
1135 2613 1192 2640 ἀλλ’
1209 2614 1225 2649 ἦ
1241 2623 1272 2648 γε
1287 2614 1345 2641 θεία
1361 2615 1408 2641 καὶ
1422 2615 1596 2652 εὐαγγελικὴ,
1610 2619 1782 2653 πνευματική
1799 2619 1830 2645 τέ

1041 2659 1098 2685 ἐστι
1124 2659 1170 2686 καὶ
1191 2659 1317 2695 ἄμωμος,
1340 2661 1387 2687 καὶ
1407 2661 1572 2697 ἀσύγκριτον
1596 2663 1652 2698 ἔχει
1674 2663 1704 2690 τὺ
1722 2664 1827 2696 κάλλος.

1040 2703 1189 2739 Ληψόμεθα
1204 2704 1231 2730 δὲ
1245 2704 1294 2740 τὴν
1310 2705 1353 2738 ἐφ’
1370 2705 1472 2741 ἑκάστῃ
1489 2706 1615 2739 διάδειξιν
1628 2707 1675 2734 καὶ
1690 2708 1828 2743 πληροφο-

1041 2750 1114 2784 ρίαν,
1131 2750 1175 2776 τὸν
1190 2750 1232 2776 ἐπ’
1248 2750 1349 2785 ἀμφοῖν
1363 2748 1392 2778 εὖ
1409 2751 1480 2786 μάλα
1498 2751 1688 2787 βασανίζοντες
1701 2752 1780 2788 λόγον
1796 2753 1830 2781 ἐκ
