1999 3056
176 140 230 167 453

689 142 947 170 GLAPHYRORUM
968 143 1000 170 IN
1021 143 1163 171 EXODUM
1182 143 1246 171 LIB.
1267 143 1298 170 η.

1749 147 1802 176 454

173 201 222 236 τῆς
245 199 422 226 θεοπνεύστου
439 200 560 235 Γραφῆς.
589 209 597 225 ι
632 201 753 235 Ἐγένετο
779 203 843 237 γὰρ,
868 204 958 238 φησὶν,

1015 211 1106 238 apere,
1134 203 1232 237 inquit,
1255 207 1283 230 et
1301 202 1424 230 ascendit
1445 203 1571 229 coturnix
1583 223 1590 235 ,
1608 207 1642 238 et,
1655 208 1798 240 cooperuit

174 245 287 281 ἑσπέρα,
310 246 357 271 καὶ
380 245 463 281 ἀνέϐη
481 247 685 282 ὀρτυγομήτρα,
705 248 752 274 καὶ
772 248 890 283 ἐκάλυψε
914 249 964 284 τὴν

174 291 360 327 παρεμϐολήν.
372 291 407 316 Τὸ
421 290 492 326 πρωῒ
503 291 530 317 δὲ
544 292 662 325 ἐγένετο,
677 295 905 329 καταπαυομένης
915 295 964 330 τῆς

172 338 269 373 δριέσου
284 338 374 372 κύκλῳ
402 338 448 372 της
470 338 655 373 παρεμϐολῆς,
677 339 724 365 καὶ
748 340 801 366 ἰδοὺ
819 340 865 366 ἐπὶ
882 340 963 375 πρόσ-

172 392 246 410 ωπον
258 384 307 418 ’τῆς
321 385 423 418 ἐρήμου
439 383 535 409 λεπτὸν
549 384 613 410 ὡσεὶ
627 384 828 419 κόριον,λευκὸν
838 385 902 412 ὡσεὶ
913 386 963 412 πά-

172 437 220 463 γος
237 429 283 455 ἐπὶ
298 430 347 463 τῆς
356 429 417 463 γῆς.
436 428 545 460 Ἰδόντες
557 428 584 454 δὲ
600 429 701 465 αὐτου]
726 431 750 456 oi
768 431 820 457 υἱοὶ
843 431 960 466 Ἰσραὴλ,

173 472 255 501 εἶπαν
274 475 365 510 ἕτερος
383 474 468 510 ἑτέρῳ
480 483 486 488 ·
510 475 542 501 Τί
558 476 615 502 ἐστι
629 476 723 510 τοῦτο;
738 477 767 503 οὐ
783 477 837 512 γὰρ
855 478 962 513 ᾔδεισαν

170 520 196 546 τί
210 518 253 556 ἦν.
277 517 343 546 Εἷπε
359 520 387 546 δὲ
402 519 521 554 Μωῡσῆς
536 520 605 554 πρὸς
619 521 734 551 αὐτούς’
753 517 837 552 Οὗτος
853 522 866 547 ὁ
881 522 961 557 ἄρτος

169 565 199 591 ὃν
222 565 321 591 ἔδωκεν
344 565 407 599 ὑμῖν
422 565 436 591 ὁ
459 565 561 600 Κύριος
585 567 700 600 φαγεῖν·
718 565 795 592 τοῦτο
811 566 841 592 τὸ
856 566 932 601 ῥῆμα
948 567 962 592 ὃ

171 610 299 642 συνέταξε
314 609 422 645 Κύριος.
440 610 611 643 Συναγάγετε
629 610 675 636 ἀπ’
691 610 774 636 αὐτοῦ
788 610 903 642 ἕκαστος
921 611 961 642 εἰς

169 656 234 687 τοὺς
259 655 429 690 καθήκοντας
452 655 550 690 γόμορ,
575 655 644 681 κατὰ
667 655 798 690 κεφαλὴν,
823 657 883 682 κατ’
903 656 961 691 ἀρι-

170 702 238 736 θμδν
250 700 341 736 ψυχῶν
357 700 443 735 ὑμῶν.
453 700 643 731 Ἕκαστοςσὺν
657 702 712 731 τοῖς
727 701 870 736 συσκήνοις
885 701 960 736 ὑμῶν

171 747 321 779 συλλέξετε.
344 746 490 782 Ἑτκιίησαν
508 746 536 773 δὲ
551 746 636 778 οὕτως
649 747 673 772 οὶ
692 746 746 772 υἱοὶ
768 747 888 782 Ἰσραὴλ,
913 747 960 774 καὶ

171 793 331 825 συνέλεξαν,
355 794 369 819 ὁ
385 792 415 819 τὸ
432 792 512 823 πολὺ,
530 792 576 819 καὶ
595 793 609 818 6
630 791 661 818 τὺ
675 792 787 818 ἔλασσον
798 813 805 823 ,
827 793 874 819 καὶ
896 793 959 827 sua:

169 847 276 874 τρησαν
290 839 320 865 τὸ
331 839 431 874 γόμορ·
446 839 492 865 καὶ
509 839 557 865 οὐκ
572 838 734 865 ἐπλεόνασεν
749 839 762 864 6
774 838 804 864 τὸ
819 838 895 869 πολὺ,
913 839 958 865 καὶ

169 886 183 911 6
198 886 229 912 τὸ
244 886 420 917 ἑλαττον,οὺκ
434 885 625 920 ἠλαττόνησεν,
637 885 751 916 ἕκαστος
765 885 804 916 εἰς
815 885 877 916 τοὺς
892 885 958 911 καθ-
976 872 994 900 Β

168 933 284 966 ἥκοντας
308 932 373 967 παρ’
386 931 485 966 ἑαυτῷ.
507 929 573 957 Εἷττε
589 931 616 957 δὲ
628 931 748 965 Μωῦσῆς
764 931 831 966 πρὸς
843 930 940 962 αὐτούς
950 940 956 946 ·

168 978 271 1012 Μηδεὶς
287 976 499 1012 καταλ[ε]ιπέτω
532 976 581 1003 ἀπ“
597 976 680 1003 αὑτοῦ
695 977 733 1008 εἰς
753 977 783 1002 τὸ
802 977 883 1012 πρωΐ.
903 976 958 1003 Καὶ

167 1024 217 1050 οὐκ
226 1024 346 1058 ἤκουσαν
355 1023 469 1057 Μωῡσῇ,
485 1022 552 1049 ἀλλὰ
565 1022 711 1049 κατέλιπον
728 1030 799 1053 τινες
814 1023 861 1049 ἀπ’
875 1022 957 1048 αὐτοῦ

169 1070 209 1100 εἰς
217 1069 247 1095 τὸ
257 1069 339 1104 πρωῒ,
349 1069 396 1095 καὶ
407 1068 514 1101 ἐξέζεσε
525 1068 678 1103 σκώληκας,
689 1069 737 1094 καὶ
752 1067 886 1100 ἑπώζεσε.
903 1069 957 1095 Καὶ

166 1115 319 1151 ἐπικράνοη
334 1115 378 1142 ἐπ’
391 1116 482 1147 αὐτοῖς
496 1115 608 1149 Μωσῆς.
631 1123 640 1139 ι
661 1115 714 1140 Καὶ
731 1114 790 1148 μεθ’
805 1114 888 1149 ἔτερα
905 1115 957 1141 πά-

166 1162 222 1188 λιν·
250 1171 258 1187 ι
277 1159 344 1188 Εἶπε
359 1161 387 1187 δὲ
400 1161 502 1195 Μωσῆς
517 1160 585 1196 πρὸς
601 1160 698 1191 αὐτούς
709 1168 716 1174 ·
732 1159 817 1187 Τοῦτο
831 1160 861 1186 τὸ
882 1160 958 1196 ῥῆμά

166 1208 249 1239 ἐστιν,
260 1207 274 1233 ὂ
286 1207 400 1238 ὲλὰλησε
411 1206 511 1241 Κύριος
519 1215 525 1221 ’
541 1205 668 1232 Σάϐϐατα
678 1205 743 1240 ἆγια
753 1206 907 1243 ἀνάπαυσις
919 1205 956 1240 τῷ

167 1253 262 1288 Κυρίῳ
275 1251 379 1289 αὔριον.
405 1252 476 1278 Ὅσα
492 1251 539 1278 ἐὰν
555 1251 684 1286 πέσσητε,
699 1251 814 1278 πέσσετε
824 1259 831 1266 ·
849 1251 896 1278 καὶ
908 1251 957 1277 ὅσα

166 1298 215 1324 ἐὰν
230 1298 313 1333 ἕψητε
329 1298 419 1332 ἓψετε,
443 1298 489 1324 καὶ
510 1299 564 1324 πᾶν
577 1297 607 1324 τὸ
624 1296 779 1330 πλεονάζον,
794 1297 956 1324 καταλίπετε

164 1343 233 1371 αὐτὸ
249 1345 288 1375 είς
304 1343 446 1379 ἀποθήκην
460 1343 500 1378 τῷ
522 1344 605 1378 πρωΐ.
624 1343 678 1370 Καὶ
691 1342 835 1370 κατέλιπον
846 1343 893 1370 ἀπ’
906 1343 956 1370 αὒ-

166 1387 214 1414 τοῡ
233 1389 273 1420 είς
292 1387 321 1414 τὺ
337 1388 420 1423 πρωῒ,
435 1388 560 1422 καθάπερ
579 1387 721 1420 συνέταξεν
736 1388 828 1419 αὐτοῖς
840 1387 954 1422 Μωσῆς,

167 1433 216 1459 καὶ
238 1434 288 1459 οὐκ
303 1432 433 1466 mace“,
458 1433 517 1459 οὐδὲ
536 1433 643 1468 σκώληξ
663 1433 771 1467 ἐγένετο
785 1433 814 1459 ἐν
833 1432 917 1467 αὐτῷ.
943 1441 953 1458 ι

166 1479 304 1506 ’Ἐκαστον
320 1479 370 1514 μὲν
385 1477 431 1505 οὗν
444 1479 474 1505 τὸ
494 1478 596 1514 ἀρκοῦν
610 1478 685 1513 αὐτῷ
703 1478 878 1513 συγκομίζειν
894 1478 956 1505 ἐκέ-

166 1525 256 1551 λευεν.
280 1525 374 1560 Εῐργει
392 1525 420 1551 δὲ
436 1524 561 1560 οὐδαμῶς
578 1524 661 1560 ἔργῳ,
677 1525 755 1560 εἴπερ
770 1525 855 1551 ἕλοιτο
876 1524 955 1559 τυχὸν

167 1571 214 1597 καὶ
230 1572 285 1602 τοῖς
296 1571 396 1597 ἀποῦσι
411 1570 558 1604 συλλέγειν,
574 1571 621 1597 καὶ
634 1570 673 1605 τῷ
685 1570 734 1605 τῆς
747 1571 857 1606 ἀγάπης
871 1580 955 1597 κατα-

167 1616 359 1650 φαιδρύνεσθαι
375 1616 458 1651 νόμῳ.
481 1616 648 1650 Ἀποφάσκει
664 1616 691 1642 δὲ
707 1616 845 1647 παντελῶς
860 1616 890 1642 τὺ
906 1625 955 1650 φυ-

167 1661 273 1688 λάττειν
294 1662 334 1693 εἰς
354 1662 383 1688 τὺ
403 1661 485 1698 πρωῒ,
502 1661 548 1688 καὶ
564 1661 642 1687 τοῦτο
658 1661 725 1696 δρᾷν
738 1661 789 1697 ἔφη
807 1661 859 1696 πρὸ
875 1661 955 1696 μόνου

166 1706 214 1732 τοῦ
232 1706 387 1738 Σαϐὄάτου,
405 1706 448 1733 ἵνα
471 1706 516 1732 καὶ
528 1706 542 1732 6
563 1707 612 1741 τῆς
626 1707 724 1741 ἀργίας
741 1707 778 1742 μὴ
798 1707 956 1741 ἀτιμάζοιτο

167 1751 258 1786 νόμος.
277 1752 314 1777 UO
336 1752 390 1787 γὰρ
411 1749 444 1787 ἦν
467 1752 535 1784 ὅλως
556 1752 646 1786 εὑρεῖν
669 1751 698 1778 ἐν
719 1752 860 1786 Σαῦϐάτῳ,
888 1753 956 1787 μηδὲ

168 1797 308 1829 καθιέντος
321 1797 400 1831 Θεοῦ,
418 1798 559 1833 μονονουχὶ
574 1798 601 1825 δὲ
618 1797 662 1825 διὰ
676 1798 752 1824 τοῦδε
772 1799 819 1825 καὶ
835 1799 957 1832 ἀναγκά-

169 1843 261 1875 ζοντος
283 1843 452 1879 ἀφιλοεργεῖν
482 1845 510 1870 ὲν
538 1844 676 1879 Σαϐὄάτῳ.
709 1843 777 1871 Ἀλλ’
800 1844 877 1879 ὀλίγα
902 1845 957 1871 τῶν

169 1889 249 1916 θείων
259 1889 503 1925 χρησμῳδημᾶτων
515 1890 711 1926 πεφροντίκασί
725 1899 806 1922 τινες.
821 1890 869 1917 καὶ
879 1899 958 1926 τετηο

170 1934 270 1969 ρήκασι
292 1934 345 1969 πρὸ
361 1935 510 1966 Σαόὃάτου,
530 1936 587 1967 καὶ,
606 1935 643 1967 ὥς
667 1943 733 1970 φησι
750 1936 779 1962 τὸ
794 1936 914 1972 Γράμμα
927 1936 958 1962 τὸ

170 1978 252 2013 ίερὸν,
279 1988 287 2004 t
316 1979 462 2012 Ἐπώζεσε,
486 1980 532 2006 καὶ
557 1979 664 2012 ἐξέζεσε
691 1979 844 2015 σκώληκας.
874 1991 882 2006 ι
903 1980 958 2008 Καὶ

170 2024 322 2059 ἐπικράνθη
332 2025 433 2060 Μωσῆς
443 2033 449 2039 ·
462 2025 680 2060 ὲκδεδραμήκασί
691 2035 719 2052 τε
731 2027 777 2053 καὶ
788 2027 816 2053 ὲν
828 2027 957 2062 Σαΰϐάτῳ

171 2069 351 2102 συλλέξοντες,
367 2072 413 2097 καὶ
423 2071 570 2106 ἠγανάκτει
585 2071 659 2103 Θεὸς.
675 2072 830 2106 Γέγραπται
843 2073 898 2108 γὰρ
910 2073 957 2099 οὓ-

168 2121 238 2144 τω;”
263 2123 273 2138 ‹
307 2113 429 2148 Ἐγένετο
451 2114 479 2141 δὲ
496 2115 523 2140 ὲν
541 2115 631 2151 ἡμέρᾳ
655 2117 687 2152 τῇ
711 2117 823 2153 ἐϐδόμῃ,
847 2117 958 2152 ἐξῆλθον

169 2166 242 2190 τινες
256 2159 288 2184 ὲκ
307 2159 352 2185 τοῦ
370 2159 434 2185 λαοῦ
458 2159 593 2192 συλλέξαι,
609 2161 656 2187 καὶ
678 2161 726 2196 οὐχ
739 2159 828 2197 εὗρον.
847 2160 913 2188 Eius
929 2163 958 2189 δὲ

1015 255 1114 277 castra.
1137 249 1215 276 Mane
1235 253 1327 275 autem
1346 247 1447 274 factum
1464 255 1516 278 est.
1533 257 1595 276 cum
1607 257 1738 280 eessassu
1756 260 1802 279 ros

1014 294 1043 321 in
1060 293 1177 321 circuitu
1194 298 1360 325 castrorum,
1376 296 1402 319 et
1414 300 1478 319 ecce
1495 300 1577 328 super
1588 293 1685 321 faciem
1699 295 1800 323 deserti

1015 338 1115 366 subtile
1135 342 1166 365 ut
1184 338 1359 365 coriandrum
1373 338 1475 370 album.
1498 342 1526 364 ut
1538 338 1638 371 pruina
1651 346 1733 373 super
1747 345 1801 367 ter-

1015 391 1082 410 ram.
1107 384 1238 411 Videntes
1255 388 1344 411 autem
1368 383 1416 410 ﬁlii
1436 383 1517 410 lsrael
1534 384 1662 410 dixerunt
1682 385 1751 411 alter
1763 386 1801 412 al-

1014 430 1064 456 teri
1078 439 1083 456 :
1103 430 1173 462 Quid
1192 434 1234 456 cst
1255 429 1307 456 hoc
1320 429 1332 455 ?
1346 437 1401 456 non
1418 429 1490 456 enim
1509 429 1631 456 sciebant
1646 430 1713 464 quid
1730 435 1798 458 erat.

1013 474 1086 501 Dixit
1112 480 1204 501 autem
1226 474 1314 501 Moses
1331 474 1365 500 ad
1386 481 1453 500 eos:
1474 474 1613 509 l’lic'panis
1624 482 1705 508 quem
1723 475 1800 501 dedit

1012 520 1144 546 Dominus
1161 520 1238 546 vobis
1253 520 1286 546 ad
1305 519 1501 546 comedendum
1516 528 1522 552 ;
1537 520 1589 546 hoc
1600 520 1713 546 verbum
1726 520 1798 554 quod

1012 566 1155 592 constituit
1171 566 1311 592 Dominus.
1325 564 1450 600 Colligite
1463 573 1497 592 ex
1513 573 1545 592 co
1560 566 1748 600 unusquisque
1765 566 1798 592 ad

1011 611 1152 646 proximos
1172 619 1277 646 gomor,
1297 611 1447 638 secundum
1465 617 1556 646 caput,
1566 612 1643 646 juxta
1654 620 1797 639 numerum

1011 656 1165 682 animarum
1180 661 1342 683 vestrarum.
1357 656 1549 691 Unusquisque
1567 664 1629 683 cum
1648 658 1798 684 contuber-

1010 701 1119 728 nalibus
1132 701 1232 728 vestris
1246 702 1375 737 colligite.
1392 701 1527 729 Fecerunt
1542 707 1633 729 autem
1648 702 1686 729 sic
1697 703 1744 729 lilii
1757 703 1797 730 ls-

1011 747 1080 778 rael,
1106 751 1134 773 et
1166 747 1336 782 collegerunt
1356 746 1427 773 alius
1450 747 1522 781 plus,
1546 747 1617 774 alius
1636 747 1746 780 minus;
1770 751 1798 774 et

1010 793 1155 820 metientes
1176 801 1281 828 gomor,
1311 801 1366 820 non
1391 793 1540 820 abundavit
1562 793 1608 827 qui
1625 794 1751 826 multum,
1769 798 1798 820 et

1010 838 1056 872 qui
1069 838 1170 870 minus,
1184 847 1238 865 non
1251 839 1341 865 minus
1353 838 1448 865 habuit
1462 848 1468 865 :
1482 839 1670 874 unusquisque
1687 840 1720 866 ad
1731 847 1796 874 pro—-

1010 884 1098 911 ximos
1109 884 1161 910 sibi
1171 884 1361 924 .collegerunt.
1385 884 1457 911 Dixit
1479 888 1569 910 autem
1580 885 1667 911 Moses
1683 885 1716 911 ad
1730 892 1794 911 eos:

1008 929 1105 956 Nullus
1128 930 1265 964 relinquat
1285 937 1317 956 ex
1341 937 1374 956 eo
1396 929 1423 956 in
1437 937 1525 956 mane.
1538 929 1571 956 Et
1581 937 1636 956 non
1650 930 1796 956 audierunt

1008 975 1110 1007 Mosen,
1123 976 1207 1010 288
1217 975 1264 1002 sed
1276 976 1447 1010 reliquerunt
1458 974 1569 1008 quidam
1580 982 1613 1002 ex
1622 982 1655 1001 eo
1666 975 1694 1001 in
1704 982 1794 1006 mane,

1007 1025 1034 1047 et
1058 1019 1187 1046 eﬁ‘erbuit
1206 1027 1324 1051 vermes,
1340 1023 1368 1045 et
1390 1018 1567 1053 computruit.
1592 1018 1626 1045 Et
1640 1018 1796 1052 indignatus

1007 1071 1049 1093 cst
1062 1069 1157 1093 contra
1170 1073 1218 1093 eos
1228 1065 1316 1094 Moses
1330 1065 1363 1091 ⁷⁸.
1381 1074 1390 1090 ι
1411 1065 1445 1092 Ει
1457 1068 1518 1099 post
1528 1068 1625 1092 caetera
1640 1072 1736 1092 rursus
1749 1072 1797 1091 eos

1007 1112 1156 1146 alloquitur
1176 1112 1271 1139 dicens
1285 1121 1291 1138 :
1318 1122 1327 1137 ι
1343 1110 1400 1138 Hoc
1420 1111 1588 1139 verbumest
1599 1110 1673 1145 quod
1688 1110 1797 1138 locutus

1006 1162 1048 1184 est
1067 1159 1198 1186 Dominus
1210 1167 1216 1185 :
1231 1158 1349 1185 Sabbata
1360 1162 1453 1184 sancta
1467 1163 1531 1184 sunt
1547 1158 1656 1192 requies
1669 1157 1795 1188 Domino,

1006 1211 1077 1231 cras.
1098 1203 1273 1239 Quaecunque
1294 1204 1422 1231 coxeritis
1439 1204 1568 1238 coquite;
1589 1208 1616 1231 et
1626 1211 1796 1238 quaecunque

1007 1250 1175 1277 elixaveritis
1193 1250 1303 1282 elixate,
1323 1254 1350 1277 et
1370 1257 1450 1277 omne
1468 1249 1635 1284 superﬂuum
1650 1249 1796 1284 relinquite

1007 1295 1074 1323 illud
1095 1296 1123 1323 in
1143 1296 1338 1331 repositionem
1359 1296 1386 1322 in
1406 1296 1566 1323 crastinum.
1580 1295 1613 1322 Et
1624 1295 1796 1330 reliquerunt

1006 1349 1040 1368 ex
1052 1349 1084 1369 eo
1098 1342 1125 1368 in
1138 1349 1228 1374 mane,
1243 1342 1314 1369 sicut
1329 1345 1496 1376 praeceperat
1508 1341 1605 1373 Moses,
1620 1347 1672 1367 nec
1683 1347 1795 1374 compu-

1007 1387 1083 1419 truit,
1099 1395 1188 1422 neque
1199 1387 1302 1415 vermis
1313 1391 1393 1414 natus
1404 1391 1444 1414 est
1461 1387 1489 1413 in
1502 1386 1561 1420 ipso
1572 1386 1605 1412 ⁷⁵.
1617 1395 1629 1411 ν)
1649 1385 1726 1418 Quod
1742 1385 1795 1421 igi-

1007 1437 1052 1460 tur
1071 1433 1219 1468 unicuique
1240 1433 1392 1460 suﬁiciebat
1411 1436 1583 1467 comportare
1598 1431 1688 1466 jussit.
1711 1431 1796 1458 Nemo

1006 1482 1097 1505 autem
1114 1479 1290 1514 prohibebat,
1303 1478 1451 1513 quominus
1463 1478 1532 1504 alter
1543 1477 1623 1504 alteri
1638 1476 1660 1503 si
1673 1476 1754 1503 vellet
1767 1476 1796 1504 in

981 1541 990 1550 η
1007 1525 1130 1552 absentia
1154 1525 1304 1560 colligeret,
1326 1528 1408 1559 atque
1424 1524 1461 1551 ita
1474 1523 1617 1550 cbaritatis
1629 1522 1687 1558 lege
1699 1522 1796 1549 condi—

1007 1575 1058 1597 ret.
1079 1571 1164 1606 Negat
1182 1575 1274 1598 autem
1294 1570 1406 1598 omnino
1417 1569 1566 1604 quidquam
1580 1576 1641 1596 esse
1650 1566 1795 1596 reservan-

1006 1615 1071 1642 dum
1088 1616 1115 1642 in
1130 1616 1280 1643 crastinum
1295 1625 1303 1649 ;
1321 1620 1349 1643 et
1365 1615 1387 1642 si
1406 1615 1458 1642 hoc
1468 1618 1531 1641 ante
1543 1615 1630 1641 solum
1646 1613 1794 1641 Sabbatum

1007 1661 1157 1692 permittat,
1182 1669 1216 1689 ne
1234 1661 1305 1688 forte
1327 1661 1370 1688 lex
1386 1660 1488 1695 quietis
1506 1660 1634 1687 violetur.
1651 1660 1709 1686 Non
1721 1659 1794 1686 enim

1007 1707 1120 1734 omnino
1131 1705 1322 1733 inveniebatur
1336 1705 1465 1737 Sabbato,
1479 1705 1546 1732 nihil
1559 1705 1718 1732 demittente
1727 1705 1794 1735 Deo,

1008 1756 1037 1779 ut
1052 1752 1092 1779 sic
1110 1751 1308 1786 propemodum
1331 1756 1442 1786 cogeret
1454 1759 1501 1778 eos
1514 1751 1541 1778 in
1554 1750 1672 1778 Sabbato
1684 1750 1718 1777 ab
1729 1758 1796 1784 ope-

1008 1799 1084 1826 ribus
1107 1806 1214 1825 vacare.
1238 1798 1338 1826 Verum
1362 1798 1504 1825 enimvero
1530 1797 1653 1831 plerique
1681 1805 1715 1823 ex
1744 1797 1795 1827 eis,

1007 1849 1164 1879 contempto
1176 1844 1269 1871 divino
1281 1844 1402 1875 oraculo,
1416 1844 1497 1870 etiam
1509 1844 1561 1870 llOC
1573 1846 1636 1870 ante
1648 1842 1795 1870 Sabbatum

1007 1893 1193 1921 reservarunt,
1215 1893 1306 1923 atque,
1328 1893 1359 1916 ut
1375 1889 1414 1915 ait
1436 1896 1511 1915 sacra
1525 1888 1677 1923 Scriptura,
1695 1897 1704 1913 ι
1720 1895 1795 1914 com-

1007 1935 1114 1970 putruit
1135 1939 1164 1962 et
1189 1935 1288 1962 scatuit
1309 1934 1458 1961 vermibus.
1475 1943 1484 1959 ι
1506 1934 1540 1960 Et
1559 1934 1738 1961 exacerbatus
1754 1937 1796 1960 est

1007 1981 1105 2012 Moses,
1116 1981 1180 2016 quia
1189 1981 1272 2007 etiam
1280 1980 1307 2006 in
1316 1979 1436 2006 Sabbato
1445 1979 1627 2006 excurrebant
1639 1979 1794 2010 collectum,

1007 2034 1041 2053 ex
1061 2034 1115 2061 quo
1132 2031 1161 2054 et
1178 2027 1250 2053 Deus
1265 2026 1324 2061 ipse
1342 2026 1510 2053 succensuit.
1524 2025 1563 2052 lta
1574 2025 1647 2052 enim
1662 2025 1794 2059 scriptum

1007 2076 1050 2100 est
1064 2081 1070 2099 ι
1085 2082 1094 2097 ί
1108 2072 1214 2099 Accidit
1226 2076 1318 2099 autem
1329 2076 1357 2099 et
1370 2072 1396 2099 in
1409 2072 1453 2099 die
1466 2071 1592 2106 septimo,
1610 2071 1713 2105 egressi
1731 2077 1796 2098 sunt

1008 2119 1092 2154 aliqui
1104 2119 1138 2146 de.
1150 2119 1250 2154 populo
1262 2123 1292 2146 ut
1302 2119 1471 2153 colligerent,
1483 2118 1530 2146 sed
1541 2117 1609 2144 nihil
1621 2118 1793 2144 invenerunt.

1009 2165 1136 2199 Dixitque
1158 2165 1290 2192 Dominus
1304 2164 1338 2191 ad
1353 2164 1444 2191 Mosen
1461 2173 1468 2190 τ
1486 2164 1633 2198 Usquequo
1643 2170 1698 2189 non
1712 2163 1796 2190 vultis

171 2204 272 2239 Κύριος
296 2205 363 2240 προς
386 2206 504 2241 Μωσῆν·
522 2207 593 2238 Ἕως
607 2207 679 2239 τίνος
693 2208 723 2234 οὐ
743 2207 869 2242 βούλεσθε
902 2209 958 2235 εἶσ-

1011 2211 1105 2238 audire
1116 2211 1242 2238 mandata
1253 2219 1324 2242 mea,
1337 2214 1364 2237 et
1375 2211 1461 2245 legem
1474 2209 1716 2237 meamiDominus
1722 2209 1794 2236 enim

172 2249 281 2276 ακούειν
295 2250 345 2282 τὰς
364 2251 471 2282 ἐντολάς
484 2260 534 2286 μου
555 2252 607 2278 ,καὶ
626 2252 672 2278 τὸν
687 2253 766 2287 νόμον
781 2262 846 2288 μου;
866 2254 958 2286 Ἴδετε,

170 2296 184 2321 6
208 2296 308 2331 Κύριος
330 2296 412 2323 ἔδωκε
429 2296 477 2332 τὴν
497 2298 604 2333 ἡμέραν
626 2298 728 2334 ταύτην
751 2299 886 2326 Σάϐϐατα.
911 2300 961 2326 Διὶ

171 2342 226 2377 γὰρ
239 2342 317 2368 τοῦτο
328 2343 408 2374 αὐτὸς
423 2343 522 2370 ἔδωκεν
541 2345 604 2379 ὑμῖν
623 2346 655 2380 τῇ
671 2345 761 2380 ἡμέρᾳ
772 2347 804 2380 τῇ
821 2345 887 2381 ἕκτῃ
910 2346 959 2380 ἆρ-

171 2396 234 2419 τους
250 2388 295 2414 δύο
308 2388 418 2424 ἡμερῶν
428 2397 434 2403 ·
451 2389 598 2416 καθίσασοε
613 2390 727 2422 ἕκαστος
740 2391 779 2421 εἰς
793 2391 855 2421 τοὺς
870 2390 960 2423 οἴκους

172 2433 264 2468 ὑμῶν,
280 2434 373 2469 μηδεὶς
384 2434 460 2470 ὑμῶν
472 2435 663 2470 ἐκπορευέσθω
677 2436 708 2461 ὲκ
718 2435 764 2461 τοῦ
783 2435 864 2461 τόπου
877 2434 958 2461 αὑτοῦ

171 2481 204 2514 τῇ
218 2479 308 2516 ἡμέρα
318 2482 351 2516 τῇ
367 2480 476 2516 ἑϐδόμῃ.
494 2490 503 2506 θ
518 2481 572 2507 Καὶ
585 2481 626 2512 τίς
640 2480 672 2508 ἃν
683 2481 788 2514 γένοιτο
799 2480 866 2516 πρὸς
878 2480 958 2516 ἡμῶν

172 2524 186 2549 ὁ
197 2526 253 2556 τοῖς
264 2525 418 2560 εἰρημένοις
428 2527 539 2561 πρέπων
553 2535 582 2552 τε
594 2527 640 2552 καὶ
652 2525 852 2561 ἀρμοδιώτατος
864 2525 958 2560 λόγος

173 2571 204 2596 Τί
221 2570 252 2606 δὴ
268 2571 299 2597 τὸ
316 2571 419 2607 ἑσπέρᾳ
434 2572 483 2607 μὲν
502 2572 550 2607 τὴν
571 2572 779 2608 ὀρτυγομήτραν
800 2572 894 2603 ἐλθεῖν,
918 2572 960 2598 δε-

172 2616 265 2642 δόσθαι
284 2616 312 2642 δὲ
334 2617 362 2644 ἐν
384 2618 452 2652 φωτὶ
476 2618 523 2644 καὶ
544 2617 635 2653 ὅρθρῳ
653 2618 802 2653 τὸνμὰννας
826 2615 910 2652 Οἶμαι
932 2618 959 2644 δὲ

173 2662 259 2695 ἔγωγε
275 2663 560 2697 πολυπραγμονεῖσθαι
578 2664 690 2698 πρέπειν
701 2672 707 2679 ·
723 2665 769 2690 καὶ
786 2665 838 2699 πρό
859 2672 889 2698 γε
905 2664 959 2690 τῶν

1008 2256 1085 2283 dedit
1095 2256 1174 2283 vobis
1186 2256 1258 2283 diem
1275 2257 1345 2283 hanc
1358 2256 1516 2283 Sabbatum.
1534 2255 1648 2290 Propter
1667 2254 1719 2281 hoc
1739 2254 1795 2289 ipse

1008 2300 1084 2327 dedit
1094 2300 1174 2327 vobis
1186 2300 1230 2327 die
1244 2305 1320 2327 sexto
1331 2308 1416 2335 panes
1431 2301 1547 2327 duorum
1567 2299 1685 2330 dierum,
1703 2299 1795 2326 sedete

1009 2346 1197 2380 unusquisque
1226 2347 1253 2373 in
1280 2347 1407 2373 domibus
1430 2346 1537 2378 vestris,
1561 2346 1653 2372 nullus
1673 2349 1795 2372 vestrum

1008 2391 1166 2426 egrediatur
1180 2400 1195 2418 e
1207 2389 1268 2424 loco
1279 2399 1329 2418 suo
1342 2392 1386 2419 die
1397 2392 1513 2426 septimo
1525 2392 1556 2418 ".
1575 2401 1582 2416 I
1594 2391 1722 2424 Quaenam
1731 2398 1796 2418 vero

1011 2441 1102 2472 potest
1112 2445 1127 2465 a
1139 2437 1220 2464 nobis
1232 2438 1362 2472 assignari
1379 2438 1449 2465 ratio
1457 2438 1533 2465 hisce
1542 2437 1623 2465 dictis
1632 2437 1797 2464 conveniens

1011 2485 1183 2520 maximeque
1203 2485 1322 2512 idonea?
1341 2484 1440 2517 Quare,
1460 2485 1585 2516 obsecro,
1610 2483 1735 2511 c'oturnix
1752 2491 1796 2510 ve—

1010 2531 1083 2565 speri
1104 2531 1190 2562 venit,
1212 2539 1310 2558 manna
1335 2537 1401 2557 vero
1425 2530 1547 2558 diluculo
1559 2538 1592 2558 ac
1611 2537 1690 2556 mane
1704 2529 1796 2556 datum

1010 2576 1073 2602 est?
1086 2575 1218 2609 Equidem
1233 2583 1282 2610 par
1300 2583 1360 2604 esse
1377 2576 1506 2607 arbitror,
1522 2580 1553 2602 ut
1564 2578 1690 2602 accurate
1704 2574 1738 2601 de
1755 2573 1796 2601 liis

1011 2619 1183 2654 inquiramus
1196 2628 1202 2652 ;
1215 2627 1246 2646 ac
1258 2627 1313 2654 pm
1324 2619 1430 2646 czeteris
1438 2619 1502 2654 quid
1512 2618 1648 2650 coturnix,
1657 2617 1723 2651 quid
1732 2616 1796 2642 item

1012 2673 1111 2693 manna
1126 2666 1238 2701 ﬁgurate
1249 2674 1282 2693 ac
1294 2666 1379 2693 veluti
1397 2667 1424 2693 in
1439 2666 1543 2693 umer
1553 2665 1639 2700 ﬁgura
1651 2662 1795 2698 signiﬁcet.

173 2708 275 2740 ἄλλων,
297 2710 322 2735 τί
346 2711 394 2745 μὲν
454 2711 657 2747 ὀρτυγομήτρα,
674 2711 744 2738 τίδὲ
763 2712 854 2738 καὶτὸ
879 2712 965 2746 μάννα
990 2714 1220 2749 κατασημαίνοιεν
1243 2714 1277 2742 ἂν
1299 2714 1504 2750 αἰνιγματωδῶς
1535 2713 1582 2740 καὶ
1615 2712 1652 2743 ὡς
1676 2712 1704 2737 ὲν
1720 2709 1797 2747 τύπῳ

175 2756 263 2787 σκιᾶς.

212 2846 235 2863 ⁷⁸
248 2847 334 2874 Exod.
350 2855 402 2881 xvi,
420 2847 508 2876 mo.
585 2848 651 2874 ibid.
667 2847 711 2882 25,
724 2847 767 2874 iii.

806 2848 828 2862 ⁷³
844 2847 910 2873 ibi.l.
926 2846 1022 2874 23~50.
