1999 3056
145 179 198 207 657

658 173 919 202 GLAPIIYRORUM
939 174 972 202 ΙΝ
993 174 1134 202 EXODUM
1154 174 1217 202 LIB.
1242 174 1273 201 ll.

1723 173 1773 201 658

145 236 219 264 ιστὶν
241 234 309 270 ὀρθὴ
330 233 378 259 καὶ
399 231 544 267 ὰκίῦδηλος
567 231 675 265 γνῶσις.
697 231 745 266 Εἴη
763 231 785 257 δ’
801 231 833 258 ἂν
854 230 892 262 ὡς
906 232 934 257 ὲν

989 230 1094 267 egregie
1109 239 1204 259 sumus
1233 229 1354 257 deducti.
1387 229 1472 256 Porro
1491 229 1690 257 nutrimentum
1719 231 1774 266 spi-

146 283 216 319 qawz‘t
243 281 290 308 καὶ
313 280 407 315 ἡμέρᾳ
423 279 478 309 τῶν
505 278 548 305 διὰ
565 278 682 314 Χριστοῦ
711 279 903 313 παιδευμάτων
918 278 935 312 ἡ

146 329 272 366 χορηγία,
289 327 433 362 Τοιγάρτοι
453 326 482 352 τὸ
504 326 592 360 μάννα
605 324 737 360 κατεδόοη
752 325 808 356 τοῖς
823 324 934 359 ἀρχαιο-

145 377 250 411 τέροις,
273 372 473 407 διαυγαζούσης
491 371 607 407 ἡμέρας.
625 371 669 397 καὶ
688 370 864 400 σκιδναμένου
881 378 936 404 φω-

145 422 200 452 τός.
217 417 352 454 Διηύγαζε
363 418 418 454 γὰρ
427 419 455 444 ὲν
472 418 537 452 ἡμῖν
551 418 606 448 τοῖς
618 415 790 443 πιστεύουσιν
805 416 822 451 ἡ
834 415 934 451 ἡμέρα,

146 466 217 493 κατὰ
233 465 263 491 τὸ
279 464 482 500 γεγραμμένον,
509 463 556 489 καὶ
580 463 724 498 φωσφόρος
749 461 884 489 ἀνέτειλεν
908 462 936 487 ἐν

144 513 205 543 ταῖς
220 511 348 538 ἁπάντων
368 502 517 545 καρδίαις,
533 509 579 536 καὶ
594 510 608 535 6
625 509 674 543 τῆς
699 507 871 542 δικαιοσύνης
892 508 937 533 ἁν-

148 557 224 592 ίπχεν
241 556 326 591 ἥλιος,
341 555 464 581 τουτέστι
486 553 615 589 Χριστὸς,
634 555 648 580 6
668 553 714 579 τοῦ
737 552 831 588 νοητοῦ
851 552 937 586 μάννα

145 603 238 637 δοτήρ.
257 602 318 627 Ὅτι
336 600 390 636 γὰρ
407 600 444 632 ὡς
457 601 486 626 ὲν
501 600 584 626 εικόνι
600 600 649 635 μὲν
662 601 749 626 έκεῖνο
766 599 796 625 τδ
810 598 937 633 αἰσθητὸν

145 648 203 675 ἔτι.
225 646 255 672 τὸ
279 646 306 672 δὲ
324 645 423 680 ἀληθὲς
436 645 528 677 αὐτὸς,
547 645 750 680 πληροφορήσει
769 645 855 678 λέγων
869 644 937 680 πρὸς

152 692 305 723 Ίιγυδαίους·
328 701 338 717 «
357 692 389 718 Οἱ
405 692 521 726 πατέρες
538 690 614 726 ὑμῶν
637 691 738 725 ἔφαγον
756 690 785 716 τὸ
801 691 889 724 μάννα
909 690 937 715 έν

145 741 178 773 τῇ
190 740 296 773 ἐρήμῳ,
307 738 355 765 καὶ
368 737 512 764 ἀπέθανον.
528 734 613 768 Οὗτός
625 738 698 763 ἐστιν
706 737 720 762 6
729 736 810 771 ἄρτος
821 737 835 761 6
845 735 877 761 ἐκ
889 733 936 760 τοῦ

145 782 259 820 ούρανοῦ
273 783 454 816 καταϐαίνων,
469 782 512 809 ἵνα
525 791 566 813 τις
582 782 611 814 ἐξ
623 780 704 808 αὑτοῦ
715 781 799 816 φάγῃ,
818 779 887 815 [καὶ]
901 779 937 814 μὴ

146 830 282 865 ἀποθάνῃ.
308 829 378 863 Ἐγώ
399 830 456 864 εἰμι
476 829 490 855 6
510 829 593 863 ἄρτος
610 829 624 854 6
640 827 703 859 ζῶν,
716 827 731 852 6
746 827 777 853 ἐκ
794 825 840 852 τοῦ
853 825 936 861 ούρα-

148 876 230 912 ρανοῦ
242 874 374 906 καταὸάς.
393 874 455 901 Ἐάν
472 881 513 904 τις
528 873 603 908 φάγῃ
616 873 648 898 ἐκ
669 870 764 898 τούτου
777 869 824 896 τοῦ
842 870 935 904 ἄρτου,

148 910 227 956 ζήσει
247 921 287 952 είς
304 920 350 946 τὸν
365 919 461 946 αἰῶνα.
478 919 532 945 Καὶ
546 919 560 944 6
577 917 659 952 ἄρτος
681 916 711 942 6v
737 915 803 950 ἔγὼ²
814 914 901 945 δώσω,
920 915 936 948 ἡ
954 910 974 939 Β

148 967 217 1003 σάρξ
236 966 287 1002 μού
300 967 391 999 ’ἑο-τιν,
407 965 441 1001 ἢν
456 964 512 1000 ἐγὼ
528 963 607 990 δώσω
622 964 692 998 ὑπὲρ
706 963 755 998 τῆς
769 961 816 988 τοῦ
833 961 936 996 κόσμου

148 1015 231 1050 ζωῆς.
251 1024 260 1040 ι
281 1013 443 1049 Ἀποτρέφει
454 1013 508 1047 γὰρ
528 1012 601 1047 ἡμᾶς
616 1011 655 1042 εἱς
670 1011 810 1045 ἀμήρυτον
828 1007 900 1043 ζωὴν
924 1007 938 1033 6

148 1059 252 1094 Κύριος
266 1059 345 1094 ὴμῶν
369 1057 471 1093 Ἰησοῦς
492 1057 624 1093 Χριστὸς,
648 1056 694 1082 καὶ
720 1056 780 1086 ταῖς
800 1055 840 1085 εἱς
864 1052 939 1079 εὐσέ-

148 1105 226 1132 ϐειαν
252 1104 413 1141 ὑποθήκαις,
443 1104 491 1130 καὶ
513 1104 547 1130 δι’
563 1102 687 1136 εὐλογίας
709 1102 759 1136 τῆς
789 1098 937 1135 μυστικῆς.

149 1150 237 1181 Αὐτὸς
250 1147 296 1176 οὖν
314 1150 367 1185 ἄρα
388 1149 435 1176 καὶ
454 1149 488 1175 δι’
505 1147 588 1174 αὐτοῦ
607 1147 638 1173 τὸ
659 1146 747 1182 μάννα
759 1145 790 1172 τὸ
804 1145 876 1171 θεῖον
891 1143 938 1171 καὶ

149 1194 281 1228 ζωοποιὸν
300 1193 419 1229 ἀληθῶς.
442 1193 496 1220 Καὶ
517 1192 596 1219 τοῦτο
614 1193 628 1219 6
648 1189 845 1226 κατεδηδοκὼς,
859 1188 938 1224 ἀμεί-

148 1250 202 1268 νων
228 1241 287 1268 ἐστὶ
315 1240 429 1276 φθορᾶς,
449 1239 494 1266 καὶ
524 1238 665 1273 ὑφαλεῖται
695 1236 823 1269 θάνατον,
844 1235 894 1269 οὐχ
913 1234 938 1260 οἱ

149 1289 283 1324 φαγόντες
295 1288 325 1314 τὺ
335 1287 473 1322 αἰσθητόν.
491 1287 528 1312 Οὐ
548 1284 602 1319 γὰρ
617 1281 651 1319 ἦν
661 1282 675 1308 6
692 1281 776 1312 τύπος
795 1281 937 1315 σωτήριος,

149 1334 336 1362 ὑπεπλάττετο
359 1333 386 1360 δὲ
409 1332 458 1367 τῆς
474 1329 602 1366 ἀληθείας
621 1328 669 1364 τὴν
689 1328 841 1364 μόρφωσιν.
862 1325 939 1351 Ἐχέ-

148 1382 229 1408 λευσε
248 1381 276 1407 δὲ
291 1380 321 1407 τὸ
342 1379 429 1415 μάννα
443 1380 457 1405 6
470 1378 546 1410 Θεὸς,
562 1376 639 1403 ὑετοῦ
660 1375 736 1410 δίκην
753 1372 856 1400 ἄνωθεν
871 1371 937 1398 καθ-

150 1430 212 1461 ιεὶς,
227 1429 257 1455 τὸ
272 1425 401 1462 ἀποχρῶν
417 1426 525 1460 ἑκάστῳ
541 1423 691 1457 συλλέγειν,
714 1421 884 1456 συναγειρειν
899 1419 937 1452 δὲ,

149 1476 229 1511 εἴπερ
244 1474 346 1501 ἓλοιντό
358 1481 441 1504 τινες,
459 1472 506 1498 καὶ
519 1472 576 1503 τοῖς
592 1470 641 1505 τὴν
653 1469 737 1504 αὐτὴν
754 1467 859 1494 οἰκοῦσι
873 1475 939 1500 σκη-

149 1523 209 1558 νήν.
222 1532 231 1548 «
244 1522 379 1552 Ἕκαστος
393 1519 458 1555 γὰρ,
473 1519 549 1554 φησὶ,
568 1518 615 1544 σὺν
629 1518 685 1548 τοῖς
701 1516 846 1550 συσκήνοις
862 1513 938 1549 ὑμῶν

150 1567 305 1600 συλλέξατε,
321 1566 368 1593 καὶ
383 1566 411 1592 οὺ
428 1564 616 1599 καταλείψετε,
630 1562 722 1597 φησὶν,
740 1562 787 1588 ἀπ’
798 1559 880 1587 αὑτοῦ
899 1560 938 1590 εἰς

148 1615 180 1640 τὸ
198 1614 280 1648 πρωῒ.
294 1621 304 1638 ›
324 1611 384 1647 Χρὴ
398 1611 451 1646 γὰρ
466 1610 537 1646 ἡμᾶς
552 1608 608 1635 τῶν
624 1607 704 1634 θείων
718 1615 748 1633 τε
767 1606 814 1632 καὶ
824 1605 938 1639 εὐαγγεο

149 1659 234 1687 λικῶν
244 1656 470 1693 ἀναπίμπλασθαι
481 1655 660 1690 μαθημάτων.
681 1654 725 1680 Ἐν
739 1652 788 1688 ἴσῳ
802 1651 834 1687 δὴ
848 1651 940 1686 μέτρῳ

154 1706 261 1740 μικροῖς
276 1706 322 1730 καὶ
346 1703 475 1738 μεγάλοις
492 1701 664 1736 διανέμοντος
677 1699 743 1735 ἡμῖν
758 1697 806 1725 τοῦ
821 1696 939 1733 Χριστοῦ

151 1753 201 1787 τὴν
215 1751 280 1786 παρ’
294 1749 392 1776 ἑαυτοῦ
413 1749 501 1784 χάριν,
512 1747 560 1774 καὶ
573 1746 674 1782 ὁμοίως
687 1746 810 1776 ἅπαντας
824 1742 940 1777 ἀποτρέ-

152 1805 250 1831 φοντος
269 1797 308 1828 εἰς
327 1795 411 1830 ζωὴν,
432 1794 601 1829 συναγείρειν
617 1794 673 1823 τοῖς
694 1791 784 1822 ἄλλοις
803 1789 940 1821 ἐθέλοντος

151 1843 212 1874 τοὺς
225 1842 461 1876 εὐοθενεστέρους,
478 1840 525 1866 καὶ
541 1838 629 1874 ἱδροῦν
648 1838 718 1873 ὑπὲρ
738 1837 876 1871 ἀδελφῶν,
893 1837 940 1863 καὶ

130 1879 136 1882 ⁵
151 1891 215 1920 τοὺς
225 1889 305 1919 ἰδίους
316 1888 408 1918 αὐτοῖς
416 1885 582 1917 ὲκδανείζειν
595 1885 703 1916 πόνους,
717 1884 764 1910 καὶ
773 1883 827 1910 τῶν
837 1882 940 1910 ἄνωθεν

151 1934 329 1970 χαρισμάτων
341 1933 427 1958 ποιεῖν
443 1940 472 1958 τε
484 1929 638 1960 κοινωνούς.
654 1928 709 1955 Καὶ
724 1926 802 1954 τοῦτο
816 1924 886 1953 εἶναι
900 1923 940 1952 οἷ-

154 1989 203 2016 μαι
219 1980 250 2007 τὺ
265 1979 333 2015 πρὸς
349 1978 447 2009 αὐτοὺς
468 1976 614 2012 εἰρημένον
632 1974 695 2006 τοὺς
713 1973 806 2007 ἁγίους
825 1971 942 1999 ἀποστό-

152 2028 231 2059 λους·
252 2036 261 2052 «
282 2025 392 2060 Δωρεὰν
412 2023 532 2055 ὲλάὸετε,
549 2021 653 2058 δωρεὰν
668 2021 737 2047 δότε.
763 2029 772 2046 ι
792 2018 941 2053 Μονονουχὶ

152 2073 208 2109 γὰρ
225 2073 351 2099 πλεῖστον
369 2071 477 2101 ἑαυτοῖς
493 2069 522 2095 τὸ
540 2068 627 2103 μάννα
649 2066 832 2100 συλλέγοντες,
853 2063 942 2091 διανέ-

154 2128 215 2155 μειν
241 2117 407 2149 ἐσπούδαζον
430 2117 487 2147 τοῖς
512 2114 560 2150 τὴν
591 2113 675 2148 αὐτὴν
697 2111 800 2138 οἰκοῦσι
824 2110 939 2146 σκηνὴν,

152 2165 276 2192 τουτέστι
292 2164 342 2198 τὴν
361 2161 535 2197 Ἐκκλησίαν.
549 2159 689 2186 Διετέλουν
702 2157 756 2193 γὰρ
767 2157 791 2183 ot
803 2156 940 2183 θεσπέσιοι

154 2209 275 2246 μαθηταὶ
287 2208 488 2239 νουθετοῦντες,
498 2205 698 2242 εἰσηγούμενοι,
706 2203 774 2239 πρὸς
787 2203 841 2229 πᾶν
851 2201 940 2229 ὁτιοῦν

152 2254 336 2289 ἀποφέροντες
348 2253 402 2280 τῶν
419 2252 631 2288 ἐπαινουμένων,
648 2249 695 2277 καὶ
717 2248 840 2283 ἀφθόνως
853 2246 940 2274 ἅπασι

152 2300 350 2337 παρατιθέντες
369 2299 408 2330 εἰς
429 2298 554 2333 μέθεξιν,
575 2297 608 2332 ἣν
627 2295 705 2322 αὐτοὶ
727 2293 802 2329 παρὰ
821 2291 939 2328 Χριστοῦ

153 2347 357 2382 πεπλουτήκασι
379 2345 469 2381 χάριν.
491 2343 546 2370 Καὶ
567 2342 633 2377 γοῦν
654 2343 668 2368 6
683 2339 816 2376 μακάριος
834 2337 941 2369 Παῦλος

152 2392 304 2419 ἐπιστέλλει
317 2391 402 2418 τισίν·
428 2399 438 2416 «
460 2387 602 2424 Ἐπιθυμῶ
621 2386 676 2422 γὰρ
703 2385 766 2412 ἰδεῖν
787 2384 876 2419 ὑμᾶς,
897 2383 940 2410 ἴνα

152 2447 179 2464 τι
196 2437 303 2472 μεταδῷ
317 2437 381 2472 ὑμῖν
393 2435 516 2471 χάρισμα
529 2433 714 2468 πνευματικὸν
738 2433 778 2463 εις
799 2431 830 2457 τὸ
849 2439 941 2465 στηρι-

152 2485 249 2520 χθῆναι
264 2483 361 2518 ὑμᾶς.»
375 2483 406 2508 Εἰ
419 2482 448 2509 δὲ
463 2482 496 2517 δὴ
508 2482 594 2508 νοοῖτο
602 2479 663 2507 καθ’
680 2479 774 2513 ἕτερον
787 2477 888 2513 τρόπον
899 2476 940 2508 τὸ,

155 2542 164 2558 «
183 2531 320 2562 Ἕκαστος
338 2530 386 2557 σὺν
406 2530 462 2560 τοῖς
487 2527 631 2563 συσκήνοις
650 2526 727 2561 ὑμῶν
751 2523 904 2556 συλλέξατε,
929 2533 938 2549 ι

152 2578 286 2610 τουτέστι,
312 2577 349 2613 μὴ
371 2576 452 2612 χύδην
476 2575 613 2607 ἅπαντες,
641 2573 710 2608 μηδὲ
732 2570 850 2606 ἀναμὶξ,
873 2569 941 2596 ἀλλὰ

155 2624 225 2651 κατὰ
237 2625 325 2659 γένος,
334 2624 393 2659 ἤτοι
406 2622 478 2650 κατὰ
487 2622 600 2658 σκηνὰς,
617 2620 796 2648 ποιείσθωσαν
810 2616 860 2652 τὴν
875 2625 940 2651 συγ-

154 2671 279 2707 κομιδὴν,
294 2670 405 2697 ⁸ιοιῶσδε
422 2670 540 2705 νοήσεις.
556 2667 617 2704 Χρὴ
639 2667 693 2703 γὰρ
713 2667 786 2702 ἡμᾶς
809 2665 865 2696 τοῖς
879 2665 944 2699 ὁμοο

154 2718 259 2749 πίστοις
278 2717 347 2753 ὁμοῦ
364 2717 418 2744 τῶν
433 2716 514 2743 θείων
529 2713 707 2750 ἐμφορεῖσθαι
721 2713 818 2746 λόγων,
835 2710 881 2737 καὶ
895 2710 944 2744 ζη-

154 2766 209 2791 τεῖν
223 2764 253 2790 τὸ
267 2764 355 2799 μάννα
373 2763 402 2789 τδ
415 2763 526 2797 νοητόν·
546 2761 577 2788 οὐ
593 2761 650 2792 τοῖς
660 2758 830 2794 έτερὸφροσι,
849 2764 943 2792 μονον-

155 2811 214 2846 οὒχὶ
230 2810 258 2836 δὲ
279 2809 327 2836 καὶ
341 2808 513 2844 ἀλλογενέσιν
527 2807 663 2838 ἀσυνέτως
693 2801 941 2838 συναποφέρεσθαι.

191 2896 213 2911 ⁵¹
232 2901 251 2928 l‘l
266 2900 329 2928 Cor.
350 2908 386 2931 IV,
401 2899 427 2927 6.
466 2897 488 2914 ⁸³
500 2897 578 2925 Joan.
595 2906 632 2930 vr,
647 2898 690 2925 50.
730 2898 750 2914 ⁵⁸
768 2898 864 2926 Matth.
880 2906 907 2932 ι,
925 2896 952 2925 8.

275 2947 408 2976 Damon.
427 2946 485 2975 Gn.
508 2945 608 2975 LXIX.

988 277 1058 304 ritus
1072 282 1122 310 est,
1144 282 1217 304 recta
1243 277 1268 303 in
1285 276 1328 303 his
1342 280 1369 303 et
1388 276 1494 303 sincera
1515 276 1644 310 cognitio.
1654 276 1687 303 At
1705 284 1773 304 vero

988 323 1014 349 in
1024 323 1085 350 luce
1104 331 1136 350 ac
1155 323 1200 350 die
1210 322 1353 357 disciplina
1364 322 1560 357 per-Christum
1572 322 1773 356 suppeditatur.

987 370 1065 397 Unde
1094 374 1122 397 ct
1147 377 1246 397 manna
1279 369 1374 397 datum
1408 373 1450 396 est
1479 368 1619 396 veteribus
1646 369 1774 403 splende-

987 420 1079 442 scente
1109 415 1154 442 die
1176 421 1204 443 et
1235 416 1295 442 luce
1328 415 1486 450 eﬂ‘ulgentc.
1513 414 1577 441 Dies
1597 414 1669 441 enim
1686 414 1775 441 inno—

987 459 1029 487 bis
1055 459 1234 487 credentibus
1246 460 1346 493 illuxit,
1364 460 1436 487 sicut
1460 459 1593 494 scriptum
1609 464 1651 486 est
1676 459 1714 491 3';
1746 463 1773 486 et

987 506 1085 533 lucifer
1101 506 1127 533 in
1143 507 1266 533 omnium
1277 506 1408 534 cordibus
1422 510 1465 533 est
1482 509 1605 538 exortus,
1618 509 1646 533 et
1663 505 1702 533 sol
1727 506 1773 540 ju-

988 552 1069 579 stitize
1083 553 1228 586 processit,
1250 552 1303 580 hoc
1324 556 1367 580 est
1388 552 1526 584 Christus,
1537 552 1584 586 qui
1602 556 1645 579 est
1668 559 1775 579 manna:

989 597 1169 632 intelligibilis
1180 598 1303 633 largitor.
1316 598 1383 625 Nam
1396 597 1544 633 quodillud
1558 597 1687 625 sensibile
1700 605 1776 625 man-

988 651 1022 670 na
1046 643 1130 670 fuerit
1152 644 1231 678 quasi
1255 644 1283 671 iu
1301 643 1398 679 ﬁgura,
1418 644 1471 672 hoc
1495 648 1587 671 autem
1609 643 1645 671 sit
1668 652 1775 674 verum,

987 687 1115 715 Christus
1125 688 1183 723 ipse
1210 688 1362 716 certissime
1375 689 1456 716 nobis
1474 693 1602 722 testatur,
1624 689 1719 717 dicens
1742 689 1775 717 ad

988 734 1116 761 Judatos:
1142 734 1256 762 «Patres
1274 736 1360 763 vestri
1383 736 1500 763 ederunt
1512 743 1612 764 manna
1626 735 1654 763 in
1680 736 1776 764 deser-

989 783 1028 812 to,
1042 784 1069 809 ct
1088 780 1192 807 mortui
1204 785 1278 808 sunt.
1291 781 1338 808 Ille
1351 785 1441 808 autem
1463 786 1506 809 est
1519 782 1598 816 panis
1617 781 1664 816 qui
1680 789 1695 809 e
1707 781 1776 809 caelo

989 824 1142 858 descendit,
1159 830 1189 853 ut
1207 827 1297 854 omnis
1309 827 1397 862 quiex
1411 827 1470 862 ipso
1480 827 1547 859 edit,
1560 835 1616 854 non
1631 828 1775 855 moriatur.

989 871 1046 906 Ego
1066 879 1127 898 sum
1156 872 1235 906 panis
1263 873 1368 905 vivens,
1393 873 1440 907 qui
1455 881 1470 900 e
1493 873 1563 901 caelo
1578 872 1730 901 descendit.
1748 873 1778 901 Si

990 917 1053 952 quis
1073 918 1163 945 ederit
1192 926 1225 945 ex
1244 918 1296 946 hoc
1328 926 1409 953 pane,
1437 919 1511 947 vivet
1531 920 1560 946 in
1584 924 1729 947 aeternum.
1744 920 1778 948 Et

989 964 1068 998 panis
1081 972 1162 999 quem
1174 972 1225 1000 ego
1238 964 1309 992 dabo
1336 965 1425 998 vobis,
1447 973 1511 992 caro
1533 973 1594 992 mea
1608 970 1660 998 est,
1695 974 1777 1001 quam

989 1017 1040 1044 ego
1053 1009 1124 1037 dabo
1136 1018 1187 1045 pro
1203 1010 1298 1038 mundi
1314 1006 1370 1038 vita
1382 1009 1415 1037 ⁸⁸.
1434 1021 1443 1036 ι
1457 1010 1569 1038 Enutrit
1591 1011 1664 1039 enim
1684 1019 1734 1039 nos
1749 1012 1778 1038 in

988 1056 1071 1082 vitam
1085 1064 1235 1091 perennem
1249 1056 1382 1084 Dominus
1396 1061 1490 1084 noster
1508 1056 1588 1084 Jesus
1600 1056 1737 1090 Christus,
1749 1061 1778 1085 et

990 1102 1047 1129 suis
1063 1102 1096 1129 ad
1117 1103 1248 1136 pietatem
1265 1102 1410 1138 praeceptis
1434 1107 1462 1130 et
1490 1110 1539 1138 per
1559 1103 1688 1138 mysticas
1703 1104 1780 1130 eulo-

990 1148 1056 1184 gias.
1087 1148 1147 1184 Ipse
1178 1148 1262 1183 igitur
1286 1156 1384 1176 revera
1408 1153 1450 1176 est
1477 1156 1528 1184 per
1564 1149 1685 1184 seipsum
1709 1149 1779 1177 illud

990 1201 1089 1221 manna
1105 1194 1228 1222 divinum
1241 1198 1269 1222 et
1279 1194 1429 1222 vivilicum.
1446 1194 1480 1222 Et
1490 1195 1537 1230 qui
1547 1202 1579 1222 ex
1593 1195 1646 1223 hoc
1665 1196 1780 1223 mandu-

990 1242 1104 1275 caverit,
1112 1242 1301 1278 corruptionis
1311 1251 1410 1278 expers
1421 1247 1463 1270 est
1471 1243 1591 1276 futurus,
1606 1243 1779 1278 mortemque

990 1296 1132 1321 evasurus,
1148 1296 1202 1316 non
1216 1294 1308 1317 autem
1322 1290 1341 1317 ii
1356 1289 1404 1324 qui
1422 1290 1552 1317 sensibile
1570 1289 1636 1316 illud
1650 1289 1778 1317 ederunt.

988 1333 1083 1368 Neque
1095 1335 1169 1362 enim
1179 1339 1259 1370 typus
1271 1335 1400 1364 salutaris
1417 1340 1486 1369 erat,
1504 1335 1551 1363 sed
1571 1335 1696 1363 veritatis
1708 1336 1779 1370 tiqu-

990 1386 1048 1406 ram
1069 1387 1124 1414 prze
1136 1388 1165 1409 se
1184 1381 1299 1409 ferebat.
1311 1383 1384 1411 Deus
1400 1388 1493 1410 autem
1505 1390 1605 1410 manna
1623 1382 1779 1418 instarplu-

989 1426 1039 1453 via:
1052 1426 1171 1462 desuper
1182 1427 1341 1461 demittens,
1351 1428 1430 1465 jubet
1445 1432 1475 1456 ut
1487 1428 1676 1464 unusquisque
1688 1436 1778 1464 quan-

990 1476 1047 1499 tum
1066 1474 1131 1501 satis
1151 1473 1186 1501 sit
1206 1475 1327 1514 colligat,
1348 1479 1431 1511 atque
1449 1483 1504 1503 una
1521 1475 1664 1511 colligere,
1681 1475 1704 1502 si
1716 1474 1779 1510 quis

990 1518 1055 1544 velit
1066 1527 1161 1546 eorum
1174 1520 1221 1555 qui
1238 1521 1310 1548 idem
1322 1521 1528 1549 tabernaéulum
1541 1522 1677 1550 habitant.
1693 1531 1702 1548 «
1714 1522 1763 1550 Sin
1775 1537 1780 1543 -

990 1563 1044 1598 gu-li
1057 1565 1142 1595 enim.
1156 1565 1204 1598 ait,
1230 1574 1291 1593 cum
1312 1567 1370 1594 suis
1394 1567 1777 1604 eontuhernalibuscolligite,

990 1617 1041 1636 nec
1069 1610 1218 1645 quidquam
1256 1611 1393 1646 reliquum
1426 1612 1506 1640 facite
1526 1613 1555 1640 in
1589 1613 1775 1641 crastinum.»

990 1654 1105 1689 Oportet
1120 1656 1194 1683 enim
1208 1664 1260 1684 nos
1279 1657 1382 1684 divinis
1410 1662 1438 1686 et
1458 1658 1624 1694 evangelicis
1644 1658 1780 1686 doctrinis

991 1700 1102 1735 repleri.
1115 1701 1145 1728 In
1158 1709 1288 1729 mensura
1303 1702 1386 1738 igitur
1396 1703 1494 1738 aequali
1510 1703 1604 1738 parvis
1629 1707 1657 1730 et
1673 1703 1780 1738 magnis

990 1744 1117 1773 Christus
1133 1753 1210 1773 suam
1236 1747 1379 1774 distribuit
1392 1747 1519 1783 gratiam,
1535 1752 1564 1775 et
1581 1748 1685 1783 pariter
1709 1755 1779 1775 enu—

991 1791 1038 1818 trit
1049 1799 1147 1819 omnes
1161 1792 1187 1819 in
1202 1792 1298 1826 vitam,
1316 1793 1431 1829 vultque
1449 1801 1505 1821 una
1515 1801 1578 1821 cum
1593 1793 1654 1822 aliis
1663 1801 1780 1828 congre-

990 1844 1054 1872 gare
1071 1838 1154 1864 etiam
1168 1837 1345 1871 inﬁrmiores,
1366 1843 1449 1874 atque
1463 1839 1538 1875 ipsos
1549 1847 1600 1874 pro
1611 1839 1668 1866 suis
1688 1838 1780 1866 fratri-

991 1883 1044 1910 bus
1063 1883 1212 1916 desudare,
1225 1884 1350 1919 adeoque
1363 1885 1418 1913 illis
1434 1892 1499 1912 suos
1516 1885 1638 1920 ipsorum
1653 1890 1781 1912 mutuare

991 1929 1110 1962 labores,
1120 1935 1148 1957 et
1158 1931 1306 1966 participes
1317 1939 1444 1966 supernae
1458 1931 1552 1967 gratiae
1572 1931 1691 1959 edicere.
1710 1931 1778 1964 Hoc,

992 1979 1021 2001 nt
1033 1975 1163 2008 arbitror,
1183 1980 1236 2008 est,
1263 1975 1337 2012 quod
1358 1976 1392 2004 ad
1408 1977 1482 2011 ipsos
1507 1980 1618 2004 sanctos
1641 1977 1781 2012 apostolos

991 2021 1074 2048 dixit:
1092 2021 1201 2049 «Gratis
1213 2022 1370 2058 accepistis,
1385 2022 1469 2058 gratis
1477 2022 1539 2049 date
1552 2021 1586 2048 ".
1600 2031 1608 2047 ι
1625 2022 1780 2050 Plurimum

974 2099 976 2102 ν
991 2067 1064 2093 enim
1077 2066 1129 2094 sibi
1138 2075 1238 2095 manna
1253 2067 1415 2103 colligentes
1427 2067 1594 2095 distribuere
1612 2067 1639 2094 id
1664 2068 1779 2095 studue-

992 2117 1056 2139 runt.
1071 2112 1104 2139 iis
1131 2112 1177 2146 qui
1192 2113 1219 2140 in
1232 2113 1330 2141 iisdem
1344 2121 1407 2141 cum
1420 2113 1603 2149 ipsiscastris,
1626 2112 1704 2148 291
1727 2112 1780 2140 hoc

991 2162 1033 2185 est
1051 2158 1079 2185 in
1098 2159 1231 2192 Ecclesia,
1248 2159 1395 2195 degebant.
1414 2159 1602 2187 Hortabantur
1613 2159 1686 2185 enim
1699 2159 1781 2186 disci-

991 2203 1059 2238 puli,
1071 2207 1098 2230 ct
1115 2203 1148 2230 ad
1161 2211 1243 2232 omne
1256 2203 1329 2239 quod
1352 2204 1514 2239 praeclarum
1533 2207 1575 2230 est
1595 2202 1779 2236 deducebant,

956 2261 978 2288 ι)
993 2253 1020 2276 et
1032 2249 1146 2285 gratiam
1158 2258 1241 2284 quam
1265 2259 1280 2278 a
1294 2250 1406 2278 Christo
1420 2249 1561 2277 consecuti
1584 2254 1674 2282 erant,
1696 2250 1781 2276 uber-

993 2296 1042 2323 tim
1054 2297 1184 2324 omnibus
1195 2297 1446 2325 communicabant.
1467 2296 1538 2323 Hinc
1561 2296 1659 2324 beatus
1681 2297 1781 2323 Paulus

993 2342 1157 2377 quibusdam
1171 2342 1208 2370 ita
1221 2342 1335 2372 scribit:
1357 2342 1463 2378 «Cupio
1488 2350 1536 2370 vos
1559 2341 1662 2375 videre,
1685 2347 1716 2370 ut
1732 2343 1782 2369 im-

993 2389 1109 2422 pertiam
1125 2388 1202 2416 vobis
1222 2389 1348 2424 gratiam
1361 2388 1532 2424 spiritualem
1550 2389 1584 2417 ad
1606 2397 1655 2416 vos
1677 2389 1779 2417 conﬁr-

993 2433 1108 2460 mandos
1123 2433 1166 2460 ““.
1178 2443 1187 2458 ι
1201 2433 1337 2461 Czeterum
1359 2433 1381 2460 si
1398 2433 1456 2461 haec
1476 2433 1570 2466 verba,
1588 2443 1596 2459 «
1607 2434 1706 2469 singuli
1728 2443 1782 2462 una

995 2486 1057 2505 eum
1066 2479 1314 2506 contubernalibus
1326 2479 1458 2515 colligite,
1474 2489 1483 2505 ι
1502 2479 1554 2506 alia
1578 2480 1684 2507 ratione
1710 2481 1781 2508 aeri-

995 2526 1115 2560 piantur,
1135 2525 1188 2553 hoc
1209 2531 1261 2558 est,
1282 2530 1311 2552 ut
1327 2534 1382 2553 non
1410 2526 1566 2561 promiscue
1590 2534 1697 2559 omnes,
1730 2530 1789 2554 nee‘

994 2572 1138 2606 gregatim,
1153 2571 1202 2599 sed
1218 2571 1369 2599 secundum
1381 2579 1468 2607 genus
1479 2577 1507 2600 et
1519 2572 1635 2600 tentoria
1651 2580 1698 2600 sua
1722 2573 1781 2600 col-

993 2617 1088 2652 ligant,
1106 2621 1164 2644 tum
1183 2618 1340 2653 hujusmodi
1355 2626 1437 2646 sensu
1449 2626 1481 2646 ea
1501 2619 1646 2654 intelliges.
1666 2618 1782 2653 Oportet

992 2663 1067 2690 enim
1091 2663 1152 2690 illos
1164 2664 1211 2698 qui
1227 2663 1373 2691 nobiscum
1389 2665 1595 2692 communicant
1620 2664 1683 2697 ﬁde,
1704 2669 1780 2691 satu—

993 2716 1055 2736 rare
1067 2709 1170 2736 divinis
1181 2709 1336 2745 przeceptis,
1350 2710 1472 2746 ipsisque
1485 2718 1585 2738 manna
1607 2709 1782 2745 intelligibile

992 2755 1156 2790 conquirere
1169 2764 1177 2788 ;
1198 2763 1371 2791 nequaquam
1384 2764 1448 2784 cum
1472 2757 1532 2784 istis
1545 2756 1592 2791 qui
1606 2762 1621 2783 a
1634 2754 1714 2783 nobis
1725 2753 1781 2781 dis-

993 2801 1126 2834 sentiunt,
1139 2802 1378 2837 etquodammodo
1390 2803 1549 2838 alienigeme
1566 2807 1640 2836 sunt,
1653 2807 1781 2836 compor~

991 2897 1023 2914 "‘
1037 2897 1115 2924 ROm.
1133 2903 1150 2929 I,
1166 2896 1209 2922 Μ.
1594 2937 1629 2968 15
