  <div class='ocr_page' id='page_1' title='image "/cluster/home/n/w/nwhite01/storage/ocr_20150623/69/njp.32101077772729/271.png"; bbox 0 0 1999 3056; ppageno 0'>
   <div class='ocr_carea' id='block_1_1' title="bbox 204 162 256 190">
    <p class='ocr_par' dir='ltr' id='par_1_1' title="bbox 204 162 256 190">
     <span class='ocr_line' id='line_1_1' title="bbox 204 162 256 190; baseline 0 0"><span class='ocrx_word' id='word_1_1' title='bbox 204 162 256 190; x_wconf 74' lang='lat'><strong>659</strong></span> 
     </span>
    </p>
   </div>
   <div class='ocr_carea' id='block_1_2' title="bbox 717 159 1339 191">
    <p class='ocr_par' dir='ltr' id='par_1_2' title="bbox 717 159 1339 191">
     <span class='ocr_line' id='line_1_2' title="bbox 717 159 1339 191; baseline 0.006 -4"><span class='ocrx_word' id='word_1_2' title='bbox 717 159 746 188; x_wconf 82' lang='lat' dir='ltr'><strong>S.</strong></span> <span class='ocrx_word' id='word_1_3' title='bbox 766 159 903 188; x_wconf 80' lang='lat' dir='ltr'><strong>CYRlLLl</strong></span> <span class='ocrx_word' id='word_1_4' title='bbox 923 160 1159 190; x_wconf 70' lang='lat' dir='ltr'><strong>ALEXANDRINI</strong></span> <span class='ocrx_word' id='word_1_5' title='bbox 1179 162 1339 191; x_wconf 78' lang='lat' dir='ltr'><strong>ARCHIEP.</strong></span> 
     </span>
    </p>
   </div>
   <div class='ocr_carea' id='block_1_3' title="bbox 1791 161 1844 191">
    <p class='ocr_par' dir='ltr' id='par_1_3' title="bbox 1791 161 1844 191">
     <span class='ocr_line' id='line_1_3' title="bbox 1791 161 1844 191; baseline -0.019 0"><span class='ocrx_word' id='word_1_6' title='bbox 1791 161 1844 191; x_wconf 73' lang='lat'><strong>660</strong></span> 
     </span>
    </p>
   </div>
   <div class='ocr_carea' id='block_1_4' title="bbox 206 217 1001 256">
    <p class='ocr_par' dir='ltr' id='par_1_4' title="bbox 206 217 992 253">
     <span class='ocr_line' id='line_1_4' title="bbox 206 217 992 253; baseline -0.001 -6"><span class='ocrx_word' id='word_1_7' title='bbox 206 225 273 247; x_wconf 80' lang='lat' dir='ltr'><strong>tare.</strong></span> <span class='ocrx_word' id='word_1_8' title='bbox 288 217 366 252; x_wconf 84' lang='lat' dir='ltr'><strong>Quod</strong></span> <span class='ocrx_word' id='word_1_9' title='bbox 378 217 489 253; x_wconf 83' lang='lat' dir='ltr'><strong>quidem</strong></span> <span class='ocrx_word' id='word_1_10' title='bbox 517 217 645 251; x_wconf 78' lang='lat' dir='ltr'><strong>facimus,</strong></span> <span class='ocrx_word' id='word_1_11' title='bbox 667 225 728 246; x_wconf 89' lang='lat' dir='ltr'><strong>cum</strong></span> <span class='ocrx_word' id='word_1_12' title='bbox 743 226 869 246; x_wconf 82' lang='lat' dir='ltr'><strong>arcemus</strong></span> <span class='ocrx_word' id='word_1_13' title='bbox 895 218 929 246; x_wconf 87' lang='lat' dir='ltr'><strong>ab</strong></span> <span class='ocrx_word' id='word_1_14' title='bbox 942 219 992 246; x_wconf 83' lang='lat' dir='ltr'><strong>Ec-</strong></span> 
     </span>
    </p>
   </div>
   <div class='ocr_carea' id='block_1_5' title="bbox 1052 217 1844 256">
    <p class='ocr_par' dir='ltr' id='par_1_5' title="bbox 1052 219 1844 256">
     <span class='ocr_line' id='line_1_5' title="bbox 1052 219 1844 256; baseline 0 -9"><span class='ocrx_word' id='word_1_15' title='bbox 1052 221 1083 246; x_wconf 86' lang='lat' dir='ltr'><strong>&#39;O</strong></span> <span class='ocrx_word' id='word_1_16' title='bbox 1100 220 1132 256; x_wconf 81' lang='grc' dir='ltr'>δὴ</span> <span class='ocrx_word' id='word_1_17' title='bbox 1155 221 1202 248; x_wconf 78' lang='grc' dir='ltr'><strong>καὶ</strong></span> <span class='ocrx_word' id='word_1_18' title='bbox 1225 222 1367 256; x_wconf 79' lang='grc' dir='ltr'><strong>ποιοῦμεν,</strong></span> <span class='ocrx_word' id='word_1_19' title='bbox 1385 221 1584 252; x_wconf 74' lang='grc' dir='ltr'>ἀποσοϐοῦντες</span> <span class='ocrx_word' id='word_1_20' title='bbox 1602 219 1652 255; x_wconf 67' lang='grc' dir='ltr'>μὲν</span> <span class='ocrx_word' id='word_1_21' title='bbox 1676 220 1844 256; x_wconf 71' lang='grc' dir='ltr'>Ἐκκλησιῶν</span> 
     </span>
    </p>
   </div>
   <div class='ocr_carea' id='block_1_6' title="bbox 205 263 994 300">
    <p class='ocr_par' dir='ltr' id='par_1_6' title="bbox 205 263 994 300">
     <span class='ocr_line' id='line_1_6' title="bbox 205 263 994 300; baseline 0.001 -9"><span class='ocrx_word' id='word_1_22' title='bbox 205 265 289 292; x_wconf 82' lang='lat' dir='ltr'><strong>clesia</strong></span> <span class='ocrx_word' id='word_1_23' title='bbox 304 271 352 292; x_wconf 87' lang='lat' dir='ltr'><strong>eos</strong></span> <span class='ocrx_word' id='word_1_24' title='bbox 365 265 412 299; x_wconf 85' lang='lat' dir='ltr'><strong>qui</strong></span> <span class='ocrx_word' id='word_1_25' title='bbox 425 263 534 292; x_wconf 87' lang='lat' dir='ltr'><strong>diversa</strong></span> <span class='ocrx_word' id='word_1_26' title='bbox 546 272 561 291; x_wconf 87' lang='lat' dir='ltr'><strong>a</strong></span> <span class='ocrx_word' id='word_1_27' title='bbox 574 265 654 292; x_wconf 90' lang='lat' dir='ltr'><strong>nobis</strong></span> <span class='ocrx_word' id='word_1_28' title='bbox 675 265 799 292; x_wconf 89' lang='lat' dir='ltr'><strong>sentiunt</strong></span> <span class='ocrx_word' id='word_1_29' title='bbox 817 269 845 292; x_wconf 90' lang='lat' dir='ltr'><strong>et</strong></span> <span class='ocrx_word' id='word_1_30' title='bbox 871 266 994 300; x_wconf 83' lang='lat' dir='ltr'><strong>perversi</strong></span> 
     </span>
    </p>
   </div>
   <div class='ocr_carea' id='block_1_7' title="bbox 205 310 994 345">
    <p class='ocr_par' dir='ltr' id='par_1_7' title="bbox 205 310 994 345">
     <span class='ocr_line' id='line_1_7' title="bbox 205 310 994 345; baseline -0.001 -7"><span class='ocrx_word' id='word_1_31' title='bbox 205 315 284 338; x_wconf 67' lang='lat' dir='ltr'><strong>sunt:</strong></span> <span class='ocrx_word' id='word_1_32' title='bbox 299 317 361 337; x_wconf 88' lang='lat' dir='ltr'><strong>cum</strong></span> <span class='ocrx_word' id='word_1_33' title='bbox 376 310 410 337; x_wconf 91' lang='lat' dir='ltr'><strong>iis</strong></span> <span class='ocrx_word' id='word_1_34' title='bbox 423 318 490 338; x_wconf 88' lang='lat' dir='ltr'><strong>vero</strong></span> <span class='ocrx_word' id='word_1_35' title='bbox 517 311 565 345; x_wconf 87' lang='lat' dir='ltr'><strong>qui</strong></span> <span class='ocrx_word' id='word_1_36' title='bbox 586 310 730 337; x_wconf 71' lang='lat' dir='ltr'><strong>domestici</strong></span> <span class='ocrx_word' id='word_1_37' title='bbox 752 314 817 337; x_wconf 84' lang='lat' dir='ltr'><strong>sunt</strong></span> <span class='ocrx_word' id='word_1_38' title='bbox 842 310 994 338; x_wconf 87' lang='lat' dir='ltr'><strong>secundum</strong></span> 
     </span>
    </p>
   </div>
   <div class='ocr_carea' id='block_1_8' title="bbox 206 356 995 389">
    <p class='ocr_par' dir='ltr' id='par_1_8' title="bbox 206 356 995 389">
     <span class='ocr_line' id='line_1_8' title="bbox 206 356 995 389; baseline 0.001 -6"><span class='ocrx_word' id='word_1_39' title='bbox 206 356 299 389; x_wconf 80' lang='lat' dir='ltr'><strong>fidem,</strong></span> <span class='ocrx_word' id='word_1_40' title='bbox 312 356 426 384; x_wconf 73' lang='lat' dir='ltr'><strong>coeleste</strong></span> <span class='ocrx_word' id='word_1_41' title='bbox 441 356 604 384; x_wconf 77' lang='lat' dir='ltr'><strong>alimentum</strong></span> <span class='ocrx_word' id='word_1_42' title='bbox 618 356 722 384; x_wconf 81' lang='lat' dir='ltr'><strong>affatim</strong></span> <span class='ocrx_word' id='word_1_43' title='bbox 737 357 882 384; x_wconf 87' lang='lat' dir='ltr'><strong>sumimus.</strong></span> <span class='ocrx_word' id='word_1_44' title='bbox 905 357 995 384; x_wconf 84' lang='lat' dir='ltr'><strong>luter-</strong></span> 
     </span>
    </p>
   </div>
   <div class='ocr_carea' id='block_1_9' title="bbox 204 401 995 437">
    <p class='ocr_par' dir='ltr' id='par_1_9' title="bbox 204 401 995 437">
     <span class='ocr_line' id='line_1_9' title="bbox 204 401 995 437; baseline 0.001 -8"><span class='ocrx_word' id='word_1_45' title='bbox 204 402 309 430; x_wconf 87' lang='lat' dir='ltr'><strong>dicitur</strong></span> <span class='ocrx_word' id='word_1_46' title='bbox 320 407 411 430; x_wconf 87' lang='lat' dir='ltr'><strong>autem</strong></span> <span class='ocrx_word' id='word_1_47' title='bbox 424 401 474 434; x_wconf 83' lang='lat' dir='ltr'><strong>eis,</strong></span> <span class='ocrx_word' id='word_1_48' title='bbox 491 409 526 429; x_wconf 83' lang='lat' dir='ltr'><strong>ne</strong></span> <span class='ocrx_word' id='word_1_49' title='bbox 537 402 605 437; x_wconf 89' lang='lat' dir='ltr'><strong>quid</strong></span> <span class='ocrx_word' id='word_1_50' title='bbox 616 402 756 436; x_wconf 88' lang='lat' dir='ltr'><strong>reliquum</strong></span> <span class='ocrx_word' id='word_1_51' title='bbox 771 402 872 430; x_wconf 83' lang='lat' dir='ltr'><strong>faciant</strong></span> <span class='ocrx_word' id='word_1_52' title='bbox 887 403 914 430; x_wconf 92' lang='lat' dir='ltr'><strong>in</strong></span> <span class='ocrx_word' id='word_1_53' title='bbox 921 403 995 430; x_wconf 91' lang='lat' dir='ltr'><strong>diem</strong></span> 
     </span>
    </p>
   </div>
   <div class='ocr_carea' id='block_1_10' title="bbox 205 446 995 483">
    <p class='ocr_par' dir='ltr' id='par_1_10' title="bbox 205 446 995 483">
     <span class='ocr_line' id='line_1_10' title="bbox 205 446 995 483; baseline 0.001 -9"><span class='ocrx_word' id='word_1_54' title='bbox 205 447 369 475; x_wconf 88' lang='lat' dir='ltr'><strong>crastinum.</strong></span> <span class='ocrx_word' id='word_1_55' title='bbox 387 446 446 480; x_wconf 88' lang='lat' dir='ltr'><strong>Quo</strong></span> <span class='ocrx_word' id='word_1_56' title='bbox 458 447 559 474; x_wconf 88' lang='lat' dir='ltr'><strong>iterum</strong></span> <span class='ocrx_word' id='word_1_57' title='bbox 580 446 623 473; x_wconf 77' lang='lat' dir='ltr'><strong>lex</strong></span> <span class='ocrx_word' id='word_1_58' title='bbox 636 446 805 480; x_wconf 86' lang='lat' dir='ltr'><strong>subindicat,</strong></span> <span class='ocrx_word' id='word_1_59' title='bbox 829 447 902 483; x_wconf 88' lang='lat' dir='ltr'><strong>quod</strong></span> <span class='ocrx_word' id='word_1_60' title='bbox 915 455 995 475; x_wconf 90' lang='lat' dir='ltr'><strong>usum</strong></span> 
     </span>
    </p>
   </div>
   <div class='ocr_carea' id='block_1_11' title="bbox 205 491 997 528">
    <p class='ocr_par' dir='ltr' id='par_1_11' title="bbox 205 491 997 528">
     <span class='ocr_line' id='line_1_11' title="bbox 205 491 997 528; baseline 0 -8"><span class='ocrx_word' id='word_1_61' title='bbox 205 497 344 528; x_wconf 78' lang='lat' dir='ltr'><strong>typorum,</strong></span> <span class='ocrx_word' id='word_1_62' title='bbox 363 496 487 527; x_wconf 80' lang='lat' dir='ltr'><strong>tempore</strong></span> <span class='ocrx_word' id='word_1_63' title='bbox 511 499 566 527; x_wconf 87' lang='lat' dir='ltr'><strong>quo</strong></span> <span class='ocrx_word' id='word_1_64' title='bbox 591 491 673 518; x_wconf 91' lang='lat' dir='ltr'><strong>utiles</strong></span> <span class='ocrx_word' id='word_1_65' title='bbox 694 500 726 519; x_wconf 90' lang='lat' dir='ltr'><strong>ac</strong></span> <span class='ocrx_word' id='word_1_66' title='bbox 746 493 896 520; x_wconf 80' lang='lat' dir='ltr'><strong>necessarii</strong></span> <span class='ocrx_word' id='word_1_67' title='bbox 915 497 997 521; x_wconf 86' lang='lat' dir='ltr'><strong>erant</strong></span> 
     </span>
    </p>
   </div>
   <div class='ocr_carea' id='block_1_12' title="bbox 205 537 997 574">
    <p class='ocr_par' dir='ltr' id='par_1_12' title="bbox 205 537 997 574">
     <span class='ocr_line' id='line_1_12' title="bbox 205 537 997 574; baseline 0.001 -8"><span class='ocrx_word' id='word_1_68' title='bbox 205 538 308 573; x_wconf 76' lang='lat' dir='ltr'><strong>elapso,</strong></span> <span class='ocrx_word' id='word_1_69' title='bbox 323 537 427 573; x_wconf 85' lang='lat' dir='ltr'><strong>judicio</strong></span> <span class='ocrx_word' id='word_1_70' title='bbox 451 545 482 564; x_wconf 89' lang='lat' dir='ltr'><strong>ac</strong></span> <span class='ocrx_word' id='word_1_71' title='bbox 494 545 582 572; x_wconf 68' lang='lat' dir='ltr'><strong>pennae</strong></span> <span class='ocrx_word' id='word_1_72' title='bbox 613 538 751 573; x_wconf 81' lang='lat' dir='ltr'><strong>subjiciat.</strong></span> <span class='ocrx_word' id='word_1_73' title='bbox 786 547 794 563; x_wconf 83' lang='grc' dir='ltr'><strong>ι</strong></span> <span class='ocrx_word' id='word_1_74' title='bbox 822 537 997 574; x_wconf 88' lang='lat' dir='ltr'><strong>Computruit</strong></span> 
     </span>
    </p>
   </div>
   <div class='ocr_carea' id='block_1_13' title="bbox 205 583 996 618">
    <p class='ocr_par' dir='ltr' id='par_1_13' title="bbox 205 583 996 618">
     <span class='ocr_line' id='line_1_13' title="bbox 205 583 996 618; baseline 0.001 -6"><span class='ocrx_word' id='word_1_75' title='bbox 205 585 279 612; x_wconf 88' lang='lat' dir='ltr'><strong>enim</strong></span> <span class='ocrx_word' id='word_1_76' title='bbox 299 584 440 612; x_wconf 83' lang='lat' dir='ltr'><strong>vermibus</strong></span> <span class='ocrx_word' id='word_1_77' title='bbox 455 583 484 611; x_wconf 90' lang='lat' dir='ltr'><strong>id</strong></span> <span class='ocrx_word' id='word_1_78' title='bbox 504 583 577 618; x_wconf 87' lang='lat' dir='ltr'><strong>quod</strong></span> <span class='ocrx_word' id='word_1_79' title='bbox 601 587 772 612; x_wconf 85' lang='lat' dir='ltr'><strong>reservatum</strong></span> <span class='ocrx_word' id='word_1_80' title='bbox 786 584 885 612; x_wconf 80' lang='lat' dir='ltr'><strong>fuerat.</strong></span> <span class='ocrx_word' id='word_1_81' title='bbox 901 594 910 610; x_wconf 70' lang='grc' dir='ltr'><strong>ι</strong></span> <span class='ocrx_word' id='word_1_82' title='bbox 925 585 996 613; x_wconf 86' lang='lat' dir='ltr'><strong>Fue-</strong></span> 
     </span>
    </p>
   </div>
   <div class='ocr_carea' id='block_1_14' title="bbox 207 630 996 666">
    <p class='ocr_par' dir='ltr' id='par_1_14' title="bbox 207 630 996 666">
     <span class='ocr_line' id='line_1_14' title="bbox 207 630 996 666; baseline 0 -7"><span class='ocrx_word' id='word_1_83' title='bbox 207 632 242 659; x_wconf 85' lang='lat' dir='ltr'><strong>rit</strong></span> <span class='ocrx_word' id='word_1_84' title='bbox 256 635 348 658; x_wconf 86' lang='lat' dir='ltr'><strong>autem</strong></span> <span class='ocrx_word' id='word_1_85' title='bbox 364 630 423 658; x_wconf 71' lang='lat' dir='ltr'><strong>haec</strong></span> <span class='ocrx_word' id='word_1_86' title='bbox 435 630 580 658; x_wconf 80' lang='lat' dir='ltr'><strong>manifesta</strong></span> <span class='ocrx_word' id='word_1_87' title='bbox 591 638 679 665; x_wconf 61' lang='lat' dir='ltr'><strong>pmna‘,</strong></span> <span class='ocrx_word' id='word_1_88' title='bbox 702 634 729 657; x_wconf 94' lang='lat' dir='ltr'><strong>et</strong></span> <span class='ocrx_word' id='word_1_89' title='bbox 750 631 940 666; x_wconf 82' lang='lat' dir='ltr'><strong>corruptionis</strong></span> <span class='ocrx_word' id='word_1_90' title='bbox 957 631 996 659; x_wconf 82' lang='lat' dir='ltr'><strong>si-</strong></span> 
     </span>
    </p>
   </div>
   <div class='ocr_carea' id='block_1_15' title="bbox 205 676 997 713">
    <p class='ocr_par' dir='ltr' id='par_1_15' title="bbox 205 676 997 713">
     <span class='ocr_line' id='line_1_15' title="bbox 205 676 997 713; baseline 0.001 -9"><span class='ocrx_word' id='word_1_91' title='bbox 205 677 353 713; x_wconf 73' lang='lat' dir='ltr'><strong>gnificatio.</strong></span> <span class='ocrx_word' id='word_1_92' title='bbox 373 676 441 704; x_wconf 87' lang='lat' dir='ltr'><strong>Nam</strong></span> <span class='ocrx_word' id='word_1_93' title='bbox 457 677 504 712; x_wconf 88' lang='lat' dir='ltr'><strong>qui</strong></span> <span class='ocrx_word' id='word_1_94' title='bbox 524 677 628 704; x_wconf 59' lang='lat' dir='ltr'><strong>umbra</strong></span> <span class='ocrx_word' id='word_1_95' title='bbox 647 682 710 712; x_wconf 89' lang='lat' dir='ltr'><strong>post</strong></span> <span class='ocrx_word' id='word_1_96' title='bbox 733 681 872 705; x_wconf 82' lang='lat' dir='ltr'><strong>ostensam</strong></span> <span class='ocrx_word' id='word_1_97' title='bbox 894 678 997 706; x_wconf 79' lang='lat' dir='ltr'><strong>verita-</strong></span> 
     </span>
    </p>
   </div>
   <div class='ocr_carea' id='block_1_16' title="bbox 206 723 999 759">
    <p class='ocr_par' dir='ltr' id='par_1_16' title="bbox 206 723 999 759">
     <span class='ocr_line' id='line_1_16' title="bbox 206 723 999 759; baseline 0.003 -9"><span class='ocrx_word' id='word_1_98' title='bbox 206 730 262 751; x_wconf 86' lang='lat' dir='ltr'><strong>tem</strong></span> <span class='ocrx_word' id='word_1_99' title='bbox 287 723 478 758; x_wconf 88' lang='lat' dir='ltr'><strong>aequiescunt,</strong></span> <span class='ocrx_word' id='word_1_100' title='bbox 492 724 699 758; x_wconf 83' lang='lat' dir='ltr'><strong>corruptionem</strong></span> <span class='ocrx_word' id='word_1_101' title='bbox 718 723 830 751; x_wconf 89' lang='lat' dir='ltr'><strong>omnino</strong></span> <span class='ocrx_word' id='word_1_102' title='bbox 848 731 879 751; x_wconf 88' lang='lat' dir='ltr'><strong>ac</strong></span> <span class='ocrx_word' id='word_1_103' title='bbox 903 731 999 759; x_wconf 75' lang='lat' dir='ltr'><strong>pmnas</strong></span> 
     </span>
    </p>
   </div>
   <div class='ocr_carea' id='block_1_17' title="bbox 205 767 999 804">
    <p class='ocr_par' dir='ltr' id='par_1_17' title="bbox 205 767 999 804">
     <span class='ocr_line' id='line_1_17' title="bbox 205 767 999 804; baseline -0.001 -8"><span class='ocrx_word' id='word_1_104' title='bbox 205 773 270 796; x_wconf 80' lang='lat' dir='ltr'><strong>sunt</strong></span> <span class='ocrx_word' id='word_1_105' title='bbox 284 767 432 796; x_wconf 91' lang='lat' dir='ltr'><strong>incursuri.</strong></span> <span class='ocrx_word' id='word_1_106' title='bbox 450 768 592 804; x_wconf 85' lang='lat' dir='ltr'><strong>Ejusmodi</strong></span> <span class='ocrx_word' id='word_1_107' title='bbox 607 768 672 803; x_wconf 88' lang='lat' dir='ltr'><strong>quid</strong></span> <span class='ocrx_word' id='word_1_108' title='bbox 691 769 826 796; x_wconf 86' lang='lat' dir='ltr'><strong>accidisse</strong></span> <span class='ocrx_word' id='word_1_109' title='bbox 848 768 999 796; x_wconf 87' lang='lat' dir='ltr'><strong>asserimus</strong></span> 
     </span>
    </p>
   </div>
   <div class='ocr_carea' id='block_1_18' title="bbox 207 814 998 850">
    <p class='ocr_par' dir='ltr' id='par_1_18' title="bbox 207 814 998 850">
     <span class='ocr_line' id='line_1_18' title="bbox 207 814 998 850; baseline 0 -8"><span class='ocrx_word' id='word_1_110' title='bbox 207 815 261 843; x_wconf 88' lang='lat' dir='ltr'><strong>illis</strong></span> <span class='ocrx_word' id='word_1_111' title='bbox 287 815 321 842; x_wconf 91' lang='lat' dir='ltr'><strong>de</strong></span> <span class='ocrx_word' id='word_1_112' title='bbox 348 814 449 850; x_wconf 88' lang='lat' dir='ltr'><strong>quibus</strong></span> <span class='ocrx_word' id='word_1_113' title='bbox 476 815 573 842; x_wconf 89' lang='lat' dir='ltr'><strong>beatus</strong></span> <span class='ocrx_word' id='word_1_114' title='bbox 592 815 692 843; x_wconf 83' lang='lat' dir='ltr'><strong>Paulus</strong></span> <span class='ocrx_word' id='word_1_115' title='bbox 708 815 822 842; x_wconf 75' lang='lat' dir='ltr'><strong>scribit:</strong></span> <span class='ocrx_word' id='word_1_116' title='bbox 853 815 998 842; x_wconf 80' lang='lat' dir='ltr'><strong>iEvacuati</strong></span> 
     </span>
    </p>
   </div>
   <div class='ocr_carea' id='block_1_19' title="bbox 205 859 999 895">
    <p class='ocr_par' dir='ltr' id='par_1_19' title="bbox 205 859 999 895">
     <span class='ocr_line' id='line_1_19' title="bbox 205 859 999 895; baseline -0.004 -6"><span class='ocrx_word' id='word_1_117' title='bbox 205 860 273 889; x_wconf 86' lang='lat' dir='ltr'><strong>estis</strong></span> <span class='ocrx_word' id='word_1_118' title='bbox 288 869 304 888; x_wconf 86' lang='lat' dir='ltr'><strong>a</strong></span> <span class='ocrx_word' id='word_1_119' title='bbox 318 859 439 893; x_wconf 85' lang='lat' dir='ltr'><strong>Christo,</strong></span> <span class='ocrx_word' id='word_1_120' title='bbox 457 860 504 895; x_wconf 91' lang='lat' dir='ltr'><strong>qui</strong></span> <span class='ocrx_word' id='word_1_121' title='bbox 530 868 579 895; x_wconf 80' lang='lat' dir='ltr'><strong>per</strong></span> <span class='ocrx_word' id='word_1_122' title='bbox 591 860 678 895; x_wconf 84' lang='lat' dir='ltr'><strong>legem</strong></span> <span class='ocrx_word' id='word_1_123' title='bbox 696 859 896 895; x_wconf 83' lang='lat' dir='ltr'><strong>justiﬂcamini,</strong></span> <span class='ocrx_word' id='word_1_124' title='bbox 912 860 999 895; x_wconf 77' lang='lat' dir='ltr'><strong>gratia</strong></span> 
     </span>
    </p>
   </div>
   <div class='ocr_carea' id='block_1_20' title="bbox 1045 264 1845 302">
    <p class='ocr_par' dir='ltr' id='par_1_20' title="bbox 1045 264 1845 302">
     <span class='ocr_line' id='line_1_20' title="bbox 1045 264 1845 302; baseline 0 -10"><span class='ocrx_word' id='word_1_125' title='bbox 1045 266 1108 297; x_wconf 73' lang='grc' dir='ltr'>τοὺς</span> <span class='ocrx_word' id='word_1_126' title='bbox 1130 265 1300 302; x_wconf 74' lang='grc' dir='ltr'>ἑτεροδὸξους</span> <span class='ocrx_word' id='word_1_127' title='bbox 1323 266 1370 292; x_wconf 76' lang='grc' dir='ltr'>καὶ</span> <span class='ocrx_word' id='word_1_128' title='bbox 1386 266 1639 302; x_wconf 81' lang='grc' dir='ltr'>διεστραμμένους,</span> <span class='ocrx_word' id='word_1_129' title='bbox 1655 264 1724 301; x_wconf 77' lang='grc' dir='ltr'>ὁμοῦ</span> <span class='ocrx_word' id='word_1_130' title='bbox 1740 265 1769 292; x_wconf 72' lang='grc' dir='ltr'>δὲ</span> <span class='ocrx_word' id='word_1_131' title='bbox 1788 267 1845 298; x_wconf 76' lang='grc' dir='ltr'>τοῖς</span> 
     </span>
    </p>
   </div>
   <div class='ocr_carea' id='block_1_21' title="bbox 1045 311 1845 347">
    <p class='ocr_par' dir='ltr' id='par_1_21' title="bbox 1045 311 1845 347">
     <span class='ocr_line' id='line_1_21' title="bbox 1045 311 1845 347; baseline 0.003 -10"><span class='ocrx_word' id='word_1_132' title='bbox 1045 312 1116 338; x_wconf 81' lang='grc' dir='ltr'>κατὰ</span> <span class='ocrx_word' id='word_1_133' title='bbox 1142 311 1233 338; x_wconf 74' lang='grc' dir='ltr'>πίστιν</span> <span class='ocrx_word' id='word_1_134' title='bbox 1258 312 1370 344; x_wconf 72' lang='grc' dir='ltr'><strong>οἰκείοις</strong></span> <span class='ocrx_word' id='word_1_135' title='bbox 1396 312 1446 343; x_wconf 81' lang='grc' dir='ltr'>τὰς</span> <span class='ocrx_word' id='word_1_136' title='bbox 1471 312 1501 344; x_wconf 74' lang='grc' dir='ltr'><strong>ἐξ</strong></span> <span class='ocrx_word' id='word_1_137' title='bbox 1524 311 1641 347; x_wconf 85' lang='grc' dir='ltr'>οὐρανοῦ</span> <span class='ocrx_word' id='word_1_138' title='bbox 1666 311 1845 344; x_wconf 78' lang='grc' dir='ltr'><strong>πλουτοῦντες</strong></span> 
     </span>
    </p>
   </div>
   <div class='ocr_carea' id='block_1_22' title="bbox 1046 357 1846 394">
    <p class='ocr_par' dir='ltr' id='par_1_22' title="bbox 1046 357 1846 394">
     <span class='ocr_line' id='line_1_22' title="bbox 1046 357 1846 394; baseline 0 -10"><span class='ocrx_word' id='word_1_139' title='bbox 1046 358 1161 392; x_wconf 80' lang='grc' dir='ltr'>τροφάς.</span> <span class='ocrx_word' id='word_1_140' title='bbox 1181 358 1296 394; x_wconf 79' lang='grc' dir='ltr'><strong>Εἴρηται</strong></span> <span class='ocrx_word' id='word_1_141' title='bbox 1312 358 1340 385; x_wconf 86' lang='grc' dir='ltr'><strong>δε</strong></span> <span class='ocrx_word' id='word_1_142' title='bbox 1364 358 1401 393; x_wconf 86' lang='grc' dir='ltr'>μὴ</span> <span class='ocrx_word' id='word_1_143' title='bbox 1427 358 1644 393; x_wconf 80' lang='grc' dir='ltr'><strong>καταλιμπάνειν</strong></span> <span class='ocrx_word' id='word_1_144' title='bbox 1661 359 1700 390; x_wconf 80' lang='grc' dir='ltr'><strong>είς</strong></span> <span class='ocrx_word' id='word_1_145' title='bbox 1716 358 1746 385; x_wconf 81' lang='grc' dir='ltr'>τὸ</span> <span class='ocrx_word' id='word_1_146' title='bbox 1761 357 1846 394; x_wconf 76' lang='grc' dir='ltr'>πρωΐ·</span> 
     </span>
    </p>
   </div>
   <div class='ocr_carea' id='block_1_23' title="bbox 1045 403 1845 440">
    <p class='ocr_par' dir='ltr' id='par_1_23' title="bbox 1045 403 1845 440">
     <span class='ocr_line' id='line_1_23' title="bbox 1045 403 1845 440; baseline 0 -10"><span class='ocrx_word' id='word_1_147' title='bbox 1045 403 1093 430; x_wconf 83' lang='grc' dir='ltr'><strong>τοῦ</strong></span> <span class='ocrx_word' id='word_1_148' title='bbox 1114 404 1197 439; x_wconf 78' lang='grc' dir='ltr'>νόμου</span> <span class='ocrx_word' id='word_1_149' title='bbox 1224 405 1305 431; x_wconf 87' lang='grc' dir='ltr'>πάλιν</span> <span class='ocrx_word' id='word_1_150' title='bbox 1328 404 1557 439; x_wconf 82' lang='grc' dir='ltr'>ὑπεμφαίνοντος,</span> <span class='ocrx_word' id='word_1_151' title='bbox 1573 405 1615 431; x_wconf 75' lang='grc' dir='ltr'>ὅτι</span> <span class='ocrx_word' id='word_1_152' title='bbox 1639 404 1672 430; x_wconf 82' lang='grc' dir='ltr'>τὸ</span> <span class='ocrx_word' id='word_1_153' title='bbox 1692 404 1845 440; x_wconf 83' lang='grc' dir='ltr'>κεχρῆσθαι</span> 
     </span>
    </p>
   </div>
   <div class='ocr_carea' id='block_1_24' title="bbox 1046 449 1845 486">
    <p class='ocr_par' dir='ltr' id='par_1_24' title="bbox 1046 449 1845 486">
     <span class='ocr_line' id='line_1_24' title="bbox 1046 449 1845 486; baseline 0.003 -10"><span class='ocrx_word' id='word_1_154' title='bbox 1046 450 1102 481; x_wconf 79' lang='grc' dir='ltr'>τοῖς</span> <span class='ocrx_word' id='word_1_155' title='bbox 1118 449 1216 482; x_wconf 83' lang='grc' dir='ltr'>τύποις</span> <span class='ocrx_word' id='word_1_156' title='bbox 1233 451 1432 486; x_wconf 83' lang='grc' dir='ltr'>παρῳχηκότος</span> <span class='ocrx_word' id='word_1_157' title='bbox 1452 450 1500 477; x_wconf 86' lang='grc' dir='ltr'><strong>τοῦ</strong></span> <span class='ocrx_word' id='word_1_158' title='bbox 1526 450 1634 486; x_wconf 85' lang='grc' dir='ltr'>χρόνου,</span> <span class='ocrx_word' id='word_1_159' title='bbox 1654 450 1716 477; x_wconf 83' lang='grc' dir='ltr'>καθ’</span> <span class='ocrx_word' id='word_1_160' title='bbox 1730 450 1760 477; x_wconf 81' lang='lat' dir='ltr'><strong>6v</strong></span> <span class='ocrx_word' id='word_1_161' title='bbox 1774 449 1845 486; x_wconf 80' lang='grc' dir='ltr'>ἦσαν</span> 
     </span>
    </p>
   </div>
   <div class='ocr_carea' id='block_1_25' title="bbox 1046 494 1845 532">
    <p class='ocr_par' dir='ltr' id='par_1_25' title="bbox 1046 494 1845 532">
     <span class='ocr_line' id='line_1_25' title="bbox 1046 494 1845 532; baseline 0.001 -11"><span class='ocrx_word' id='word_1_162' title='bbox 1046 494 1087 522; x_wconf 73' lang='grc' dir='ltr'>ἔτι</span> <span class='ocrx_word' id='word_1_163' title='bbox 1102 496 1234 532; x_wconf 84' lang='grc' dir='ltr'>χρήσιμοί</span> <span class='ocrx_word' id='word_1_164' title='bbox 1250 504 1280 522; x_wconf 87' lang='grc' dir='ltr'><strong>τε</strong></span> <span class='ocrx_word' id='word_1_165' title='bbox 1297 497 1345 524; x_wconf 72' lang='grc' dir='ltr'>καὶ</span> <span class='ocrx_word' id='word_1_166' title='bbox 1356 497 1511 530; x_wconf 79' lang='grc' dir='ltr'>ἀναγκαῖοι,</span> <span class='ocrx_word' id='word_1_167' title='bbox 1526 496 1614 532; x_wconf 80' lang='grc' dir='ltr'>πάντη</span> <span class='ocrx_word' id='word_1_168' title='bbox 1626 504 1656 522; x_wconf 81' lang='grc' dir='ltr'><strong>τε</strong></span> <span class='ocrx_word' id='word_1_169' title='bbox 1671 496 1719 522; x_wconf 81' lang='grc' dir='ltr'>καὶ</span> <span class='ocrx_word' id='word_1_170' title='bbox 1735 496 1845 528; x_wconf 72' lang='grc' dir='ltr'>πάντως</span> 
     </span>
    </p>
   </div>
   <div class='ocr_carea' id='block_1_26' title="bbox 1047 539 1845 577">
    <p class='ocr_par' dir='ltr' id='par_1_26' title="bbox 1047 539 1845 577">
     <span class='ocr_line' id='line_1_26' title="bbox 1047 539 1845 577; baseline 0.004 -12"><span class='ocrx_word' id='word_1_171' title='bbox 1047 539 1100 566; x_wconf 70' lang='grc' dir='ltr'>ὑπὸ</span> <span class='ocrx_word' id='word_1_172' title='bbox 1119 540 1212 576; x_wconf 85' lang='grc' dir='ltr'>κρίσιν</span> <span class='ocrx_word' id='word_1_173' title='bbox 1233 540 1295 575; x_wconf 79' lang='grc' dir='ltr'>ἄγει</span> <span class='ocrx_word' id='word_1_174' title='bbox 1320 541 1367 568; x_wconf 76' lang='grc' dir='ltr'>καὶ</span> <span class='ocrx_word' id='word_1_175' title='bbox 1384 541 1512 568; x_wconf 81' lang='grc' dir='ltr'><strong>κόλασιν·</strong></span> <span class='ocrx_word' id='word_1_176' title='bbox 1529 551 1539 566; x_wconf 88' lang='grc'><strong>‹</strong></span> <span class='ocrx_word' id='word_1_177' title='bbox 1563 541 1687 573; x_wconf 70' lang='grc' dir='ltr'><strong>Ἐξέζεσε</strong></span> <span class='ocrx_word' id='word_1_178' title='bbox 1701 541 1757 577; x_wconf 84' lang='grc' dir='ltr'><strong>γὰρ</strong></span> <span class='ocrx_word' id='word_1_179' title='bbox 1772 541 1845 568; x_wconf 78' lang='grc' dir='ltr'>σκώ-</span> 
     </span>
    </p>
   </div>
   <div class='ocr_carea' id='block_1_27' title="bbox 1047 585 1846 623">
    <p class='ocr_par' dir='ltr' id='par_1_27' title="bbox 1047 585 1846 623">
     <span class='ocr_line' id='line_1_27' title="bbox 1047 585 1846 623; baseline 0.003 -11"><span class='ocrx_word' id='word_1_180' title='bbox 1047 585 1134 622; x_wconf 86' lang='grc' dir='ltr'>ληκας</span> <span class='ocrx_word' id='word_1_181' title='bbox 1150 585 1181 613; x_wconf 78' lang='grc' dir='ltr'>τὸ</span> <span class='ocrx_word' id='word_1_182' title='bbox 1195 587 1395 622; x_wconf 82' lang='grc' dir='ltr'>τετηρημένον.</span> <span class='ocrx_word' id='word_1_183' title='bbox 1421 596 1430 612; x_wconf 74' lang='grc' dir='ltr'><strong>ι</strong></span> <span class='ocrx_word' id='word_1_184' title='bbox 1453 587 1598 618; x_wconf 80' lang='grc' dir='ltr'>Κολάσεώς</span> <span class='ocrx_word' id='word_1_185' title='bbox 1615 595 1645 613; x_wconf 88' lang='grc' dir='ltr'><strong>τε</strong></span> <span class='ocrx_word' id='word_1_186' title='bbox 1671 587 1718 614; x_wconf 79' lang='grc' dir='ltr'>καὶ</span> <span class='ocrx_word' id='word_1_187' title='bbox 1742 587 1846 623; x_wconf 74' lang='grc' dir='ltr'>φθορᾶς</span> 
     </span>
    </p>
   </div>
   <div class='ocr_carea' id='block_1_28' title="bbox 1050 632 1846 670">
    <p class='ocr_par' dir='ltr' id='par_1_28' title="bbox 1050 632 1846 670">
     <span class='ocr_line' id='line_1_28' title="bbox 1050 632 1846 670; baseline 0 -10"><span class='ocrx_word' id='word_1_188' title='bbox 1050 632 1166 668; x_wconf 73' lang='grc' dir='ltr'>μήνυσις</span> <span class='ocrx_word' id='word_1_189' title='bbox 1180 632 1213 660; x_wconf 80' lang='grc' dir='ltr'>ἂν</span> <span class='ocrx_word' id='word_1_190' title='bbox 1233 634 1276 669; x_wconf 77' lang='grc' dir='ltr'>ετη</span> <span class='ocrx_word' id='word_1_191' title='bbox 1287 634 1336 660; x_wconf 77' lang='grc' dir='ltr'>καὶ</span> <span class='ocrx_word' id='word_1_192' title='bbox 1352 633 1422 669; x_wconf 71' lang='grc' dir='ltr'>αὕτη</span> <span class='ocrx_word' id='word_1_193' title='bbox 1439 634 1539 669; x_wconf 83' lang='grc' dir='ltr'>σαφής.</span> <span class='ocrx_word' id='word_1_194' title='bbox 1561 633 1690 660; x_wconf 83' lang='grc' dir='ltr'>Ἔσονται</span> <span class='ocrx_word' id='word_1_195' title='bbox 1708 633 1762 670; x_wconf 87' lang='grc' dir='ltr'>γὰρ</span> <span class='ocrx_word' id='word_1_196' title='bbox 1778 633 1846 660; x_wconf 83' lang='grc' dir='ltr'>πάν-</span> 
     </span>
    </p>
   </div>
   <div class='ocr_carea' id='block_1_29' title="bbox 1047 679 1845 716">
    <p class='ocr_par' dir='ltr' id='par_1_29' title="bbox 1047 679 1845 716">
     <span class='ocr_line' id='line_1_29' title="bbox 1047 679 1845 716; baseline 0.003 -11"><span class='ocrx_word' id='word_1_197' title='bbox 1047 687 1094 710; x_wconf 85' lang='grc' dir='ltr'><strong>τες</strong></span> <span class='ocrx_word' id='word_1_198' title='bbox 1106 679 1159 705; x_wconf 80' lang='grc' dir='ltr'><strong>ὑπὸ</strong></span> <span class='ocrx_word' id='word_1_199' title='bbox 1175 679 1278 714; x_wconf 79' lang='grc' dir='ltr'>φθορὰν</span> <span class='ocrx_word' id='word_1_200' title='bbox 1301 680 1348 707; x_wconf 83' lang='grc' dir='ltr'>καὶ</span> <span class='ocrx_word' id='word_1_201' title='bbox 1364 680 1476 707; x_wconf 81' lang='grc' dir='ltr'>κόλασιν</span> <span class='ocrx_word' id='word_1_202' title='bbox 1494 681 1519 706; x_wconf 88' lang='grc' dir='ltr'>οἰ</span> <span class='ocrx_word' id='word_1_203' title='bbox 1535 679 1682 715; x_wconf 81' lang='grc' dir='ltr'>τηροῦντες</span> <span class='ocrx_word' id='word_1_204' title='bbox 1697 680 1747 716; x_wconf 86' lang='grc' dir='ltr'>τὴν</span> <span class='ocrx_word' id='word_1_205' title='bbox 1765 681 1845 707; x_wconf 85' lang='grc' dir='ltr'>σκιὰν</span> 
     </span>
    </p>
   </div>
   <div class='ocr_carea' id='block_1_30' title="bbox 1050 724 1845 761">
    <p class='ocr_par' dir='ltr' id='par_1_30' title="bbox 1050 724 1845 761">
     <span class='ocr_line' id='line_1_30' title="bbox 1050 724 1845 761; baseline 0.004 -11"><span class='ocrx_word' id='word_1_206' title='bbox 1050 724 1120 758; x_wconf 79' lang='grc' dir='ltr'>μετὰ</span> <span class='ocrx_word' id='word_1_207' title='bbox 1141 725 1191 760; x_wconf 80' lang='grc' dir='ltr'>τὴν</span> <span class='ocrx_word' id='word_1_208' title='bbox 1217 726 1267 760; x_wconf 79' lang='grc' dir='ltr'>τῆς</span> <span class='ocrx_word' id='word_1_209' title='bbox 1290 725 1421 761; x_wconf 77' lang='grc' dir='ltr'><strong>ἀληθείας</strong></span> <span class='ocrx_word' id='word_1_210' title='bbox 1445 725 1591 758; x_wconf 78' lang='grc' dir='ltr'>ἀνάδειξιν.</span> <span class='ocrx_word' id='word_1_211' title='bbox 1614 726 1722 753; x_wconf 83' lang='grc' dir='ltr'>Ὀποῖόν</span> <span class='ocrx_word' id='word_1_212' title='bbox 1743 735 1770 753; x_wconf 75' lang='grc' dir='ltr'><strong>τι</strong></span> <span class='ocrx_word' id='word_1_213' title='bbox 1797 735 1845 753; x_wconf 82' lang='grc' dir='ltr'>πε-</span> 
     </span>
    </p>
   </div>
   <div class='ocr_carea' id='block_1_31' title="bbox 1050 769 1843 807">
    <p class='ocr_par' dir='ltr' id='par_1_31' title="bbox 1050 769 1843 807">
     <span class='ocr_line' id='line_1_31' title="bbox 1050 769 1843 807; baseline 0.003 -11"><span class='ocrx_word' id='word_1_214' title='bbox 1050 770 1178 797; x_wconf 85' lang='grc' dir='ltr'>πονθέναι</span> <span class='ocrx_word' id='word_1_215' title='bbox 1188 771 1277 806; x_wconf 81' lang='grc' dir='ltr'>φαμὲν</span> <span class='ocrx_word' id='word_1_216' title='bbox 1292 772 1365 805; x_wconf 83' lang='grc' dir='ltr'>τοὺς,</span> <span class='ocrx_word' id='word_1_217' title='bbox 1377 769 1418 804; x_wconf 72' lang='grc' dir='ltr'>οἷς</span> <span class='ocrx_word' id='word_1_218' title='bbox 1430 773 1444 798; x_wconf 90' lang='lat'><strong>6</strong></span> <span class='ocrx_word' id='word_1_219' title='bbox 1457 771 1592 807; x_wconf 75' lang='grc' dir='ltr'>μακάριος</span> <span class='ocrx_word' id='word_1_220' title='bbox 1604 772 1707 807; x_wconf 82' lang='grc' dir='ltr'>γράφει</span> <span class='ocrx_word' id='word_1_221' title='bbox 1719 771 1826 804; x_wconf 80' lang='grc' dir='ltr'>Παῦλος</span> <span class='ocrx_word' id='word_1_222' title='bbox 1836 779 1843 786; x_wconf 91' lang='grc'><strong>·</strong></span> 
     </span>
    </p>
   </div>
   <div class='ocr_carea' id='block_1_32' title="bbox 1053 817 1844 854">
    <p class='ocr_par' dir='ltr' id='par_1_32' title="bbox 1053 817 1844 854">
     <span class='ocr_line' id='line_1_32' title="bbox 1053 817 1844 854; baseline 0.001 -11"><span class='ocrx_word' id='word_1_223' title='bbox 1053 825 1062 842; x_wconf 84' lang='grc' dir='ltr'><strong>ι</strong></span> <span class='ocrx_word' id='word_1_224' title='bbox 1085 817 1287 854; x_wconf 84' lang='grc' dir='ltr'>Κατηργήθητε</span> <span class='ocrx_word' id='word_1_225' title='bbox 1313 817 1369 845; x_wconf 79' lang='grc' dir='ltr'><strong>ἀπὸ</strong></span> <span class='ocrx_word' id='word_1_226' title='bbox 1387 817 1434 845; x_wconf 80' lang='grc' dir='ltr'><strong>τοῦ</strong></span> <span class='ocrx_word' id='word_1_227' title='bbox 1456 818 1587 852; x_wconf 85' lang='grc' dir='ltr'>Χριστοῦ,</span> <span class='ocrx_word' id='word_1_228' title='bbox 1609 818 1710 850; x_wconf 80' lang='grc' dir='ltr'>οἵτινες</span> <span class='ocrx_word' id='word_1_229' title='bbox 1727 818 1844 854; x_wconf 72' lang='grc' dir='ltr'>ἐννόμῳ</span> 
     </span>
    </p>
   </div>
   <div class='ocr_carea' id='block_1_33' title="bbox 1049 863 1843 900">
    <p class='ocr_par' dir='ltr' id='par_1_33' title="bbox 1049 863 1843 900">
     <span class='ocr_line' id='line_1_33' title="bbox 1049 863 1843 900; baseline 0.001 -10"><span class='ocrx_word' id='word_1_230' title='bbox 1049 863 1224 898; x_wconf 75' lang='grc' dir='ltr'>δικαιοῦσθε,</span> <span class='ocrx_word' id='word_1_231' title='bbox 1251 864 1302 900; x_wconf 83' lang='grc' dir='ltr'>τῆς</span> <span class='ocrx_word' id='word_1_232' title='bbox 1331 865 1442 900; x_wconf 80' lang='grc' dir='ltr'>χάριτος</span> <span class='ocrx_word' id='word_1_233' title='bbox 1470 865 1628 897; x_wconf 68' lang='grc' dir='ltr'>ἐξεπέσατε.</span> <span class='ocrx_word' id='word_1_234' title='bbox 1649 874 1658 891; x_wconf 74' lang='grc' dir='ltr'><strong>ι</strong></span> <span class='ocrx_word' id='word_1_235' title='bbox 1674 864 1728 891; x_wconf 80' lang='grc' dir='ltr'><strong>Καὶ</strong></span> <span class='ocrx_word' id='word_1_236' title='bbox 1745 864 1843 891; x_wconf 81' lang='grc' dir='ltr'>πάλιν·</span> 
     </span>
    </p>
   </div>
   <div class='ocr_carea' id='block_1_34' title="bbox 206 905 1001 946">
    <p class='ocr_par' dir='ltr' id='par_1_34' title="bbox 206 905 994 940">
     <span class='ocr_line' id='line_1_34' title="bbox 206 905 994 940; baseline -0.004 -5"><span class='ocrx_word' id='word_1_237' title='bbox 206 907 349 935; x_wconf 77' lang='lat' dir='ltr'><strong>excidistis</strong></span> <span class='ocrx_word' id='word_1_238' title='bbox 363 905 397 934; x_wconf 77' lang='grc'><strong>³³.</strong></span> <span class='ocrx_word' id='word_1_239' title='bbox 409 916 418 932; x_wconf 81' lang='grc'>›</span> <span class='ocrx_word' id='word_1_240' title='bbox 435 906 468 934; x_wconf 85' lang='lat' dir='ltr'><strong>Et</strong></span> <span class='ocrx_word' id='word_1_241' title='bbox 482 914 593 933; x_wconf 86' lang='lat' dir='ltr'><strong>rursus:</strong></span> <span class='ocrx_word' id='word_1_242' title='bbox 613 915 622 931; x_wconf 83' lang='grc' dir='ltr'><strong>ι</strong></span> <span class='ocrx_word' id='word_1_243' title='bbox 633 905 702 932; x_wconf 89' lang='lat' dir='ltr'><strong>Cum</strong></span> <span class='ocrx_word' id='word_1_244' title='bbox 721 905 862 940; x_wconf 77' lang='lat' dir='ltr'><strong>cmpcritis</strong></span> <span class='ocrx_word' id='word_1_245' title='bbox 884 905 994 940; x_wconf 87' lang='lat' dir='ltr'><strong>spiritu,</strong></span> 
     </span>
    </p>
   </div>
   <div class='ocr_carea' id='block_1_35' title="bbox 1052 905 1842 946">
    <p class='ocr_par' dir='ltr' id='par_1_35' title="bbox 1052 909 1842 946">
     <span class='ocr_line' id='line_1_35' title="bbox 1052 909 1842 946; baseline 0.001 -11"><span class='ocrx_word' id='word_1_246' title='bbox 1052 918 1060 935; x_wconf 87' lang='grc' dir='ltr'><strong>ι</strong></span> <span class='ocrx_word' id='word_1_247' title='bbox 1088 909 1282 946; x_wconf 66' lang='grc' dir='ltr'>Ἐναρεάμενοι</span> <span class='ocrx_word' id='word_1_248' title='bbox 1305 910 1455 946; x_wconf 81' lang='grc' dir='ltr'>πνεύματι,</span> <span class='ocrx_word' id='word_1_249' title='bbox 1486 910 1534 938; x_wconf 83' lang='grc' dir='ltr'><strong>νῦν</strong></span> <span class='ocrx_word' id='word_1_250' title='bbox 1554 911 1636 945; x_wconf 76' lang='grc' dir='ltr'>σαρκὶ</span> <span class='ocrx_word' id='word_1_251' title='bbox 1661 910 1842 937; x_wconf 75' lang='grc' dir='ltr'>ἐπιτελεῖσθε·</span> 
     </span>
    </p>
   </div>
   <div class='ocr_carea' id='block_1_36' title="bbox 207 950 1000 986">
    <p class='ocr_par' dir='ltr' id='par_1_36' title="bbox 207 950 1000 986">
     <span class='ocr_line' id='line_1_36' title="bbox 207 950 1000 986; baseline -0.005 -5"><span class='ocrx_word' id='word_1_252' title='bbox 207 961 282 981; x_wconf 92' lang='lat' dir='ltr'><strong>nunc</strong></span> <span class='ocrx_word' id='word_1_253' title='bbox 295 961 376 981; x_wconf 89' lang='lat' dir='ltr'><strong>carne</strong></span> <span class='ocrx_word' id='word_1_254' title='bbox 391 952 630 980; x_wconf 86' lang='lat' dir='ltr'><strong>consummemini.</strong></span> <span class='ocrx_word' id='word_1_255' title='bbox 650 951 737 979; x_wconf 84' lang='lat' dir='ltr'><strong>Tanta</strong></span> <span class='ocrx_word' id='word_1_256' title='bbox 753 951 827 986; x_wconf 81' lang='lat' dir='ltr'><strong>passi</strong></span> <span class='ocrx_word' id='word_1_257' title='bbox 849 950 917 978; x_wconf 86' lang='lat' dir='ltr'><strong>estis</strong></span> <span class='ocrx_word' id='word_1_258' title='bbox 942 950 1000 978; x_wconf 86' lang='lat' dir='ltr'><strong>fru-</strong></span> 
     </span>
    </p>
   </div>
   <div class='ocr_carea' id='block_1_37' title="bbox 207 996 1001 1033">
    <p class='ocr_par' dir='ltr' id='par_1_37' title="bbox 207 996 1001 1033">
     <span class='ocr_line' id='line_1_37' title="bbox 207 996 1001 1033; baseline -0.005 -6"><span class='ocrx_word' id='word_1_259' title='bbox 207 1003 274 1032; x_wconf 83' lang='lat' dir='ltr'><strong>stra,</strong></span> <span class='ocrx_word' id='word_1_260' title='bbox 284 999 306 1026; x_wconf 89' lang='lat' dir='ltr'><strong>si</strong></span> <span class='ocrx_word' id='word_1_261' title='bbox 321 1004 410 1026; x_wconf 88' lang='lat' dir='ltr'><strong>tamen</strong></span> <span class='ocrx_word' id='word_1_262' title='bbox 426 998 529 1026; x_wconf 79' lang='lat' dir='ltr'><strong>frustra</strong></span> <span class='ocrx_word' id='word_1_263' title='bbox 541 996 575 1024; x_wconf 82' lang='grc'><strong>³⁸.</strong></span> <span class='ocrx_word' id='word_1_264' title='bbox 588 1008 597 1023; x_wconf 77' lang='grc' dir='ltr'><strong>ι</strong></span> <span class='ocrx_word' id='word_1_265' title='bbox 613 997 693 1025; x_wconf 80' lang='lat' dir='ltr'><strong>Vetat</strong></span> <span class='ocrx_word' id='word_1_266' title='bbox 710 997 794 1033; x_wconf 72' lang='lat' dir='ltr'><strong>igitur</strong></span> <span class='ocrx_word' id='word_1_267' title='bbox 810 997 839 1024; x_wconf 90' lang='lat' dir='ltr'><strong>in</strong></span> <span class='ocrx_word' id='word_1_268' title='bbox 851 997 1001 1025; x_wconf 83' lang='lat' dir='ltr'><strong>crastinum</strong></span> 
     </span>
    </p>
   </div>
   <div class='ocr_carea' id='block_1_38' title="bbox 207 1043 1002 1080">
    <p class='ocr_par' dir='ltr' id='par_1_38' title="bbox 207 1043 1002 1080">
     <span class='ocr_line' id='line_1_38' title="bbox 207 1043 1002 1080; baseline -0.004 -7"><span class='ocrx_word' id='word_1_269' title='bbox 207 1045 326 1078; x_wconf 82' lang='lat' dir='ltr'><strong>servari,</strong></span> <span class='ocrx_word' id='word_1_270' title='bbox 341 1049 371 1072; x_wconf 91' lang='lat' dir='ltr'><strong>ut</strong></span> <span class='ocrx_word' id='word_1_271' title='bbox 380 1045 420 1072; x_wconf 89' lang='lat' dir='ltr'><strong>sie</strong></span> <span class='ocrx_word' id='word_1_272' title='bbox 433 1053 483 1080; x_wconf 82' lang='lat' dir='ltr'><strong>per</strong></span> <span class='ocrx_word' id='word_1_273' title='bbox 494 1043 645 1071; x_wconf 86' lang='lat' dir='ltr'><strong>crastinum</strong></span> <span class='ocrx_word' id='word_1_274' title='bbox 657 1043 794 1078; x_wconf 73' lang='lat' dir='ltr'><strong>intelligas</strong></span> <span class='ocrx_word' id='word_1_275' title='bbox 808 1047 916 1078; x_wconf 91' lang='lat' dir='ltr'><strong>tempus</strong></span> <span class='ocrx_word' id='word_1_276' title='bbox 939 1046 1002 1078; x_wconf 90' lang='lat' dir='ltr'><strong>post</strong></span> 
     </span>
    </p>
   </div>
   <div class='ocr_carea' id='block_1_39' title="bbox 208 1088 1002 1128">
    <p class='ocr_par' dir='ltr' id='par_1_39' title="bbox 208 1088 1002 1128">
     <span class='ocr_line' id='line_1_39' title="bbox 208 1088 1002 1128; baseline -0.005 -9"><span class='ocrx_word' id='word_1_277' title='bbox 208 1091 305 1128; x_wconf 78' lang='lat' dir='ltr'><strong>legem,</strong></span> <span class='ocrx_word' id='word_1_278' title='bbox 320 1091 347 1118; x_wconf 94' lang='lat' dir='ltr'><strong>in</strong></span> <span class='ocrx_word' id='word_1_279' title='bbox 364 1099 419 1126; x_wconf 90' lang='lat' dir='ltr'><strong>quo</strong></span> <span class='ocrx_word' id='word_1_280' title='bbox 427 1090 555 1118; x_wconf 88' lang='lat' dir='ltr'><strong>Christus</strong></span> <span class='ocrx_word' id='word_1_281' title='bbox 568 1089 705 1125; x_wconf 84' lang='lat' dir='ltr'><strong>apparuit,</strong></span> <span class='ocrx_word' id='word_1_282' title='bbox 720 1093 749 1116; x_wconf 89' lang='lat' dir='ltr'><strong>et</strong></span> <span class='ocrx_word' id='word_1_283' title='bbox 772 1088 866 1116; x_wconf 89' lang='lat' dir='ltr'><strong>divina</strong></span> <span class='ocrx_word' id='word_1_284' title='bbox 888 1089 934 1115; x_wconf 74' lang='lat' dir='ltr'><strong>lux</strong></span> <span class='ocrx_word' id='word_1_285' title='bbox 950 1095 1002 1115; x_wconf 90' lang='lat' dir='ltr'><strong>no-</strong></span> 
     </span>
    </p>
   </div>
   <div class='ocr_carea' id='block_1_40' title="bbox 209 1133 1001 1166">
    <p class='ocr_par' dir='ltr' id='par_1_40' title="bbox 209 1133 1001 1166">
     <span class='ocr_line' id='line_1_40' title="bbox 209 1133 1001 1166; baseline -0.005 -1"><span class='ocrx_word' id='word_1_286' title='bbox 209 1138 252 1166; x_wconf 87' lang='lat' dir='ltr'><strong>bis</strong></span> <span class='ocrx_word' id='word_1_287' title='bbox 261 1137 360 1164; x_wconf 76' lang='lat' dir='ltr'><strong>illuxit.</strong></span> <span class='ocrx_word' id='word_1_288' title='bbox 372 1137 509 1164; x_wconf 67' lang='lat' dir='ltr'><strong>Caeterum</strong></span> <span class='ocrx_word' id='word_1_289' title='bbox 524 1135 655 1163; x_wconf 71' lang='lat' dir='ltr'><strong>Israelita:</strong></span> <span class='ocrx_word' id='word_1_290' title='bbox 667 1135 817 1162; x_wconf 87' lang='lat' dir='ltr'><strong>Sabbatum</strong></span> <span class='ocrx_word' id='word_1_291' title='bbox 834 1133 1001 1162; x_wconf 83' lang='lat' dir='ltr'><strong>celebraturi</strong></span> 
     </span>
    </p>
   </div>
   <div class='ocr_carea' id='block_1_41' title="bbox 209 1180 1000 1216">
    <p class='ocr_par' dir='ltr' id='par_1_41' title="bbox 209 1180 1000 1216">
     <span class='ocr_line' id='line_1_41' title="bbox 209 1180 1000 1216; baseline -0.005 -6"><span class='ocrx_word' id='word_1_292' title='bbox 209 1183 386 1211; x_wconf 84' lang='lat' dir='ltr'><strong>reservabant</strong></span> <span class='ocrx_word' id='word_1_293' title='bbox 401 1182 429 1209; x_wconf 91' lang='lat' dir='ltr'><strong>in</strong></span> <span class='ocrx_word' id='word_1_294' title='bbox 456 1181 616 1213; x_wconf 88' lang='lat' dir='ltr'><strong>crastinum,</strong></span> <span class='ocrx_word' id='word_1_295' title='bbox 641 1180 723 1216; x_wconf 88' lang='lat' dir='ltr'><strong>idque</strong></span> <span class='ocrx_word' id='word_1_296' title='bbox 739 1181 795 1208; x_wconf 84' lang='lat' dir='ltr'><strong>Deo</strong></span> <span class='ocrx_word' id='word_1_297' title='bbox 813 1180 1000 1215; x_wconf 64' lang='lat' dir='ltr'><strong>prmcipiente.</strong></span> 
     </span>
    </p>
   </div>
   <div class='ocr_carea' id='block_1_42' title="bbox 207 1226 1002 1264">
    <p class='ocr_par' dir='ltr' id='par_1_42' title="bbox 207 1226 1002 1264">
     <span class='ocr_line' id='line_1_42' title="bbox 207 1226 1002 1264; baseline -0.004 -8"><span class='ocrx_word' id='word_1_298' title='bbox 207 1228 278 1262; x_wconf 86' lang='lat' dir='ltr'><strong>Quid</strong></span> <span class='ocrx_word' id='word_1_299' title='bbox 294 1229 377 1264; x_wconf 70' lang='lat' dir='ltr'><strong>igitur</strong></span> <span class='ocrx_word' id='word_1_300' title='bbox 387 1231 439 1261; x_wconf 87' lang='lat' dir='ltr'><strong>est,</strong></span> <span class='ocrx_word' id='word_1_301' title='bbox 453 1227 526 1263; x_wconf 87' lang='lat' dir='ltr'><strong>quod</strong></span> <span class='ocrx_word' id='word_1_302' title='bbox 541 1227 687 1255; x_wconf 87' lang='lat' dir='ltr'><strong>collectum</strong></span> <span class='ocrx_word' id='word_1_303' title='bbox 703 1230 766 1254; x_wconf 88' lang='lat' dir='ltr'><strong>ante</strong></span> <span class='ocrx_word' id='word_1_304' title='bbox 787 1226 936 1254; x_wconf 85' lang='lat' dir='ltr'><strong>Sabbatum</strong></span> <span class='ocrx_word' id='word_1_305' title='bbox 951 1234 1002 1253; x_wconf 91' lang='lat' dir='ltr'><strong>cu-</strong></span> 
     </span>
    </p>
   </div>
   <div class='ocr_carea' id='block_1_43' title="bbox 208 1272 1000 1309">
    <p class='ocr_par' dir='ltr' id='par_1_43' title="bbox 208 1272 1000 1309">
     <span class='ocr_line' id='line_1_43' title="bbox 208 1272 1000 1309; baseline -0.004 -7"><span class='ocrx_word' id='word_1_306' title='bbox 208 1274 354 1307; x_wconf 83' lang='lat' dir='ltr'><strong>stodiatur,</strong></span> <span class='ocrx_word' id='word_1_307' title='bbox 371 1281 422 1301; x_wconf 91' lang='lat' dir='ltr'><strong>nec</strong></span> <span class='ocrx_word' id='word_1_308' title='bbox 436 1277 542 1309; x_wconf 85' lang='lat' dir='ltr'><strong>pereat,</strong></span> <span class='ocrx_word' id='word_1_309' title='bbox 557 1280 647 1308; x_wconf 87' lang='lat' dir='ltr'><strong>neque</strong></span> <span class='ocrx_word' id='word_1_310' title='bbox 666 1272 755 1300; x_wconf 84' lang='lat' dir='ltr'><strong>Moses</strong></span> <span class='ocrx_word' id='word_1_311' title='bbox 773 1272 830 1300; x_wconf 91' lang='lat' dir='ltr'><strong>illis</strong></span> <span class='ocrx_word' id='word_1_312' title='bbox 848 1272 895 1308; x_wconf 90' lang='lat' dir='ltr'><strong>qui</strong></span> <span class='ocrx_word' id='word_1_313' title='bbox 909 1280 1000 1300; x_wconf 81' lang='lat' dir='ltr'><strong>reser-</strong></span> 
     </span>
    </p>
   </div>
   <div class='ocr_carea' id='block_1_44' title="bbox 210 1318 1001 1355">
    <p class='ocr_par' dir='ltr' id='par_1_44' title="bbox 210 1318 1001 1355">
     <span class='ocr_line' id='line_1_44' title="bbox 210 1318 1001 1355; baseline -0.004 -6"><span class='ocrx_word' id='word_1_314' title='bbox 210 1325 307 1348; x_wconf 89' lang='lat' dir='ltr'><strong>varunt</strong></span> <span class='ocrx_word' id='word_1_315' title='bbox 321 1320 503 1348; x_wconf 82' lang='lat' dir='ltr'><strong>succenseat?</strong></span> <span class='ocrx_word' id='word_1_316' title='bbox 516 1319 583 1347; x_wconf 85' lang='lat' dir='ltr'><strong>Nam</strong></span> <span class='ocrx_word' id='word_1_317' title='bbox 603 1320 719 1355; x_wconf 75' lang='lat' dir='ltr'><strong>ingressi</strong></span> <span class='ocrx_word' id='word_1_318' title='bbox 733 1327 781 1355; x_wconf 86' lang='lat' dir='ltr'><strong>per</strong></span> <span class='ocrx_word' id='word_1_319' title='bbox 797 1318 878 1346; x_wconf 83' lang='lat' dir='ltr'><strong>fidem</strong></span> <span class='ocrx_word' id='word_1_320' title='bbox 893 1319 920 1346; x_wconf 94' lang='lat' dir='ltr'><strong>in</strong></span> <span class='ocrx_word' id='word_1_321' title='bbox 937 1319 1001 1346; x_wconf 86' lang='lat' dir='ltr'><strong>sab-</strong></span> 
     </span>
    </p>
   </div>
   <div class='ocr_carea' id='block_1_45' title="bbox 207 1364 1002 1401">
    <p class='ocr_par' dir='ltr' id='par_1_45' title="bbox 207 1364 1002 1401">
     <span class='ocr_line' id='line_1_45' title="bbox 207 1364 1002 1401; baseline -0.004 -7"><span class='ocrx_word' id='word_1_322' title='bbox 207 1366 366 1399; x_wconf 82' lang='lat' dir='ltr'><strong>batismum,</strong></span> <span class='ocrx_word' id='word_1_323' title='bbox 389 1366 435 1401; x_wconf 90' lang='lat' dir='ltr'><strong>qui</strong></span> <span class='ocrx_word' id='word_1_324' title='bbox 453 1366 480 1393; x_wconf 92' lang='lat' dir='ltr'><strong>in</strong></span> <span class='ocrx_word' id='word_1_325' title='bbox 493 1365 603 1393; x_wconf 87' lang='lat' dir='ltr'><strong>Christo</strong></span> <span class='ocrx_word' id='word_1_326' title='bbox 627 1365 800 1401; x_wconf 76' lang='lat' dir='ltr'><strong>intelligitur,</strong></span> <span class='ocrx_word' id='word_1_327' title='bbox 833 1365 885 1391; x_wconf 91' lang='lat' dir='ltr'><strong>hoc</strong></span> <span class='ocrx_word' id='word_1_328' title='bbox 897 1368 949 1397; x_wconf 88' lang='lat' dir='ltr'><strong>est,</strong></span> <span class='ocrx_word' id='word_1_329' title='bbox 974 1364 1002 1391; x_wconf 91' lang='lat' dir='ltr'><strong>in</strong></span> 
     </span>
    </p>
   </div>
   <div class='ocr_carea' id='block_1_46' title="bbox 208 1408 1001 1445">
    <p class='ocr_par' dir='ltr' id='par_1_46' title="bbox 208 1408 1001 1445">
     <span class='ocr_line' id='line_1_46' title="bbox 208 1408 1001 1445; baseline -0.005 -6"><span class='ocrx_word' id='word_1_330' title='bbox 208 1412 295 1439; x_wconf 90' lang='lat' dir='ltr'><strong>otium</strong></span> <span class='ocrx_word' id='word_1_331' title='bbox 309 1416 336 1439; x_wconf 92' lang='lat' dir='ltr'><strong>et</strong></span> <span class='ocrx_word' id='word_1_332' title='bbox 348 1410 528 1438; x_wconf 87' lang='lat' dir='ltr'><strong>cessationem</strong></span> <span class='ocrx_word' id='word_1_333' title='bbox 543 1419 557 1437; x_wconf 92' lang='lat' dir='ltr'><strong>a</strong></span> <span class='ocrx_word' id='word_1_334' title='bbox 573 1411 693 1445; x_wconf 87' lang='lat' dir='ltr'><strong>peccatis</strong></span> <span class='ocrx_word' id='word_1_335' title='bbox 706 1431 713 1442; x_wconf 88' lang='lat'><strong>,</strong></span> <span class='ocrx_word' id='word_1_336' title='bbox 736 1418 792 1437; x_wconf 91' lang='lat' dir='ltr'><strong>non</strong></span> <span class='ocrx_word' id='word_1_337' title='bbox 809 1413 938 1444; x_wconf 83' lang='lat' dir='ltr'><strong>tanquam</strong></span> <span class='ocrx_word' id='word_1_338' title='bbox 957 1408 1001 1435; x_wconf 89' lang='lat' dir='ltr'><strong>in-</strong></span> 
     </span>
    </p>
   </div>
   <div class='ocr_carea' id='block_1_47' title="bbox 209 1456 1001 1494">
    <p class='ocr_par' dir='ltr' id='par_1_47' title="bbox 209 1456 1001 1494">
     <span class='ocr_line' id='line_1_47' title="bbox 209 1456 1001 1494; baseline -0.004 -9"><span class='ocrx_word' id='word_1_339' title='bbox 209 1458 305 1486; x_wconf 89' lang='lat' dir='ltr'><strong>utilem</strong></span> <span class='ocrx_word' id='word_1_340' title='bbox 317 1457 480 1494; x_wconf 85' lang='lat' dir='ltr'><strong>abjiciamus</strong></span> <span class='ocrx_word' id='word_1_341' title='bbox 505 1457 649 1484; x_wconf 88' lang='lat' dir='ltr'><strong>collectam</strong></span> <span class='ocrx_word' id='word_1_342' title='bbox 673 1457 701 1484; x_wconf 92' lang='lat' dir='ltr'><strong>in</strong></span> <span class='ocrx_word' id='word_1_343' title='bbox 718 1456 797 1484; x_wconf 91' lang='lat' dir='ltr'><strong>nobis</strong></span> <span class='ocrx_word' id='word_1_344' title='bbox 811 1464 843 1483; x_wconf 91' lang='lat' dir='ltr'><strong>ac</strong></span> <span class='ocrx_word' id='word_1_345' title='bbox 860 1456 938 1491; x_wconf 89' lang='lat' dir='ltr'><strong>quasi</strong></span> <span class='ocrx_word' id='word_1_346' title='bbox 955 1463 1001 1483; x_wconf 89' lang='lat' dir='ltr'><strong>re-</strong></span> 
     </span>
    </p>
   </div>
   <div class='ocr_carea' id='block_1_48' title="bbox 209 1501 1001 1540">
    <p class='ocr_par' dir='ltr' id='par_1_48' title="bbox 209 1501 1001 1540">
     <span class='ocr_line' id='line_1_48' title="bbox 209 1501 1001 1540; baseline -0.004 -8"><span class='ocrx_word' id='word_1_347' title='bbox 209 1505 328 1540; x_wconf 88' lang='lat' dir='ltr'><strong>positam</strong></span> <span class='ocrx_word' id='word_1_348' title='bbox 346 1503 415 1539; x_wconf 78' lang='lat' dir='ltr'><strong>legis</strong></span> <span class='ocrx_word' id='word_1_349' title='bbox 434 1503 619 1538; x_wconf 89' lang='lat' dir='ltr'><strong>disciplinam,</strong></span> <span class='ocrx_word' id='word_1_350' title='bbox 638 1510 699 1538; x_wconf 68' lang='lat' dir='ltr'><strong>qua:</strong></span> <span class='ocrx_word' id='word_1_351' title='bbox 719 1510 770 1530; x_wconf 85' lang='lat' dir='ltr'><strong>nos</strong></span> <span class='ocrx_word' id='word_1_352' title='bbox 780 1502 857 1530; x_wconf 90' lang='lat' dir='ltr'><strong>ducit</strong></span> <span class='ocrx_word' id='word_1_353' title='bbox 873 1501 907 1529; x_wconf 87' lang='lat' dir='ltr'><strong>ad</strong></span> <span class='ocrx_word' id='word_1_354' title='bbox 920 1501 1001 1530; x_wconf 86' lang='lat' dir='ltr'><strong>Chri—</strong></span> 
     </span>
    </p>
   </div>
   <div class='ocr_carea' id='block_1_49' title="bbox 209 1548 1002 1585">
    <p class='ocr_par' dir='ltr' id='par_1_49' title="bbox 209 1548 1002 1585">
     <span class='ocr_line' id='line_1_49' title="bbox 209 1548 1002 1585; baseline -0.003 -7"><span class='ocrx_word' id='word_1_355' title='bbox 209 1555 292 1583; x_wconf 89' lang='lat' dir='ltr'><strong>stum,</strong></span> <span class='ocrx_word' id='word_1_356' title='bbox 309 1549 389 1585; x_wconf 75' lang='lat'><strong>292</strong></span> <span class='ocrx_word' id='word_1_357' title='bbox 404 1550 447 1577; x_wconf 80' lang='lat' dir='ltr'><strong>lex</strong></span> <span class='ocrx_word' id='word_1_358' title='bbox 458 1550 532 1577; x_wconf 91' lang='lat' dir='ltr'><strong>enim</strong></span> <span class='ocrx_word' id='word_1_359' title='bbox 549 1549 712 1584; x_wconf 73' lang='lat' dir='ltr'><strong>paedagogus</strong></span> <span class='ocrx_word' id='word_1_360' title='bbox 723 1554 766 1576; x_wconf 92' lang='lat' dir='ltr'><strong>est</strong></span> <span class='ocrx_word' id='word_1_361' title='bbox 781 1549 802 1564; x_wconf 83' lang='grc'><strong>⁵⁷</strong></span> <span class='ocrx_word' id='word_1_362' title='bbox 816 1557 823 1582; x_wconf 88' lang='lat'>;</span> <span class='ocrx_word' id='word_1_363' title='bbox 837 1548 885 1576; x_wconf 87' lang='lat' dir='ltr'><strong>sed</strong></span> <span class='ocrx_word' id='word_1_364' title='bbox 910 1548 1002 1583; x_wconf 86' lang='lat' dir='ltr'><strong>potius</strong></span> 
     </span>
    </p>
   </div>
   <div class='ocr_carea' id='block_1_50' title="bbox 1051 955 1843 993">
    <p class='ocr_par' dir='ltr' id='par_1_50' title="bbox 1051 955 1843 993">
     <span class='ocr_line' id='line_1_50' title="bbox 1051 955 1843 993; baseline -0.001 -11"><span class='ocrx_word' id='word_1_365' title='bbox 1051 956 1169 983; x_wconf 80' lang='grc' dir='ltr'>τοσαῦτα</span> <span class='ocrx_word' id='word_1_366' title='bbox 1189 955 1304 984; x_wconf 78' lang='grc' dir='ltr'>ἐπάθετε</span> <span class='ocrx_word' id='word_1_367' title='bbox 1335 957 1407 993; x_wconf 78' lang='grc' dir='ltr'>εἰκῆ,</span> <span class='ocrx_word' id='word_1_368' title='bbox 1438 957 1465 983; x_wconf 76' lang='grc' dir='ltr'><strong>εί</strong></span> <span class='ocrx_word' id='word_1_369' title='bbox 1492 965 1525 991; x_wconf 86' lang='grc' dir='ltr'><strong>γε</strong></span> <span class='ocrx_word' id='word_1_370' title='bbox 1548 957 1596 984; x_wconf 85' lang='grc' dir='ltr'>καὶ</span> <span class='ocrx_word' id='word_1_371' title='bbox 1616 957 1690 992; x_wconf 80' lang='grc' dir='ltr'>εικῆ.</span> <span class='ocrx_word' id='word_1_372' title='bbox 1708 966 1718 983; x_wconf 71' lang='grc' dir='ltr'><strong>ι</strong></span> <span class='ocrx_word' id='word_1_373' title='bbox 1738 956 1843 984; x_wconf 81' lang='grc' dir='ltr'>Οὐκοῦν</span> 
     </span>
    </p>
   </div>
   <div class='ocr_carea' id='block_1_51' title="bbox 1051 1001 1842 1038">
    <p class='ocr_par' dir='ltr' id='par_1_51' title="bbox 1051 1001 1842 1038">
     <span class='ocr_line' id='line_1_51' title="bbox 1051 1001 1842 1038; baseline 0.001 -11"><span class='ocrx_word' id='word_1_374' title='bbox 1051 1001 1361 1036; x_wconf 73' lang='grc' dir='ltr'>ἁποφάσκειφυλάττειν</span> <span class='ocrx_word' id='word_1_375' title='bbox 1387 1002 1426 1034; x_wconf 77' lang='grc' dir='ltr'><strong>είς</strong></span> <span class='ocrx_word' id='word_1_376' title='bbox 1439 1001 1470 1028; x_wconf 81' lang='grc' dir='ltr'>τὸ</span> <span class='ocrx_word' id='word_1_377' title='bbox 1485 1002 1571 1038; x_wconf 72' lang='grc' dir='ltr'>πρωϊ·</span> <span class='ocrx_word' id='word_1_378' title='bbox 1589 1001 1632 1029; x_wconf 77' lang='grc' dir='ltr'><strong>ἵνα</strong></span> <span class='ocrx_word' id='word_1_379' title='bbox 1643 1001 1686 1028; x_wconf 76' lang='grc' dir='ltr'><strong>διὰ</strong></span> <span class='ocrx_word' id='word_1_380' title='bbox 1699 1001 1747 1028; x_wconf 85' lang='grc' dir='ltr'><strong>τοῦ</strong></span> <span class='ocrx_word' id='word_1_381' title='bbox 1759 1001 1842 1037; x_wconf 73' lang='grc' dir='ltr'>πρωϊ,</span> 
     </span>
    </p>
   </div>
   <div class='ocr_carea' id='block_1_52' title="bbox 1051 1047 1844 1084">
    <p class='ocr_par' dir='ltr' id='par_1_52' title="bbox 1051 1047 1844 1084">
     <span class='ocr_line' id='line_1_52' title="bbox 1051 1047 1844 1084; baseline 0.001 -11"><span class='ocrx_word' id='word_1_382' title='bbox 1051 1047 1097 1073; x_wconf 73' lang='grc' dir='ltr'><strong>τὸν</strong></span> <span class='ocrx_word' id='word_1_383' title='bbox 1116 1047 1184 1082; x_wconf 78' lang='grc' dir='ltr'>μετὰ</span> <span class='ocrx_word' id='word_1_384' title='bbox 1206 1047 1251 1075; x_wconf 72' lang='grc' dir='ltr'>τὸν</span> <span class='ocrx_word' id='word_1_385' title='bbox 1269 1047 1351 1083; x_wconf 79' lang='grc' dir='ltr'>νόμον</span> <span class='ocrx_word' id='word_1_386' title='bbox 1373 1048 1476 1084; x_wconf 81' lang='grc' dir='ltr'>νοήσῃς</span> <span class='ocrx_word' id='word_1_387' title='bbox 1500 1048 1607 1084; x_wconf 68' lang='grc' dir='ltr'>καιρὸν,</span> <span class='ocrx_word' id='word_1_388' title='bbox 1629 1047 1690 1074; x_wconf 76' lang='grc' dir='ltr'>καθ’</span> <span class='ocrx_word' id='word_1_389' title='bbox 1705 1047 1735 1074; x_wconf 82' lang='grc' dir='ltr'><strong>δν</strong></span> <span class='ocrx_word' id='word_1_390' title='bbox 1758 1048 1774 1083; x_wconf 88' lang='grc' dir='ltr'>ἡ</span> <span class='ocrx_word' id='word_1_391' title='bbox 1795 1047 1844 1074; x_wconf 84' lang='grc' dir='ltr'><strong>τοῦ</strong></span> 
     </span>
    </p>
   </div>
   <div class='ocr_carea' id='block_1_53' title="bbox 1051 1093 1844 1130">
    <p class='ocr_par' dir='ltr' id='par_1_53' title="bbox 1051 1093 1844 1130">
     <span class='ocr_line' id='line_1_53' title="bbox 1051 1093 1844 1130; baseline 0.003 -11"><span class='ocrx_word' id='word_1_392' title='bbox 1051 1093 1170 1129; x_wconf 76' lang='grc' dir='ltr'>Χριστοῦ</span> <span class='ocrx_word' id='word_1_393' title='bbox 1186 1094 1290 1129; x_wconf 81' lang='grc' dir='ltr'>πέφηνε</span> <span class='ocrx_word' id='word_1_394' title='bbox 1305 1095 1453 1129; x_wconf 76' lang='grc' dir='ltr'>παρουσία,</span> <span class='ocrx_word' id='word_1_395' title='bbox 1462 1094 1510 1121; x_wconf 80' lang='grc' dir='ltr'>καὶ</span> <span class='ocrx_word' id='word_1_396' title='bbox 1524 1094 1554 1121; x_wconf 67' lang='grc' dir='ltr'>τὸ</span> <span class='ocrx_word' id='word_1_397' title='bbox 1565 1094 1711 1130; x_wconf 78' lang='grc' dir='ltr'>θεῖονήμίν</span> <span class='ocrx_word' id='word_1_398' title='bbox 1724 1093 1844 1128; x_wconf 85' lang='grc' dir='ltr'>ἀνέλαμ-</span> 
     </span>
    </p>
   </div>
   <div class='ocr_carea' id='block_1_54' title="bbox 1051 1139 1844 1176">
    <p class='ocr_par' dir='ltr' id='par_1_54' title="bbox 1051 1139 1844 1176">
     <span class='ocr_line' id='line_1_54' title="bbox 1051 1139 1844 1176; baseline 0 -10"><span class='ocrx_word' id='word_1_399' title='bbox 1051 1140 1086 1175; x_wconf 74' lang='grc' dir='ltr'><strong>ψε</strong></span> <span class='ocrx_word' id='word_1_400' title='bbox 1103 1139 1172 1175; x_wconf 72' lang='grc' dir='ltr'>φῶς.</span> <span class='ocrx_word' id='word_1_401' title='bbox 1203 1140 1275 1166; x_wconf 70' lang='grc' dir='ltr'>Ἀλλ’</span> <span class='ocrx_word' id='word_1_402' title='bbox 1288 1141 1402 1176; x_wconf 76' lang='grc' dir='ltr'>ἐτήρουν</span> <span class='ocrx_word' id='word_1_403' title='bbox 1428 1141 1469 1172; x_wconf 85' lang='grc' dir='ltr'><strong>είς</strong></span> <span class='ocrx_word' id='word_1_404' title='bbox 1491 1140 1521 1167; x_wconf 77' lang='grc' dir='ltr'>τὸ</span> <span class='ocrx_word' id='word_1_405' title='bbox 1549 1140 1640 1176; x_wconf 82' lang='grc' dir='ltr'>πρωϊ,</span> <span class='ocrx_word' id='word_1_406' title='bbox 1671 1139 1844 1172; x_wconf 73' lang='grc' dir='ltr'>σαϐϐατίξειν</span> 
     </span>
    </p>
   </div>
   <div class='ocr_carea' id='block_1_55' title="bbox 1054 1186 1844 1222">
    <p class='ocr_par' dir='ltr' id='par_1_55' title="bbox 1054 1186 1844 1222">
     <span class='ocr_line' id='line_1_55' title="bbox 1054 1186 1844 1222; baseline 0.001 -11"><span class='ocrx_word' id='word_1_407' title='bbox 1054 1186 1196 1221; x_wconf 78' lang='grc' dir='ltr'>μέλλοντες</span> <span class='ocrx_word' id='word_1_408' title='bbox 1214 1187 1239 1214; x_wconf 77' lang='grc' dir='ltr'>οἱ</span> <span class='ocrx_word' id='word_1_409' title='bbox 1265 1186 1294 1219; x_wconf 70' lang='grc' dir='ltr'><strong>ἐξ</strong></span> <span class='ocrx_word' id='word_1_410' title='bbox 1314 1186 1434 1222; x_wconf 81' lang='grc' dir='ltr'>Ἰσραὴλ,</span> <span class='ocrx_word' id='word_1_411' title='bbox 1453 1186 1500 1213; x_wconf 76' lang='grc' dir='ltr'>καὶ</span> <span class='ocrx_word' id='word_1_412' title='bbox 1518 1186 1598 1213; x_wconf 83' lang='grc' dir='ltr'>τοῦτο</span> <span class='ocrx_word' id='word_1_413' title='bbox 1619 1186 1686 1212; x_wconf 87' lang='grc' dir='ltr'>Θεοῦ</span> <span class='ocrx_word' id='word_1_414' title='bbox 1707 1186 1844 1222; x_wconf 79' lang='grc' dir='ltr'>προστάτ-</span> 
     </span>
    </p>
   </div>
   <div class='ocr_carea' id='block_1_56' title="bbox 1051 1230 1843 1268">
    <p class='ocr_par' dir='ltr' id='par_1_56' title="bbox 1051 1230 1843 1268">
     <span class='ocr_line' id='line_1_56' title="bbox 1051 1230 1843 1268; baseline -0.001 -9"><span class='ocrx_word' id='word_1_415' title='bbox 1051 1240 1154 1263; x_wconf 81' lang='grc' dir='ltr'>τοντος.</span> <span class='ocrx_word' id='word_1_416' title='bbox 1175 1231 1208 1259; x_wconf 85' lang='grc' dir='ltr'>Τί</span> <span class='ocrx_word' id='word_1_417' title='bbox 1220 1233 1252 1268; x_wconf 86' lang='grc' dir='ltr'>δὴ</span> <span class='ocrx_word' id='word_1_418' title='bbox 1272 1230 1319 1260; x_wconf 74' lang='grc' dir='ltr'>οὖν</span> <span class='ocrx_word' id='word_1_419' title='bbox 1339 1233 1393 1268; x_wconf 80' lang='grc' dir='ltr'>ἄρα</span> <span class='ocrx_word' id='word_1_420' title='bbox 1416 1233 1475 1259; x_wconf 80' lang='grc' dir='ltr'>ἐστὶ</span> <span class='ocrx_word' id='word_1_421' title='bbox 1498 1232 1528 1259; x_wconf 76' lang='grc' dir='ltr'>τὸ</span> <span class='ocrx_word' id='word_1_422' title='bbox 1539 1231 1730 1268; x_wconf 71' lang='grc' dir='ltr'>’φυλάττεσθαι</span> <span class='ocrx_word' id='word_1_423' title='bbox 1748 1232 1798 1268; x_wconf 76' lang='grc' dir='ltr'>μὲν</span> <span class='ocrx_word' id='word_1_424' title='bbox 1811 1232 1843 1258; x_wconf 71' lang='grc' dir='ltr'><strong>τὸ</strong></span> 
     </span>
    </p>
   </div>
   <div class='ocr_carea' id='block_1_57' title="bbox 1051 1277 1845 1314">
    <p class='ocr_par' dir='ltr' id='par_1_57' title="bbox 1051 1277 1845 1314">
     <span class='ocr_line' id='line_1_57' title="bbox 1051 1277 1845 1314; baseline 0.001 -10"><span class='ocrx_word' id='word_1_425' title='bbox 1051 1278 1098 1304; x_wconf 86' lang='grc' dir='ltr'><strong>τοῦ</strong></span> <span class='ocrx_word' id='word_1_426' title='bbox 1112 1277 1252 1305; x_wconf 77' lang='grc' dir='ltr'>Σαὸὃάτου</span> <span class='ocrx_word' id='word_1_427' title='bbox 1268 1278 1489 1314; x_wconf 78' lang='grc' dir='ltr'>προσυλλεχθὲν,</span> <span class='ocrx_word' id='word_1_428' title='bbox 1513 1277 1551 1313; x_wconf 80' lang='grc' dir='ltr'>μὴ</span> <span class='ocrx_word' id='word_1_429' title='bbox 1575 1278 1629 1313; x_wconf 83' lang='grc' dir='ltr'>μὴν</span> <span class='ocrx_word' id='word_1_430' title='bbox 1650 1279 1690 1305; x_wconf 77' lang='grc' dir='ltr'>ἔτι</span> <span class='ocrx_word' id='word_1_431' title='bbox 1714 1279 1762 1305; x_wconf 80' lang='grc' dir='ltr'><strong>καὶ</strong></span> <span class='ocrx_word' id='word_1_432' title='bbox 1786 1278 1845 1305; x_wconf 88' lang='grc' dir='ltr'>δια-</span> 
     </span>
    </p>
   </div>
   <div class='ocr_carea' id='block_1_58' title="bbox 1053 1323 1846 1360">
    <p class='ocr_par' dir='ltr' id='par_1_58' title="bbox 1053 1323 1846 1360">
     <span class='ocr_line' id='line_1_58' title="bbox 1053 1323 1846 1360; baseline 0.003 -10"><span class='ocrx_word' id='word_1_433' title='bbox 1053 1323 1228 1359; x_wconf 81' lang='grc' dir='ltr'>φθείρεσθαι,</span> <span class='ocrx_word' id='word_1_434' title='bbox 1245 1323 1312 1359; x_wconf 78' lang='grc' dir='ltr'>μηδὲ</span> <span class='ocrx_word' id='word_1_435' title='bbox 1327 1325 1385 1355; x_wconf 84' lang='grc' dir='ltr'>τοῖς</span> <span class='ocrx_word' id='word_1_436' title='bbox 1406 1324 1591 1360; x_wconf 80' lang='grc' dir='ltr'>τετηρηκόσιν</span> <span class='ocrx_word' id='word_1_437' title='bbox 1606 1324 1846 1360; x_wconf 70' lang='grc' dir='ltr'>ὲπιπικραίνεσθαι</span> 
     </span>
    </p>
   </div>
   <div class='ocr_carea' id='block_1_59' title="bbox 1051 1369 1844 1405">
    <p class='ocr_par' dir='ltr' id='par_1_59' title="bbox 1051 1369 1844 1405">
     <span class='ocr_line' id='line_1_59' title="bbox 1051 1369 1844 1405; baseline 0 -9"><span class='ocrx_word' id='word_1_438' title='bbox 1051 1370 1097 1396; x_wconf 82' lang='grc' dir='ltr'>τὸν</span> <span class='ocrx_word' id='word_1_439' title='bbox 1116 1369 1232 1401; x_wconf 77' lang='grc' dir='ltr'>Μωσέας</span> <span class='ocrx_word' id='word_1_440' title='bbox 1256 1369 1415 1405; x_wconf 80' lang='grc' dir='ltr'>’Λφιγμένοι</span> <span class='ocrx_word' id='word_1_441' title='bbox 1432 1370 1485 1405; x_wconf 77' lang='grc' dir='ltr'>γὰρ</span> <span class='ocrx_word' id='word_1_442' title='bbox 1505 1370 1550 1396; x_wconf 79' lang='grc' dir='ltr'>διὰ</span> <span class='ocrx_word' id='word_1_443' title='bbox 1572 1370 1690 1402; x_wconf 81' lang='grc' dir='ltr'>πίστεως</span> <span class='ocrx_word' id='word_1_444' title='bbox 1705 1371 1744 1402; x_wconf 83' lang='grc' dir='ltr'>εἰς</span> <span class='ocrx_word' id='word_1_445' title='bbox 1756 1370 1801 1397; x_wconf 70' lang='grc' dir='ltr'>τὸν</span> <span class='ocrx_word' id='word_1_446' title='bbox 1815 1371 1844 1398; x_wconf 80' lang='grc' dir='ltr'>ὲν</span> 
     </span>
    </p>
   </div>
   <div class='ocr_carea' id='block_1_60' title="bbox 1053 1413 1896 1449">
    <p class='ocr_par' dir='ltr' id='par_1_60' title="bbox 1053 1413 1896 1449">
     <span class='ocr_line' id='line_1_60' title="bbox 1053 1413 1896 1449; baseline 0 -9"><span class='ocrx_word' id='word_1_447' title='bbox 1053 1413 1164 1449; x_wconf 81' lang='grc' dir='ltr'>Χριστῷ</span> <span class='ocrx_word' id='word_1_448' title='bbox 1187 1413 1333 1449; x_wconf 74' lang='grc' dir='ltr'>νοούμενον</span> <span class='ocrx_word' id='word_1_449' title='bbox 1355 1413 1553 1449; x_wconf 77' lang='grc' dir='ltr'>σαῦὸατισμὸν,</span> <span class='ocrx_word' id='word_1_450' title='bbox 1571 1414 1713 1440; x_wconf 80' lang='grc' dir='ltr'>τουτέστιν</span> <span class='ocrx_word' id='word_1_451' title='bbox 1734 1415 1774 1446; x_wconf 82' lang='grc' dir='ltr'><strong>είς</strong></span> <span class='ocrx_word' id='word_1_452' title='bbox 1792 1415 1844 1448; x_wconf 78' lang='grc' dir='ltr'><strong>ἀρ·</strong></span> <span class='ocrx_word' id='word_1_453' title='bbox 1893 1418 1896 1419; x_wconf 68' lang='grc'><strong><em>⁷</em></strong></span> 
     </span>
    </p>
   </div>
   <div class='ocr_carea' id='block_1_61' title="bbox 1052 1458 1844 1495">
    <p class='ocr_par' dir='ltr' id='par_1_61' title="bbox 1052 1458 1844 1495">
     <span class='ocr_line' id='line_1_61' title="bbox 1052 1458 1844 1495; baseline -0.001 -9"><span class='ocrx_word' id='word_1_454' title='bbox 1052 1459 1114 1494; x_wconf 82' lang='grc' dir='ltr'>γίαν</span> <span class='ocrx_word' id='word_1_455' title='bbox 1135 1468 1167 1486; x_wconf 77' lang='grc' dir='ltr'><strong>τι</strong></span> <span class='ocrx_word' id='word_1_456' title='bbox 1188 1459 1237 1486; x_wconf 78' lang='grc' dir='ltr'>καὶ</span> <span class='ocrx_word' id='word_1_457' title='bbox 1259 1459 1408 1495; x_wconf 78' lang='grc' dir='ltr'>κατάληξιν</span> <span class='ocrx_word' id='word_1_458' title='bbox 1432 1460 1482 1494; x_wconf 84' lang='grc' dir='ltr'>τὴν</span> <span class='ocrx_word' id='word_1_459' title='bbox 1503 1459 1532 1491; x_wconf 76' lang='grc' dir='ltr'><strong>ἐξ</strong></span> <span class='ocrx_word' id='word_1_460' title='bbox 1552 1459 1713 1494; x_wconf 81' lang='grc' dir='ltr'>ἁμαρτιῶν,</span> <span class='ocrx_word' id='word_1_461' title='bbox 1736 1459 1785 1494; x_wconf 84' lang='grc' dir='ltr'><strong>οὺχ</strong></span> <span class='ocrx_word' id='word_1_462' title='bbox 1805 1458 1844 1491; x_wconf 82' lang='grc' dir='ltr'>ὡς</span> 
     </span>
    </p>
   </div>
   <div class='ocr_carea' id='block_1_62' title="bbox 1053 1505 1845 1542">
    <p class='ocr_par' dir='ltr' id='par_1_62' title="bbox 1053 1505 1845 1542">
     <span class='ocr_line' id='line_1_62' title="bbox 1053 1505 1845 1542; baseline -0.003 -9"><span class='ocrx_word' id='word_1_463' title='bbox 1053 1506 1189 1542; x_wconf 73' lang='grc' dir='ltr'>ἄχρηστον</span> <span class='ocrx_word' id='word_1_464' title='bbox 1221 1506 1429 1542; x_wconf 81' lang='grc' dir='ltr'>παραιτούμεθα</span> <span class='ocrx_word' id='word_1_465' title='bbox 1464 1506 1514 1542; x_wconf 80' lang='grc' dir='ltr'>τὴν</span> <span class='ocrx_word' id='word_1_466' title='bbox 1551 1505 1790 1542; x_wconf 82' lang='grc' dir='ltr'>προσωρευοεῖσαν</span> <span class='ocrx_word' id='word_1_467' title='bbox 1815 1506 1845 1532; x_wconf 67' lang='grc' dir='ltr'>ἐν</span> 
     </span>
    </p>
   </div>
   <div class='ocr_carea' id='block_1_63' title="bbox 1057 1549 1846 1588">
    <p class='ocr_par' dir='ltr' id='par_1_63' title="bbox 1057 1549 1846 1588">
     <span class='ocr_line' id='line_1_63' title="bbox 1057 1549 1846 1588; baseline -0.006 -10"><span class='ocrx_word' id='word_1_468' title='bbox 1057 1553 1123 1588; x_wconf 90' lang='grc' dir='ltr'>ήμῖν</span> <span class='ocrx_word' id='word_1_469' title='bbox 1135 1552 1182 1578; x_wconf 63' lang='grc' dir='ltr'>καὶ</span> <span class='ocrx_word' id='word_1_470' title='bbox 1200 1551 1282 1578; x_wconf 74' lang='grc' dir='ltr'>οἱονεὶ</span> <span class='ocrx_word' id='word_1_471' title='bbox 1297 1551 1537 1587; x_wconf 82' lang='grc' dir='ltr'>προαποκειμένην</span> <span class='ocrx_word' id='word_1_472' title='bbox 1546 1550 1592 1577; x_wconf 83' lang='grc' dir='ltr'><strong>τοῦ</strong></span> <span class='ocrx_word' id='word_1_473' title='bbox 1608 1550 1690 1585; x_wconf 84' lang='grc' dir='ltr'>νόμου</span> <span class='ocrx_word' id='word_1_474' title='bbox 1707 1549 1846 1576; x_wconf 76' lang='grc' dir='ltr'>παίδευσιν</span> 
     </span>
    </p>
   </div>
   <div class='ocr_carea' id='block_1_64' title="bbox 208 1591 1001 1633">
    <p class='ocr_par' dir='ltr' id='par_1_64' title="bbox 208 1593 1001 1629">
     <span class='ocr_line' id='line_1_64' title="bbox 208 1593 1001 1629; baseline -0.004 -6"><span class='ocrx_word' id='word_1_475' title='bbox 208 1603 270 1624; x_wconf 88' lang='lat' dir='ltr'><strong>cum</strong></span> <span class='ocrx_word' id='word_1_476' title='bbox 285 1595 434 1623; x_wconf 88' lang='lat' dir='ltr'><strong>habeamus</strong></span> <span class='ocrx_word' id='word_1_477' title='bbox 446 1602 506 1622; x_wconf 89' lang='lat' dir='ltr'><strong>eam</strong></span> <span class='ocrx_word' id='word_1_478' title='bbox 520 1594 740 1622; x_wconf 87' lang='lat' dir='ltr'><strong>institutionibus</strong></span> <span class='ocrx_word' id='word_1_479' title='bbox 758 1593 924 1629; x_wconf 81' lang='lat' dir='ltr'><strong>evangelicis</strong></span> <span class='ocrx_word' id='word_1_480' title='bbox 938 1600 1001 1620; x_wconf 88' lang='lat' dir='ltr'><strong>eon-</strong></span> 
     </span>
    </p>
   </div>
   <div class='ocr_carea' id='block_1_65' title="bbox 1052 1591 1847 1633">
    <p class='ocr_par' dir='ltr' id='par_1_65' title="bbox 1057 1593 1847 1633">
     <span class='ocr_line' id='line_1_65' title="bbox 1057 1593 1847 1633; baseline -0.005 -9"><span class='ocrx_word' id='word_1_481' title='bbox 1057 1597 1279 1633; x_wconf 79' lang='grc' dir='ltr'>χειραγωγοῦσαν</span> <span class='ocrx_word' id='word_1_482' title='bbox 1306 1596 1380 1632; x_wconf 76' lang='grc' dir='ltr'>ἡμᾶς</span> <span class='ocrx_word' id='word_1_483' title='bbox 1395 1597 1434 1628; x_wconf 81' lang='grc' dir='ltr'><strong>είς</strong></span> <span class='ocrx_word' id='word_1_484' title='bbox 1450 1595 1576 1631; x_wconf 85' lang='grc' dir='ltr'>Χριστόν·</span> <span class='ocrx_word' id='word_1_485' title='bbox 1606 1594 1777 1628; x_wconf 77' lang='grc' dir='ltr'>παιδαγωγὸς</span> <span class='ocrx_word' id='word_1_486' title='bbox 1793 1593 1847 1628; x_wconf 72' lang='grc' dir='ltr'><strong>γὰρ</strong></span> 
     </span>
    </p>
   </div>
   <div class='ocr_carea' id='block_1_66' title="bbox 206 1639 1001 1679">
    <p class='ocr_par' dir='ltr' id='par_1_66' title="bbox 206 1639 1001 1679">
     <span class='ocr_line' id='line_1_66' title="bbox 206 1639 1001 1679; baseline -0.003 -11"><span class='ocrx_word' id='word_1_487' title='bbox 206 1639 340 1679; x_wconf 79' lang='lat' dir='ltr'><strong>junctam,</strong></span> <span class='ocrx_word' id='word_1_488' title='bbox 355 1649 410 1668; x_wconf 90' lang='lat' dir='ltr'><strong>non</strong></span> <span class='ocrx_word' id='word_1_489' title='bbox 424 1641 503 1676; x_wconf 79' lang='lat' dir='ltr'><strong>longe</strong></span> <span class='ocrx_word' id='word_1_490' title='bbox 519 1644 593 1667; x_wconf 89' lang='lat' dir='ltr'><strong>certe</strong></span> <span class='ocrx_word' id='word_1_491' title='bbox 613 1639 734 1667; x_wconf 81' lang='lat' dir='ltr'><strong>abfuturi</strong></span> <span class='ocrx_word' id='word_1_492' title='bbox 761 1647 857 1668; x_wconf 90' lang='lat' dir='ltr'><strong>sumus</strong></span> <span class='ocrx_word' id='word_1_493' title='bbox 879 1640 913 1667; x_wconf 90' lang='lat' dir='ltr'><strong>ab</strong></span> <span class='ocrx_word' id='word_1_494' title='bbox 937 1640 1001 1672; x_wconf 87' lang='lat' dir='ltr'><strong>hoc,</strong></span> 
     </span>
    </p>
   </div>
   <div class='ocr_carea' id='block_1_67' title="bbox 210 1686 1003 1721">
    <p class='ocr_par' dir='ltr' id='par_1_67' title="bbox 210 1686 1003 1721">
     <span class='ocr_line' id='line_1_67' title="bbox 210 1686 1003 1721; baseline -0.005 -5"><span class='ocrx_word' id='word_1_495' title='bbox 210 1692 241 1716; x_wconf 92' lang='lat' dir='ltr'><strong>ut</strong></span> <span class='ocrx_word' id='word_1_496' title='bbox 255 1688 338 1715; x_wconf 90' lang='lat' dir='ltr'><strong>etiam</strong></span> <span class='ocrx_word' id='word_1_497' title='bbox 353 1694 404 1714; x_wconf 89' lang='lat' dir='ltr'><strong>nos</strong></span> <span class='ocrx_word' id='word_1_498' title='bbox 428 1687 482 1714; x_wconf 90' lang='lat' dir='ltr'><strong>hoc</strong></span> <span class='ocrx_word' id='word_1_499' title='bbox 504 1686 616 1714; x_wconf 88' lang='lat' dir='ltr'><strong>nomine</strong></span> <span class='ocrx_word' id='word_1_500' title='bbox 631 1686 735 1713; x_wconf 88' lang='lat' dir='ltr'><strong>laudari</strong></span> <span class='ocrx_word' id='word_1_501' title='bbox 747 1694 798 1721; x_wconf 88' lang='lat' dir='ltr'><strong>par</strong></span> <span class='ocrx_word' id='word_1_502' title='bbox 821 1686 872 1719; x_wconf 87' lang='lat' dir='ltr'><strong>sit;</strong></span> <span class='ocrx_word' id='word_1_503' title='bbox 896 1689 1003 1713; x_wconf 92' lang='lat' dir='ltr'><strong>tantum</strong></span> 
     </span>
    </p>
   </div>
   <div class='ocr_carea' id='block_1_68' title="bbox 210 1731 1002 1766">
    <p class='ocr_par' dir='ltr' id='par_1_68' title="bbox 210 1731 1002 1766">
     <span class='ocr_line' id='line_1_68' title="bbox 210 1731 1002 1766; baseline -0.005 -4"><span class='ocrx_word' id='word_1_504' title='bbox 210 1735 299 1766; x_wconf 84' lang='lat' dir='ltr'><strong>abest,</strong></span> <span class='ocrx_word' id='word_1_505' title='bbox 314 1738 344 1760; x_wconf 90' lang='lat' dir='ltr'><strong>ut</strong></span> <span class='ocrx_word' id='word_1_506' title='bbox 363 1733 436 1760; x_wconf 88' lang='lat' dir='ltr'><strong>Deus</strong></span> <span class='ocrx_word' id='word_1_507' title='bbox 453 1732 534 1760; x_wconf 89' lang='lat' dir='ltr'><strong>nobis</strong></span> <span class='ocrx_word' id='word_1_508' title='bbox 560 1732 613 1759; x_wconf 92' lang='lat' dir='ltr'><strong>hoc</strong></span> <span class='ocrx_word' id='word_1_509' title='bbox 645 1731 811 1759; x_wconf 83' lang='lat' dir='ltr'><strong>facientibus</strong></span> <span class='ocrx_word' id='word_1_510' title='bbox 828 1735 1002 1758; x_wconf 83' lang='lat' dir='ltr'><strong>succenseat.</strong></span> 
     </span>
    </p>
   </div>
   <div class='ocr_carea' id='block_1_69' title="bbox 210 1777 1004 1815">
    <p class='ocr_par' dir='ltr' id='par_1_69' title="bbox 210 1777 1004 1815">
     <span class='ocr_line' id='line_1_69' title="bbox 210 1777 1004 1815; baseline -0.006 -6"><span class='ocrx_word' id='word_1_511' title='bbox 210 1781 288 1810; x_wconf 84' lang='lat' dir='ltr'><strong>Unde</strong></span> <span class='ocrx_word' id='word_1_512' title='bbox 301 1780 427 1808; x_wconf 88' lang='lat' dir='ltr'><strong>Salvator</strong></span> <span class='ocrx_word' id='word_1_513' title='bbox 435 1779 493 1815; x_wconf 87' lang='lat' dir='ltr'><strong>ipse</strong></span> <span class='ocrx_word' id='word_1_514' title='bbox 518 1779 556 1806; x_wconf 87' lang='lat' dir='ltr'><strong>ita</strong></span> <span class='ocrx_word' id='word_1_515' title='bbox 578 1786 629 1806; x_wconf 89' lang='lat' dir='ltr'><strong>nos</strong></span> <span class='ocrx_word' id='word_1_516' title='bbox 648 1778 747 1805; x_wconf 89' lang='lat' dir='ltr'><strong>docet:</strong></span> <span class='ocrx_word' id='word_1_517' title='bbox 766 1787 775 1804; x_wconf 84' lang='grc' dir='ltr'><strong>ι</strong></span> <span class='ocrx_word' id='word_1_518' title='bbox 787 1778 947 1813; x_wconf 85' lang='lat' dir='ltr'><strong>Propterea,</strong></span> <span class='ocrx_word' id='word_1_519' title='bbox 959 1777 1004 1805; x_wconf 89' lang='lat' dir='ltr'><strong>in-</strong></span> 
     </span>
    </p>
   </div>
   <div class='ocr_carea' id='block_1_70' title="bbox 210 1819 1001 1864">
    <p class='ocr_par' dir='ltr' id='par_1_70' title="bbox 210 1819 1001 1864">
     <span class='ocr_line' id='line_1_70' title="bbox 210 1819 1001 1864; baseline -0.005 -9"><span class='ocrx_word' id='word_1_520' title='bbox 210 1819 280 1864; x_wconf 78' lang='lat' dir='ltr'><strong>quit,</strong></span> <span class='ocrx_word' id='word_1_521' title='bbox 297 1826 358 1854; x_wconf 89' lang='lat' dir='ltr'><strong>dico</strong></span> <span class='ocrx_word' id='word_1_522' title='bbox 371 1826 460 1858; x_wconf 88' lang='lat' dir='ltr'><strong>vobis,</strong></span> <span class='ocrx_word' id='word_1_523' title='bbox 479 1826 552 1862; x_wconf 90' lang='lat' dir='ltr'><strong>quod</strong></span> <span class='ocrx_word' id='word_1_524' title='bbox 568 1826 658 1853; x_wconf 88' lang='lat' dir='ltr'><strong>omnis</strong></span> <span class='ocrx_word' id='word_1_525' title='bbox 670 1824 766 1853; x_wconf 83' lang='lat' dir='ltr'><strong>Scriba</strong></span> <span class='ocrx_word' id='word_1_526' title='bbox 793 1824 893 1852; x_wconf 89' lang='lat' dir='ltr'><strong>doctus</strong></span> <span class='ocrx_word' id='word_1_527' title='bbox 907 1824 941 1851; x_wconf 89' lang='lat' dir='ltr'><strong>ad</strong></span> <span class='ocrx_word' id='word_1_528' title='bbox 959 1832 1001 1851; x_wconf 85' lang='lat' dir='ltr'><strong>re-</strong></span> 
     </span>
    </p>
   </div>
   <div class='ocr_carea' id='block_1_71' title="bbox 210 1871 1005 1910">
    <p class='ocr_par' dir='ltr' id='par_1_71' title="bbox 210 1871 1005 1910">
     <span class='ocr_line' id='line_1_71' title="bbox 210 1871 1005 1910; baseline -0.003 -9"><span class='ocrx_word' id='word_1_529' title='bbox 210 1882 293 1910; x_wconf 80' lang='lat' dir='ltr'><strong>gnum</strong></span> <span class='ocrx_word' id='word_1_530' title='bbox 303 1874 448 1906; x_wconf 73' lang='lat' dir='ltr'><strong>cmlorum,</strong></span> <span class='ocrx_word' id='word_1_531' title='bbox 464 1873 564 1901; x_wconf 88' lang='lat' dir='ltr'><strong>similis</strong></span> <span class='ocrx_word' id='word_1_532' title='bbox 586 1877 629 1900; x_wconf 90' lang='lat' dir='ltr'><strong>est</strong></span> <span class='ocrx_word' id='word_1_533' title='bbox 645 1873 848 1908; x_wconf 87' lang='lat' dir='ltr'><strong>patrifamilias,</strong></span> <span class='ocrx_word' id='word_1_534' title='bbox 867 1872 914 1907; x_wconf 89' lang='lat' dir='ltr'><strong>qui</strong></span> <span class='ocrx_word' id='word_1_535' title='bbox 930 1871 1005 1899; x_wconf 83' lang='lat' dir='ltr'><strong>eruit</strong></span> 
     </span>
    </p>
   </div>
   <div class='ocr_carea' id='block_1_72' title="bbox 210 1918 1004 1953">
    <p class='ocr_par' dir='ltr' id='par_1_72' title="bbox 210 1918 1004 1953">
     <span class='ocr_line' id='line_1_72' title="bbox 210 1918 1004 1953; baseline -0.003 -6"><span class='ocrx_word' id='word_1_536' title='bbox 210 1929 226 1948; x_wconf 90' lang='lat' dir='ltr'><strong>e</strong></span> <span class='ocrx_word' id='word_1_537' title='bbox 240 1920 370 1947; x_wconf 88' lang='lat' dir='ltr'><strong>thesauro</strong></span> <span class='ocrx_word' id='word_1_538' title='bbox 383 1927 433 1946; x_wconf 89' lang='lat' dir='ltr'><strong>suo</strong></span> <span class='ocrx_word' id='word_1_539' title='bbox 452 1927 523 1946; x_wconf 87' lang='lat' dir='ltr'><strong>nova</strong></span> <span class='ocrx_word' id='word_1_540' title='bbox 542 1923 574 1946; x_wconf 72' lang='lat' dir='ltr'><strong>et,</strong></span> <span class='ocrx_word' id='word_1_541' title='bbox 593 1922 688 1946; x_wconf 87' lang='lat' dir='ltr'><strong>vetera</strong></span> <span class='ocrx_word' id='word_1_542' title='bbox 705 1919 738 1946; x_wconf 76' lang='grc'><strong>⁸⁸.</strong></span> <span class='ocrx_word' id='word_1_543' title='bbox 752 1928 760 1944; x_wconf 77' lang='grc' dir='ltr'><strong>ι</strong></span> <span class='ocrx_word' id='word_1_544' title='bbox 776 1918 874 1945; x_wconf 84' lang='lat' dir='ltr'><strong>Manna</strong></span> <span class='ocrx_word' id='word_1_545' title='bbox 891 1918 976 1953; x_wconf 71' lang='lat' dir='ltr'><strong>igitur</strong></span> <span class='ocrx_word' id='word_1_546' title='bbox 988 1925 1004 1945; x_wconf 85' lang='lat' dir='ltr'><strong>a</strong></span> 
     </span>
    </p>
   </div>
   <div class='ocr_carea' id='block_1_73' title="bbox 210 1964 1004 2001">
    <p class='ocr_par' dir='ltr' id='par_1_73' title="bbox 210 1964 1004 2001">
     <span class='ocr_line' id='line_1_73' title="bbox 210 1964 1004 2001; baseline -0.004 -7"><span class='ocrx_word' id='word_1_547' title='bbox 210 1966 290 1995; x_wconf 88' lang='lat' dir='ltr'><strong>nobis</strong></span> <span class='ocrx_word' id='word_1_548' title='bbox 307 1965 383 2001; x_wconf 90' lang='lat' dir='ltr'><strong>prius</strong></span> <span class='ocrx_word' id='word_1_549' title='bbox 399 1973 448 2000; x_wconf 90' lang='lat' dir='ltr'><strong>per</strong></span> <span class='ocrx_word' id='word_1_550' title='bbox 472 1965 560 2001; x_wconf 76' lang='lat' dir='ltr'><strong>legem</strong></span> <span class='ocrx_word' id='word_1_551' title='bbox 584 1965 730 1993; x_wconf 89' lang='lat' dir='ltr'><strong>collectum</strong></span> <span class='ocrx_word' id='word_1_552' title='bbox 754 1968 833 1992; x_wconf 84' lang='lat' dir='ltr'><strong>vacat</strong></span> <span class='ocrx_word' id='word_1_553' title='bbox 852 1964 1004 2000; x_wconf 83' lang='lat' dir='ltr'><strong>reprehen-</strong></span> 
     </span>
    </p>
   </div>
   <div class='ocr_carea' id='block_1_74' title="bbox 210 2009 1004 2046">
    <p class='ocr_par' dir='ltr' id='par_1_74' title="bbox 210 2009 1004 2046">
     <span class='ocr_line' id='line_1_74' title="bbox 210 2009 1004 2046; baseline -0.003 -7"><span class='ocrx_word' id='word_1_554' title='bbox 210 2010 438 2046; x_wconf 84' lang='lat' dir='ltr'><strong>sione,siquidem</strong></span> <span class='ocrx_word' id='word_1_555' title='bbox 453 2010 481 2037; x_wconf 95' lang='lat' dir='ltr'><strong>in</strong></span> <span class='ocrx_word' id='word_1_556' title='bbox 492 2010 691 2038; x_wconf 78' lang='lat' dir='ltr'><strong>sabbatismum</strong></span> <span class='ocrx_word' id='word_1_557' title='bbox 701 2009 903 2045; x_wconf 79' lang='lat' dir='ltr'><strong>intelligibilem</strong></span> <span class='ocrx_word' id='word_1_558' title='bbox 912 2017 1004 2037; x_wconf 83' lang='lat' dir='ltr'><strong>reser-</strong></span> 
     </span>
    </p>
   </div>
   <div class='ocr_carea' id='block_1_75' title="bbox 209 2055 1006 2092">
    <p class='ocr_par' dir='ltr' id='par_1_75' title="bbox 209 2055 1006 2092">
     <span class='ocr_line' id='line_1_75' title="bbox 209 2055 1006 2092; baseline -0.003 -6"><span class='ocrx_word' id='word_1_559' title='bbox 209 2063 299 2086; x_wconf 86' lang='lat' dir='ltr'><strong>vetur.</strong></span> <span class='ocrx_word' id='word_1_560' title='bbox 320 2058 375 2085; x_wconf 88' lang='lat' dir='ltr'><strong>Nos</strong></span> <span class='ocrx_word' id='word_1_561' title='bbox 391 2057 477 2090; x_wconf 88' lang='lat' dir='ltr'><strong>enim,</strong></span> <span class='ocrx_word' id='word_1_562' title='bbox 490 2056 537 2092; x_wconf 91' lang='lat' dir='ltr'><strong>qui</strong></span> <span class='ocrx_word' id='word_1_563' title='bbox 553 2057 581 2083; x_wconf 91' lang='lat' dir='ltr'><strong>in</strong></span> <span class='ocrx_word' id='word_1_564' title='bbox 594 2055 707 2084; x_wconf 86' lang='lat' dir='ltr'><strong>Christo</strong></span> <span class='ocrx_word' id='word_1_565' title='bbox 716 2056 866 2084; x_wconf 86' lang='lat' dir='ltr'><strong>Sabbatum</strong></span> <span class='ocrx_word' id='word_1_566' title='bbox 882 2056 1006 2084; x_wconf 84' lang='lat' dir='ltr'><strong>celebra-</strong></span> 
     </span>
    </p>
   </div>
   <div class='ocr_carea' id='block_1_76' title="bbox 210 2100 1005 2136">
    <p class='ocr_par' dir='ltr' id='par_1_76' title="bbox 210 2100 1005 2136">
     <span class='ocr_line' id='line_1_76' title="bbox 210 2100 1005 2136; baseline -0.005 -5"><span class='ocrx_word' id='word_1_567' title='bbox 210 2111 281 2135; x_wconf 88' lang='lat' dir='ltr'><strong>mus,</strong></span> <span class='ocrx_word' id='word_1_568' title='bbox 298 2103 361 2131; x_wconf 88' lang='lat' dir='ltr'><strong>ideo</strong></span> <span class='ocrx_word' id='word_1_569' title='bbox 374 2110 518 2130; x_wconf 88' lang='lat' dir='ltr'><strong>versamur</strong></span> <span class='ocrx_word' id='word_1_570' title='bbox 530 2101 559 2128; x_wconf 92' lang='lat' dir='ltr'><strong>in</strong></span> <span class='ocrx_word' id='word_1_571' title='bbox 572 2100 679 2128; x_wconf 88' lang='lat' dir='ltr'><strong>umbris</strong></span> <span class='ocrx_word' id='word_1_572' title='bbox 698 2100 836 2133; x_wconf 83' lang='lat' dir='ltr'><strong>Mosaicis,</strong></span> <span class='ocrx_word' id='word_1_573' title='bbox 852 2106 883 2128; x_wconf 88' lang='lat' dir='ltr'><strong>ut</strong></span> <span class='ocrx_word' id='word_1_574' title='bbox 898 2100 926 2128; x_wconf 90' lang='lat' dir='ltr'><strong>in</strong></span> <span class='ocrx_word' id='word_1_575' title='bbox 938 2100 1005 2136; x_wconf 89' lang='lat' dir='ltr'><strong>ipsis</strong></span> 
     </span>
    </p>
   </div>
   <div class='ocr_carea' id='block_1_77' title="bbox 211 2147 1004 2186">
    <p class='ocr_par' dir='ltr' id='par_1_77' title="bbox 211 2147 1004 2186">
     <span class='ocr_line' id='line_1_77' title="bbox 211 2147 1004 2186; baseline -0.006 -8"><span class='ocrx_word' id='word_1_576' title='bbox 211 2151 384 2186; x_wconf 82' lang='lat' dir='ltr'><strong>lnquiramus</strong></span> <span class='ocrx_word' id='word_1_577' title='bbox 395 2149 550 2176; x_wconf 87' lang='lat' dir='ltr'><strong>veritatem.</strong></span> <span class='ocrx_word' id='word_1_578' title='bbox 563 2147 737 2175; x_wconf 77' lang='lat' dir='ltr'><strong>Exseerabile</strong></span> <span class='ocrx_word' id='word_1_579' title='bbox 747 2152 838 2174; x_wconf 86' lang='lat' dir='ltr'><strong>autem</strong></span> <span class='ocrx_word' id='word_1_580' title='bbox 856 2153 927 2179; x_wconf 84' lang='lat' dir='ltr'><strong>erat,</strong></span> <span class='ocrx_word' id='word_1_581' title='bbox 937 2153 1004 2182; x_wconf 78' lang='lat' dir='ltr'><strong>sup-</strong></span> 
     </span>
    </p>
   </div>
   <div class='ocr_carea' id='block_1_78' title="bbox 211 2193 1003 2232">
    <p class='ocr_par' dir='ltr' id='par_1_78' title="bbox 211 2193 1003 2232">
     <span class='ocr_line' id='line_1_78' title="bbox 211 2193 1003 2232; baseline -0.005 -8"><span class='ocrx_word' id='word_1_582' title='bbox 211 2196 348 2232; x_wconf 86' lang='lat' dir='ltr'><strong>plicioque</strong></span> <span class='ocrx_word' id='word_1_583' title='bbox 367 2195 517 2223; x_wconf 81' lang='lat' dir='ltr'><strong>obnoxium</strong></span> <span class='ocrx_word' id='word_1_584' title='bbox 538 2195 560 2222; x_wconf 89' lang='lat' dir='ltr'><strong>si</strong></span> <span class='ocrx_word' id='word_1_585' title='bbox 582 2195 645 2230; x_wconf 85' lang='lat' dir='ltr'><strong>quis</strong></span> <span class='ocrx_word' id='word_1_586' title='bbox 656 2193 685 2221; x_wconf 92' lang='lat' dir='ltr'><strong>in</strong></span> <span class='ocrx_word' id='word_1_587' title='bbox 697 2193 818 2221; x_wconf 86' lang='lat' dir='ltr'><strong>Sabbato</strong></span> <span class='ocrx_word' id='word_1_588' title='bbox 839 2193 1003 2228; x_wconf 81' lang='lat' dir='ltr'><strong>colligeret;</strong></span> 
     </span>
    </p>
   </div>
   <div class='ocr_carea' id='block_1_79' title="bbox 211 2239 1002 2278">
    <p class='ocr_par' dir='ltr' id='par_1_79' title="bbox 211 2239 1002 2278">
     <span class='ocr_line' id='line_1_79' title="bbox 211 2239 1002 2278; baseline -0.006 -7"><span class='ocrx_word' id='word_1_589' title='bbox 211 2243 278 2278; x_wconf 86' lang='lat' dir='ltr'><strong>quin</strong></span> <span class='ocrx_word' id='word_1_590' title='bbox 290 2242 383 2278; x_wconf 89' lang='lat' dir='ltr'><strong>potius</strong></span> <span class='ocrx_word' id='word_1_591' title='bbox 397 2241 470 2268; x_wconf 87' lang='lat' dir='ltr'><strong>Deus</strong></span> <span class='ocrx_word' id='word_1_592' title='bbox 482 2245 550 2275; x_wconf 52' lang='lat' dir='ltr'><strong>,tum</strong></span> <span class='ocrx_word' id='word_1_593' title='bbox 574 2240 681 2268; x_wconf 90' lang='lat' dir='ltr'><strong>nullum</strong></span> <span class='ocrx_word' id='word_1_594' title='bbox 706 2239 864 2267; x_wconf 86' lang='lat' dir='ltr'><strong>dimittebat</strong></span> <span class='ocrx_word' id='word_1_595' title='bbox 892 2247 1002 2267; x_wconf 84' lang='lat' dir='ltr'><strong>manna.</strong></span> 
     </span>
    </p>
   </div>
   <div class='ocr_carea' id='block_1_80' title="bbox 1053 1641 1845 1679">
    <p class='ocr_par' dir='ltr' id='par_1_80' title="bbox 1053 1641 1845 1679">
     <span class='ocr_line' id='line_1_80' title="bbox 1053 1641 1845 1679; baseline -0.004 -9"><span class='ocrx_word' id='word_1_596' title='bbox 1053 1644 1068 1670; x_wconf 87' lang='lat'><strong>6</strong></span> <span class='ocrx_word' id='word_1_597' title='bbox 1084 1643 1178 1679; x_wconf 86' lang='grc' dir='ltr'>νόμος·</span> <span class='ocrx_word' id='word_1_598' title='bbox 1196 1643 1303 1679; x_wconf 79' lang='grc' dir='ltr'>ἔχοντες</span> <span class='ocrx_word' id='word_1_599' title='bbox 1325 1643 1353 1669; x_wconf 75' lang='grc' dir='ltr'>δὲ</span> <span class='ocrx_word' id='word_1_600' title='bbox 1376 1642 1476 1678; x_wconf 78' lang='grc' dir='ltr'>μᾶλλον</span> <span class='ocrx_word' id='word_1_601' title='bbox 1498 1642 1579 1668; x_wconf 83' lang='grc' dir='ltr'>αὑτὸν</span> <span class='ocrx_word' id='word_1_602' title='bbox 1593 1641 1661 1677; x_wconf 77' lang='grc' dir='ltr'>ὁμοῦ</span> <span class='ocrx_word' id='word_1_603' title='bbox 1681 1642 1737 1673; x_wconf 84' lang='grc' dir='ltr'>τοῖς</span> <span class='ocrx_word' id='word_1_604' title='bbox 1761 1641 1845 1676; x_wconf 82' lang='grc' dir='ltr'>εὐαγ-</span> 
     </span>
    </p>
   </div>
   <div class='ocr_carea' id='block_1_81' title="bbox 1053 1686 1846 1725">
    <p class='ocr_par' dir='ltr' id='par_1_81' title="bbox 1053 1686 1846 1725">
     <span class='ocr_line' id='line_1_81' title="bbox 1053 1686 1846 1725; baseline -0.005 -8"><span class='ocrx_word' id='word_1_605' title='bbox 1053 1690 1173 1725; x_wconf 88' lang='grc' dir='ltr'>γελικοῖς</span> <span class='ocrx_word' id='word_1_606' title='bbox 1186 1689 1379 1724; x_wconf 73' lang='grc' dir='ltr'>παιδεύμασιν,</span> <span class='ocrx_word' id='word_1_607' title='bbox 1392 1689 1442 1715; x_wconf 75' lang='grc' dir='ltr'>οὐκ</span> <span class='ocrx_word' id='word_1_608' title='bbox 1453 1687 1571 1723; x_wconf 72' lang='grc' dir='ltr'>ἐσόμεθα</span> <span class='ocrx_word' id='word_1_609' title='bbox 1583 1687 1692 1723; x_wconf 75' lang='grc' dir='ltr'>μακρὰν</span> <span class='ocrx_word' id='word_1_610' title='bbox 1703 1686 1750 1714; x_wconf 84' lang='grc' dir='ltr'><strong>τοῦ</strong></span> <span class='ocrx_word' id='word_1_611' title='bbox 1766 1687 1846 1713; x_wconf 72' lang='grc' dir='ltr'>ἐτ’-αι-</span> 
     </span>
    </p>
   </div>
   <div class='ocr_carea' id='block_1_82' title="bbox 1054 1733 1846 1772">
    <p class='ocr_par' dir='ltr' id='par_1_82' title="bbox 1054 1733 1846 1772">
     <span class='ocr_line' id='line_1_82' title="bbox 1054 1733 1846 1772; baseline -0.005 -9"><span class='ocrx_word' id='word_1_612' title='bbox 1054 1738 1110 1763; x_wconf 87' lang='grc' dir='ltr'><strong>νείν</strong></span> <span class='ocrx_word' id='word_1_613' title='bbox 1126 1736 1253 1772; x_wconf 76' lang='grc' dir='ltr'>πρέπειν,</span> <span class='ocrx_word' id='word_1_614' title='bbox 1269 1735 1317 1762; x_wconf 75' lang='grc' dir='ltr'>καὶ</span> <span class='ocrx_word' id='word_1_615' title='bbox 1335 1734 1416 1762; x_wconf 77' lang='grc' dir='ltr'>τοῦτο</span> <span class='ocrx_word' id='word_1_616' title='bbox 1434 1734 1521 1770; x_wconf 81' lang='grc' dir='ltr'>δρῶσι</span> <span class='ocrx_word' id='word_1_617' title='bbox 1540 1733 1606 1765; x_wconf 74' lang='grc' dir='ltr'>Θεὸς</span> <span class='ocrx_word' id='word_1_618' title='bbox 1620 1734 1670 1760; x_wconf 84' lang='grc' dir='ltr'>οὐκ</span> <span class='ocrx_word' id='word_1_619' title='bbox 1683 1734 1846 1769; x_wconf 81' lang='grc' dir='ltr'>ὲπιπικραί-</span> 
     </span>
    </p>
   </div>
   <div class='ocr_carea' id='block_1_83' title="bbox 1054 1778 1846 1816">
    <p class='ocr_par' dir='ltr' id='par_1_83' title="bbox 1054 1778 1846 1816">
     <span class='ocr_line' id='line_1_83' title="bbox 1054 1778 1846 1816; baseline -0.006 -6"><span class='ocrx_word' id='word_1_620' title='bbox 1054 1791 1138 1810; x_wconf 77' lang='grc' dir='ltr'>νεται.</span> <span class='ocrx_word' id='word_1_621' title='bbox 1159 1782 1214 1809; x_wconf 77' lang='grc' dir='ltr'>Καὶ</span> <span class='ocrx_word' id='word_1_622' title='bbox 1231 1781 1297 1816; x_wconf 89' lang='grc' dir='ltr'>γοῦν</span> <span class='ocrx_word' id='word_1_623' title='bbox 1316 1781 1330 1806; x_wconf 98' lang='lat'><strong>6</strong></span> <span class='ocrx_word' id='word_1_624' title='bbox 1347 1780 1442 1816; x_wconf 80' lang='grc' dir='ltr'>Σωτήρ</span> <span class='ocrx_word' id='word_1_625' title='bbox 1463 1781 1541 1807; x_wconf 84' lang='grc' dir='ltr'>τοῦτο</span> <span class='ocrx_word' id='word_1_626' title='bbox 1559 1780 1692 1806; x_wconf 77' lang='grc' dir='ltr'>διδάσκων</span> <span class='ocrx_word' id='word_1_627' title='bbox 1706 1779 1788 1812; x_wconf 81' lang='grc' dir='ltr'>αὐτὸς</span> <span class='ocrx_word' id='word_1_628' title='bbox 1801 1778 1846 1806; x_wconf 82' lang='grc' dir='ltr'><strong>λέ-</strong></span> 
     </span>
    </p>
   </div>
   <div class='ocr_carea' id='block_1_84' title="bbox 1054 1824 1847 1864">
    <p class='ocr_par' dir='ltr' id='par_1_84' title="bbox 1054 1824 1847 1864">
     <span class='ocr_line' id='line_1_84' title="bbox 1054 1824 1847 1864; baseline -0.006 -9"><span class='ocrx_word' id='word_1_629' title='bbox 1054 1838 1097 1864; x_wconf 82' lang='grc' dir='ltr'>γει</span> <span class='ocrx_word' id='word_1_630' title='bbox 1111 1830 1188 1864; x_wconf 85' lang='grc' dir='ltr'>ήμίν,</span> <span class='ocrx_word' id='word_1_631' title='bbox 1202 1829 1244 1855; x_wconf 83' lang='grc' dir='ltr'>ὅτι</span> <span class='ocrx_word' id='word_1_632' title='bbox 1257 1837 1266 1853; x_wconf 85' lang='grc' dir='ltr'><strong>ι</strong></span> <span class='ocrx_word' id='word_1_633' title='bbox 1281 1827 1339 1858; x_wconf 82' lang='grc' dir='ltr'>Πᾶς</span> <span class='ocrx_word' id='word_1_634' title='bbox 1350 1826 1534 1862; x_wconf 76' lang='grc' dir='ltr'>Γραμματεὺς</span> <span class='ocrx_word' id='word_1_635' title='bbox 1546 1824 1727 1861; x_wconf 77' lang='grc' dir='ltr'>μαθητευθεὶς</span> <span class='ocrx_word' id='word_1_636' title='bbox 1745 1826 1778 1860; x_wconf 83' lang='grc' dir='ltr'>τῇ</span> <span class='ocrx_word' id='word_1_637' title='bbox 1798 1824 1847 1859; x_wconf 86' lang='grc' dir='ltr'><strong>βα-</strong></span> 
     </span>
    </p>
   </div>
   <div class='ocr_carea' id='block_1_85' title="bbox 1056 1871 1846 1910">
    <p class='ocr_par' dir='ltr' id='par_1_85' title="bbox 1056 1871 1846 1910">
     <span class='ocr_line' id='line_1_85' title="bbox 1056 1871 1846 1910; baseline -0.006 -8"><span class='ocrx_word' id='word_1_638' title='bbox 1056 1875 1142 1910; x_wconf 78' lang='grc' dir='ltr'>σιλεία</span> <span class='ocrx_word' id='word_1_639' title='bbox 1157 1874 1211 1901; x_wconf 83' lang='grc' dir='ltr'><strong>τῶν</strong></span> <span class='ocrx_word' id='word_1_640' title='bbox 1225 1873 1358 1909; x_wconf 83' lang='grc' dir='ltr'>οὐρανῶν,</span> <span class='ocrx_word' id='word_1_641' title='bbox 1383 1873 1475 1908; x_wconf 82' lang='grc' dir='ltr'>ὅμοιός</span> <span class='ocrx_word' id='word_1_642' title='bbox 1499 1873 1558 1898; x_wconf 77' lang='grc' dir='ltr'>ἐστι</span> <span class='ocrx_word' id='word_1_643' title='bbox 1586 1871 1722 1907; x_wconf 76' lang='grc' dir='ltr'>ἀνθρώπῳ</span> <span class='ocrx_word' id='word_1_644' title='bbox 1742 1871 1846 1898; x_wconf 75' lang='grc' dir='ltr'>οίκοδσ-</span> 
     </span>
    </p>
   </div>
   <div class='ocr_carea' id='block_1_86' title="bbox 1055 1916 1843 1957">
    <p class='ocr_par' dir='ltr' id='par_1_86' title="bbox 1055 1916 1843 1957">
     <span class='ocr_line' id='line_1_86' title="bbox 1055 1916 1843 1957; baseline -0.006 -9"><span class='ocrx_word' id='word_1_645' title='bbox 1055 1921 1154 1957; x_wconf 84' lang='grc' dir='ltr'>σπότῃ,</span> <span class='ocrx_word' id='word_1_646' title='bbox 1164 1921 1238 1952; x_wconf 78' lang='grc' dir='ltr'>ὅστις</span> <span class='ocrx_word' id='word_1_647' title='bbox 1253 1919 1380 1946; x_wconf 72' lang='grc' dir='ltr'>ἐκϐάλλει</span> <span class='ocrx_word' id='word_1_648' title='bbox 1397 1919 1428 1945; x_wconf 79' lang='grc' dir='ltr'>ὲκ</span> <span class='ocrx_word' id='word_1_649' title='bbox 1445 1918 1492 1945; x_wconf 79' lang='grc' dir='ltr'><strong>τοῦ</strong></span> <span class='ocrx_word' id='word_1_650' title='bbox 1508 1917 1647 1953; x_wconf 83' lang='grc' dir='ltr'>θησαυροῦ</span> <span class='ocrx_word' id='word_1_651' title='bbox 1661 1916 1742 1944; x_wconf 81' lang='grc' dir='ltr'>αὐτοῦ</span> <span class='ocrx_word' id='word_1_652' title='bbox 1761 1916 1843 1944; x_wconf 84' lang='grc' dir='ltr'>καινὰ</span> 
     </span>
    </p>
   </div>
   <div class='ocr_carea' id='block_1_87' title="bbox 1054 1961 1847 2000">
    <p class='ocr_par' dir='ltr' id='par_1_87' title="bbox 1054 1961 1847 2000">
     <span class='ocr_line' id='line_1_87' title="bbox 1054 1961 1847 2000; baseline -0.006 -6"><span class='ocrx_word' id='word_1_653' title='bbox 1054 1967 1100 1994; x_wconf 74' lang='grc' dir='ltr'><strong>καὶ</strong></span> <span class='ocrx_word' id='word_1_654' title='bbox 1114 1966 1226 1993; x_wconf 75' lang='grc' dir='ltr'>παλαιά.</span> <span class='ocrx_word' id='word_1_655' title='bbox 1256 1975 1266 1992; x_wconf 74' lang='grc' dir='ltr'><strong>ι</strong></span> <span class='ocrx_word' id='word_1_656' title='bbox 1290 1965 1469 1999; x_wconf 83' lang='grc' dir='ltr'>’Δνέγκλητον</span> <span class='ocrx_word' id='word_1_657' title='bbox 1491 1961 1538 1991; x_wconf 83' lang='grc' dir='ltr'>οὖν</span> <span class='ocrx_word' id='word_1_658' title='bbox 1559 1964 1590 1990; x_wconf 80' lang='grc' dir='ltr'>τὸ</span> <span class='ocrx_word' id='word_1_659' title='bbox 1607 1963 1799 2000; x_wconf 75' lang='grc' dir='ltr'>προσωρευθὲν</span> <span class='ocrx_word' id='word_1_660' title='bbox 1817 1964 1847 1989; x_wconf 75' lang='grc' dir='ltr'>ἑν</span> 
     </span>
    </p>
   </div>
   <div class='ocr_carea' id='block_1_88' title="bbox 1054 2007 1846 2048">
    <p class='ocr_par' dir='ltr' id='par_1_88' title="bbox 1054 2007 1846 2048">
     <span class='ocr_line' id='line_1_88' title="bbox 1054 2007 1846 2048; baseline -0.008 -9"><span class='ocrx_word' id='word_1_661' title='bbox 1054 2013 1120 2048; x_wconf 80' lang='grc' dir='ltr'>ήμῖν</span> <span class='ocrx_word' id='word_1_662' title='bbox 1137 2012 1223 2047; x_wconf 78' lang='grc' dir='ltr'>μάννα</span> <span class='ocrx_word' id='word_1_663' title='bbox 1245 2011 1288 2038; x_wconf 77' lang='grc' dir='ltr'><strong>διὰ</strong></span> <span class='ocrx_word' id='word_1_664' title='bbox 1308 2010 1356 2038; x_wconf 83' lang='grc' dir='ltr'><strong>τοῦ</strong></span> <span class='ocrx_word' id='word_1_665' title='bbox 1370 2011 1465 2046; x_wconf 73' lang='grc' dir='ltr'>νόμου,</span> <span class='ocrx_word' id='word_1_666' title='bbox 1481 2010 1534 2036; x_wconf 85' lang='grc' dir='ltr'>κᾶν</span> <span class='ocrx_word' id='word_1_667' title='bbox 1550 2010 1574 2036; x_wconf 85' lang='grc' dir='ltr'><strong>εί</strong></span> <span class='ocrx_word' id='word_1_668' title='bbox 1597 2010 1626 2035; x_wconf 84' lang='grc' dir='ltr'>ὲν</span> <span class='ocrx_word' id='word_1_669' title='bbox 1640 2008 1679 2044; x_wconf 82' lang='grc' dir='ltr'>τῷ</span> <span class='ocrx_word' id='word_1_670' title='bbox 1695 2007 1783 2043; x_wconf 86' lang='grc' dir='ltr'>νοητῴ</span> <span class='ocrx_word' id='word_1_671' title='bbox 1800 2017 1846 2042; x_wconf 80' lang='grc' dir='ltr'>τη-</span> 
     </span>
    </p>
   </div>
   <div class='ocr_carea' id='block_1_89' title="bbox 1057 2054 1846 2095">
    <p class='ocr_par' dir='ltr' id='par_1_89' title="bbox 1057 2054 1846 2095">
     <span class='ocr_line' id='line_1_89' title="bbox 1057 2054 1846 2095; baseline -0.004 -10"><span class='ocrx_word' id='word_1_672' title='bbox 1057 2059 1127 2095; x_wconf 86' lang='grc' dir='ltr'>ροῖτο</span> <span class='ocrx_word' id='word_1_673' title='bbox 1140 2057 1328 2092; x_wconf 77' lang='grc' dir='ltr'>σαδὸατισμῷ.</span> <span class='ocrx_word' id='word_1_674' title='bbox 1342 2056 1581 2093; x_wconf 81' lang='grc' dir='ltr'>Περιτυγχάνομεν</span> <span class='ocrx_word' id='word_1_675' title='bbox 1597 2056 1646 2091; x_wconf 80' lang='grc' dir='ltr'>μὲν</span> <span class='ocrx_word' id='word_1_676' title='bbox 1659 2054 1712 2090; x_wconf 82' lang='grc' dir='ltr'>γὰρ</span> <span class='ocrx_word' id='word_1_677' title='bbox 1725 2055 1784 2086; x_wconf 80' lang='grc' dir='ltr'>ταῖς</span> <span class='ocrx_word' id='word_1_678' title='bbox 1801 2054 1846 2082; x_wconf 79' lang='grc' dir='ltr'>διὰ</span> 
     </span>
    </p>
   </div>
   <div class='ocr_carea' id='block_1_90' title="bbox 1055 2099 1846 2138">
    <p class='ocr_par' dir='ltr' id='par_1_90' title="bbox 1055 2099 1846 2138">
     <span class='ocr_line' id='line_1_90' title="bbox 1055 2099 1846 2138; baseline -0.008 -6"><span class='ocrx_word' id='word_1_679' title='bbox 1055 2104 1178 2136; x_wconf 81' lang='grc' dir='ltr'><strong>Μωσέως</strong></span> <span class='ocrx_word' id='word_1_680' title='bbox 1204 2104 1294 2134; x_wconf 85' lang='grc' dir='ltr'>σκιαῖς</span> <span class='ocrx_word' id='word_1_681' title='bbox 1319 2103 1345 2129; x_wconf 80' lang='grc' dir='ltr'>οἱ</span> <span class='ocrx_word' id='word_1_682' title='bbox 1365 2103 1394 2129; x_wconf 74' lang='grc' dir='ltr'>ὲν</span> <span class='ocrx_word' id='word_1_683' title='bbox 1418 2101 1529 2138; x_wconf 79' lang='grc' dir='ltr'>Χριστῷ</span> <span class='ocrx_word' id='word_1_684' title='bbox 1551 2101 1771 2133; x_wconf 71' lang='grc' dir='ltr'>σαϐϐατίςοντες,</span> <span class='ocrx_word' id='word_1_685' title='bbox 1801 2099 1846 2126; x_wconf 84' lang='grc' dir='ltr'>ἶνα</span> 
     </span>
    </p>
   </div>
   <div class='ocr_carea' id='block_1_91' title="bbox 1054 2146 1846 2187">
    <p class='ocr_par' dir='ltr' id='par_1_91' title="bbox 1054 2146 1846 2187">
     <span class='ocr_line' id='line_1_91' title="bbox 1054 2146 1846 2187; baseline -0.009 -8"><span class='ocrx_word' id='word_1_686' title='bbox 1054 2152 1104 2187; x_wconf 84' lang='grc' dir='ltr'><strong>τήν</strong></span> <span class='ocrx_word' id='word_1_687' title='bbox 1119 2152 1148 2178; x_wconf 76' lang='grc' dir='ltr'>ὲν</span> <span class='ocrx_word' id='word_1_688' title='bbox 1163 2150 1259 2182; x_wconf 79' lang='grc' dir='ltr'>αὑταῖς</span> <span class='ocrx_word' id='word_1_689' title='bbox 1272 2149 1399 2185; x_wconf 81' lang='grc' dir='ltr'>ζητῶμεν</span> <span class='ocrx_word' id='word_1_690' title='bbox 1418 2148 1558 2183; x_wconf 80' lang='grc' dir='ltr'>ἀλήθειαν.</span> <span class='ocrx_word' id='word_1_691' title='bbox 1581 2147 1735 2182; x_wconf 78' lang='grc' dir='ltr'>Ἐπάρατον</span> <span class='ocrx_word' id='word_1_692' title='bbox 1750 2146 1780 2172; x_wconf 85' lang='grc' dir='ltr'>δὲ</span> <span class='ocrx_word' id='word_1_693' title='bbox 1799 2146 1846 2172; x_wconf 81' lang='grc' dir='ltr'>καὶ</span> 
     </span>
    </p>
   </div>
   <div class='ocr_carea' id='block_1_92' title="bbox 1060 2191 1846 2231">
    <p class='ocr_par' dir='ltr' id='par_1_92' title="bbox 1060 2191 1846 2231">
     <span class='ocr_line' id='line_1_92' title="bbox 1060 2191 1846 2231; baseline -0.009 -7"><span class='ocrx_word' id='word_1_694' title='bbox 1060 2197 1114 2224; x_wconf 82' lang='grc' dir='ltr'><strong>ὑπὸ</strong></span> <span class='ocrx_word' id='word_1_695' title='bbox 1133 2196 1211 2231; x_wconf 80' lang='grc' dir='ltr'>δίκην</span> <span class='ocrx_word' id='word_1_696' title='bbox 1235 2194 1318 2222; x_wconf 70' lang='grc' dir='ltr'>ὲτίθει</span> <span class='ocrx_word' id='word_1_697' title='bbox 1340 2195 1371 2221; x_wconf 82' lang='grc' dir='ltr'><strong>τδ</strong></span> <span class='ocrx_word' id='word_1_698' title='bbox 1387 2195 1415 2221; x_wconf 77' lang='grc' dir='ltr'>ὲν</span> <span class='ocrx_word' id='word_1_699' title='bbox 1432 2193 1566 2228; x_wconf 75' lang='grc' dir='ltr'><strong>Σαϐϐάτῳ</strong></span> <span class='ocrx_word' id='word_1_700' title='bbox 1581 2192 1731 2227; x_wconf 83' lang='grc' dir='ltr'>συλλέγειν,</span> <span class='ocrx_word' id='word_1_701' title='bbox 1747 2191 1846 2227; x_wconf 75' lang='grc' dir='ltr'>μᾶλλον</span> 
     </span>
    </p>
   </div>
   <div class='ocr_carea' id='block_1_93' title="bbox 1055 2237 1846 2276">
    <p class='ocr_par' dir='ltr' id='par_1_93' title="bbox 1055 2237 1846 2276">
     <span class='ocr_line' id='line_1_93' title="bbox 1055 2237 1846 2276; baseline -0.01 -5"><span class='ocrx_word' id='word_1_702' title='bbox 1055 2243 1083 2271; x_wconf 68' lang='grc' dir='ltr'>δὲ</span> <span class='ocrx_word' id='word_1_703' title='bbox 1104 2242 1135 2270; x_wconf 81' lang='grc' dir='ltr'>οὐ</span> <span class='ocrx_word' id='word_1_704' title='bbox 1155 2241 1245 2269; x_wconf 79' lang='grc' dir='ltr'>καθίει</span> <span class='ocrx_word' id='word_1_705' title='bbox 1259 2240 1289 2267; x_wconf 84' lang='grc' dir='ltr'><strong>τὺ</strong></span> <span class='ocrx_word' id='word_1_706' title='bbox 1305 2240 1393 2276; x_wconf 84' lang='grc' dir='ltr'>μάννα</span> <span class='ocrx_word' id='word_1_707' title='bbox 1409 2239 1423 2265; x_wconf 90' lang='lat'><strong>6</strong></span> <span class='ocrx_word' id='word_1_708' title='bbox 1436 2238 1512 2270; x_wconf 81' lang='grc' dir='ltr'>Θεός.</span> <span class='ocrx_word' id='word_1_709' title='bbox 1525 2237 1739 2270; x_wconf 72' lang='grc' dir='ltr'>Σαῦϐατίζοντες</span> <span class='ocrx_word' id='word_1_710' title='bbox 1752 2237 1806 2272; x_wconf 81' lang='grc' dir='ltr'>γὰρ</span> <span class='ocrx_word' id='word_1_711' title='bbox 1817 2237 1846 2263; x_wconf 72' lang='grc' dir='ltr'>ὲν</span> 
     </span>
    </p>
   </div>
   <div class='ocr_carea' id='block_1_94' title="bbox 210 2272 1001 2325">
    <p class='ocr_par' dir='ltr' id='par_1_94' title="bbox 210 2272 1001 2321">
     <span class='ocr_line' id='line_1_94' title="bbox 210 2272 1001 2321; baseline -0.005 -5"><span class='ocrx_word' id='word_1_712' title='bbox 210 2272 279 2316; x_wconf 83' lang='lat' dir='ltr'><strong>Cum</strong></span> <span class='ocrx_word' id='word_1_713' title='bbox 290 2272 368 2316; x_wconf 75' lang='lat' dir='ltr'><strong>enim</strong></span> <span class='ocrx_word' id='word_1_714' title='bbox 388 2287 417 2315; x_wconf 93' lang='lat' dir='ltr'><strong>in</strong></span> <span class='ocrx_word' id='word_1_715' title='bbox 432 2272 544 2315; x_wconf 81' lang='lat' dir='ltr'><strong>Christo</strong></span> <span class='ocrx_word' id='word_1_716' title='bbox 565 2285 728 2321; x_wconf 84' lang='lat' dir='ltr'><strong>spiritaliter</strong></span> <span class='ocrx_word' id='word_1_717' title='bbox 756 2285 907 2313; x_wconf 86' lang='lat' dir='ltr'><strong>Sabbatum</strong></span> <span class='ocrx_word' id='word_1_718' title='bbox 928 2285 1001 2313; x_wconf 88' lang='lat' dir='ltr'><strong>cele-</strong></span> 
     </span>
    </p>
   </div>
   <div class='ocr_carea' id='block_1_95' title="bbox 1052 2272 1847 2325">
    <p class='ocr_par' dir='ltr' id='par_1_95' title="bbox 1055 2272 1847 2325">
     <span class='ocr_line' id='line_1_95' title="bbox 1055 2272 1847 2325; baseline -0.009 -9"><span class='ocrx_word' id='word_1_719' title='bbox 1055 2288 1166 2325; x_wconf 82' lang='grc' dir='ltr'>Χριστῷ</span> <span class='ocrx_word' id='word_1_720' title='bbox 1180 2272 1347 2323; x_wconf 36' lang='lat' dir='ltr'><strong>meamea</strong></span> <span class='ocrx_word' id='word_1_721' title='bbox 1373 2286 1402 2312; x_wconf 76' lang='grc' dir='ltr'>ὲν</span> <span class='ocrx_word' id='word_1_722' title='bbox 1427 2285 1525 2316; x_wconf 85' lang='grc' dir='ltr'>τύποις</span> <span class='ocrx_word' id='word_1_723' title='bbox 1548 2284 1597 2320; x_wconf 70' lang='grc' dir='ltr'>μὲν</span> <span class='ocrx_word' id='word_1_724' title='bbox 1618 2284 1711 2311; x_wconf 74' lang='grc' dir='ltr'>οὐκέτι</span> <span class='ocrx_word' id='word_1_725' title='bbox 1725 2282 1847 2315; x_wconf 74' lang='grc' dir='ltr'>συλλέξο-</span> 
     </span>
    </p>
   </div>
   <div class='ocr_carea' id='block_1_96' title="bbox 211 2331 1004 2368">
    <p class='ocr_par' dir='ltr' id='par_1_96' title="bbox 211 2331 1004 2368">
     <span class='ocr_line' id='line_1_96' title="bbox 211 2331 1004 2368; baseline -0.004 -7"><span class='ocrx_word' id='word_1_726' title='bbox 211 2334 335 2366; x_wconf 85' lang='lat' dir='ltr'><strong>hremus,</strong></span> <span class='ocrx_word' id='word_1_727' title='bbox 352 2341 384 2361; x_wconf 85' lang='lat' dir='ltr'><strong>ea</strong></span> <span class='ocrx_word' id='word_1_728' title='bbox 402 2340 464 2368; x_wconf 67' lang='lat' dir='ltr'><strong>quae</strong></span> <span class='ocrx_word' id='word_1_729' title='bbox 480 2332 508 2360; x_wconf 88' lang='lat' dir='ltr'><strong>in</strong></span> <span class='ocrx_word' id='word_1_730' title='bbox 521 2332 616 2368; x_wconf 74' lang='lat' dir='ltr'><strong>figuris</strong></span> <span class='ocrx_word' id='word_1_731' title='bbox 625 2336 700 2364; x_wconf 91' lang='lat' dir='ltr'><strong>sunt,</strong></span> <span class='ocrx_word' id='word_1_732' title='bbox 712 2339 769 2359; x_wconf 88' lang='lat' dir='ltr'><strong>non</strong></span> <span class='ocrx_word' id='word_1_733' title='bbox 789 2331 910 2366; x_wconf 80' lang='lat' dir='ltr'><strong>amplius</strong></span> <span class='ocrx_word' id='word_1_734' title='bbox 924 2331 1004 2359; x_wconf 91' lang='lat' dir='ltr'><strong>colli-</strong></span> 
     </span>
    </p>
   </div>
   <div class='ocr_carea' id='block_1_97' title="bbox 212 2377 1006 2415">
    <p class='ocr_par' dir='ltr' id='par_1_97' title="bbox 212 2377 1006 2415">
     <span class='ocr_line' id='line_1_97' title="bbox 212 2377 1006 2415; baseline -0.003 -9"><span class='ocrx_word' id='word_1_735' title='bbox 212 2387 318 2415; x_wconf 71' lang='lat' dir='ltr'><strong>gemus.</strong></span> <span class='ocrx_word' id='word_1_736' title='bbox 332 2378 426 2414; x_wconf 84' lang='lat' dir='ltr'><strong>Neque</strong></span> <span class='ocrx_word' id='word_1_737' title='bbox 450 2377 524 2406; x_wconf 87' lang='lat' dir='ltr'><strong>enim</strong></span> <span class='ocrx_word' id='word_1_738' title='bbox 553 2377 692 2405; x_wconf 83' lang='lat' dir='ltr'><strong>carnalem</strong></span> <span class='ocrx_word' id='word_1_739' title='bbox 714 2377 870 2405; x_wconf 85' lang='lat' dir='ltr'><strong>subihimus</strong></span> <span class='ocrx_word' id='word_1_740' title='bbox 888 2378 1006 2405; x_wconf 89' lang='lat' dir='ltr'><strong>cireum-</strong></span> 
     </span>
    </p>
   </div>
   <div class='ocr_carea' id='block_1_98' title="bbox 213 2422 1004 2458">
    <p class='ocr_par' dir='ltr' id='par_1_98' title="bbox 213 2422 1004 2458">
     <span class='ocr_line' id='line_1_98' title="bbox 213 2422 1004 2458; baseline -0.003 -6"><span class='ocrx_word' id='word_1_741' title='bbox 213 2425 357 2456; x_wconf 82' lang='lat' dir='ltr'><strong>cisionem,</strong></span> <span class='ocrx_word' id='word_1_742' title='bbox 386 2431 478 2458; x_wconf 87' lang='lat' dir='ltr'><strong>neque</strong></span> <span class='ocrx_word' id='word_1_743' title='bbox 497 2431 563 2451; x_wconf 84' lang='lat' dir='ltr'><strong>oves</strong></span> <span class='ocrx_word' id='word_1_744' title='bbox 595 2427 643 2451; x_wconf 88' lang='lat' dir='ltr'><strong>aut</strong></span> <span class='ocrx_word' id='word_1_745' title='bbox 673 2423 757 2451; x_wconf 84' lang='lat' dir='ltr'><strong>boves</strong></span> <span class='ocrx_word' id='word_1_746' title='bbox 776 2422 1004 2455; x_wconf 76' lang='lat' dir='ltr'><strong>sacriﬁeabimus,</strong></span> 
     </span>
    </p>
   </div>
   <div class='ocr_carea' id='block_1_99' title="bbox 213 2469 1005 2508">
    <p class='ocr_par' dir='ltr' id='par_1_99' title="bbox 213 2469 1005 2508">
     <span class='ocr_line' id='line_1_99' title="bbox 213 2469 1005 2508; baseline -0.003 -10"><span class='ocrx_word' id='word_1_747' title='bbox 213 2470 263 2498; x_wconf 84' lang='lat' dir='ltr'><strong>sed</strong></span> <span class='ocrx_word' id='word_1_748' title='bbox 273 2470 366 2508; x_wconf 85' lang='lat' dir='ltr'><strong>potius</strong></span> <span class='ocrx_word' id='word_1_749' title='bbox 383 2469 538 2505; x_wconf 83' lang='lat' dir='ltr'><strong>rejiciemus</strong></span> <span class='ocrx_word' id='word_1_750' title='bbox 551 2474 677 2505; x_wconf 82' lang='lat' dir='ltr'><strong>typorum</strong></span> <span class='ocrx_word' id='word_1_751' title='bbox 695 2469 918 2502; x_wconf 87' lang='lat' dir='ltr'><strong>crassitudinem,</strong></span> <span class='ocrx_word' id='word_1_752' title='bbox 941 2476 1005 2497; x_wconf 89' lang='lat' dir='ltr'><strong>cum</strong></span> 
     </span>
    </p>
   </div>
   <div class='ocr_carea' id='block_1_100' title="bbox 213 2515 919 2553">
    <p class='ocr_par' dir='ltr' id='par_1_100' title="bbox 213 2515 919 2553">
     <span class='ocr_line' id='line_1_100' title="bbox 213 2515 919 2553; baseline -0.003 -8"><span class='ocrx_word' id='word_1_753' title='bbox 213 2517 298 2553; x_wconf 81' lang='lat' dir='ltr'><strong>ipsam</strong></span> <span class='ocrx_word' id='word_1_754' title='bbox 310 2516 461 2545; x_wconf 85' lang='lat' dir='ltr'><strong>habeamus</strong></span> <span class='ocrx_word' id='word_1_755' title='bbox 478 2516 633 2549; x_wconf 81' lang='lat' dir='ltr'><strong>veritatem,</strong></span> <span class='ocrx_word' id='word_1_756' title='bbox 649 2515 702 2544; x_wconf 85' lang='lat' dir='ltr'><strong>hoc</strong></span> <span class='ocrx_word' id='word_1_757' title='bbox 711 2520 753 2544; x_wconf 90' lang='lat' dir='ltr'><strong>est</strong></span> <span class='ocrx_word' id='word_1_758' title='bbox 768 2515 919 2544; x_wconf 86' lang='lat' dir='ltr'><strong>Christum.</strong></span> 
     </span>
    </p>
   </div>
   <div class='ocr_carea' id='block_1_101' title="bbox 247 2561 1001 2598">
    <p class='ocr_par' dir='ltr' id='par_1_101' title="bbox 247 2561 1001 2598">
     <span class='ocr_line' id='line_1_101' title="bbox 247 2561 1001 2598; baseline -0.003 -8"><span class='ocrx_word' id='word_1_759' title='bbox 247 2564 274 2590; x_wconf 77' lang='grc'><strong>4.</strong></span> <span class='ocrx_word' id='word_1_760' title='bbox 288 2562 423 2598; x_wconf 83' lang='lat' dir='ltr'><strong>Copiosus</strong></span> <span class='ocrx_word' id='word_1_761' title='bbox 437 2562 521 2598; x_wconf 77' lang='lat' dir='ltr'><strong>igitur</strong></span> <span class='ocrx_word' id='word_1_762' title='bbox 537 2562 602 2590; x_wconf 86' lang='lat' dir='ltr'><strong>satis</strong></span> <span class='ocrx_word' id='word_1_763' title='bbox 620 2570 652 2589; x_wconf 90' lang='lat' dir='ltr'><strong>ac</strong></span> <span class='ocrx_word' id='word_1_764' title='bbox 671 2561 844 2594; x_wconf 80' lang='lat' dir='ltr'><strong>manifestus,</strong></span> <span class='ocrx_word' id='word_1_765' title='bbox 869 2567 900 2589; x_wconf 89' lang='lat' dir='ltr'><strong>ut</strong></span> <span class='ocrx_word' id='word_1_766' title='bbox 925 2561 1001 2588; x_wconf 81' lang='lat' dir='ltr'><strong>arbi-</strong></span> 
     </span>
    </p>
   </div>
   <div class='ocr_carea' id='block_1_102' title="bbox 213 2606 1003 2641">
    <p class='ocr_par' dir='ltr' id='par_1_102' title="bbox 213 2606 1003 2641">
     <span class='ocr_line' id='line_1_102' title="bbox 213 2606 1003 2641; baseline -0.003 -5"><span class='ocrx_word' id='word_1_767' title='bbox 213 2613 281 2641; x_wconf 89' lang='lat' dir='ltr'><strong>tror,</strong></span> <span class='ocrx_word' id='word_1_768' title='bbox 293 2615 384 2636; x_wconf 85' lang='lat' dir='ltr'><strong>sermo</strong></span> <span class='ocrx_word' id='word_1_769' title='bbox 399 2607 434 2635; x_wconf 84' lang='lat' dir='ltr'><strong>de</strong></span> <span class='ocrx_word' id='word_1_770' title='bbox 461 2607 504 2635; x_wconf 86' lang='lat' dir='ltr'><strong>his</strong></span> <span class='ocrx_word' id='word_1_771' title='bbox 523 2607 634 2635; x_wconf 84' lang='lat' dir='ltr'><strong>habitus</strong></span> <span class='ocrx_word' id='word_1_772' title='bbox 657 2610 709 2634; x_wconf 86' lang='lat' dir='ltr'><strong>est.</strong></span> <span class='ocrx_word' id='word_1_773' title='bbox 725 2606 860 2634; x_wconf 64' lang='lat' dir='ltr'><strong>Caeterum</strong></span> <span class='ocrx_word' id='word_1_774' title='bbox 888 2614 951 2634; x_wconf 83' lang='lat' dir='ltr'><strong>cum</strong></span> <span class='ocrx_word' id='word_1_775' title='bbox 975 2606 1003 2634; x_wconf 90' lang='lat' dir='ltr'><strong>in</strong></span> 
     </span>
    </p>
   </div>
   <div class='ocr_carea' id='block_1_103' title="bbox 214 2653 1003 2689">
    <p class='ocr_par' dir='ltr' id='par_1_103' title="bbox 214 2653 1003 2689">
     <span class='ocr_line' id='line_1_103' title="bbox 214 2653 1003 2689; baseline -0.003 -7"><span class='ocrx_word' id='word_1_776' title='bbox 214 2655 296 2687; x_wconf 85' lang='lat' dir='ltr'><strong>libro,</strong></span> <span class='ocrx_word' id='word_1_777' title='bbox 315 2654 359 2681; x_wconf 90' lang='lat' dir='ltr'><strong>cui</strong></span> <span class='ocrx_word' id='word_1_778' title='bbox 369 2653 466 2681; x_wconf 86' lang='lat' dir='ltr'><strong>titulus</strong></span> <span class='ocrx_word' id='word_1_779' title='bbox 484 2658 527 2683; x_wconf 85' lang='lat' dir='ltr'><strong>est</strong></span> <span class='ocrx_word' id='word_1_780' title='bbox 553 2653 677 2686; x_wconf 81' lang='lat' dir='ltr'><strong>N‘umeri,</strong></span> <span class='ocrx_word' id='word_1_781' title='bbox 700 2653 890 2681; x_wconf 89' lang='lat' dir='ltr'><strong>invenerimus</strong></span> <span class='ocrx_word' id='word_1_782' title='bbox 911 2657 1003 2689; x_wconf 87' lang='lat' dir='ltr'><strong>caput,</strong></span> 
     </span>
    </p>
   </div>
   <div class='ocr_carea' id='block_1_104' title="bbox 214 2698 1004 2736">
    <p class='ocr_par' dir='ltr' id='par_1_104' title="bbox 214 2698 1004 2736">
     <span class='ocr_line' id='line_1_104' title="bbox 214 2698 1004 2736; baseline -0.001 -9"><span class='ocrx_word' id='word_1_783' title='bbox 214 2700 286 2736; x_wconf 81' lang='lat' dir='ltr'><strong>quod</strong></span> <span class='ocrx_word' id='word_1_784' title='bbox 313 2704 341 2727; x_wconf 91' lang='lat' dir='ltr'><strong>et</strong></span> <span class='ocrx_word' id='word_1_785' title='bbox 357 2699 425 2727; x_wconf 88' lang='lat' dir='ltr'><strong>alias</strong></span> <span class='ocrx_word' id='word_1_786' title='bbox 448 2699 637 2726; x_wconf 85' lang='lat' dir='ltr'><strong>narrationum</strong></span> <span class='ocrx_word' id='word_1_787' title='bbox 664 2698 830 2734; x_wconf 85' lang='lat' dir='ltr'><strong>appendices</strong></span> <span class='ocrx_word' id='word_1_788' title='bbox 863 2699 1004 2734; x_wconf 79' lang='lat' dir='ltr'><strong>continet,</strong></span> 
     </span>
    </p>
   </div>
   <div class='ocr_carea' id='block_1_105' title="bbox 215 2744 1005 2780">
    <p class='ocr_par' dir='ltr' id='par_1_105' title="bbox 215 2744 1005 2780">
     <span class='ocr_line' id='line_1_105' title="bbox 215 2744 1005 2780; baseline 0.001 -9"><span class='ocrx_word' id='word_1_789' title='bbox 215 2745 400 2772; x_wconf 66' lang='lat' dir='ltr'><strong>necessarium</strong></span> <span class='ocrx_word' id='word_1_790' title='bbox 429 2745 486 2772; x_wconf 83' lang='lat' dir='ltr'><strong>fore</strong></span> <span class='ocrx_word' id='word_1_791' title='bbox 508 2745 601 2780; x_wconf 83' lang='lat' dir='ltr'><strong>putavi</strong></span> <span class='ocrx_word' id='word_1_792' title='bbox 624 2752 679 2772; x_wconf 89' lang='lat' dir='ltr'><strong>non</strong></span> <span class='ocrx_word' id='word_1_793' title='bbox 707 2744 859 2772; x_wconf 86' lang='lat' dir='ltr'><strong>indiscussa</strong></span> <span class='ocrx_word' id='word_1_794' title='bbox 878 2745 1005 2772; x_wconf 88' lang='lat' dir='ltr'><strong>omittere</strong></span> 
     </span>
    </p>
   </div>
   <div class='ocr_carea' id='block_1_106' title="bbox 214 2788 1003 2825">
    <p class='ocr_par' dir='ltr' id='par_1_106' title="bbox 214 2788 1003 2825">
     <span class='ocr_line' id='line_1_106' title="bbox 214 2788 1003 2825; baseline 0.003 -10"><span class='ocrx_word' id='word_1_795' title='bbox 214 2788 259 2816; x_wconf 87' lang='lat' dir='ltr'><strong>illa</strong></span> <span class='ocrx_word' id='word_1_796' title='bbox 274 2789 370 2823; x_wconf 74' lang='lat' dir='ltr'><strong>quzcin</strong></span> <span class='ocrx_word' id='word_1_797' title='bbox 387 2789 439 2816; x_wconf 84' lang='lat' dir='ltr'><strong>hoc</strong></span> <span class='ocrx_word' id='word_1_798' title='bbox 458 2789 543 2816; x_wconf 77' lang='lat' dir='ltr'><strong>Exodi</strong></span> <span class='ocrx_word' id='word_1_799' title='bbox 561 2788 632 2816; x_wconf 88' lang='lat' dir='ltr'><strong>libro</strong></span> <span class='ocrx_word' id='word_1_800' title='bbox 643 2789 753 2817; x_wconf 74' lang='lat' dir='ltr'><strong>silentio</strong></span> <span class='ocrx_word' id='word_1_801' title='bbox 766 2794 832 2818; x_wconf 90' lang='lat' dir='ltr'><strong>sunt</strong></span> <span class='ocrx_word' id='word_1_802' title='bbox 855 2790 1003 2825; x_wconf 61' lang='lat' dir='ltr'><strong>praeterita.</strong></span> 
     </span>
    </p>
   </div>
   <div class='ocr_carea' id='block_1_107' title="bbox 215 2835 1006 2871">
    <p class='ocr_par' dir='ltr' id='par_1_107' title="bbox 215 2835 1006 2871">
     <span class='ocr_line' id='line_1_107' title="bbox 215 2835 1006 2871; baseline 0.001 -9"><span class='ocrx_word' id='word_1_803' title='bbox 215 2835 356 2870; x_wconf 84' lang='lat' dir='ltr'><strong>Siquidem</strong></span> <span class='ocrx_word' id='word_1_804' title='bbox 387 2836 539 2864; x_wconf 72' lang='lat' dir='ltr'><strong>lectoribus</strong></span> <span class='ocrx_word' id='word_1_805' title='bbox 565 2836 603 2863; x_wconf 85' lang='lat' dir='ltr'><strong>ita</strong></span> <span class='ocrx_word' id='word_1_806' title='bbox 632 2836 723 2871; x_wconf 81' lang='lat' dir='ltr'><strong>majus</strong></span> <span class='ocrx_word' id='word_1_807' title='bbox 754 2844 930 2864; x_wconf 78' lang='lat' dir='ltr'><strong>accessurum</strong></span> <span class='ocrx_word' id='word_1_808' title='bbox 962 2841 1006 2864; x_wconf 72' lang='lat' dir='ltr'><strong>est</strong></span> 
     </span>
    </p>
   </div>
   <div class='ocr_carea' id='block_1_108' title="bbox 1054 2327 1847 2370">
    <p class='ocr_par' dir='ltr' id='par_1_108' title="bbox 1054 2327 1847 2370">
     <span class='ocr_line' id='line_1_108' title="bbox 1054 2327 1847 2370; baseline -0.009 -9"><span class='ocrx_word' id='word_1_809' title='bbox 1054 2343 1113 2370; x_wconf 84' lang='grc' dir='ltr'>μεν.</span> <span class='ocrx_word' id='word_1_810' title='bbox 1130 2333 1169 2361; x_wconf 83' lang='grc' dir='ltr'><strong>Οὐ</strong></span> <span class='ocrx_word' id='word_1_811' title='bbox 1187 2333 1243 2369; x_wconf 86' lang='grc' dir='ltr'>γὰρ</span> <span class='ocrx_word' id='word_1_812' title='bbox 1266 2332 1403 2368; x_wconf 80' lang='grc' dir='ltr'>σαρκικῆς</span> <span class='ocrx_word' id='word_1_813' title='bbox 1421 2330 1593 2366; x_wconf 75' lang='grc' dir='ltr'>ἀνθεξόμεθα</span> <span class='ocrx_word' id='word_1_814' title='bbox 1613 2329 1774 2365; x_wconf 83' lang='grc' dir='ltr'>περιτομῆς,</span> <span class='ocrx_word' id='word_1_815' title='bbox 1785 2327 1847 2355; x_wconf 68' lang='grc' dir='ltr'>οὐδὲ</span> 
     </span>
    </p>
   </div>
   <div class='ocr_carea' id='block_1_109' title="bbox 1053 2374 1848 2416">
    <p class='ocr_par' dir='ltr' id='par_1_109' title="bbox 1053 2374 1848 2416">
     <span class='ocr_line' id='line_1_109' title="bbox 1053 2374 1848 2416; baseline -0.009 -8"><span class='ocrx_word' id='word_1_816' title='bbox 1053 2381 1118 2416; x_wconf 81' lang='grc' dir='ltr'>βόας</span> <span class='ocrx_word' id='word_1_817' title='bbox 1132 2380 1148 2415; x_wconf 79' lang='grc' dir='ltr'>ἢ</span> <span class='ocrx_word' id='word_1_818' title='bbox 1165 2378 1290 2415; x_wconf 77' lang='grc' dir='ltr'>πρόϐατα</span> <span class='ocrx_word' id='word_1_819' title='bbox 1309 2377 1511 2413; x_wconf 79' lang='grc' dir='ltr'>καταθύσομεν,</span> <span class='ocrx_word' id='word_1_820' title='bbox 1534 2376 1722 2412; x_wconf 78' lang='grc' dir='ltr'>παρωσόμεθα</span> <span class='ocrx_word' id='word_1_821' title='bbox 1734 2374 1848 2410; x_wconf 72' lang='grc' dir='ltr'>δὲ’μᾶλ-</span> 
     </span>
    </p>
   </div>
   <div class='ocr_carea' id='block_1_110' title="bbox 1052 2420 1848 2460">
    <p class='ocr_par' dir='ltr' id='par_1_110' title="bbox 1052 2420 1848 2460">
     <span class='ocr_line' id='line_1_110' title="bbox 1052 2420 1848 2460; baseline -0.009 -7"><span class='ocrx_word' id='word_1_822' title='bbox 1052 2427 1097 2453; x_wconf 80' lang='grc' dir='ltr'><strong>λον</strong></span> <span class='ocrx_word' id='word_1_823' title='bbox 1113 2426 1143 2452; x_wconf 76' lang='grc' dir='ltr'>τὸ</span> <span class='ocrx_word' id='word_1_824' title='bbox 1155 2426 1228 2460; x_wconf 83' lang='grc' dir='ltr'>παχὺ</span> <span class='ocrx_word' id='word_1_825' title='bbox 1237 2424 1293 2451; x_wconf 84' lang='grc' dir='ltr'><strong>τῶν</strong></span> <span class='ocrx_word' id='word_1_826' title='bbox 1299 2424 1406 2457; x_wconf 83' lang='grc' dir='ltr'>τύπων,</span> <span class='ocrx_word' id='word_1_827' title='bbox 1423 2423 1510 2459; x_wconf 81' lang='grc' dir='ltr'>αὐτὴν</span> <span class='ocrx_word' id='word_1_828' title='bbox 1524 2422 1632 2458; x_wconf 73' lang='grc' dir='ltr'>ἔχοντες</span> <span class='ocrx_word' id='word_1_829' title='bbox 1643 2422 1692 2457; x_wconf 82' lang='grc' dir='ltr'>τὴν</span> <span class='ocrx_word' id='word_1_830' title='bbox 1707 2420 1848 2456; x_wconf 76' lang='grc' dir='ltr'>ἀλήθειαν,</span> 
     </span>
    </p>
   </div>
   <div class='ocr_carea' id='block_1_111' title="bbox 1052 2470 1318 2506">
    <p class='ocr_par' dir='ltr' id='par_1_111' title="bbox 1052 2470 1318 2506">
     <span class='ocr_line' id='line_1_111' title="bbox 1052 2470 1318 2506; baseline -0.008 -8"><span class='ocrx_word' id='word_1_831' title='bbox 1052 2471 1175 2498; x_wconf 80' lang='grc' dir='ltr'>τουτέστι</span> <span class='ocrx_word' id='word_1_832' title='bbox 1190 2470 1318 2506; x_wconf 85' lang='grc' dir='ltr'>Χριστόν.</span> 
     </span>
    </p>
   </div>
   <div class='ocr_carea' id='block_1_112' title="bbox 1090 2509 1850 2551">
    <p class='ocr_par' dir='ltr' id='par_1_112' title="bbox 1090 2509 1850 2551">
     <span class='ocr_line' id='line_1_112' title="bbox 1090 2509 1850 2551; baseline -0.008 -8"><span class='ocrx_word' id='word_1_833' title='bbox 1090 2517 1120 2544; x_wconf 85' lang='grc' dir='ltr'><strong>δ’.</strong></span> <span class='ocrx_word' id='word_1_834' title='bbox 1143 2515 1283 2551; x_wconf 81' lang='grc' dir='ltr'>’Δποχρῶν</span> <span class='ocrx_word' id='word_1_835' title='bbox 1295 2515 1343 2551; x_wconf 62' lang='grc' dir='ltr'>μὲν</span> <span class='ocrx_word' id='word_1_836' title='bbox 1360 2512 1417 2549; x_wconf 81' lang='grc' dir='ltr'>οὖν,</span> <span class='ocrx_word' id='word_1_837' title='bbox 1432 2513 1558 2549; x_wconf 81' lang='grc' dir='ltr'>καθάπερ</span> <span class='ocrx_word' id='word_1_838' title='bbox 1573 2509 1691 2548; x_wconf 65' lang='grc' dir='ltr'>ἐγῷμαι,</span> <span class='ocrx_word' id='word_1_839' title='bbox 1701 2512 1750 2539; x_wconf 79' lang='grc' dir='ltr'>καὶ</span> <span class='ocrx_word' id='word_1_840' title='bbox 1759 2511 1850 2547; x_wconf 78' lang='grc' dir='ltr'>σαφής</span> 
     </span>
    </p>
   </div>
   <div class='ocr_carea' id='block_1_113' title="bbox 1055 2559 1848 2598">
    <p class='ocr_par' dir='ltr' id='par_1_113' title="bbox 1055 2559 1848 2598">
     <span class='ocr_line' id='line_1_113' title="bbox 1055 2559 1848 2598; baseline -0.009 -8"><span class='ocrx_word' id='word_1_841' title='bbox 1055 2563 1084 2590; x_wconf 73' lang='grc' dir='ltr'>ἐν</span> <span class='ocrx_word' id='word_1_842' title='bbox 1099 2572 1131 2597; x_wconf 74' lang='grc' dir='ltr'><strong>γε</strong></span> <span class='ocrx_word' id='word_1_843' title='bbox 1140 2564 1195 2595; x_wconf 79' lang='grc' dir='ltr'>τοῖς</span> <span class='ocrx_word' id='word_1_844' title='bbox 1208 2561 1399 2598; x_wconf 68' lang='grc' dir='ltr'>προκειμένοις</span> <span class='ocrx_word' id='word_1_845' title='bbox 1408 2563 1475 2597; x_wconf 81' lang='grc' dir='ltr'>ἡμῖν</span> <span class='ocrx_word' id='word_1_846' title='bbox 1488 2560 1634 2595; x_wconf 72' lang='grc' dir='ltr'>πεποίηται</span> <span class='ocrx_word' id='word_1_847' title='bbox 1648 2559 1736 2593; x_wconf 82' lang='grc' dir='ltr'>λόγος.</span> <span class='ocrx_word' id='word_1_848' title='bbox 1757 2559 1848 2586; x_wconf 62' lang='grc' dir='ltr'>Ἐπειη</span> 
     </span>
    </p>
   </div>
   <div class='ocr_carea' id='block_1_114' title="bbox 1056 2604 1845 2645">
    <p class='ocr_par' dir='ltr' id='par_1_114' title="bbox 1056 2604 1845 2645">
     <span class='ocr_line' id='line_1_114' title="bbox 1056 2604 1845 2645; baseline -0.006 -9"><span class='ocrx_word' id='word_1_849' title='bbox 1056 2610 1088 2645; x_wconf 82' lang='grc' dir='ltr'>δὴ</span> <span class='ocrx_word' id='word_1_850' title='bbox 1103 2609 1131 2636; x_wconf 75' lang='grc' dir='ltr'>δέ</span> <span class='ocrx_word' id='word_1_851' title='bbox 1146 2618 1199 2644; x_wconf 86' lang='grc' dir='ltr'><strong>περ</strong></span> <span class='ocrx_word' id='word_1_852' title='bbox 1216 2609 1245 2636; x_wconf 71' lang='grc' dir='ltr'>ιν</span> <span class='ocrx_word' id='word_1_853' title='bbox 1266 2608 1361 2644; x_wconf 73' lang='grc' dir='ltr'>βιϐλίῳ</span> <span class='ocrx_word' id='word_1_854' title='bbox 1376 2607 1415 2644; x_wconf 84' lang='grc' dir='ltr'>τῷ</span> <span class='ocrx_word' id='word_1_855' title='bbox 1431 2606 1546 2643; x_wconf 68' lang='grc' dir='ltr'>ὰπίκλην</span> <span class='ocrx_word' id='word_1_856' title='bbox 1559 2606 1709 2642; x_wconf 69' lang='grc' dir='ltr'>Ἀριθμοῖῇ</span> <span class='ocrx_word' id='word_1_857' title='bbox 1723 2605 1770 2633; x_wconf 79' lang='grc' dir='ltr'>καὶ</span> <span class='ocrx_word' id='word_1_858' title='bbox 1785 2604 1845 2632; x_wconf 65' lang='grc' dir='ltr'><strong>ἐτέ-</strong></span> 
     </span>
    </p>
   </div>
   <div class='ocr_carea' id='block_1_115' title="bbox 1056 2651 1846 2689">
    <p class='ocr_par' dir='ltr' id='par_1_115' title="bbox 1056 2651 1846 2689">
     <span class='ocr_line' id='line_1_115' title="bbox 1056 2651 1846 2689; baseline -0.006 -8"><span class='ocrx_word' id='word_1_859' title='bbox 1056 2662 1115 2688; x_wconf 87' lang='grc' dir='ltr'>ραις</span> <span class='ocrx_word' id='word_1_860' title='bbox 1131 2653 1160 2680; x_wconf 76' lang='grc' dir='ltr'>δὲ</span> <span class='ocrx_word' id='word_1_861' title='bbox 1171 2653 1348 2689; x_wconf 81' lang='grc' dir='ltr'>διηγημάτων</span> <span class='ocrx_word' id='word_1_862' title='bbox 1369 2653 1538 2689; x_wconf 79' lang='grc' dir='ltr'>προσθήκαις</span> <span class='ocrx_word' id='word_1_863' title='bbox 1558 2651 1665 2687; x_wconf 72' lang='grc' dir='ltr'>ἔχοντες</span> <span class='ocrx_word' id='word_1_864' title='bbox 1683 2651 1846 2687; x_wconf 72' lang='grc' dir='ltr'>εὑρίσκομεν</span> 
     </span>
    </p>
   </div>
   <div class='ocr_carea' id='block_1_116' title="bbox 1053 2696 1848 2734">
    <p class='ocr_par' dir='ltr' id='par_1_116' title="bbox 1053 2696 1848 2734">
     <span class='ocr_line' id='line_1_116' title="bbox 1053 2696 1848 2734; baseline -0.005 -8"><span class='ocrx_word' id='word_1_865' title='bbox 1053 2699 1084 2726; x_wconf 78' lang='grc' dir='ltr'>τὸ</span> <span class='ocrx_word' id='word_1_866' title='bbox 1109 2699 1268 2734; x_wconf 78' lang='grc' dir='ltr'>κεφάλαιον,</span> <span class='ocrx_word' id='word_1_867' title='bbox 1295 2699 1348 2726; x_wconf 82' lang='grc' dir='ltr'>δεῖν</span> <span class='ocrx_word' id='word_1_868' title='bbox 1364 2698 1458 2734; x_wconf 80' lang='grc' dir='ltr'>ᾠήθην</span> <span class='ocrx_word' id='word_1_869' title='bbox 1483 2698 1652 2732; x_wconf 78' lang='grc' dir='ltr'>ἀναγκαίως,</span> <span class='ocrx_word' id='word_1_870' title='bbox 1675 2697 1725 2724; x_wconf 79' lang='grc' dir='ltr'>οὐκ</span> <span class='ocrx_word' id='word_1_871' title='bbox 1742 2696 1848 2724; x_wconf 76' lang='grc' dir='ltr'>ἀϐασά-</span> 
     </span>
    </p>
   </div>
   <div class='ocr_carea' id='block_1_117' title="bbox 1054 2742 1848 2781">
    <p class='ocr_par' dir='ltr' id='par_1_117' title="bbox 1054 2742 1848 2781">
     <span class='ocr_line' id='line_1_117' title="bbox 1054 2742 1848 2781; baseline -0.005 -9"><span class='ocrx_word' id='word_1_872' title='bbox 1054 2754 1132 2772; x_wconf 84' lang='grc' dir='ltr'>νιστα</span> <span class='ocrx_word' id='word_1_873' title='bbox 1147 2745 1292 2781; x_wconf 78' lang='grc' dir='ltr'>παρελθεῖν</span> <span class='ocrx_word' id='word_1_874' title='bbox 1315 2745 1349 2772; x_wconf 82' lang='grc' dir='ltr'>τὰ</span> <span class='ocrx_word' id='word_1_875' title='bbox 1373 2746 1401 2772; x_wconf 72' lang='grc' dir='ltr'>ἰν</span> <span class='ocrx_word' id='word_1_876' title='bbox 1418 2746 1452 2780; x_wconf 82' lang='grc' dir='ltr'>τῇ</span> <span class='ocrx_word' id='word_1_877' title='bbox 1474 2744 1572 2779; x_wconf 73' lang='grc' dir='ltr'>Ἐξόδῳ</span> <span class='ocrx_word' id='word_1_878' title='bbox 1598 2743 1775 2778; x_wconf 76' lang='grc' dir='ltr'>σεσιγημένα.</span> <span class='ocrx_word' id='word_1_879' title='bbox 1797 2742 1848 2777; x_wconf 80' lang='grc' dir='ltr'>Ειη</span> 
     </span>
    </p>
   </div>
   <div class='ocr_carea' id='block_1_118' title="bbox 1054 2787 1848 2827">
    <p class='ocr_par' dir='ltr' id='par_1_118' title="bbox 1054 2787 1848 2827">
     <span class='ocr_line' id='line_1_118' title="bbox 1054 2787 1848 2827; baseline -0.006 -9"><span class='ocrx_word' id='word_1_880' title='bbox 1054 2792 1108 2827; x_wconf 73' lang='grc' dir='ltr'><strong>γὰρ</strong></span> <span class='ocrx_word' id='word_1_881' title='bbox 1122 2791 1154 2818; x_wconf 85' lang='grc' dir='ltr'><strong>ἃν</strong></span> <span class='ocrx_word' id='word_1_882' title='bbox 1170 2791 1218 2817; x_wconf 79' lang='grc' dir='ltr'><strong>ὡδὶ</strong></span> <span class='ocrx_word' id='word_1_883' title='bbox 1240 2792 1296 2822; x_wconf 77' lang='grc' dir='ltr'>τοῖς</span> <span class='ocrx_word' id='word_1_884' title='bbox 1315 2790 1516 2825; x_wconf 78' lang='grc' dir='ltr'>ἐντευξομένοις</span> <span class='ocrx_word' id='word_1_885' title='bbox 1536 2787 1762 2825; x_wconf 65' lang='grc' dir='ltr'>ἀμφιλαφεστέρα</span> <span class='ocrx_word' id='word_1_886' title='bbox 1780 2787 1848 2822; x_wconf 78' lang='grc' dir='ltr'>μᾶλ-</span> 
     </span>
    </p>
   </div>
   <div class='ocr_carea' id='block_1_119' title="bbox 1054 2833 1885 2872">
    <p class='ocr_par' dir='ltr' id='par_1_119' title="bbox 1054 2833 1885 2872">
     <span class='ocr_line' id='line_1_119' title="bbox 1054 2833 1885 2872; baseline -0.006 -8"><span class='ocrx_word' id='word_1_887' title='bbox 1054 2837 1099 2864; x_wconf 84' lang='grc' dir='ltr'><strong>λον</strong></span> <span class='ocrx_word' id='word_1_888' title='bbox 1119 2839 1134 2872; x_wconf 89' lang='grc' dir='ltr'><strong>ή</strong></span> <span class='ocrx_word' id='word_1_889' title='bbox 1159 2837 1260 2872; x_wconf 81' lang='grc' dir='ltr'>νόησις.</span> <span class='ocrx_word' id='word_1_890' title='bbox 1275 2837 1431 2872; x_wconf 75' lang='grc' dir='ltr'>Γέγραπται</span> <span class='ocrx_word' id='word_1_891' title='bbox 1448 2836 1553 2864; x_wconf 78' lang='grc' dir='ltr'>τοίνυν·</span> <span class='ocrx_word' id='word_1_892' title='bbox 1575 2845 1585 2862; x_wconf 83' lang='grc' dir='ltr'><strong>ι</strong></span> <span class='ocrx_word' id='word_1_893' title='bbox 1603 2836 1664 2862; x_wconf 86' lang='grc' dir='ltr'>’Ὁτι</span> <span class='ocrx_word' id='word_1_894' title='bbox 1689 2834 1736 2862; x_wconf 82' lang='grc' dir='ltr'>καὶ</span> <span class='ocrx_word' id='word_1_895' title='bbox 1755 2834 1770 2861; x_wconf 90' lang='lat'><strong>6</strong></span> <span class='ocrx_word' id='word_1_896' title='bbox 1787 2833 1848 2860; x_wconf 75' lang='grc' dir='ltr'>ἐπί-</span> <span class='ocrx_word' id='word_1_897' title='bbox 1882 2850 1885 2853; x_wconf 73' lang='grc' dir='ltr'><strong>ι</strong></span> 
     </span>
    </p>
   </div>
   <div class='ocr_carea' id='block_1_120' title="bbox 249 2881 1001 2930">
    <p class='ocr_par' dir='ltr' id='par_1_120' title="bbox 249 2881 1001 2929">
     <span class='ocr_line' id='line_1_120' title="bbox 249 2881 1001 2929; baseline 0.001 -8"><span class='ocrx_word' id='word_1_898' title='bbox 249 2893 271 2910; x_wconf 79' lang='grc'><strong>³³</strong></span> <span class='ocrx_word' id='word_1_899' title='bbox 286 2894 374 2922; x_wconf 81' lang='lat' dir='ltr'><strong>Galat.</strong></span> <span class='ocrx_word' id='word_1_900' title='bbox 390 2903 416 2928; x_wconf 72' lang='grc' dir='ltr'>ι’,</span> <span class='ocrx_word' id='word_1_901' title='bbox 431 2895 457 2922; x_wconf 76' lang='grc' dir='ltr'>ι.</span> <span class='ocrx_word' id='word_1_902' title='bbox 497 2895 518 2910; x_wconf 90' lang='lat'>“</span> <span class='ocrx_word' id='word_1_903' title='bbox 532 2881 621 2928; x_wconf 64' lang='lat' dir='ltr'><strong>Calai:</strong></span> <span class='ocrx_word' id='word_1_904' title='bbox 635 2903 672 2929; x_wconf 84' lang='lat' dir='ltr'><strong>in,</strong></span> <span class='ocrx_word' id='word_1_905' title='bbox 686 2895 712 2923; x_wconf 81' lang='lat'><strong>5.</strong></span> <span class='ocrx_word' id='word_1_906' title='bbox 750 2895 771 2911; x_wconf 86' lang='grc'><strong>⁸⁷</strong></span> <span class='ocrx_word' id='word_1_907' title='bbox 785 2894 853 2924; x_wconf 85' lang='lat' dir='ltr'><strong>ibid.</strong></span> <span class='ocrx_word' id='word_1_908' title='bbox 871 2895 915 2923; x_wconf 65' lang='grc'><strong>24.</strong></span> <span class='ocrx_word' id='word_1_909' title='bbox 954 2895 976 2912; x_wconf 83' lang='grc'><em>³⁸</em></span> <span class='ocrx_word' id='word_1_910' title='bbox 997 2895 1001 2922; x_wconf 81' lang='lat' dir='ltr'><strong>l</strong></span> 
     </span>
    </p>
   </div>
   <div class='ocr_carea' id='block_1_121' title="bbox 1052 2881 1224 2930">
    <p class='ocr_par' dir='ltr' id='par_1_121' title="bbox 1053 2895 1224 2930">
     <span class='ocr_line' id='line_1_121' title="bbox 1053 2895 1224 2930; baseline -0.006 -7"><span class='ocrx_word' id='word_1_911' title='bbox 1053 2895 1091 2923; x_wconf 91' lang='lat' dir='ltr'><strong>th.</strong></span> <span class='ocrx_word' id='word_1_912' title='bbox 1102 2903 1160 2930; x_wconf 78' lang='lat' dir='ltr'><strong>xm,</strong></span> <span class='ocrx_word' id='word_1_913' title='bbox 1176 2896 1224 2923; x_wconf 68' lang='lat'><strong>5&#39;2.</strong></span> 
     </span>
    </p>
   </div>
  </div>
