1999 3056
151 120 200 148 ιει

665 123 925 153 GLAPllYRORUM
946 126 978 154 ιΝ
1000 127 1141 156 EXODL‘M
1161 129 1225 157 LIB.
1248 127 1280 157 ll.

1734 127 1786 156 46!

155 196 248 224 μικτος
269 189 283 214 ὁ
307 189 336 215 ὲν
355 189 447 220 αὐτοῖς
460 190 633 227 ἐπεθύμησεν
648 192 806 228 ἐπιθυμίαν,
824 194 870 221 καὶ
884 195 935 221 καί)

997 186 1224 214 emolumentum.
1244 188 1282 215 lta
1309 192 1401 215 autem
1416 186 1550 214 habetur:
1570 186 1666 220 «Quod
1687 186 1783 221 vulgus

152 233 261 266 ίσαντες
285 233 394 261 ἔκλαιον
426 237 473 263 καὶ
502 237 527 263 οἱ
554 237 607 264 υἱοὶ
635 237 754 274 Ἰσραὴλ,
778 240 825 266 καὶ
848 238 944 267 εἴπανι

150 280 200 312 Τίς
226 281 300 316 ἡμᾶς
330 281 434 317 ψωμιεϊ
454 282 542 318 κρέας
567 283 760 320 Ἑμνήσθημεν
783 285 878 321 ἰχθύας
898 286 945 319 οὒς

152 324 281 360 ήσθίομεν
317 327 347 352 ὲν
371 327 502 363 Αἰγύπτῳ
525 328 644 365 δωρεὰν,
670 331 718 356 καὶ
742 331 804 362 τοὺς
824 332 943 366 σικυοὺς,

151 371 281 402 καὶτοὺς
305 372 443 404 πέπονας,
469 374 515 399 καὶ
534 373 568 400 τὰ
593 374 699 409 πράσα,
725 376 773 401 καὶ
800 374 834 401 τὰ
858 375 945 411 κρόμ-

152 424 219 451 μυα,
240 417 287 443 καὶ
302 417 336 443 τὰ
354 417 479 452 σκόροδα.
500 418 569 445 Νυνὶ
591 419 619 445 δὲ
642 420 658 455 ή
676 419 748 455 ψυχὴ
766 420 843 455 ήμῶν
860 421 945 447 κατά-

151 461 252 497 ξηρος,
285 462 361 489 οὐδὲν
392 463 462 498 πλὴν
499 465 540 495 εἰς
575 464 605 491 τὸ
639 465 725 500 μάννα
756 466 782 492 οἱ
808 465 944 502 ὀφθαλμοὶ

149 508 240 543 ἡμῶν.
270 518 279 534 ι
308 507 374 536 Εἶτα
402 509 508 542 τούτοις
537 511 679 546 ἐπιφέρει·
708 521 717 536 ι
746 512 802 538 Καὶ
827 512 943 548 ἤκουσεν

149 555 254 589 Μωσῆς
286 553 433 582 κλαιόντων
466 556 556 582 αὐτῶν
584 556 656 584 κατὰ
687 557 789 593 δήμους
830 559 941 591 αὐτῶν,

148 600 264 627 ἕκαστον
302 601 349 628 ἐπὶ
383 601 433 637 τῆς
471 602 556 638 θύρας
589 603 682 630 αὐτοῦ.
718 603 774 630 Καὶ
813 604 941 640 ἐθυμώθη

147 647 216 682 ὀργῇ
235 647 336 682 Κύριος
358 648 470 683 σφόδρα,
485 648 533 674 καὶ
546 648 635 675 ἔναντι
648 650 735 685 Μωσῇ
752 648 784 685 ἦν
795 651 939 686 πονηρόν.)

150 693 247 727 Ἀθρει
268 691 300 727 δὴ
315 690 360 719 οὖν
374 691 445 723 ὅπως
461 693 698 729 εὐπαρακόμιστος
715 694 775 720 λίαν
789 696 803 722 ὁ
822 696 940 731 Ἰσραὴλ,

147 738 196 764 καὶ
204 738 253 772 οὐχ
267 738 335 774 ὅπερ
346 737 401 773 (sic)
413 739 515 775 ἑτέροις
527 739 640 774 ὠφελεῖν
654 736 709 771 οἷός
721 749 749 766 τε
758 749 765 755 ⁶
785 742 858 768 νοσεῖ
868 742 896 768 δὲ
912 742 942 769 τὸ

146 781 245 808 ἄναλκι
277 782 325 809 καὶ
349 783 378 808 ἐν
399 783 489 818 μόνοις
519 785 575 816 τοῖς
606 784 668 811 καθ’
693 785 800 813 ἑαυτόν.
830 786 942 822 Κατηρ-

147 826 274 862 ρώστησε
308 828 356 862 μὲν
392 829 447 864 γὰρ
475 829 489 856 ὁ
512 829 658 864 ἐπίμικτος
676 830 726 865 τὴν
747 831 940 868 ὲκτοπωτάτην

997 234 1184 268 promiscuum
1198 234 1270 261 inter
1288 233 1537 269 ipsosconcupierit
1550 233 1783 268 concupiscentia,

996 283 1024 305 et
1040 278 1168 307 sedentes
1187 279 1313 307 lleverint
1331 278 1378 306 [iiii
1401 279 1495 310 Israel,
1512 283 1539 305 et
1563 277 1698 304 dixerint:
1717 277 1783 310 Qui!

996 324 1072 351 dabit
1085 324 1165 352 nobis
1174 325 1290 352 carnes?
1304 324 1450 352 Rccordati
1463 331 1559 351 sumus
1582 323 1672 358 pisces
1683 323 1784 358 quibus

995 370 1174 398 vescebamur
1187 371 1214 398 in
1228 370 1344 406 ,Εἷς-μισ
1359 370 1454 406 gratis,
1467 375 1495 397 et
1514 369 1592 401 ﬁcus,
1611 372 1639 395 et
1652 375 1782 403 pcponcs.

995 419 1023 442 et
1034 419 1203 450 porrumret
1227 423 1304 451 cepe,
1321 419 1350 443 et
1375 415 1478 442 allium.
1493 415 1571 442 Nunc
1585 417 1676 441 autem
1692 411 1782 439 anima

994 466 1088 489 nostra
1101 462 1237 490 exsiccata
1251 466 1303 494 est,
1326 469 1414 497 neque
1427 461 1500 489 oculi
1522 461 1608 488 nostri
1632 459 1782 495 quidquam

993 507 1047 535 nisi
1059 515 1159 535 manna
1170 508 1344 543 conspiciunt
1360 508 1394 534 ⁸⁵.
1408 518 1417 532 ι
1435 507 1540 535 Deinde
1565 506 1609 534 his
1627 505 1782 541 subiungit:

997 554 1050 581 «Et
1070 555 1177 582 audivit
1196 555 1285 583 Moses
1301 555 1375 590 ipsos
1394 554 1491 582 ﬂentes
1508 562 1558 589 per
1583 558 1671 580 totum
1695 559 1783 587 popu-

993 599 1049 627 lum
1064 600 1099 627 ad
1113 608 1161 628 sua
1173 608 1312 636 quemque
1324 601 1403 628 ostia.
1422 601 1456 627 Et
1468 601 1555 628 iratus
1573 603 1616 627 est
1632 598 1709 626 furor
1727 598 1782 625 Do-

992 646 1060 674 mini
1075 647 1165 680 valde,
1181 651 1209 675 et
1229 648 1296 675 Mosi
1317 648 1400 675 etiam
1425 647 1571 675 videbatur
1593 646 1696 674 malum
1715 646 1749 671 ⁶⁰.
1769 653 1779 670 ι

992 693 1060 720 Vide
1076 693 1159 729 igitur
1175 701 1257 728 quam
1274 694 1342 721 levis
1352 698 1380 721 et
1392 693 1501 721 mobilis
1512 693 1548 721 sit
1560 693 1656 726 Israel,
1667 697 1696 720 et
1707 691 1780 727 quod

992 739 1131 765 neminem
1145 743 1228 773 queat
1240 740 1348 774 juvare,
1362 739 1410 766 sed
1441 742 1516 766 tanta
1536 738 1645 766 laboret
1661 736 1780 764 inﬁrmi-

993 788 1059 816 tate,
1071 787 1100 811 et
1116 784 1144 811 in
1165 784 1200 811 iis
1216 785 1315 817 solum,
1341 792 1402 819 quae
1418 784 1453 812 ad
1466 791 1496 812 se
1513 783 1664 819 pertinent,
1688 789 1781 809 verse-

992 831 1046 855 tur.
1059 828 1236 856 Promiscuus
1249 829 1323 856 enim
1335 830 1454 865 populus
1477 829 1675 857 absurdissima
1696 833 1780 863 atque

145 872 220 899 οὖτω
241 873 287 900 καὶ
305 873 510 910 βδελυρωτάτην
543 876 706 911 ἐπιθυμίαν·
731 876 778 908 οὒς
803 877 831 903 δὲ
851 875 886 912 ἦν
905 878 936 904 εἰ·

991 875 1156 903 exsecrabili
1172 875 1309 909 imprimis
1320 875 1471 910 cupiditate
1494 880 1554 903 erat
1575 875 1778 906 inﬂammatus;

146 920 196 950 κὸς
218 919 390 954 ὲπιτιμήσειν
415 920 526 952 αὐτοῖς,
551 921 750 957 ἀναπεισθῆναί
775 929 804 949 τε
837 923 937 958 μᾶλλον

146 965 258 999 φρονεῖν
274 962 380 991 ἑλέσθαι
389 965 422 992 τὰ
436 967 661 1003 πρεπωδέστερα.
673 968 782 995 νοσοῦσι
796 969 936 1004 χειρόνως.

145 1009 202 1036 Καὶ
218 1009 291 1036 ἀλύει
308 1010 357 1045 μὲν
375 1011 404 1037 οὐ
425 1012 544 1046 μετρίως
557 1013 572 1039 ὸ
589 1012 735 1045 θεσπέσιος
752 1014 867 1049 Μωσῆς,
884 1015 937 1050 ἔφη

144 1053 174 1081 δὲ
186 1055 311 1091 ἐναργῶς
327 1056 394 1093 πρὸς
408 1057 454 1084 τὸν
464 1057 518 1084 τῶν
531 1058 599 1085 ὅλων
610 1058 686 1090 Θεὸν,
702 1058 739 1090 ὡς
750 1059 800 1086 οὐκ
816 1059 848 1087 ἂν
862 1060 937 1095 ἰσχύ-

146 1108 204 1128 σειε
224 1102 304 1137 μόνος
319 1102 365 1129 τὸν
377 1103 449 1130 οὕτω
463 1104 590 1140 διαόριθῆ
608 1105 655 1132 καὶ
670 1104 809 1132 δύσοιστον
826 1107 938 1142 ἀνατλῆ-

145 1155 190 1173 ναι
208 1147 299 1175 πόνον.
318 1149 365 1181 Εἰς
379 1149 516 1182 ἀπόδειξιν
536 1151 565 1177 δὲ
585 1151 633 1177 τοῦ
651 1151 827 1186 πράγματος,
845 1152 892 1179 καὶ
907 1153 937 1178 τὸ

146 1192 208 1220 λίαν
226 1194 367 1229 ἀμήχανον
388 1195 435 1222 καὶ
451 1195 631 1232 δυσπόριστον
648 1197 817 1233 παρεκόμιζε
838 1197 934 1232 λέγων·

149 1248 159 1265 ι
180 1239 265 1266 Πόθεν
288 1249 333 1275 μοι
348 1241 440 1268 δοῦναι
463 1242 501 1277 τῷ
521 1242 579 1278 λαῷ
599 1243 686 1278 τούτῳ
708 1243 776 1280 κρέα
794 1246 906 1278 φαγεῖν;
925 1253 934 1269 ι

147 1285 305 1321 Δυσθυμίας
315 1285 344 1313 δὲ
357 1288 396 1318 εἰς
408 1287 488 1314 τοῦτο
502 1287 551 1324 ἤδη
566 1289 743 1324 καθιγμένος,
759 1289 796 1321 ὡς
813 1289 863 1324 ήδη
879 1298 936 1321 πως

144 1330 298 1359 ἁποὸιῶναι
311 1331 406 1363 θέλων,
419 1333 466 1360 (Et
479 1333 534 1369 γὰρ
548 1333 619 1361 οὕτω
634 1335 666 1361 σὺ
683 1336 768 1366 ποιεῖς
784 1336 936 1370 μοι,φησ“ιν,

145 1376 304 1404 ἀπόκτεινόν
314 1386 347 1413 με
356 1376 391 1405 ’ὲν
398 1379 595 1414 ἁναιρέσει,ῖνα
609 1380 646 1416 μὴ
655 1380 702 1408 ἴδω
714 1390 765 1416 μου
781 1385 830 1420 τὴν
844 1383 936 1410 κάκω-

145 1430 200 1449 σιν.
215 1431 224 1448 t
247 1423 351 1458 ’Λνέχει
372 1425 419 1451 καὶ
439 1425 607 1458 ἀπολέκτους
622 1428 735 1462 ποιῆσαι
755 1428 859 1456 κελεύει
875 1430 937 1461 τοὺς

147 1467 367 1504 συλληψομένους
378 1470 463 1506 αὐτῷ,
473 1471 520 1497 καὶ
532 1472 776 1508 συμμεθέ[ξ]οντας
786 1475 836 1510 τῆς
851 1483 935 1512 φρον.

143 1513 227 1546 τίδος,
249 1515 302 1542 ἀπὸ
322 1516 412 1551 πάσης
433 1517 481 1552 τῆς
505 1518 666 1553 συναγωγῆς
693 1518 792 1555 ἄνδρας
809 1520 854 1547 τὸν
877 1521 937 1555 ἀρι-

990 920 1009 947 ii
1040 927 1108 948 vero
1133 927 1203 955 quos
1235 927 1284 954 par
1302 924 1364 948 erat
1386 920 1459 955 ipsos
1485 920 1649 955 increpare',
1679 919 1779 946 suade—

990 974 1075 1002 reque
1103 970 1135 993 ιιι
1165 966 1278 994 meliora
1303 966 1472 1001 cogitarent,
1500 966 1611 1001 gravius
1639 965 1778 992 laborant.

989 1011 1069 1047 293
1088 1011 1192 1040 Idcirco
1209 1011 1319 1039 divinus
1332 1012 1421 1039 Moses
1435 1019 1491 1039 non
1503 1019 1599 1047 parum
1613 1012 1706 1039 animo
1714 1019 1781 1038 eon-

989 1058 1066 1091 cidit,
1079 1062 1161 1093 atque
1172 1062 1266 1093 aperte
1278 1058 1312 1085 ad
1322 1057 1447 1086 universi
1471 1058 1558 1086 Deum
1573 1058 1622 1091 ait,
1641 1066 1670 1086 se
1690 1058 1778 1085 solum

988 1103 1174 1139 adeogravem
1190 1108 1272 1139 atque
1284 1104 1483 1132 intolerabilem
1504 1104 1627 1132 laborem
1640 1104 1712 1132 ferre
1723 1111 1779 1131 non

988 1156 1079 1183 posse.
1094 1148 1136 1176 Ad
1155 1148 1346 1183 probationem
1368 1156 1435 1176 vero
1453 1148 1536 1184 hujus
1559 1149 1600 1176 rei
1613 1149 1778 1177 arduitatem

989 1193 1291 1230 impossibilitatemque
1308 1196 1502 1231 suppeditandi
1515 1203 1614 1223 carnes
1627 1195 1655 1223 in
1667 1195 1780 1222 deserto

988 1240 1090 1272 attulit,
1102 1240 1197 1268 dicens
1212 1248 1219 1268 :
1236 1250 1245 1266 ι
1261 1241 1340 1269 Unde
1363 1243 1430 1270 mihi
1448 1242 1542 1270 licebit
1560 1242 1625 1270 dare
1641 1242 1707 1270 huic
1728 1249 1779 1278 po—

988 1285 1053 1321 pulo
1067 1294 1165 1314 carnes
1175 1286 1296 1314 edendas
1307 1287 1351 1314 'I?
1366 1297 1375 1312 ι
1392 1287 1460 1315 Cum
1485 1292 1578 1315 autem
1593 1295 1627 1316 eo
1651 1288 1780 1315 maeroris

988 1332 1109 1359 venisset
1125 1336 1156 1360 ut
1171 1332 1223 1360 sibi
1246 1333 1298 1368 ipsi
1314 1338 1430 1361 mortem
1450 1337 1602 1369 expeteret,
1626 1333 1664 1361 ait
1677 1333 1751 1361 enim
1761 1341 1777 1360 ,ε

993 1387 1001 1404 ι
1018 1377 1049 1405 Si
1063 1383 1092 1405 tu
1107 1378 1148 1405 sic
1160 1378 1237 1411 facis,
1256 1379 1352 1407 occide
1364 1387 1408 1407 me
1419 1379 1567 1412 occisione,
1585 1388 1621 1408 ne
1646 1379 1778 1414 aspiciam

988 1423 1163 1452 aﬂlictionem
1175 1425 1246 1453 hanc
1256 1425 1290 1458 ",
1306 1435 1316 1452 ι
1335 1425 1453 1453 sustinet
1469 1426 1552 1458 Deus,
1564 1429 1592 1453 et
1604 1425 1780 1461 coadjutores

988 1470 1120 1505 quosdam
1137 1470 1190 1506 ipsi
1210 1470 1293 1507 deligi
1303 1471 1392 1507 jubet,
1406 1471 1573 1507 quibuscum
1605 1471 1692 1499 totius
1711 1478 1779 1499 cou-

988 1515 1154 1550 gregationis
1169 1523 1263 1543 curam
1285 1517 1482 1548 communicet,
1506 1516 1581 1543 viros
1605 1523 1719 1545 numero
1732 1523 1778 1543 se—

145 1560 216 1596 θμδν
228 1561 424 1598 ἑϐδομήκοντα.
437 1573 446 1588 ι
459 1561 525 1590 Eine
542 1564 596 1599 γὰρ
611 1564 712 1600 Κύριος
728 1566 796 1601 πρὸς
817 1567 932 1602 Μωσῆψ

989 1561 1140 1597 ptuaginta.
1158 1571 1167 1587 ι
1184 1561 1257 1589 Dixit
1272 1563 1346 1589 enim
1363 1563 1397 1589 ad
1415 1562 1507 1590 Mosen
1522 1570 1529 1588 :
1544 1561 1686 1596 Congrega
1708 1560 1778 1588 mihi

144 1607 286 1642 Συνάγαγέ
302 1617 346 1643 μοι
363 1609 548 1644 ὲὸὀομήκοντα
564 1610 663 1645 ἄνδρας
681 1611 735 1637 ἀπὸ
746 1611 800 1638 τῶν
815 1612 935 1647 πρεσϐυ-

144 1654 232 1689 τέρων
252 1654 371 1690 Ἰσραήλ,
380 1654 427 1686 οὓς
438 1656 519 1688 αὐτὸς
527 1653 600 1687 οἶδας
611 1657 651 1683 ὅτι
666 1653 739 1684 οὗτοι
750 1658 803 1684 εισι
819 1658 937 1694 πρεσϐύ-

144 1706 221 1734 τεροι
235 1698 282 1725 τοῦ
304 1699 385 1731 λαοῦ,
402 1701 449 1726 καὶ
470 1702 644 1736 γραμματεῖς
670 1701 775 1733 αὐτῶν,
792 1702 839 1728 καὶ
862 1702 936 1735 ἄξεις

145 1745 246 1776 αὐτοὺς
260 1744 327 1780 πρὸς
339 1746 390 1782 τὴν
408 1747 510 1781 σκηνὴν
526 1745 572 1772 τοῦ
592 1747 755 1782 μαρτυρίου,
768 1748 815 1774 καὶ
827 1749 937 1783 στήσον-

145 1799 191 1817 ται
208 1791 267 1817 ἐκεῖ
291 1791 362 1826 μετὰ
387 1791 444 1823 σοῦ,
460 1791 506 1818 καὶ
527 1792 730 1828 κατασήσομαι,
753 1793 801 1820 καὶ
822 1793 934 1829 λαλήσω

144 1837 204 1864 ἐκεῖ
219 1837 288 1872 μετὰ
316 1836 374 1864 σοῦ.
397 1837 452 1864 Καὶ
467 1837 558 1872 ἀφελῶ
576 1838 631 1865 ἀπὸ
649 1838 695 1865 τοῦ
713 1839 869 1874 πνεύματος
884 1839 932 1867 τοῦ

144 1882 193 1909 ἐπὶ
207 1883 261 1914 σοὶ,
277 1883 325 1910 καὶ
347 1882 424 1919 θήσω
438 1883 481 1909 ἐπ’
495 1883 594 1915 αὐτοὺς
604 1904 611 1916 ,
625 1883 673 1910 καὶ.
694 1885 935 1921 συναντιλήψονται

145 1928 215 1964 μετὰ
234 1929 282 1956 σοῦ
299 1930 348 1965 τὴν
360 1929 448 1966 ὁρμὴν
461 1929 508 1956 τοῦ
524 1929 600 1956 λαοῦ·
615 1930 663 1956 καὶ
677 1930 727 1958 οὐκ
738 1931 823 1963 οἴσεις
836 1931 935 1964 αὐτοὺς

145 1976 178 2003 σὺ
194 1975 282 2011 μόνος.
305 1985 314 2001 ι
332 1973 369 2003 Οὖ
379 1976 411 2011 δὴ
426 1976 568 2010 γεγονότος
582 1977 761 2012 (παρεστήκιι
780 1977 836 2012 γὰρ
852 1976 934 2010 εὐθὺς

143 2022 208 2052 τοὺς
221 2021 275 2048 τῶν
291 2021 379 2048 ἄλλων
393 2022 489 2056 διαπρε
495 2022 664 2057 πεστέρους),
681 2022 759 2056 ἁγίου
771 2023 820 2058 μὲν
833 2022 934 2055 αὐτοὺς

144 2066 299 2102 ἐμπίπλησι
322 2067 482 2102 Πνεύματος
498 2068 512 2094 ὁ
535 2067 589 2094 τῶν
607 2067 674 2094 ὅλων
694 2068 770 2100 Θεόςυ
787 2066 847 2095 εἶτα
863 2068 935 2104 μετὰ

142 2112 223 2143 τοῦτο
237 2115 297 2145 ταῖς
318 2113 373 2140 τῶν
395 2113 543 2140 κλαιόντων
556 2113 717 2149 ἐπιθυμίαις
728 2114 854 2146 ἐνδιδοὺς,
868 2115 935 2142 καθ-

144 2159 179 2186 ίει
195 2159 245 2195 μὲν
271 2160 365 2191 αὐτοῖς
381 2159 430 2195 τὴν
448 2160 667 2195 όρτυγομήτραν.
687 2160 718 2186 0i
729 2159 758 2186 δὲ
778 2159 871 2196 κύκλῳ
883 2161 934 2196 τῆς

142 2205 321 2241 παρεμϐολῆς
342 2205 462 2241 σωρηδὸν
479 2205 566 2237 ὄντες,
593 2205 724 2241 κειμένην
740 2206 932 2242 συναγείρουσι

987 1607 1160 1642 septuaginta
1186 1607 1260 1635 viros
1273 1615 1308 1634 ex
1336 1607 1496 1635 seniori-bus
1518 1607 1611 1640 Israel,
1637 1613 1706 1642 quos
1718 1606 1777 1642 ipse

987 1653 1088 1680 novisti
1096 1653 1168 1688 quod
1178 1653 1234 1681 sint
1244 1654 1369 1682 seniores
1379 1654 1475 1689 populi
1488 1661 1520 1681 ac
1530 1653 1629 1681 scribae
1640 1652 1776 1688 ipsorum,

985 1703 1014 1727 et
1030 1699 1084 1727 duc
1096 1707 1144 1727 eos
1154 1700 1188 1727 ad
1216 1700 1425 1727 tabernaculum
1439 1699 1602 1732 testimonii,
1617 1703 1646 1727 et
1665 1699 1777 1727 stabunt

985 1745 1024 1773 ibi
1036 1749 1136 1778 tecum,
1150 1750 1178 1773 et
1193 1746 1370 1778 descendam,
1392 1750 1420 1774 et
1434 1746 1532 1781 loquar
1551 1745 1589 1772 ibi
1607 1753 1669 1773 cum
1692 1745 1774 1780 ipsis.

986 1791 1020 1820 Et
1035 1792 1157 1820 auferam
1169 1794 1185 1820 a
1201 1792 1302 1827 spiritu
1314 1793 1361 1827 qui
1370 1793 1398 1820 in
1410 1797 1436 1820 te
1449 1797 1502 1824 est,
1515 1797 1543 1820 et
1555 1792 1711 1828 impertiam
1722 1792 1775 1824 eis,

984 1841 1013 1864 et
1024 1841 1114 1864 tecum
1137 1837 1288 1872 portabunt
1301 1838 1395 1873 populi
1424 1838 1557 1873 impetum
1579 1845 1654 1865 :nec
1676 1842 1707 1865 tu
1728 1845 1777 1865 eos

985 1883 1061 1910 solus
1073 1883 1223 1910 sustinebis
1240 1883 1273 1910 ".
1290 1892 1299 1908 ι
1324 1883 1384 1915 Quo
1399 1883 1472 1911 facto
1483 1883 1598 1911 adduxit
1613 1884 1707 1912 statim
1717 1891 1774 1920 prae

983 1929 1045 1957 aliis
1059 1929 1264 1960 eminentiores,
1277 1936 1347 1964 quos
1355 1929 1438 1964 hujus
1450 1930 1573 1957 universi
1592 1930 1665 1958 Deus
1676 1930 1776 1966 imple-

983 1975 1024 2003 vit
1037 1974 1142 2010 Spiritu
1153 1979 1258 2002 sancto.
1273 1974 1377 2001 Deinde
1395 1982 1462 2002 vero
1474 1975 1620 2011 indulgens
1636 1976 1774 2011 cupidita-

983 2019 1059 2047 tibus
1068 2019 1203 2053 llentium,
1215 2021 1325 2048 demisit
1338 2021 1405 2056 ipsis
1419 2023 1600 2051 coturnicem.
1611 2023 1647 2050 At
1659 2023 1704 2051 isti
1723 2031 1774 2052 cu-

983 2067 1108 2094 mulatim
1130 2067 1203 2095 circa
1217 2071 1309 2095 castra
1325 2074 1478 2100 versantes,
1488 2076 1552 2096 eum
1567 2069 1694 2098 viderent
1711 2078 1772 2099 eam

980 2113 1083 2149 jacere,
1105 2113 1159 2141 laeti
1170 2113 1318 2141 admodum
1335 2114 1515 2150 collegerunt.
1540 2115 1774 2145 Devoraruntau-

984 2163 1038 2186 tem
1051 2166 1126 2186 more
1141 2159 1274 2192 belluino,
1290 2160 1364 2188 nulla
1386 2161 1519 2189 satietatis
1536 2161 1642 2189 ratione
1667 2162 1770 2191 habita.

982 2204 1152 2240 Congregata
1164 2210 1256 2233 autem
1267 2209 1295 2233 et
1307 2211 1386 2241 capta
1401 2206 1436 2233 ab
1452 2206 1518 2241 ipsis
1529 2206 1662 2235 immensa
1680 2208 1772 2236 avium

143 2253 193 2290 μὲν
205 2253 356 2288 γεγηθότες
369 2251 398 2280 εὖ
419 2252 492 2288 μάλα
502 2261 509 2268 ·
524 2253 722 2288 κατεδηδόκασι
740 2253 768 2279 δὲ
783 2254 930 2289 θηριοπρε-

986 2251 1169 2283 multitudine,
1178 2254 1207 2279 et
1218 2259 1268 2279 esu
1286 2252 1378 2279 carnis
1388 2259 1438 2287 per
1460 2256 1548 2280 totum
1575 2260 1699 2281 mensem
1721 2254 1773 2281 du-

142 2299 211 2332 πῶς,
224 2299 306 2335 κόρου
318 2299 365 2326 καὶ
376 2298 543 2334 αὐταρκείας
555 2299 743 2334 ὴφειδηκότες.
755 2299 933 2335 Συνειλεγμέ-

140 2353 191 2380 νης
206 2345 235 2371 δὲ
247 2345 337 2376 αὐτοῖς
353 2344 399 2371 καὶ
416 2344 600 2379 ἁληλισμένης
617 2343 736 2379 πληθύος
748 2344 779 2370 οὺ
793 2345 932 2381 μετρητῆς

142 2390 303 2425 στρουθίων,
319 2390 367 2416 καὶ
383 2389 603 2426 παρα-τεινούσης
629 2389 678 2424 τῆς
701 2390 869 2425 κρεοφαγίας
892 2392 933 2422 εἰς

144 2436 228 2471 μηνδς
246 2436 364 2471 ἡμέρας,
377 2436 521 2463 τελευταία
539 2435 634 2462 λοιπὸν
655 2437 820 2471 ἐπισκήπτει
841 2434 930 2467 νόσος,

141 2485 189 2510 καὶ
202 2483 240 2515 ὡς
259 2485 274 2511 ό
290 2484 434 2519 προφήτης
449 2483 542 2519 φησιν,
562 2493 571 2509 ι
597 2483 761 2510 Ἐπλάτυνεν
775 2484 790 2509 ὁ
804 2482 871 2518 ᾅδης
881 2482 931 2517 τὴν

139 2530 229 2565 ψυχὴν
243 2530 344 2563 αὐτοῦ,
359 2531 407 2556 καὶ
420 2530 537 2565 διήνοιξε
554 2529 585 2556 τὸ
607 2530 694 2564 στόμα
708 2528 807 2561 αὑτοῦ,
823 2528 870 2555 τοῦ
893 2528 932 2564 μὴ

140 2576 285 2604 διαλιπεῖν.
305 2577 346 2604 Τὰ
360 2576 429 2612 κρέα
441 2576 507 2612 γὰρ,
523 2575 618 2611 φησὶν,
635 2574 670 2612 ἦν
682 2575 722 2602 ἐτι
739 2576 768 2602 ὲν
783 2576 839 2607 τοῖς
853 2574 929 2602 ὀδοῦ-

142 2632 185 2650 σιν
200 2623 307 2655 αὑτῶν,
324 2623 389 2660 πρὶν
411 2623 545 2650 ἐκλιπεῖν.
567 2631 577 2648 ι
597 2622 653 2648 Καὶ
673 2622 775 2657 Κύριος
799 2620 928 2656 ἐθυμώθη

140 2670 180 2701 είς
192 2667 238 2696 τιν
252 2669 327 2702 λαὸν,
341 2669 389 2696 καὶ
412 2668 532 2701 ἐπάταξε
552 2667 655 2703 Κύριος
675 2667 721 2693 τὸν
746 2666 810 2693 λαὸν
824 2665 931 2702 πληγὴν

142 2715 265 2752 μεγάλην
297 2715 410 2751 σφόδρα,
432 2715 479 2742 καὶ
504 2713 607 2749 ἐκλήθη
627 2712 656 2740 τὸ
671 2712 758 2748 ὄνομα
779 2712 825 2738 τοῦ
847 2712 929 2738 τόπου

140 2762 257 2794 ἐκείνου,
276 2771 286 2787 l
305 2762 410 2796 Μνῆμα
425 2761 476 2797 τῆς
492 2759 650 2795 ἐπιθυμίας,
669 2769 678 2784 ι
695 2759 736 2785 ὅτι
753 2759 811 2785 ἐκεῖ
827 2757 930 2792 ἔθαψαν

140 2807 186 2834 τὸν
209 2807 273 2835 λαὸν
297 2808 344 2834 τὶν
371 2807 553 2843 ἐπιθυμητήν.
582 2805 733 2836 Ἐνδέοντος
756 2805 810 2840 γὰρ
837 2805 930 2836 αὐτοῖς

981 2301 1069 2330 rante,
1097 2297 1209 2325 tandem
1229 2298 1317 2326 letalis
1342 2306 1390 2326 eos
1419 2299 1534 2327 morbus
1554 2299 1665 2333 invasit,
1688 2304 1717 2328 et
1739 2306 1771 2329 ut

981 2344 1115 2379 propheta
1126 2344 1184 2372 ait:
1206 2353 1218 2370 ι
1243 2343 1370 2372 lnfernus
1387 2344 1512 2373 dilatavit
1533 2345 1653 2373 animam
1681 2353 1770 2379 suam.

980 2393 1008 2417 et
1031 2391 1140 2425 aperuit
1153 2398 1185 2418 os
1203 2397 1283 2418 suum
1306 2393 1337 2418 ut
1352 2398 1409 2418 non
1424 2390 1584 2419 deﬁcerent.
1602 2391 1626 2408 "
1642 2400 1652 2418 ι
1666 2391 1771 2420 Games

980 2436 1054 2463 enim
1071 2439 1151 2464 erant
1169 2436 1259 2463 adhuc
1269 2436 1341 2463 intra
1359 2436 1457 2464 dentes
1469 2437 1603 2472 ipsorum.
1622 2442 1768 2473 antequam

979 2482 1138 2510 deﬁcerent.
1156 2482 1275 2517 Ideoque
1299 2482 1443 2516 Dominus,
1469 2483 1557 2511 iratus
1573 2484 1685 2519 populo.
1709 2491 1771 2519 per-

979 2529 1066 2556 cussit
1086 2536 1150 2556 eum
1175 2529 1253 2566 plaga
1277 2536 1386 2565 magna,
1403 2533 1586 2566 vocatumque
1608 2533 1651 2558 est
1668 2538 1768 2559 nomen

978 2575 1032 2603 loci
1049 2575 1134 2608 illius,
1152 2585 1162 2601 ι
1179 2575 1386 2603 Monumentum
1402 2576 1643 2611 concupiscentia,
1661 2586 1671 2603 ι
1703 2577 1767 2614 quia

979 2621 1017 2648 ibi
1028 2621 1196 2657 sepelierunt
1207 2621 1337 2657 populum
1345 2622 1595 2657 concupiscentem.
1609 2622 1678 2651 Cum
1692 2624 1767 2650 enim

979 2667 1084 2695 nullius
1097 2666 1161 2694 boni
1178 2667 1268 2702 inopia
1288 2667 1456 2700 laborarent,
1469 2672 1636 2704 possemque
1663 2669 1765 2697 aﬂ'atim

979 2718 1087 2740 manus
1108 2711 1215 2739 deliciis
1236 2711 1351 2747 perfrui.
1369 2715 1460 2740 tamen
1476 2712 1590 2749 insuper
1612 2721 1708 2741 carnes
1719 2721 1768 2749 ap-

979 2761 1088 2792 petunt,
1098 2761 1127 2784 et
1141 2764 1233 2792 porra,
1251 2761 1280 2784 et
1294 2758 1362 2784 ﬁcus
1376 2762 1405 2785 et
1420 2765 1541 2793 pepones
1563 2763 1672 2791 vocant,
1688 2759 1768 2786 item-

978 2811 1031 2838 que
1048 2810 1136 2838 caepas
1153 2806 1180 2830 et
1195 2803 1267 2830 allia.
1278 2802 1356 2831 Unde
1372 2803 1444 2830 haud
1459 2803 1496 2830 ita
1510 2795 1597 2832 multo
1613 2808 1766 2840 postquam

174 2868 197 2884 "
213 2866 294 2895 Num.
311 2874 348 2900 XI,
362 2866 417 2893 4-6.
455 2866 478 2882 ³⁸
493 2865 560 2892 ibid.
582 2863 623 2891 10.
675 2864 696 2880 ⁹¹
716 2863 783 2891 ibid.
805 2862 846 2890 l5.
886 2863 906 2878 θ’
921 2861 936 2889 il

986 2860 1048 2890 .15.
1088 2861 1192 2889 "ibid.
1219 2860 1261 2895 ιθ,
1284 2860 1325 2887 17.
1365 2860 1388 2876 ιιι
1401 2859 1452 2887 15.1.
1466 2868 1493 2895 v,
1509 2861 1550 2888 ιι.
