1999 3056
222 133 273 161 ιω

222 245 402 272 coturnicem,
410 248 466 267 non
475 241 630 276 approbans
638 248 733 268 eorum
742 240 989 275 concupiscentiam
999 248 1007 271 ;

222 286 303 322 294.
322 286 370 313 sed
389 286 482 321 potius
506 286 659 314 certissima
681 285 735 312 [ide
761 285 801 312 cis
828 284 1007 320 persuadens,

220 332 294 367 quod
315 331 383 359 nihil
401 332 452 367 ipsi
466 331 502 358 sit
526 331 704 366 impossibile.
727 330 844 365 Ideoque
865 330 1008 358 confestim

223 378 301 413 punit
312 378 438 413 turpibus
448 377 634 413 voluptatibus
643 376 914 412 captos.Similequid
927 377 1009 404 mise-

223 425 262 452 ris
269 425 371 452 Judteis
379 424 477 451 accidit
488 427 609 458 tempore
621 423 754 450 adventus
764 422 914 450 Salvatoris
925 431 932 449 :
946 430 1009 450 um-

223 469 272 495 bra
284 469 357 496 enim
368 472 396 496 ct
412 468 467 503 typi
483 467 593 495 fuerunt
603 467 648 494 illa
662 475 723 502 quae
736 471 793 494 tum
800 471 1008 502 pmmonstrata

221 514 513 547 fuerunt,futurorum.
522 514 591 541 Cum
603 513 677 540 enim
690 513 742 548 ipsi
751 521 817 541 vero
829 521 945 546 marinae,
955 514 1009 541 hoc

221 566 262 589 est
271 559 441 594 Christo,qui
452 558 595 587 descendit
607 559 738 592 ectelo,et
750 563 840 595 potest
852 567 902 587 nos
913 567 1009 588 omnes

220 607 355 639 enutrirc,
376 605 566 641 promittitque
581 605 812 637 vitamteternam,
836 605 1009 640 praetulerint

221 660 301 680 usum
329 656 500 679 terrenorum
519 650 645 685 putidum
661 652 742 686 atque
758 651 903 683 insulsum,
919 651 1006 679 otl'en—

220 698 321 725 derunt
333 695 488 726 necessario
497 704 551 722 non
559 695 646 722 solum
656 695 752 728 Deum,
765 705 860 724 verum
871 697 953 725 etiam
965 697 1006 732 ip—

220 751 279 770 sum
290 742 414 770 divinum
425 742 527 770 Mosen.
541 742 679 777 Scriptum
690 747 732 770 est
744 743 818 770 enim
831 751 854 769 ει
868 743 956 771 iratus
966 747 1006 770 est

218 791 295 816 t'uror
306 788 413 816 Domini
427 792 523 814 contra
540 788 672 822 populum
700 795 792 820 suum,
806 792 835 816 et
856 788 922 816 Mosi
941 788 1008 816 item

219 836 362 863 videbatur
377 835 478 862 malum
493 835 526 861 “.
539 844 547 859 ι
568 834 644 862 Mens
659 835 734 862 enim
748 838 907 862 sanctorum
931 842 1006 862 scm-

219 891 268 916 per
279 882 328 909 Dei
340 881 509 908 voluntatem
524 881 658 916 sequitur.
683 880 761 914 Quod
777 885 868 908 autem
887 881 1006 916 populus

219 928 349 955 .ludaicus
373 927 450 956 omni
469 935 503 954 ex
526 932 602 962 parte
629 927 756 961 superuis
772 926 853 954 bonis
879 927 1006 962 praeferat

219 975 384 1010 temporaria
412 979 441 1001 et
455 974 586 1006 carnalia,
610 974 690 1002 facile
712 973 774 1008 quis
789 981 823 1001 ex
849 973 1006 1008 evangelica

219 1021 347 1056 parabola
367 1020 495 1048 didicerit
508 1019 541 1046 θθ.
554 1019 633 1047 Servi
649 1019 723 1046 enim
738 1019 786 1054 qui
808 1018 937 1046 convivas
964 1019 1006 1045 in-

218 1067 351 1099 vitabant,
361 1066 495 1094 advocare
505 1065 616 1101 quidem
628 1065 689 1093 illos
700 1065 828 1092 volebant
838 1065 871 1092 ad
880 1064 1004 1099 nuptias:

219 1115 270 1149 ipsi
285 1122 351 1141 vero
367 1113 504 1145 abierunt,
519 1113 592 1140 alius
608 1112 636 1140 in
663 1119 759 1147 agrum
782 1119 874 1144 suum,
888 1110 959 1138 alius
972 1110 1006 1138 ad

221 1160 328 1195 negotia
341 1167 391 1187 sua
400 1179 409 1192 ,
421 1163 586 1187 excusantes
599 1166 641 1190 se,
657 1158 702 1185 hic
711 1157 835 1193 quidem,
848 1157 920 1192 quod
937 1165 1005 1184 uxo-

219 1213 277 1233 rem
289 1205 425 1238 duxisset;
442 1205 488 1233 ille
503 1212 581 1237 vero,
597 1204 670 1239 quod
687 1212 783 1239 agrum
809 1207 1005 1238 comparasset,

219 1252 336 1286 ideoque
355 1259 411 1278 non
441 1254 554 1286 possent
579 1250 683 1278 venire.
709 1250 794 1277 Porro
818 1249 892 1284 quod
904 1253 932 1276 ct
948 1251 1007 1284 ipse

218 1298 306 1325 Moses
319 1297 352 1325 de
376 1296 563 1324 inobedientia
579 1296 739 1324 Judaeorum
764 1299 933 1330 conquestus
960 1295 1006 1327 sit,

217 1343 363 1371 conﬁrmat
380 1342 512 1370 Dominus
528 1347 623 1370 noster
643 1342 723 1370 Jesus
741 1332 879 1374 Christus,
897 1341 934 1368 ita
962 1341 1006 1369 di-

217 1397 284 1416 cens
298 1398 304 1415 :
320 1399 329 1415 ι
339 1389 378 1416 Ne
389 1389 551 1416 existimetis
563 1387 636 1423 quod
642 1395 693 1423 ego
705 1388 755 1414 sim
769 1395 820 1414 vos
829 1390 1008 1415 accusaturus

217 1435 289 1470 apud
306 1435 426 1462 Patrem.
441 1435 490 1463 Est
508 1434 555 1470 qui
571 1442 620 1462 vos
633 1437 743 1462 accuset
759 1434 857 1465 Moses,
867 1433 895 1461 in
924 1441 1006 1468 quem

216 1488 265 1507 vos
279 1479 449 1515 speravistis.
471 1479 499 1507 Si
511 1479 585 1506 enim
605 1478 755 1507 crederetis
766 1477 843 1510 Mosi,
857 1477 1007 1506 crederetis

216 1530 245 1553 et
275 1525 342 1553 mihi
359 1534 365 1552 :
382 1533 445 1552 nam
473 1525 507 1552 de
537 1532 580 1552 me
597 1525 642 1552 ille
656 1524 810 1559 scripsit".
831 1534 840 1549 ›
870 1524 909 1551 Ac
925 1532 1006 1560 grave

215 1571 326 1606 quidem
340 1576 369 1598 et
383 1570 501 1598 arduum
526 1570 655 1598 censebat
675 1569 772 1602 Moses,
795 1569 900 1597 diutius
934 1569 1006 1598 ferre

218 1616 354 1644 lsraeiem.
372 1615 478 1643 Idcirco
490 1615 563 1643 Deus
580 1614 762 1643 sanetiticavit
773 1615 858 1642 etiam
874 1615 943 1642 alios
952 1623 1006 1642 nu-

217 1669 294 1689 mero
313 1661 497 1696 septuaginta,
527 1666 558 1688 ut
571 1662 627 1697 jam
641 1660 770 1688 diximus.
799 1661 866 1688 Nam
877 1662 921 1689 lex
936 1661 1005 1693 sola,

217 1708 296 1742 cuius
308 1710 402 1742 typum
421 1707 491 1742 gerit
504 1707 603 1739 Moses,
634 1715 715 1734 manu
735 1707 837 1735 ducere
846 1715 901 1734 non
922 1708 1004 1735 valet.

219 1753 295 1780 Unde
320 1756 349 1780 et
373 1752 418 1780 alii
433 1752 604 1788 septuaginta
621 1753 791 1788 deliguntur,
816 1753 863 1788 qui
882 1752 909 1781 id
932 1753 1006 1788 quod

217 1800 294 1826 deest
304 1799 462 1834 suppleam.
476 1804 505 1826 et
518 1799 602 1826 veluti
628 1798 656 1826 in
670 1806 787 1826 numero
805 1798 926 1833 perfecto
944 1806 1005 1826 cer-

218 1850 327 1873 nantur.
348 1845 422 1872 Hanc
433 1844 506 1872 enim
524 1843 719 1879 perfectionem
746 1843 881 1879 signiﬁcat
907 1852 1006 1872 nume-

218 1899 266 1919 rus
280 1890 512 1926 septuagenarius.
531 1890 567 1918 At
591 1890 704 1924 quinam
729 1894 793 1917 sunt
819 1890 1005 1926 septuaginta?

215 1938 268 1971 Qui
280 1936 475 1972 perCliristum
493 1940 554 1971 post
565 1934 657 1964 Mosen
672 1941 736 1964 sunt
751 1935 894 1966 constituti
905 1936 938 1964 ad
952 1936 1007 1964 du-

216 1983 334 2011 cendum
353 1982 496 2017 populum,
511 1989 628 2017 quorum
641 1982 769 2017 primitiae
792 1986 820 2010 et
835 1987 927 2017 patres
940 1987 1006 2010 sunt

215 2029 303 2056 sancti
328 2027 466 2063 discipuli.
492 2027 565 2054 Deus
583 2031 680 2054 autem
713 2026 815 2054 dicitur
837 2027 946 2056 auferre
970 2027 1005 2055 de

215 2074 312 2108 spiritu
326 2073 374 2108 qui
384 2078 426 2101 est
438 2073 465 2100 in
484 2073 567 2106 Mose,
583 2079 702 2107 eumque
725 2072 874 2100 immittere
904 2073 932 2100 in
946 2073 1003 2101 elc-

215 2124 274 2148 ctos
285 2128 340 2146 non
353 2119 434 2147 aliam
445 2119 481 2146 ob
492 2126 613 2151 causam,
625 2126 709 2153 quam
725 2123 755 2146 ut
765 2119 920 2152 credamus,
929 2120 1003 2155 quod

215 2166 288 2193 Deus
304 2173 359 2192 uno
369 2170 397 2193 et
408 2169 502 2193 sancto
514 2165 618 2200 Spiritu
638 2172 745 2197 omnes,
768 2169 796 2192 et
812 2166 858 2200 qui
874 2170 937 2194 ante
954 2174 1004 2194 nos

734 133 762 160 S.
783 134 919 161 CYRILLI
938 132 1172 161 ALEXANDIHNI
1192 134 1350 163 ARCHIEP.

221 192 442 225 mamlucassent,
459 192 634 227 interierunt.
652 193 719 220 Nam
738 193 809 221 Deus
832 193 879 220 dat
898 192 1005 228 quidem

1061 193 1115 220 τῶν
1148 194 1257 228 ἀγαθῶν
1284 195 1408 226 οὖδενδς,

1440 195 1506 222 ἀλλὰ
1531 194 1619 221 καίτοι
1651 195 1735 230 μετῆν
1759 197 1849 228 αὐτοῖς

1062 239 1195 270 πλουσίως
1211 241 1271 271 ταῖς
1287 240 1332 266 τοῦ
1350 240 1438 274 μάννα
1455 241 1597 276 χορηγίαις
1620 240 1790 277 ἀδιαϐλήτως
1806 242 1849 267 ἐν-

1040 303 1043 308 ι
1061 285 1176 320 τρυφᾷν,
1192 286 1280 320 κρεῶν
1295 285 1378 321 ὲρῶσι
1395 286 1442 313 καὶ
1460 286 1583 322 πράσιον,
1607 286 1718 317 σικυοὺς
1739 287 1786 313 καὶ
1801 287 1849 313 πέ-

1061 338 1145 361 πονας
1157 330 1330 364 ὀνομάζουσι,
1343 330 1474 365 κρόμμυὰ
1488 339 1516 356 τε
1531 330 1578 356 καὶ
1600 329 1722 365 σκόροδα.
1733 330 1850 364 Τοιγάρ-

1060 383 1100 400 τοι
1116 374 1260 408 φαγόντες,
1276 375 1327 401 oux
1343 375 1383 406 είς
1395 375 1504 410 μακρὰν
1516 374 1669 402 διολώλασι.
1689 375 1786 402 Δίδωσι
1801 375 1850 410 μὲν

1060 419 1114 456 γὰρ
1134 420 1184 455 τὴν
1198 420 1408 457 ὀρτυγομήτραν
1425 420 1501 453 Θεὸς,
1518 421 1567 448 οὐκ
1589 421 1708 448 ἐπαινῶν
1724 421 1773 456 τὴν
1791 422 1848 448 ἐπι-

1061 464 1174 500 Θυμίαν,
1191 464 1373 500 πληροφορῶν
1388 465 1415 492 δὲ
1432 465 1530 500 μᾶλλον
1550 466 1594 492 διὰ
1614 466 1795 501 πραγμάτων,
1812 465 1850 498 ὡς

1060 510 1135 538 οὐδὲν
1151 511 1291 547 ἀμήχανον
1305 511 1388 547 αὐτῷ.
1403 512 1520 544 Κολάζει
1537 512 1564 539 δὲ
1583 512 1652 547 μετὰ
1668 512 1746 538 τοῦτο
1758 511 1850 538 λοιπὸν

1059 556 1215 589 ἀκολούθως
1240 558 1367 594 αἰσχραῖς
1391 557 1534 590 ἐναλόντας
1556 558 1673 593 ἡδοναῖς.
1693 558 1850 585 Πεπόνοασί

1059 611 1087 629 τι
1107 602 1177 629 κατὰ
1191 603 1236 629 τὸν
1256 603 1306 638 τῆς
1321 603 1468 639 ἐπιδημίας
1482 603 1529 630 τοῦ
1547 605 1672 640 Σωτῆρος
1686 606 1702 640 ἡ
1708 604 1765 639 μῶν
1786 613 1847 631 και-

1061 649 1106 684 ρὸν
1121 650 1144 676 οἱ
1165 649 1278 682 τάλανες
1299 649 1432 677 Ἰουδαῖοι.
1454 650 1533 677 Σκια¹ι
1549 651 1602 686 γὰρ
1620 651 1722 677 τούτων
1745 651 1848 683 ἐκεῖνα,

1060 695 1107 722 καὶ
1123 695 1205 722 τύποι
1230 696 1460 731 προανεφαίνοντο
1480 696 1534 723 τῶν
1559 697 1679 732 ὑστέρων
1705 696 1740 723 τὰ
1764 697 1849 724 πάλαι

1061 741 1263 776 συμϐεϐηκότα.
1282 741 1454 777 Καοιγμένου
1470 743 1525 778 γὰρ
1542 744 1608 778 ἡμῖν
1637 743 1740 770 ἄνωθεν
1755 743 1801 770 καὶ
1819 743 1849 776 ἐξ

1059 785 1174 821 οὐρανοῦ
1192 786 1238 813 τοῦ
1253 786 1434 822 ἀληθεστέρου
1451 788 1548 822 μάννα,
1569 787 1699 823 Χριστοῦ,
1717 787 1763 815 καὶ
1777 789 1848 814 ἀπο-

1059 832 1170 867 τρέφειν
1193 833 1249 858 οἵου
1264 841 1306 866 τε,
1323 832 1369 859 καὶ
1385 833 1602 868 ὑπισχνουμένου
1622 834 1689 869 πρὶς
1707 835 1848 870 ἀμήρυτον

1023 868 1042 896 Β
1058 879 1140 915 ζωὴν,
1157 877 1210 906 ἐῶν
1236 880 1364 914 ἐπιγείων
1386 879 1435 916 τὴν
1452 880 1550 915 χρῆσιν
1575 880 1624 916 τὴν
1649 881 1720 907 κατὰ
1743 881 1846 916 κόσμον

1057 925 1166 960 ἀληθῶς
1191 926 1239 952 καὶ
1266 926 1450 961 ὑδαρεστατην
1477 926 1616 958 ἀσυνέτως
1650 926 1846 962 ἀνοῃρημένοι,

1058 970 1314 1006 προσκεκρούκασιν
1330 972 1498 1006 ἀναγκαίως,
1515 972 1562 999 καὶ
1583 972 1644 1007 οὐχὶ
1666 972 1698 1007 δὴ
1715 973 1786 1008 μόνῳ
1806 973 1847 1008 τῷ

1056 1016 1109 1042 τῶν
1123 1017 1190 1043 ὅλων
1202 1017 1271 1052 Θεῷ,
1282 1016 1349 1044 ἀλλὰ
1362 1018 1410 1044 καὶ
1420 1017 1494 1052 αὐτῴ
1507 1017 1539 1053 δὴ
1549 1017 1587 1052 τῷ
1599 1017 1734 1054 θεσπεσίῳ
1747 1019 1844 1054 Micon.

1057 1063 1214 1098 Γέγραπται
1237 1064 1302 1099 γὰρ,
1326 1064 1368 1090 ὅτι
1390 1073 1398 1089 ι
1424 1064 1480 1091 Καὶ
1505 1064 1632 1100 ἐθυμώθη
1654 1064 1756 1100 Κύριος
1776 1065 1846 1101 ὀργῇ

1057 1110 1097 1141 είς
1113 1109 1159 1137 τὸν
1175 1109 1238 1137 λαὸν
1254 1109 1350 1143 αὐτοῦ,
1365 1111 1414 1137 καὶ
1429 1110 1519 1137 ἔναντι
1537 1111 1622 1146 Μωσῇ
1636 1108 1670 1146 ἦν
1685 1111 1814 1147 πονηρόν.
1833 1121 1843 1137 ι

1058 1156 1173 1182 Ἐπεται
1185 1156 1240 1191 γὰρ
1255 1156 1299 1183 ἀεὶ
1311 1157 1371 1188 ταῖς
1385 1156 1431 1183 τοῦ
1445 1156 1514 1183 Θεοῦ
1529 1157 1640 1192 ψήφοις,
1662 1157 1717 1184 τῶν
1732 1157 1817 1191 ἁγίων
1831 1157 1847 1184 ὁ

1057 1201 1128 1233 νοῦς.
1139 1201 1200 1228 ’Ὁτι
1216 1201 1266 1237 μὲν
1279 1199 1325 1228 οὖν
1338 1202 1391 1228 τῶν
1404 1201 1507 1228 ἄνωθεν
1518 1202 1628 1236 ἀγαθῶν
1643 1202 1677 1229 τὰ
1691 1203 1848 1240 πρόσκαιρά

1057 1256 1086 1274 τε
1111 1247 1158 1274 καὶ
1178 1248 1298 1282 σαρκικὰ
1317 1248 1454 1284 προετίθει
1479 1248 1605 1283 πανταχῆ
1628 1248 1682 1276 τῶν
1712 1249 1846 1277 Ἰουδαίων

1057 1294 1071 1320 ὁ
1087 1294 1182 1329 δῆμος,
1201 1293 1335 1329 ἀναμάοοι
1350 1303 1391 1326 τις
1405 1293 1438 1321 ἃν
1455 1294 1486 1321 ἐκ
1498 1294 1546 1328 τῆς
1562 1295 1742 1330 εὐαγγελικῆς
1760 1303 1848 1330 παρα-

1057 1340 1148 1376 ϐολῆς.
1167 1341 1198 1367 Οί
1220 1341 1269 1376 μὲν
1286 1340 1341 1375 γὰρ
1360 1340 1585 1375 δειπνοκλήτορες
1601 1341 1770 1376 συναγείρειν
1784 1341 1848 1376 ῆοει

1058 1387 1102 1414 λον
1122 1388 1162 1418 είς
1174 1387 1238 1418 τοὺς
1250 1385 1367 1421 γάμους
1388 1386 1413 1412 ot
1428 1386 1455 1412 δὲ
1479 1386 1631 1421 ἁπῲχοντο,
1648 1386 1740 1422 φησὶν,
1753 1386 1782 1418 ὃς
1797 1385 1847 1421 μὲν

1058 1433 1104 1460 ἐπὶ
1118 1433 1164 1460 τὸν
1180 1433 1244 1459 ἴδιον
1264 1432 1360 1468 ἀγρὸν,
1377 1432 1406 1464 ὃς
1421 1432 1449 1459 δὲ
1473 1433 1520 1459 ἐπὶ
1534 1433 1584 1468 τὴν
1599 1433 1733 1468 ἐμπορίαν
1751 1432 1846 1461 αὑτοῦ.

1058 1479 1114 1505 Καὶ
1128 1477 1161 1514 ἦν
1184 1479 1201 1514 ἡ
1219 1479 1397 1514 παραίτησις,
1418 1478 1457 1514 τῷ
1473 1478 1533 1514 μὲν,
1553 1479 1593 1506 ὅτι
1608 1479 1730 1506 Γυναῖκα
1742 1479 1845 1515 ἔγημα,

1058 1524 1096 1559 τῷ
1114 1524 1152 1556 δὲ,
1171 1525 1213 1551 ὃτι
1234 1524 1330 1560 ’Δγρὺν
1344 1525 1480 1560 ἠγόρασα,
1504 1525 1551 1552 καὶ
1573 1526 1603 1552 οὺ
1617 1525 1731 1561 δύναμαι
1747 1525 1846 1553 ἐλθεῖν.

1059 1569 1122 1596 Ὅτι
1139 1569 1168 1596 δὲ
1191 1569 1238 1596 καὶ
1255 1569 1336 1602 αὐτὸς
1353 1570 1401 1605 τῆς
1415 1569 1469 1596 τῶν
1491 1570 1626 1597 Ἰουδαίων
1642 1570 1781 1603 ἀπειθείας
1796 1580 1847 1598 κα-

1057 1614 1230 1650 τακέκραγεν
1246 1616 1261 1642 ὁ
1283 1615 1398 1651 Μωσῆς,
1419 1615 1584 1644 πιστώσεται
1605 1616 1690 1651 λέγων
1711 1617 1726 1643 ὁ
1744 1617 1846 1653 Κύριος

1057 1661 1136 1696 ἡμῶν
1157 1661 1261 1697 Ἰησοῦς
1277 1662 1404 1698 Χριστός·
1425 1672 1435 1689 ι
1454 1663 1499 1698 Μὴ
1519 1662 1621 1690 δοκεῖτε
1644 1664 1685 1690 ὅτι
1704 1663 1760 1698 ἐγὼ
1779 1672 1846 1692 κατ-

1056 1707 1187 1743 ηγορήσω
1199 1708 1275 1743 ὑμῶν
1290 1708 1357 1743 πρὸς
1367 1707 1411 1734 τὸν
1425 1708 1546 1744 Πατέρα.
1558 1709 1651 1735 Ἔστιν
1659 1709 1672 1735 ὁ
1684 1710 1846 1745 κατηγορῶν

1058 1755 1134 1790 ὑμῶν
1150 1755 1268 1790 Μωσῆς,
1285 1755 1324 1786 είς
1338 1755 1368 1781 ὃν
1384 1755 1462 1790 ὑμεῖς
1479 1755 1621 1790 ὴλπίκατε.
1641 1756 1672 1782 El
1688 1755 1743 1791 γὰρ
1758 1756 1846 1792 Mm-

1057 1801 1167 1828 στεύετε
1181 1801 1266 1836 Μωσῇ
1278 1820 1285 1833 ,
1306 1801 1464 1828 ἐπιστεύετε
1485 1801 1518 1828 ἂν
1538 1801 1610 1837 ἐμοί·
1626 1801 1690 1837 περὶ
1704 1802 1757 1838 γὰρ
1776 1802 1845 1837 ἐμοῦ

1056 1847 1160 1878 ἐκεῖνος
1181 1845 1294 1881 ἔγραψε.
1317 1856 1326 1872 ι
1350 1846 1404 1873 Καὶ
1427 1846 1555 1882 φορτικὸν
1582 1847 1632 1882 μὲν
1656 1847 1717 1874 λίαν
1737 1849 1846 1882 ἡγεῖται

1057 1892 1176 1927 Μωσῆς,
1194 1892 1224 1918 τὸ
1249 1892 1411 1926 ὑπενεγκεῖν
1435 1893 1476 1919 ἔτι
1498 1893 1628 1921 δύνασθαι
1654 1895 1698 1921 τὸν
1725 1894 1843 1930 Ἰσραήλ.

1063 1937 1207 1972 Ἡγιάζετο
1221 1938 1249 1964 δὲ
1271 1939 1286 1964 ὁ
1305 1937 1370 1970 Θεὸς
1394 1938 1504 1974 ἐτέρους
1528 1939 1573 1966 τὸν
1594 1939 1711 1976 ἀριθμὸν
1728 1941 1844 1976 ἐῧδομή-

1057 1991 1149 2016 κοντα,
1164 1983 1291 2020 καθάπερ
1310 1984 1361 2020 ἤδη
1378 1985 1554 2020 προείπομεν.
1569 1986 1657 2018 Μόνος
1675 1987 1730 2023 γὰρ
1741 1987 1815 2022 ἡμᾶς
1829 1988 1845 2013 ὁ

1055 2030 1154 2065 νόμος,
1175 2027 1205 2057 οὗ
1228 2031 1275 2058 καὶ
1297 2031 1381 2063 τύπος
1402 2032 1481 2058 νοοίτ’
1505 2033 1538 2059 ἂν
1557 2032 1671 2065 εἰκότως
1691 2034 1706 2059 ὁ
1728 2033 1843 2068 Μωσῆς,

1055 2078 1236 2112 χειραγωγεῖν
1250 2077 1298 2113 οὐχ
1320 2075 1376 2109 οἷός
1393 2086 1433 2104 τε.
1451 2079 1586 2114 Ταύτῃτοι
1604 2081 1651 2106 καὶ
1665 2080 1754 2116 ἕτεροι
1768 2081 1844 2108 ἑϐδο-

1056 2122 1179 2157 μήκοντα
1198 2122 1414 2157 χειροτονοῦνται
1431 2124 1534 2156 πολλοὶ,
1561 2124 1591 2151 τὸ
1606 2125 1726 2153 ἐλλεῖπον
1747 2127 1844 2163 ἐκείνῳ

1056 2167 1254 2203 πληρώσοντες,
1268 2169 1315 2201 καὶ
1333 2168 1371 2201 ὡς
1391 2171 1420 2196 ἐν
1443 2170 1538 2206 τελείῳ
1557 2172 1707 2207 πεφήνασιν
1722 2173 1843 2208 ἀριθμῷ.

215 2212 336 2244 fuerunt,
350 2216 378 2239 et
389 2219 439 2239 nos
452 2210 611 2242 sanctiﬁcet.
632 2210 713 2246 295
723 2210 859 2244 Quoniam
875 2211 949 2239 enim
960 2216 1003 2238 est

1055 2211 1138 2238 Τοῦδε
1152 2212 1206 2249 γὰρ
1221 2213 1254 2240 ἂν
1270 2214 1312 2250 εῐη
1343 2215 1511 2250 σημαντικὸν
1524 2237 1531 2248 ,
1548 2216 1562 2242 ὸ
1578 2216 1763 2253 ἐϐδομήκοντα
1783 2219 1842 2254 ἀρι-

215 2265 286 2285 unus
297 2258 387 2290 Pater,
403 2265 474 2285 unus
487 2257 553 2284 item
570 2256 665 2289 Filius,
681 2256 719 2285 ita
730 2264 840 2292 quoque
857 2265 928 2285 unus
944 2257 1004 2293 Spi-

215 2302 285 2330 ritus
295 2306 416 2335 sanctus,
430 2303 476 2336 qui
494 2302 522 2329 in
536 2302 678 2337 prophetis
691 2305 719 2329 et
733 2303 760 2329 in
773 2303 854 2331 nobis
868 2311 940 2331 unus
950 2308 1002 2331 est.

214 2347 282 2376 Cum
297 2356 363 2383 ergo
379 2356 450 2376 unus
462 2347 508 2380 sit,
527 2347 604 2375 nullo
618 2348 700 2376 modo
721 2348 872 2376 secundum
888 2349 1002 2377 divisio-

215 2401 276 2421 nem
300 2394 467 2429 intelligatur
489 2394 517 2421 in
550 2394 665 2428 multis;
689 2395 737 2422 sed
764 2399 807 2422 est
833 2395 1001 2428 individuus,

213 2439 296 2470 etiam
317 2440 344 2467 in
355 2440 500 2475 multiplici
513 2440 649 2468 donorum
664 2440 870 2474 distributione,
892 2445 920 2469 et
940 2449 1003 2476 per-

213 2486 283 2513 fecte
302 2493 331 2513 se
351 2485 457 2514 habens
467 2485 494 2513 in
514 2486 651 2514 omnibus.
671 2486 879 2515 Observandum
908 2493 1000 2516 autem

213 2536 265 2564 est,
274 2531 348 2566 quod
358 2531 440 2566 hujus
447 2532 567 2560 universi
574 2533 647 2561 Deus
654 2533 766 2569 jusserit
777 2533 889 2569 quidem
899 2534 1001 2570 eligere

213 2584 328 2605 numero
354 2577 532 2613 septuaginta.
553 2577 690 2606 Caeterum
714 2578 758 2606 hic
787 2587 921 2607 numerus
945 2587 1001 2608 non

213 2622 375 2657 completur.
393 2622 543 2650 Defuerunt
553 2623 627 2650 enim
641 2623 708 2657 duo,
727 2623 824 2653 Modad
848 2629 877 2653 et
901 2625 998 2653 Eldad.

213 2667 375 2695 Deﬁcientes
399 2672 491 2696 autem
513 2668 596 2695 etiam
618 2668 669 2696 bos
694 2669 780 2704 replet
792 2669 865 2698 Deus
884 2668 998 2705 Spiritu.

213 2714 413 2749 Prophetarum
429 2714 503 2742 enim
534 2714 561 2741 in
590 2715 696 2742 castris.
730 2715 929 2751 Undequidam
952 2717 1000 2752 qui

211 2760 285 2788 circa
316 2760 409 2788 Mosen
427 2765 505 2788 erant
523 2767 572 2788 eos
600 2761 780 2794 aemulantur,
795 2767 823 2790 et
841 2762 1000 2790 submoveri

245 2848 267 2864 "
283 2847 363 2876 Num.
382 2857 417 2884 xt,
438 2849 477 2876 10.
516 2849 539 2865 ³⁸
552 2850 647 2878 Matth.
667 2859 721 2885 xxv,
737 2851 829 2879 iG-tli.

1056 2257 1136 2293 θμός.
1154 2259 1209 2286 Καὶ
1219 2258 1290 2291 τίνες
1309 2257 1381 2287 οὗτοι
1397 2259 1429 2295 δὴ
1443 2261 1524 2288 πάλιν
1534 2271 1541 2296 ;
1553 2262 1584 2289 Oi
1597 2263 1666 2298 μετὰ
1680 2264 1780 2291 Μωσὲα
1799 2265 1843 2292 διὰ

1053 2303 1173 2338 Χριστοῦ
1195 2303 1264 2340 πρὸς
1281 2304 1311 2331 τὸ
1335 2304 1517 2341 καθηγεῖσθαι
1535 2309 1783 2344 παρενηνεγμένοι,
1804 2307 1842 2338 ὧν

1053 2348 1100 2375 καὶ
1110 2349 1223 2385 ἀπαρχὴ
1235 2350 1282 2377 καὶ
1303 2351 1422 2386 πατέρες
1435 2353 1459 2378 οἱ
1480 2352 1618 2380 θεσπέσιοι
1635 2353 1763 2389 μαθηταί.
1783 2356 1842 2390 Ἀψ

1053 2395 1123 2421 ελεῖν
1142 2396 1171 2423 δέ
1190 2396 1298 2431 λέγεται
1315 2397 1381 2429 Θεδς
1399 2399 1453 2425 ἀπὸ
1469 2399 1517 2426 τοῦ
1533 2400 1690 2436 πνεύματος
1706 2401 1752 2428 τοῦ
1765 2403 1843 2434 ὄντος

1053 2442 1100 2469 ἐπὶ
1116 2442 1229 2475 Μωσέα,
1246 2443 1294 2470 καὶ
1316 2444 1416 2471 ἐνεῖναι
1436 2447 1493 2478 τοῖς
1506 2446 1716 2482 ἐξειλεγμένοις,
1730 2450 1777 2476 καὶ
1791 2450 1842 2484 οὐχ

1052 2489 1146 2525 ἐτέρου
1159 2497 1206 2516 του
1219 2490 1307 2525 χάριν.
1324 2490 1341 2526 ἢ
1361 2490 1403 2518 ἵνα
1420 2492 1610 2529 πιστεύσωμεν
1623 2494 1666 2521 ὅτι
1681 2495 1721 2531 τῷ
1739 2496 1779 2522 ἐνὶ
1794 2496 1842 2523 καὶ

1051 2535 1121 2570 ἁγίῳ
1138 2535 1291 2571 Πνεύματι,
1304 2536 1367 2568 τούς
1381 2545 1412 2563 τε
1427 2537 1481 2572 πρὸ
1496 2539 1576 2574 ἡμῶν
1596 2540 1690 2574 ἁγίους
1704 2542 1751 2568 καὶ
1767 2542 1842 2578 ἡμᾶς

1049 2581 1148 2612 αὐτοὺς
1163 2580 1273 2615 ἁγιάζει
1282 2581 1358 2614 Θεός.
1375 2583 1480 2618 ’Ὥσπερ
1496 2584 1551 2620 γὰρ
1564 2582 1605 2617 εἷς
1618 2587 1693 2614 ἐστιν
1706 2588 1720 2614 ὁ
1734 2588 1839 2623 Πατὴρ.

1051 2622 1092 2657 εἷς
1106 2625 1133 2652 δὲ
1148 2626 1248 2661 ὁμοίως
1263 2627 1310 2653 καὶ
1323 2628 1337 2653 ὁ
1353 2627 1426 2660 reg,
1444 2628 1516 2655 οὕτω
1531 2630 1578 2657 καὶ
1595 2630 1625 2658 ἓν
1640 2631 1670 2658 τὸ
1686 2631 1797 2667 Πνεῦμα
1810 2622 1841 2659 εδ

1052 2671 1129 2707 ἃγιον
1141 2692 1147 2703 ,
1168 2672 1199 2698 τό
1211 2680 1241 2698 τε
1255 2673 1283 2699 ἐν
1307 2674 1462 2709 προφήταις
1486 2674 1514 2701 ἓν
1530 2675 1577 2702 καὶ
1600 2677 1630 2703 ἐν
1651 2678 1729 2712 ἡμῖν.
1747 2679 1795 2705 Ἐν
1811 2678 1840 2705 δί

1052 2716 1185 2752 ὑπάρχον,
1199 2717 1230 2743 οὐ
1251 2717 1321 2745 κατὰ
1348 2719 1480 2754 διαίρεσιν
1502 2721 1531 2748 ἐν
1551 2721 1659 2755 πολλοῖς
1680 2723 1790 2750 ἐννοοίτ⁹
1806 2723 1840 2751 ἂν

1052 2762 1174 2796 εἰκότως,
1187 2762 1243 2789 ἀλλ’
1258 2763 1332 2790 ἐστιν
1344 2764 1492 2800 ἀμέριστον
1504 2767 1552 2794 καὶ
1565 2768 1594 2795 ἐν
1608 2768 1692 2804 πολλῇ
1706 2770 1841 2805 χαρισμά-

868 2851 889 2867 “7
905 2851 982 2878 Joan.
1004 2860 1030 2886 v,
1047 2852 1091 2884 i5,
1112 2852 1154 2879 46.
