1999 3056
121 186 174 217 ως

623 188 885 217 GLAPHYRORUM
906 189 939 216 IN
959 188 1102 217 EXODUM
1123 189 1186 216 LIB.
1208 189 1240 216 l1.

1703 188 1755 218 £66

121 253 176 271 των
189 244 315 280 διανομῇ,
332 244 378 271 καὶ
395 231 506 278 τελείως
524 246 586 282 ἔχον
599 247 629 274 ὲν
649 248 741 274 πᾶσιν.
765 246 911 283 Ἐπιτηρη-

964 248 1067 276 debere
1092 248 1229 276 dieebant.
1255 248 1353 275 Verum
1374 247 1397 274 is
1419 245 1572 281 praevidens
1594 247 1752 282 mysterium

121 291 181 316 τέον
192 290 231 321 δὲ,
247 290 289 317 ὃτι
300 290 345 316 τὸν
359 291 474 327 ἀριθμὸν
484 292 668 329 ἑϐδομήκοντα
682 293 744 325 τοὺς
754 292 909 328 ἐξειλεγμέ-

121 344 183 367 νους
199 335 370 371 συναγείρειν
385 337 513 364 ἐκέλευεν
526 338 541 364 ό
555 337 608 365 τῶν
623 337 691 365 ὅλων
709 338 786 369 Θεός.
806 337 913 374 ’Λθροί-

122 381 198 412 ςεται
211 381 239 407 δὲ
253 383 309 409 οὐκε
324 381 365 413 εἰς
381 382 485 418 πλῆρες
499 383 629 419 ἀριθμός.
655 383 842 411 Ἐλλελεξπασι
858 383 913 419 γὰρ

120 426 182 459 δύο,
203 426 303 454 Μωδὰδ
319 427 367 454 κα)⁸
391 427 494 454 ⁸Ελδὰδ.
517 428 725 464 ’Υστερίζοντας
743 428 771 455 δὲ
787 429 832 456 καὶ
852 428 912 456 τούμ-

120 481 182 504 τους
195 472 297 508 ἑπίπλη
313 473 379 506 Θεὸς
387 474 434 500 τοῦ
449 475 617 510 Πνεύματος.
630 476 842 511 Προεφήτευσσν
858 475 912 512 γὰρ

120 518 150 544 ἐν
163 521 196 555 τῇ
214 520 387 556 παρεμϐολῇ.
406 521 461 548 Καὶ
482 521 594 556 ζηλοῦσι
612 522 662 557 μέν
677 531 749 554 τινες
770 522 824 549 τῶν
841 523 913 558 ἀμφὶ

120 565 234 598 Μωσέα,
250 567 298 593 καὶ
314 566 346 602 δὴ
362 567 410 594 καὶ
431 567 571 603 εἴργεσθαι
586 568 642 594 δεῖν
657 568 777 602 ἔφασκον
800 568 911 601 αὐτούς.

125 608 155 635 '0
170 609 200 635 δὲ
215 610 245 636 τὸ
259 610 306 636 τοῦ
323 611 442 646 Χριστοῦ
456 611 637 647 προαναθρῶν
654 614 814 651 μυστήριον,
835 624 844 640 ι
863 614 913 646 Τίς

121 652 177 688 δῴη
190 673 196 685 ,
209 653 286 688 φησὶ,
301 655 340 690 τῷ
361 655 418 690 λαῷ
435 656 539 690 Κυρίου
556 657 709 692 προφήτας,
727 657 791 685 ὅταν
804 658 841 693 δῷ
857 659 914 685 Κύ-

121 707 179 734 ριος
203 699 234 726 τὸ
249 701 358 736 πνεῦμα
375 702 457 728 αὑτοῦ
474 702 517 728 ἐπ’
539 702 657 734 αὐτούς
675 713 684 729 ι
711 704 867 739 Συνὴσομεν
885 705 913 732 δὲ

121 744 167 770 καὶ
177 744 222 771 διὰ
239 745 350 779 τούτων,
365 747 406 774 ὃτι
421 748 642 783 σεσαγήνευκενδ
659 748 751 784 νόμος,
768 750 815 776 καὶ
829 759 914 784 προσ-

120 789 232 824 εκόμιζε
271 790 311 826 τῷ
338 791 399 827 Θεῷ
423 793 632 828 παιὼγωγῆσαι
672 794 787 826 πολλοὺς
810 795 855 822 ἐπὶ
883 795 913 821 τὸ

119 835 239 870 Χριστοῦ
262 838 421 872 μυστήριον.
443 839 517 873 Πλὴν
541 839 572 866 οὑ
591 839 697 871 πάντας
715 840 912 875 προσκομίζειν

118 878 174 912 οἷός
188 889 218 907 τε
231 879 276 917 ἦν·
292 883 485 919 ὑστερίζοντας
500 885 547 912 καὶ
559 885 670 918 τούτους
687 886 799 920 ἡγίασεν
814 887 828 913 ὁ
841 887 910 921 Χρι-

119 926 191 958 στός.
208 927 366 962 Κέκληνται
390 929 440 964 μὲν
453 930 507 966 γὰρ
528 931 552 957 οἱ
576 931 606 964 ἐξ
629 931 715 958 ἐθνῶν
729 931 776 958 ἐπὶ
797 931 845 967 τὴν
861 932 910 966 τῆς

118 971 249 1008 ἀληθείας
264 974 423 1009 ἐπίγνωσιν,
442 977 472 1002 οὐ
488 977 532 1003 διὰ
547 977 669 1010 Μωσέως
687 977 703 1013 ἦ
718 977 812 1013 νόμου,
830 978 910 1005 δυνά-

120 1027 166 1053 μει
175 1019 204 1046 δὲ
217 1020 318 1055 μᾶλλον
332 1023 366 1057 τῇ
379 1022 426 1048 τοῦ
440 1022 507 1049 Θεοῦ
521 1024 567 1050 καὶ
582 1023 698 1058 Πατρὺς,
708 1024 911 1051 ἀποκαλύπτον-

118 1073 163 1096 τος
174 1067 231 1097 τοῖς
245 1067 389 1101 ἀγνοοῦσιν
406 1068 489 1094 αὑτοῦ
507 1069 556 1105 τὴν
571 1067 640 1096 ἰδίαν
663 1069 768 1102 εἰκόνα,
785 1072 910 1098 τουτέστι

118 1110 164 1138 τὸν
186 1112 260 1138 Υἰὸν·
282 1113 469 1148 κεκλημένους
485 1114 513 1141 δὲ
530 1115 577 1142 καὶ
599 1115 694 1150 ἁγίους
717 1116 802 1142 ἐτίθει
825 1125 910 1143 κατα-

118 1157 204 1192 χρίων
225 1158 265 1193 τῷ
287 1159 433 1194 πνεύματι.
457 1161 512 1187 Καὶ
533 1159 646 1196 ζηλοῦσι
673 1161 722 1196 μὲν
743 1162 768 1188 οὶ
784 1162 812 1188 ὲν
834 1162 911 1197 νόμῳ

117 1203 182 1236 τοὺς
205 1205 234 1230 ὲν
258 1204 371 1240 Χριστῷ
388 1205 435 1232 καὶ⁹
452 1207 481 1232 ἐν
503 1206 594 1233 πίστει
619 1207 848 1242 δεδικαιωμένους
863 1208 911 1235 καὶ

117 1250 303 1286 ἡγιασμένους
324 1252 354 1278 ἐν
372 1251 519 1287 πνεύματι.
537 1251 609 1287 Πλὴν
632 1252 760 1288 ἐγεγήοει
781 1254 795 1280 ὁ
808 1254 909 1288 Μωσῆς

118 1297 300 1331 προεγνωκὼς
322 1297 352 1324 τὸ
372 1298 534 1333 μυστήριον.
557 1299 662 1326 Οὐκοῦν
682 1299 712 1325 οὺ
735 1299 865 1335 φρονοῦσι
877 1300 911 1328 τὰ

116 1342 251 1375 Μωσέως,
269 1342 412 1379 ζηλοῦντες
429 1345 540 1376 ἀτόπως
554 1345 617 1376 τοὺς
638 1345 733 1379 ἁγίους
754 1346 785 1372 ὲν
799 1346 911 1382 Χριστῷ

117 1387 173 1415 τῶν
197 1389 331 1416 Ἰουδαίων
355 1391 380 1416 oi.
399 1390 494 1425 δῆμοι.
522 1391 779 1427 ’Δναμηρυσάμενοι
805 1392 837 1428 δὴ
863 1390 909 1420 οὖν

117 1434 214 1469 ὥσπερ
227 1436 265 1467 εἰς
280 1436 310 1462 τὸ
324 1436 353 1462 ὲν
371 1436 468 1471 ἀρχαῖς
478 1436 524 1462 τὸν
536 1436 628 1470 λόγον,
640 1437 729 1464 ἐκεῖνό
741 1446 841 1473 φαμεν·
865 1439 908 1465 Ἐν

119 1480 169 1515 μὲν
181 1480 220 1516 τῷ
233 1481 334 1517 πρώτῳ
347 1481 486 1516 κεφαλαίῳ
498 1482 663 1510 διεδείκνυτο
679 1483 783 1517 σαφῶς,
795 1484 835 1510 ὅτι
848 1493 912 1520 σαρρ

117 1526 195 1557 aut;
214 1527 263 1561 μὲν
278 1526 319 1554 ἔτι
331 1527 385 1553 τῶν
402 1527 536 1554 Ἰουδαίων
547 1528 562 1554 ὁ
581 1528 677 1564 δῆμος.
697 1529 810 1564 Ἕτερος
820 1530 848 1556 δὲ
863 1531 910 1557 καὶ

117 1573 289 1610 ἁγιοπρεπὴς
304 1573 351 1601 καὶ
368 1574 487 1609 ἀμείνων
501 1573 610 1609 ἀληθῶς
623 1575 638 1601 ὸ
650 1575 703 1601 τῶν
717 1576 745 1602 ἐν
761 1576 851 1602 πίστει
864 1577 909 1603 καὶ

117 1621 147 1646 ὲν
162 1620 281 1656 Χριστῷ,
297 1621 345 1647 καὶ
354 1622 395 1648 ὅτι
415 1622 493 1648 σκιὰν
507 1621 626 1657 ἐπλήρου
641 1623 688 1649 καὶ
699 1622 783 1649 τύπον
798 1623 852 1650 τῶν
863 1623 908 1650 διὰ
923 1611 943 1639 c

117 1665 238 1701 Χριστοῦ
254 1666 433 1701 χαρισμάτων
445 1666 475 1692 τὺ
491 1667 579 1701 μάννα
600 1666 630 1693 τὸ
647 1666 785 1702 αἰσθητόν.
807 1667 908 1693 Ἐδιδιι-

119 1711 243 1747 adpetit:
258 1712 286 1739 δὲ
306 1713 373 1748 πρὸς
392 1712 508 1744 τούτοις,
526 1713 568 1740 ὅτι
588 1713 636 1740 ἐὰν
659 1712 708 1744 τὰς
721 1713 804 1748 νόμου
829 1713 908 1745 σκιὰς

118 1758 165 1784 καὶ
180 1758 249 1792 μετὰ
260 1759 356 1794 χρόνον
372 1759 468 1791 αὑταῖς
491 1759 601 1794 ἕτοιμον
620 1759 812 1794 φυλάττωμεν,
827 1768 910 1795 προσ-

118 1803 272 1838 κρούσομεν
294 1804 333 1839 τῷ
356 1804 431 1840 Θεῷ,
461 1804 581 1840 ἐσόμεθα
606 1804 635 1831 δὲ
662 1804 708 1831 καὶ
735 1805 827 1837 αὐτοῖς
854 1806 911 1837 τοῖς

118 1849 208 1882 ἁγίοις
229 1849 432 1885 ἀπηχθημένοι.
456 1849 694 1885 Κατεπικραίνετο
715 1849 769 1885 γὰρ
790 1850 836 1876 ἐπὶ
855 1852 911 1883 τοῖς

117 1902 182 1929 τετη
188 1894 283 1929 ρηκόσι
296 1895 326 1921 τὸ
339 1895 426 1929 μάννα
440 1895 454 1921 ὸ
466 1895 577 1930 Μωσῆς.
602 1895 646 1921 Ἐν
658 1895 686 1922 δὲ
701 1896 757 1927 τοῖς
773 1895 912 1930 δευτέροις

963 294 1085 322 Christi:
1101 304 1109 319 ι
1125 293 1255 327 Quisdet,
1268 293 1505 329 inquit,utomnis
1523 293 1752 328 populusDomini

964 341 1118 375 prophetet,
1131 340 1242 375 quando
1257 339 1364 367 dederit
1378 339 1510 367 Dominus
1523 336 1656 374 Spiritum
1672 347 1753 367 suum

964 386 991 413 in
1011 394 1058 414 eos
1083 386 1122 421 'ﬂ?
1137 395 1145 411 ι
1173 385 1357 421 lntelligemus
1386 389 1478 413 autem
1505 392 1538 412 ex
1556 384 1599 411 his
1618 385 1691 419 quod
1711 385 1754 413 lex

964 433 1065 459 multos
1079 431 1183 466 ceperit
1197 436 1226 458 et
1240 430 1385 458 adduxerit
1408 431 1464 457 Deo
1479 430 1514 457 ad
1524 429 1626 458 Christi
1650 435 1753 465 myste-

965 477 1036 504 rium
1052 477 1191 505 erudiens.
1209 476 1346 504 Cancrum
1365 483 1419 503 non
1440 483 1536 503 omnes
1553 475 1690 503 adducere
1707 483 1755 507 po-

964 523 1042 551 tuit:
1074 523 1234 551 deﬁcientes
1259 528 1351 550 autem
1376 522 1460 550 etiam
1490 522 1540 549 hos
1572 521 1754 550 sanetil‘reavrt

962 569 1098 597 Christus.
1119 569 1214 597 Vocati
1227 569 1300 597 enim
1317 573 1381 596 sunt
1393 577 1426 596 ex
1435 568 1563 604 gentibus
1579 568 1612 595 ad
1630 568 1755 595 veritatis

963 614 1158 650 cognitionem,
1178 622 1233 642 non
1250 622 1299 650 per
1312 614 1404 642 Mosen
1426 617 1473 641 aut
1486 614 1584 648 legem,
1599 614 1646 641 sed
1662 614 1754 648 potius

962 660 1066 687 virtute
1082 660 1128 687 Dei
1148 667 1180 687 ac
1203 659 1302 692 Patris,
1322 659 1369 694 qui
1397 659 1587 694 ignorantibus
1622 658 1754 686 revelavit

963 712 1041 732 suam
1070 705 1228 740 imaginem,
1245 705 1298 732 hoc
1318 708 1360 732 est
1388 705 1486 731 Filium
1506 713 1511 730 :
1531 708 1642 732 vocatos
1661 709 1752 732 autem

963 755 1072 779 sanctos
1099 752 1182 779 etiam
1205 751 1298 779 effecit
1326 758 1431 786 angens
1454 751 1563 786 spiritu.
1579 752 1613 778 At
1637 751 1684 786 qui
1701 751 1752 778 sub

963 797 1022 832 lege
1034 803 1098 825 sunt
1123 798 1286 825 aemulantur
1302 797 1361 824 illos
1383 797 1430 831 qui
1465 797 1491 824 in
1509 796 1617 824 Christo
1631 802 1710 829 sunt,
1726 801 1753 824 et

965 843 1017 871 ﬁde
1029 844 1170 879 justiﬁcati
1190 843 1406 878 sanetiiicatique
1421 843 1530 878 spiritu.
1545 843 1679 871 Caeterum
1704 851 1752 878 ga-

964 890 1039 918 visus
1054 895 1096 918 est
1110 890 1198 918 Moses
1210 889 1375 925 praecognita
1386 890 1525 925 mysterio.
1542 889 1600 916 Non
1613 889 1695 925 igitur
1708 898 1751 916 sa—

964 935 1042 970 piunt
1058 944 1089 963 ea
1099 943 1160 971 quae
1172 935 1253 962 Mosis
1268 939 1333 963 sunt
1357 935 1449 970 populi
1467 935 1623 962 Judzeorum
1645 939 1752 963 sanctos

963 982 1066 1010 Christi
1092 981 1263 1010 aamulantes.
1280 981 1452 1010 Revocantes
1480 981 1571 1016 itaque
1597 989 1751 1009 sermonem

964 1028 998 1056 ad
1014 1029 1040 1056 id
1065 1028 1139 1063 quod
1156 1027 1235 1055 initio
1254 1027 1401 1063 agebatur,
1430 1027 1549 1055 dicimus
1561 1028 1650 1062 primo
1664 1028 1752 1062 capite

964 1079 1058 1109 aperte
1074 1079 1215 1101 ostensum
1236 1081 1297 1100 esse
1317 1073 1390 1108 quod
1409 1073 1566 1101 Iudaeorum
1591 1073 1708 1108 populus
1718 1073 1753 1100 sit

964 1118 1239 1148 carnalisJDiversus
1254 1122 1346 1145 autem
1355 1126 1387 1146 ac
1402 1126 1497 1146 revera
1518 1118 1614 1145 melior
1638 1118 1684 1145 ille
1705 1118 1752 1152 qui

964 1166 991 1193 in
1005 1165 1058 1192 ﬁde
1083 1169 1112 1192 et
1127 1165 1154 1191 in
1172 1165 1294 1197 Christo,
1317 1165 1382 1200 quia
1407 1164 1475 1192 illud
1499 1164 1629 1191 sensibile
1653 1171 1752 1191 manna

963 1211 1144 1239 adumbrabat
1170 1216 1197 1239 et
1222 1215 1315 1247 typum
1333 1211 1445 1247 gerebat
1476 1210 1612 1238 donorum
1639 1209 1752 1237 Christi.

964 1257 1112 1285 Docuimus
1126 1262 1259 1293 prmterea
1272 1257 1346 1292 quod
1361 1257 1383 1284 si
1395 1256 1464 1291 legis
1477 1255 1589 1283 umbras
1613 1263 1754 1283 servemus

963 1304 1045 1332 etiam
1068 1309 1129 1338 post
1143 1309 1250 1338 tempus
1273 1303 1340 1338 ipsis
1365 1303 1548 1333 conveniens,
1582 1302 1755 1329 oil‘endemus

964 1350 1061 1381 Deum,
1076 1350 1178 1378 sanctis
1197 1357 1262 1376 vero
1273 1349 1340 1384 ipsis
1347 1348 1433 1376 odiosi
1447 1356 1542 1376 sumus
1552 1348 1647 1375 futuri.
1664 1347 1754 1382 Siqui-

964 1395 1025 1422 dem
1039 1399 1080 1422 'et
1107 1395 1196 1422 Moses
1219 1395 1277 1429 ipse
1297 1394 1384 1421 iratus
1392 1393 1444 1420 fuit
1459 1393 1500 1420 eis
1518 1393 1566 1427 qui
1582 1395 1754 1420 reservarent

963 1449 1064 1468 manna
1075 1441 1103 1468 in
1116 1441 1278 1469 crastinum.
1292 1440 1321 1467 lu
1331 1439 1532 1475 posterioribus
1547 1443 1638 1466 autem
1653 1437 1752 1472 capiti-

964 1487 1016 1515 bus
1029 1487 1173 1514 hocunum
1189 1490 1231 1514 est
1244 1486 1349 1518 videre,
1367 1485 1441 1520 quod
1459 1484 1547 1513 Judzei
1572 1487 1752 1511 contemnen-

965 1537 1006 1560 tes
1030 1532 1171 1567 spirituale
1185 1539 1294 1561 manna,
1319 1536 1400 1565 atque
1417 1534 1573 1558 avertentes
1586 1534 1643 1556 se‘a
1671 1528 1754 1555 rebus

963 1577 1122 1605 ccelestibus
1132 1584 1181 1612 per
1192 1576 1332 1604 Christum
1345 1575 1453 1608 oblatis,
1465 1574 1574 1607 ,addieti
1589 1582 1655 1602 vero
1663 1574 1754 1608 potius

962 1623 1079 1651 terrenis
1089 1627 1118 1651 et
1136 1623 1352 1657 intemperanter
1365 1622 1444 1649 tetris
1456 1621 1644 1655 voluptatibus
1670 1619 1752 1651 aﬂixi,

961 1668 1062 1704 insigni
1077 1668 1154 1695 clade
1174 1667 1315 1702 perierint.
1339 1667 1422 1702 296
1439 1665 1588 1701 Oportebat
1603 1665 1677 1692 enim
1696 1672 1754 1691 om-

962 1714 1028 1742 nino
1039 1714 1146 1749 potiora
1153 1714 1254 1741 habere
1267 1713 1369 1745 divina,
1383 1716 1411 1740 et
1421 1712 1474 1740 ﬂde
1487 1711 1616 1747 amplecti
1630 1711 1753 1738 omnium

959 1763 1085 1787 nostrum
1112 1759 1287 1786 Salvatorem-
1302 1766 1335 1786 ac
1362 1757 1584 1793 Redemptorem,
1613 1756 1753 1783 Christum

960 1805 1084 1840 inquam,
1100 1812 1149 1839 per
1163 1811 1246 1840 quem
1265 1808 1292 1831 et
1308 1811 1371 1830 eum
1389 1811 1443 1839 quo
1457 1803 1547 1839 gloria
1557 1802 1613 1830 Deo
1636 1809 1668 1829 ac
1679 1801 1753 1828 Patri

961 1858 1024 1878 cum
1050 1855 1144 1879 sancto
1161 1850 1265 1886 Spiritu
1291 1857 1364 1877 nunc
1375 1854 1403 1878 et
1421 1857 1532 1884 semper
1560 1848 1630 1875 etin
1655 1847 1754 1874 smcula

962 1897 1136 1924 saeculorum.
1151 1896 1247 1923 Amen.

118 1942 224 1968 ἔνεστιν
246 1942 328 1975 ἰδεῖν,
353 1943 395 1969 ὃτι
417 1943 448 1969 τὸ
469 1943 556 1978 μάννα
574 1943 604 1970 τὸ
625 1944 720 1979 νοητὸν
734 1944 914 1978 ἀτιμάζοντες
937 1944 1071 1976 Ἰουδαῖοι,
1093 1944 1140 1970 καὶ
1172 1944 1426 1976 ἁποσπουδάζοντες
1451 1942 1500 1977 μὲν
1520 1942 1554 1970 τὰ
1573 1941 1676 1968 ἄνωθεν
1707 1941 1758 1967 καὶ

118 1988 164 2015 διὰ
181 1988 313 2024 Χριστοῦ,
330 1990 560 2026 προσκεκλιμένοι
576 1990 605 2017 δὲ
623 1990 719 2026 ὥσπερ
750 1991 805 2022 τοῖς
827 1990 1035 2026 γεωδεστέροις,
1060 1991 1104 2018 καὶ
1138 1991 1293 2023 νενευκότες
1316 1991 1441 2026 ἀμέτρως
1477 1990 1524 2016 ἐπὶ
1555 1989 1604 2020 τὰς
1626 1989 1753 2019 δυσώδεις

118 2035 233 2069 ἡδονὰς,
257 2036 401 2071 ἐπισήμως
431 2036 601 2064 διολώλασιν.
623 2037 697 2064 ’Ἔδει
720 2037 775 2073 γὰρ
800 2037 908 2069 πάντως
927 2037 1053 2072 ἡγεῖσθαι
1070 2037 1119 2073 μὲν
1152 2038 1179 2063 ἐν
1196 2037 1320 2072 ἀμείνοσι
1344 2036 1378 2063 τὰ
1397 2036 1473 2072 παρὰ
1490 2035 1570 2066 Θεοῦ,
1604 2034 1754 2069 στεφανοῦ-

118 2082 183 2109 σθαι
201 2083 229 2109 δὲ
248 2084 282 2118 τῇ
302 2083 392 2110 πίστει
412 2084 458 2110 τὸν
473 2084 599 2111 ἁπάντων
622 2084 699 2119 ὴμῶν
724 2084 838 2119 Σωτῆρα
861 2084 908 2110 καὶ
928 2084 1093 2119 Λυτρωτὴν,
1114 2085 1186 2119 φημὶ
1220 2083 1252 2119 δὴ
1286 2083 1412 2118 Χριστόψ
1433 2081 1466 2108 δι’
1485 2078 1515 2109 οὗ
1529 2081 1576 2108 καὶ
1596 2081 1656 2116 μεθ’
1672 2077 1702 2106 οὗ
1717 2078 1754 2115 τῷ

117 2128 180 2163 Θεῷ
195 2129 240 2156 καὶ
256 2129 372 2165 Πατρὶὴ
390 2129 454 2163 δόξα
470 2129 518 2156 συν
542 2130 611 2165 ἁγίῳ
627 2130 766 2165 Πνεῦματι
787 2131 827 2161 εἰς
845 2130 909 2161 τοὺς
928 2131 1039 2163 αἰῶνας.
1057 2131 1154 2166 Ἀμήν.

119 2187 190 2223 Περὶ
203 2187 262 2215 τῶν
277 2187 326 2214 διὰ
340 2187 469 2220 Μωσέως
486 2187 653 2221 γεγονότων
669 2187 757 2220 τριῶν
765 2187 908 2221 σημείων.

112 2234 121 2241 ⁷
154 2237 190 2262 α’.
208 2234 264 2270 Τὴν
287 2234 336 2269 μὲν
359 2233 434 2260 θείαν
443 2254 455 2271 ,_
475 2233 537 2268 ἥτις
562 2233 621 2260 ποτ’
643 2234 719 2260 ἐστὶν
736 2232 909 2268 καταορῆσαι

1067 2186 1105 2213 De
1119 2187 1201 2213 tribus
1212 2195 1227 2213 (ι
1243 2186 1314 2213 Mosa
1340 2185 1453 2220 patratis
1471 2183 1645 2211 admirandis.

998 2233 1023 2260 Ι.
1031 2232 1167 2265 Divinam,
1179 2232 1268 2267 qualis
1277 2240 1308 2259 ea
1319 2232 1364 2263 sit,
1378 2234 1502 2258 naturam
1515 2231 1668 2266 perspicere
1679 2239 1753 2264 mor-

117 2280 212 2316 φὺσιν,
225 2280 275 2306 οὐκ
289 2279 322 2306 ἂν
335 2279 443 2306 δύναιτό
456 2287 508 2310 τις.
529 2279 669 2311 Ἀποπτος
682 2278 737 2314 γὰρ
759 2278 909 2310 παντελῶς,

964 2278 1058 2305 talium
1070 2285 1151 2305 nemo
1159 2280 1256 2312 potest.
1266 2275 1470 2311 lnaspeetahilis
1476 2275 1548 2303 enim
1556 2276 1755 2310 penitus,men-

117 2327 166 2354 καὶ
183 2326 236 2361 μὴν
257 2326 303 2352 καὶ
325 2324 454 2352 ἐπέκεινα
469 2324 516 2351 νοῦ
532 2324 643 2356 παντὸς,
661 2325 708 2351 καὶ
732 2324 812 2359 λόγου
830 2324 909 2351 δύνα-

119 2374 167 2408 μιν
181 2371 378 2406 ὐπερφέρεται’
395 2371 462 2406 μόνη
479 2370 507 2397 δὲ
530 2370 583 2397 ὑπὸ
604 2371 688 2405 μόνης
705 2371 806 2405 ἑαυτῆς
826 2370 908 2405 γινώ-

118 2426 226 2445 σκεται.
253 2417 309 2444 Καὶ
339 2417 434 2443 πεύσει
467 2417 499 2452 δὴ
526 2416 605 2444 τοῦτο
636 2417 751 2452 βοῶντος
778 2417 908 2452 Χριστοῦ

120 2475 130 2491 ι
151 2464 245 2496 Οὐδεὶς
262 2463 316 2499 γὰρ
333 2461 401 2492 οἶδε.
420 2463 503 2498 φησι,
520 2463 561 2495 τίς
576 2464 650 2490 ἐστιν
664 2464 678 2489 ὁ
699 2463 777 2496 Υἱὸς,
798 2465 822 2490 εἰ
846 2463 882 2499 μὴ
897 2464 910 2490 δ

118 2513 224 2548 Πατήρ⁴
240 2512 301 2538 οὐδὲ
321 2511 366 2537 τὸν
380 2511 488 2546 Πατέρα
507 2520 549 2542 τις
572 2511 748 2545 ἐπιγινώσκει
770 2511 812 2542 τίς
825 2512 909 2541 ἐστιν,

117 2559 142 2585 εἰ
156 2558 194 2593 μὴ
204 2559 218 2584 ὁ
230 2558 304 2590 Υἱδς,
316 2558 363 2584 καὶ
375 2556 397 2592 ᾧ
409 2558 442 2584 ἂν
454 2557 608 2593 βούληταιὸ
621 2557 685 2588 Υἱὸς
698 2557 882 2592 ἀποκαλύψαι.
898 2566 906 2582 ›

123 2603 267 2636 Παρέδειξε
281 2603 370 2629 τοίνυν
385 2604 450 2638 ἡμῖν
465 2603 495 2630 τὸ
509 2603 648 2638 ἐξαίρετον
665 2603 763 2635 κάλλος
777 2603 825 2630 τοῦ
841 2603 909 2630 Θεοῦ

117 2650 166 2676 καὶ
182 2648 298 2684 Πατρδς,
317 2649 331 2675 ὁ
347 2648 518 2685 Μονογενὴς,
543 2648 639 2676 ἑαυτὸν
663 2649 757 2684 ὥσπερ
781 2647 911 2684 λαμπρὰν

116 2695 228 2726 ἀναθεὶς
240 2695 343 2722 εἰκόνα.
356 2695 503 2731 Τοιγάρτοι
518 2695 610 2730 φησίν*
631 2705 640 2720 ι
663 2695 692 2720 '0
705 2694 834 2729 ἑωρακὼς
850 2695 910 2730 ἐμὲ,

119 2740 226 2777 ἑώρακε
246 2741 291 2768 τὸν
313 2741 434 2777 Πατέρα.
454 2750 463 2767 ι
484 2741 644 2776 Τεϐεάμεοα
663 2741 692 2768 δὲ
712 2741 758 2768 τὸν
775 2741 849 2772 Υῑὸν,
863 2741 911 2767 καὶ

117 2788 173 2819 τοῖς
198 2789 249 2822 τῆς
270 2787 384 2822 καρδίας
409 2787 549 2822 ὂμμασιν,
578 2787 626 2813 καὶ
642 2787 698 2818 τοῖς
723 2787 772 2821 τῆς
797 2786 909 2822 σαρκδς,

118 2833 161 2859 ὅτε
175 2832 269 2864 καθεὶς
288 2833 384 2860 ἑαυτὸν
402 2835 440 2865 εἰς
461 2833 586 2866 κένωσιν,
604 2833 794 2868 καταϐέϐηκεν
809 2833 838 2859 ἐν
857 2833 910 2864 τοῖς

151 2922 175 2938 ⁹¹
192 2923 275 2950 Num.
297 2931 334 2955 χι,
355 2923 399 2950 29.
440 2924 461 2939 9-”
476 2922 571 2950 Matth.
589 2931 624 2951 λι.
640 2922 685 2949 27.

963 2329 1074 2359 temque
1084 2331 1194 2351 omnem
1207 2327 1234 2350 et
1248 2322 1384 2350 rationem
1394 2321 1518 2349 excedit:
1528 2322 1584 2349 sola
1595 2322 1698 2357 quippe
1708 2330 1754 2350 se-

963 2370 1050 2404 ipsam
1061 2369 1191 2396 divinitas
1199 2369 1348 2405 cognoscit.
1362 2368 1455 2396 Fidem
1466 2368 1547 2402 hujus
1555 2368 1594 2395 rei
1608 2367 1698 2395 facere
1707 2376 1755 2403 ρος

965 2419 1017 2442 test
1027 2415 1071 2442 illa
1081 2415 1183 2443 Christi
1191 2414 1368 2442 exclamatio:
1382 2424 1391 2439 ι
1405 2413 1490 2441 Nemo
1498 2413 1573 2440 novit
1581 2414 1691 2446 Filium,
1701 2414 1752 2441 nisi

965 2461 1061 2492 Pater;
1079 2469 1168 2495 neque
1188 2460 1294 2487 Patrem
1316 2459 1377 2494 quis
1392 2458 1478 2490 novit,
1493 2459 1545 2486 nisi
1562 2459 1658 2491 Filius,
1671 2460 1753 2486 etcui

965 2507 1084 2534 voluerit
1098 2507 1186 2534 Filius
1200 2505 1323 2534 revelare
1343 2506 1375 2531 '9.
1398 2514 1406 2530 ι
1426 2503 1552 2532 Ostendit
1569 2505 1661 2540 itaque
1676 2505 1754 2532 nobis

964 2553 1092 2580 eximiam
1110 2553 1156 2580 Dci
1169 2561 1200 2580 ac
1217 2551 1306 2580 Patris
1321 2551 1554 2586 pulchritudinem
1574 2550 1752 2587 Unigenitus,

965 2599 1085 2633 seipsum
1098 2599 1179 2626 veluti
1195 2597 1366 2633 splendidam
1380 2601 1580 2632 repraaseutans
1595 2598 1751 2633 imaginem.

966 2645 1010 2672 Ait
1022 2645 1094 2672 enim
1108 2654 1114 2671 ε
1129 2655 1137 2670 ι
1153 2645 1204 2678 Qui
1217 2644 1292 2672 videt
1301 2644 1441 2676 me,videt
1455 2649 1482 2671 et
1493 2644 1601 2672 Patrem
1615 2645 1728 2672 meum'.
1742 2654 1750 2669 ›

967 2691 1092 2718 Vidimus
1110 2691 1209 2718 Filium
1240 2690 1328 2718 oculis
1354 2698 1416 2718 cum
1436 2691 1538 2723 cordis,
1566 2695 1624 2718 tum
1651 2691 1752 2722 carnis,

966 2739 1076 2774 quando
1083 2745 1111 2766 se
1126 2738 1183 2773 ipse
1194 2736 1346 2764 exinanivit
1358 2737 1378 2769 ’,
1388 2744 1471 2772 seque
1483 2737 1515 2764 ad
1527 2742 1621 2765 nostra
1629 2737 1754 2764 demisit:

965 2788 994 2812 et
1013 2784 1125 2820 quidem
1144 2784 1171 2811 in
1199 2783 1286 2810 forma
1307 2785 1335 2810 et
1361 2783 1516 2817 aequalitate
1540 2783 1588 2810 Dei
1602 2789 1634 2809 ac
1666 2781 1754 2809 Patris

965 2832 1101 2860 exsistcns
1114 2831 1197 2863 Deus,
1212 2834 1362 2864 naturaque
1377 2837 1408 2856 ex
1422 2829 1480 2865 ipso
1500 2830 1618 2865 genitus.
1647 2827 1754 2856 Barueh

736 2923 741 2938 '
760 2922 838 2950 Joau.
855 2930 909 2955 xiv,
925 2921 950 2949 9.
991 2923 1000 2938 ¹
1016 2921 1116 2955 Philip.
1130 2929 1159 2954 ll,
1179 2921 1206 2948 7.
