1999 3056
215 134 266 164 m

725 141 754 169 S.
775 141 913 171 CYlllLLl
931 145 1167 174 ALEXANDRIM
1186 143 1345 172 ARCHIEP.

1796 139 1849 168 ΗΞ

216 197 280 228 nius
298 197 416 229 dicatur.
432 199 505 234 quod
529 200 562 227 ad
587 202 844 237 contemplationem
866 205 932 232 utile
952 209 1003 237 est,

1057 204 1098 236 δὲ,
1112 206 1144 240 τῇ
1161 205 1248 231 κτίσει
1261 203 1437 240 λατρεύοντες
1447 224 1454 235 ,
1471 202 1518 230 καὶ
1536 201 1596 233 ταῖς
1618 200 1671 228 τῶν
1685 199 1848 234 ἀκαθάρτων

218 243 334 278 propriae
352 245 446 280 gloriae
464 247 601 280 sublimia,
617 248 741 284 adeoque
759 249 901 278 dexteram
919 251 1008 278 Patris

216 289 421 324 quodammodo
451 293 616 328 reliquisset,
641 295 668 322 in
694 299 850 330 terramque
875 296 910 324 de
937 297 1007 325 cmlo

216 335 421 371 descendisset;
445 340 532 367 nostri
557 339 645 368 factus
668 346 711 368 est
737 341 849 374 similis,
871 342 1006 378 nobisque

217 382 366 411 conformis
387 384 415 411 in
437 385 527 417 terris,
540 385 586 421 qui
604 386 706 413 malitia
725 387 905 415 abundamus.
924 388 1007 416 Malos

217 428 291 456 enim
312 429 369 464 ipse
385 437 435 458 nos
450 430 499 458 Dei
517 431 601 459 Filius
619 432 734 465 vocavit,
748 432 861 461 dicens:
882 443 890 459 ε
911 434 939 461 Si
954 434 1007 470 igi-

218 478 263 502 tur
276 484 325 504 vos
338 484 399 504 cum
416 477 476 506 sitis
490 478 564 510 mali,
580 478 695 506 novistis
707 479 779 507 bona
793 480 854 507 data
867 480 932 508 dare
944 481 1007 509 ﬁliis

217 521 327 554 vestris,
347 525 451 557 quanio
467 523 554 558 magis
570 523 651 551 Pater
665 530 756 552 vester
773 526 820 560 qui
835 526 862 553 in
876 527 953 554 caelis
965 531 1008 554 est

216 567 289 595 bona
311 567 388 595 dabit
414 568 572 603 petentibus
589 577 619 596 se
636 569 677 596 ⁸τῖ
695 580 704 596 ι
725 570 797 604 Quin
820 575 848 599 et
870 572 958 607 ipsum
978 572 1006 599 in

217 617 371 648 serpentem
385 613 442 641 fere
455 619 589 642 mutatum
604 615 709 649 dixero,
724 617 760 645 ob
776 619 861 645 nostri
878 619 1006 646 similitu-

216 658 319 691 dinem,
333 659 462 694 quodque
475 668 567 696 parem
583 661 726 690 nobiscum
741 663 855 691 formam
874 665 1004 693 induerit.

218 703 303 730 Malus
308 703 418 738 quidem
425 703 519 738 homo,
526 705 549 732 si
557 705 592 732 ad
598 707 836 735 mansuetudinem
846 709 894 736 Dei
900 717 1008 745 compa-

217 751 304 775 retur.
321 748 442 777 Transiit
458 750 554 786 itaque
569 744 597 778 in
613 756 771 787 serpentem
782 754 868 789 virga.
883 744 1008 790 Unigeiii-

215 796 261 820 tua
275 793 350 822 enim
367 794 450 822 homo
465 795 554 824 factus
569 801 621 830 est,
635 801 663 825 et
676 798 748 834 inter
761 799 910 828 sceleratos
924 808 1006 834 repu-

214 842 298 871 tatus,
319 844 403 875 atque
427 841 569 876 improbus
590 843 734 872 nobiscum
759 845 921 880 appellatus,
943 854 1006 874 cum

214 888 312 913 natura
339 886 438 920 bonus,
464 887 519 915 imo
541 889 600 923 ipsa
622 890 704 917 etiam
724 890 834 918 bonitas
850 893 1003 920 exsisteret.
1023 882 1044 910 Β

214 930 317 959 Verum
340 933 413 967 quod
436 934 627 970 Unigenitum,
651 935 753 964 factum
780 937 932 970 hominem,
953 946 1006 966 nos

213 976 325 1011 quidem
342 979 545 1014 receperimus;
562 980 654 1009 Judaaa
670 990 736 1010 vero
752 983 826 1011 natio
842 984 1005 1019 repudiave-

214 1023 260 1055 rit,
271 1031 324 1052 nec
335 1032 391 1059 quo
405 1024 501 1054 debuit
515 1034 608 1055 amore
625 1033 770 1062 prosecuta
786 1029 869 1057 fuerit
881 1030 1007 1064 (recessit

212 1070 287 1097 enim
306 1071 509 1106 quodammodo
529 1073 565 1101 ab
586 1074 630 1109 eo)
644 1083 677 1102 ex
700 1075 767 1110 ipsis
789 1077 874 1104 sacris
895 1077 1007 1105 Litteris

213 1116 318 1144 clarum
333 1125 393 1146 esse
410 1120 521 1154 poterit.
543 1130 552 1146 ι
569 1121 658 1149 Moses
676 1123 761 1155 enim,
779 1123 908 1158 inquiunt
929 1125 1003 1160 ipsae,

213 1162 312 1190 faciem
333 1171 410 1192 suam
427 1166 526 1193 avertit
541 1166 572 1193 ⁸⁸.
590 1176 599 1192 ι
619 1167 777 1202 improbum
796 1176 859 1196 eum
876 1176 938 1196 cum
960 1177 1005 1196 re-

213 1211 332 1241 putaret,
350 1209 464 1237 credere
484 1210 511 1238 in
533 1210 623 1246 ipsum
639 1211 807 1245 formidavit,
823 1212 877 1240 imo
894 1214 1003 1245 occidit,

213 1256 242 1279 et
254 1252 282 1279 in
297 1252 388 1281 medio
402 1253 538 1282 latronum
552 1256 626 1283 cruci
641 1256 735 1285 aﬂixit.
749 1257 826 1290 Quod
839 1265 906 1286 vero
919 1258 1004 1286 inter-

213 1298 280 1326 dum
300 1300 386 1327 notati
404 1305 433 1328 et
447 1302 608 1336 reprehensi
629 1303 732 1331 iuerint
745 1312 760 1330 a
778 1303 888 1331 Christo
907 1304 1004 1337 .lud:ei,

213 1348 321 1373 tantqu
336 1346 414 1374 abest
424 1351 454 1374 ut
464 1352 610 1382 propterea
622 1353 751 1384 peccator
762 1350 846 1377 luisse
859 1357 1006 1385 cognosca-

213 1394 269 1424 tur,
288 1395 320 1419 ut
333 1392 425 1427 potius
440 1392 685 1431 ﬁrmamentum'et
701 1394 786 1422 robur
803 1394 925 1429 spiritale
943 1402 1006 1422 cre-

213 1437 343 1466 dentibus
352 1446 416 1466 eum
429 1446 500 1470 esse.
515 1447 548 1467 ex
561 1447 594 1468 eo
605 1440 679 1475 quod
693 1441 795 1468 factum
808 1445 860 1473 est.
875 1441 1004 1468 sciamus.

212 1483 374 1518 Fugientem
396 1485 469 1512 enim
494 1485 586 1513 Mosen
610 1486 683 1514 Dens
704 1487 850 1514 convertit.
871 1487 939 1514 Nam
957 1487 1005 1514 ubi

213 1534 369 1564 serpentem
385 1531 578 1566 apprehendit,
589 1532 681 1560 statim
696 1533 724 1560 in
741 1541 823 1560 manu
834 1533 894 1568 ejus
908 1533 935 1560 in
946 1533 1002 1560 vir-

211 1582 272 1610 gam
285 1579 327 1603 est
340 1581 534 1605 commutatus.
552 1578 678 1606 Rudibus
691 1579 782 1614 itaque
800 1579 942 1614 improbus
954 1586 1002 1613 ap—

210 1625 290 1655 paret
303 1621 439 1655 Christus,
456 1623 492 1651 ob
507 1624 593 1651 nostri
607 1624 814 1652 similitudinem
830 1629 873 1652 :at.
883 1625 931 1660 qui
948 1624 1001 1652 ﬁde

211 1675 275 1695 eum
290 1669 539 1704 comprehenderit,
555 1671 659 1706 virgam
675 1679 735 1699 esse
754 1676 781 1699 et
800 1671 1001 1699 ﬁrmamentum

211 1716 372 1751 comperiet.
393 1717 575 1750 Quamobrem
594 1718 645 1746 [ide
664 1718 777 1754 dignum
796 1723 838 1746 est
858 1719 911 1746 hoc
930 1719 1001 1746 divi-

210 1770 278 1790 num
295 1764 366 1792 circa
382 1764 484 1800 virgam
498 1765 599 1795 factum
614 1766 789 1797 miraculum,
805 1770 832 1792 et
852 1765 1001 1800 plurimum

212 1809 283 1837 valet
290 1810 324 1837 ad
333 1810 553 1845 persuadendum
562 1811 704 1844 israelitis,
715 1811 741 1838 id
749 1816 791 1838 est
799 1811 934 1839 universis
945 1816 1001 1839 ter-

212 1864 271 1884 ram
288 1857 480 1887 incolentibus.
503 1865 517 1884 a
537 1857 592 1884 Deo
611 1865 640 1884 sc
659 1857 836 1884 considerari.
855 1857 1001 1892 Postquam

212 1912 278 1932 vero
289 1905 367 1932 valde
379 1904 522 1940 languidos
533 1905 625 1932 animo
635 1904 783 1938 obstinato,
795 1909 824 1932 et
836 1908 912 1932 extra
926 1912 1002 1939 spem

212 1949 317 1984 positos
331 1951 453 1987 eﬂ‘ugere
471 1958 561 1986 posse,
575 1942 652 1986 quod
674 1950 741 1986 ipsis
758 1950 943 1986 impendebat,
958 1951 1002 1978 in-

213 1997 341 2024 evitabile
361 1998 462 2024 malum
491 1997 626 2032 pluraque
643 2000 770 2031 portenta
791 1995 931 2032 oportuit,
955 2003 1003 2023 vo-

212 2043 266 2071 cati
281 2043 326 2071 vix
343 2043 412 2071 tales
424 2046 487 2070 sunt
501 2042 535 2070 ad
551 2041 746 2070 obedientium.

247 2132 274 2159 3.
291 2132 363 2160 Deus
373 2133 465 2168 itaque
478 2140 587 2160 rursum
599 2132 633 2159 ad
643 2139 752 2159 sacrum
765 2131 856 2159 Mosen
870 2141 876 2158 ε
893 2142 901 2157 ι
915 2132 1001 2164 Mitte,

213 2178 312 2214 inquit,
329 2186 440 2206 manum
455 2183 529 2206 tuam
543 2179 571 2206 in
584 2179 666 2214 300
679 2179 780 2206 sinum.
795 2178 922 2214 Misitque
942 2187 1002 2206 ma-

1057 251 1221 286 πνευμάτων
1229 249 1443 284 ὑπενηνεγμένοι
1452 247 1629 280 πλεονεξίαις.
1646 245 1754 280 Ἐπειδὴ
1765 245 1793 272 δὲ
1805 254 1848 280 μο·

1057 296 1164 332 νονθνχὶ
1173 295 1410 331 (σωματικώτερον
1420 294 1559 330 εἰρήσεται
1569 292 1613 320 διά
1619 301 1650 326 γε
1662 291 1693 318 τὺ
1703 292 1736 326 τῇ
1747 291 1848 326 θεωρίᾳ

1057 342 1202 377 χρήσιμον)
1210 342 1260 376 τῆς
1271 341 1339 373 ἰδίας
1352 340 1431 376 δόξης
1438 338 1639 370 καταλελοιπὼς
1652 338 1686 365 τὰ
1701 337 1847 372 ὑψώματα,

1058 389 1105 415 καὶ
1124 388 1206 415 οἱονεὶ
1229 387 1278 423 τὴν
1300 387 1348 414 τοῦ
1370 386 1476 422 Πατρός
1493 387 1582 421 χεῖρα,
1609 384 1738 412 καθίκετο
1747 383 1796 418 μὲν
1808 383 1848 410 εἰς

1057 434 1111 470 γῆν
1123 434 1151 467 ἐξ
1160 434 1287 470 οὐρανοῦ,
1300 433 1463 468 γέγονε,καθ”
1472 433 1557 468 ἡμᾶς,
1567 431 1728 467 σύμμορφός
1735 427 1848 465 τε[τοῖς]

1057 481 1104 507 ἐπὶ
1113 480 1164 515 τῆς
1175 481 1237 515 γῆς,
1249 479 1274 506 οἳ
1289 479 1420 514 πονηρίας
1432 479 1500 505 είσὶν
1509 477 1623 514 ἔμπλεοι
1635 476 1781 513 (πονηροὺς
1793 475 1848 509 γὰρ

1057 527 1155 559 αὐτοὺς
1169 526 1299 553 ἐκάλεσεν
1318 527 1333 552 ὁ
1347 525 1420 557 Υἱὸς,
1435 524 1505 552 οὕτω
1519 523 1617 558 λέγων’
1639 533 1648 549 ι
1665 523 1697 549 Εἰ
1710 519 1755 548 οὖν
1769 521 1848 556 ὑμεῖς

1058 573 1171 609 πονηροὶ
1182 573 1269 604 ὖντες,
1285 572 1373 599 οἴδατε
1392 571 1497 606 δόματα
1515 570 1606 605 ἀγαθὰ
1618 569 1718 597 διδόναι
1732 569 1789 599 τοῖς
1805 567 1850 594 τέ-

1058 628 1132 650 κνοις
1147 618 1234 654 ὑμῶν,
1250 618 1326 653 πόσῳ
1348 617 1447 654 μᾶλλον
1468 616 1482 642 ὁ
1502 615 1598 652 Πατὴρ
1615 615 1691 651 ὑμῶν
1714 615 1727 640 ό
1744 614 1773 640 ὲν
1793 613 1849 644 τοῖς

1057 665 1180 700 οὐρανοῖς
1188 663 1269 691 δώσει
1280 663 1370 697 ἀγαθὰ
1380 664 1436 694 τοῖς
1447 662 1571 690 αἰτοῦσιν
1581 662 1647 688 αὐτό
1654 663 1687 697 ›)·
1708 660 1849 696 μονονουχὶ

1058 711 1105 737 καὶ
1118 712 1156 742 εἰς
1165 710 1227 745 δψιν
1239 711 1321 737 αὐτὸν
1334 709 1536 744 μετασκευάσαι
1549 709 1649 744 φαμὲν,
1663 707 1707 734 διά
1715 715 1755 733 τοι
1769 706 1850 742 μόνον

1057 757 1107 792 τὴν
1124 757 1192 792 πρὸς
1215 757 1289 792 ἡμᾶς
1308 755 1455 791 ὁμοιότητα
1482 756 1529 782 καὶ
1552 755 1583 782 τὸ
1602 756 1631 782 ὲν
1649 753 1699 789 ίσῳ
1722 752 1850 787 γενέσθαι

1058 802 1189 836 σχήματι.
1206 801 1326 836 Πονηρὸς
1343 801 1391 836 μὲν
1411 801 1425 827 ὁ
1446 801 1604 836 ἄνθρωπος,
1621 801 1646 827 εί
1667 799 1736 835 πρὸς
1750 798 1852 834 ἡμερό-

1060 855 1129 881 τητα
1139 847 1185 873 τοῦ
1192 846 1259 873 Θεοῦ
1269 846 1449 881 συγκρίνοιτο.
1458 846 1636 881 Μεταὸἐϐηκε
1643 846 1733 872 τοίνυν
1742 847 1781 877 εἰς
1789 846 1850 879 ὅφιν

1061 893 1078 927 ὴ
1086 891 1191 928 ῥάὸδος.
1200 893 1296 926 Γέγονε
1305 892 1359 928 γὰρ
1370 891 1509 927 ἄνθρωπος
1516 892 1530 918 ό
1538 891 1752 926 Μονογενὴς,καὶ
1761 892 1789 917 ὲν
1795 892 1850 922 τοῖς

1056 940 1167 975 ἀνόμοις
1181 938 1318 974 ἐλογίσθη,
1334 939 1380 965 καὶ
1393 938 1582 974 κεχρημάτικε
1603 938 1662 974 μεθ’
1676 937 1755 974 ήμῶν
1766 944 1852 971 πονη-

1058 985 1113 1021 ρὸς,
1133 985 1222 1012 καίτοι
1236 984 1308 1011 κατὰ
1324 984 1404 1018 φύσιν
1425 985 1555 1021 ὑπάρχων
1572 984 1689 1019 ἀγαθὸς,
1710 983 1812 1019 μᾶλλον
1824 982 1852 1009 δὲ

1056 1032 1216 1067 αὐτόχρημα
1232 1031 1262 1058 τὸ
1274 1031 1386 1066 ἀγαθόν.
1411 1031 1480 1058 Ἀλλ’
1494 1032 1535 1058 ὅτι
1548 1030 1681 1065 γεγονότα
1695 1029 1756 1057 καθ’
1777 1030 1851 1064 ἡμᾶς

1055 1078 1101 1104 τὸν
1112 1077 1252 1112 Μονογενῆ
1266 1077 1472 1112 παρεδεξάμεθα
1483 1077 1533 1112 μὲν
1544 1078 1636 1112 ἡμεῖς,
1645 1077 1695 1103 οὐκ
1705 1076 1852 1111 ἠγάπησαν

1055 1123 1083 1149 δὲ
1096 1123 1120 1149 οἱ
1134 1122 1189 1149 τῶν
1208 1122 1342 1149 Ἰουδαίων
1356 1122 1439 1158 δῆμοι
1463 1122 1674 1158 (ἀποδεδράκασι
1685 1121 1740 1158 γὰρ
1757 1121 1851 1156 ὥσπερ

1056 1167 1151 1203 αὑτοῦ)
1162 1188 1169 1200 ,
1184 1167 1271 1202 σαφὲς
1279 1166 1312 1194 ἂν
1325 1167 1430 1202 γένοιτο
1444 1167 1488 1194 διὰ
1499 1167 1555 1194 τῶν
1572 1166 1653 1201 ἱερῶν
1664 1167 1848 1202 Γραμμάτων.

1059 1223 1069 1240 ι
1088 1213 1193 1248 Ἔφυγε
1215 1213 1268 1249 γὰρ
1289 1214 1394 1248 Μωσῆς
1415 1214 1469 1240 ἀπὸ
1493 1213 1642 1249 προσώπου
1656 1212 1746 1240 αὐτοῦ.
1766 1223 1775 1238 ›
1798 1213 1850 1238 Πο-

1056 1260 1137 1295 νηρὸν
1153 1260 1206 1294 γὰρ
1223 1257 1290 1286 εἶναι
1310 1260 1482 1295 νομίσαντες,
1502 1260 1534 1286 οὐ
1554 1261 1588 1295 τῇ
1609 1259 1697 1286 πίστει
1714 1258 1847 1292 τετολμή-

1057 1314 1145 1337 κασιν,
1169 1306 1335 1332 ἀπεκτόνασι
1361 1306 1390 1333 δὲ
1415 1306 1526 1342 μᾶλλον,
1549 1306 1595 1333 καὶ
1614 1304 1847 1339 συνεσταύρωσαν

1056 1352 1193 1387 πονηροῖς.
1215 1351 1289 1386 Πλὴν
1304 1351 1344 1378 ὃτι
1365 1352 1436 1378 κατὰ
1457 1352 1586 1385 καιροὺς,
1609 1350 1780 1386 ὲπιδρὰξεται
1799 1350 1847 1384 μὲν

1055 1397 1110 1424 ἀπὸ
1123 1396 1170 1423 τοῦ
1182 1396 1312 1432 Χριστοῦ,
1326 1396 1490 1430 γινώσκεται
1509 1396 1537 1423 δὲ
1551 1396 1592 1422 ὅτι
1607 1395 1721 1430 πονηρὸς
1738 1395 1787 1429 μὲν
1801 1394 1848 1420 οὑ-

1056 1442 1159 1477 δαμῶς,
1178 1443 1317 1478 στήριγμα
1331 1442 1360 1469 δὲ
1374 1442 1473 1478 μᾶλλον
1487 1442 1534 1469 καὶ
1550 1442 1626 1477 ἰσχὺς
1642 1442 1658 1477 ἡ
1677 1440 1848 1475 πνευματικὴ

1055 1489 1110 1515 τῶν
1124 1489 1305 1516 πιστευόντων
1320 1489 1387 1527 ἐστὶ,
1404 1489 1436 1516 δι’
1452 1488 1535 1516 αὐτοῦ
1555 1488 1600 1515 τοῦ
1620 1487 1762 1521 γεγονότος
1776 1486 1848 1513 εἰσό-

1058 1535 1138 1570 μεθα.
1148 1535 1285 1568 Φεύγοντα
1299 1535 1354 1570 γὰρ
1364 1535 1466 1562 Μωσέα
1476 1535 1541 1567 Θεὸς
1554 1535 1721 1570 ἐπιστρέφει.
1739 1532 1848 1565 Ἐπειδὴ

1055 1581 1083 1607 δὲ
1097 1580 1144 1607 τοῦ
1165 1581 1253 1616 όφεως
1268 1581 1431 1615 ἐπελάϐετο,
1449 1581 1543 1616 γέγονε
1561 1580 1657 1616 ράὃδος
1677 1581 1705 1606 ὲν
1723 1580 1755 1614 τῇ
1779 1578 1850 1613 χειρὶ

1055 1626 1148 1653 αὑτοῦ.
1173 1627 1278 1654 Οὐκοῦν
1302 1628 1358 1659 τοῖς
1383 1628 1432 1662 μὲν
1453 1628 1503 1654 οὐκ
1520 1627 1620 1658 εἰδόσι,
1641 1626 1757 1662 πονηρὸς
1780 1622 1850 1652 εἶναι

1055 1671 1137 1703 δοκεῖ.
1155 1673 1198 1699 διὰ
1210 1672 1258 1709 τὴν
1273 1673 1340 1709 πρὸς
1356 1674 1430 1709 ἡμᾶς
1445 1673 1585 1709 ὀμοίωσιψ
1604 1673 1630 1699 εἴ
1643 1681 1674 1707 γε
1691 1672 1743 1708 μὴν
1754 1670 1850 1698 ἐπιλά-

1056 1718 1130 1745 ϐοιτό
1152 1727 1194 1750 τις
1211 1719 1294 1745 αὐτοῦ
1316 1719 1362 1746 διὰ
1380 1720 1514 1751 πίστεως,
1537 1719 1634 1754 ῥάϐδον
1654 1719 1777 1754 εὑρίσκει
1803 1717 1851 1744 καὶ

1057 1764 1205 1799 στήριγμα.
1228 1764 1391 1799 ’Δξιόχρεως
1412 1765 1460 1800 μὲν
1479 1763 1525 1791 οὖν
1541 1766 1556 1799 ἡ
1572 1765 1617 1790 ἐπὶ
1629 1765 1663 1799 τῇ
1681 1763 1772 1800 ῥάϐδῳ
1791 1762 1850 1789 θευ-

1057 1810 1168 1844 σημείαζ
1183 1810 1229 1837 καὶ
1242 1810 1399 1837 ἀναπείθειν
1410 1811 1455 1837 οἵα
1468 1818 1497 1836 τε
1512 1811 1575 1841 τοὺς
1585 1810 1614 1843 ἐξ
1631 1809 1749 1845 Ἰσραὴλ,
1765 1809 1851 1844 ἤγουν

1057 1856 1180 1887 ἅπαντας
1192 1856 1255 1887 τοὺς
1277 1857 1323 1882 ἐπὶ
1344 1856 1395 1891 τῆς
1417 1856 1485 1892 γῆς,
1499 1855 1536 1888 ὡς
1559 1856 1727 1882 ἐπέσκεπται
1747 1855 1760 1881 ό
1782 1854 1850 1885 Θεὸς

1056 1902 1163 1934 αὐτούς.
1186 1902 1294 1938 Ἐπειδὴ
1312 1903 1340 1929 δὲ
1364 1904 1420 1934 τοῖς
1439 1903 1508 1937 ἄγαν
1525 1902 1717 1938 ὴρρωστηκόσι
1737 1901 1767 1926 τὸ
1788 1900 1850 1926 δυσ-

1057 1949 1145 1984 ήκοον,
1161 1949 1209 1975 καὶ
1223 1950 1278 1981 τοῖς
1297 1949 1348 1981 ἔξω
1364 1949 1504 1983 γεγονόσιν
1519 1948 1624 1979 ἐλπίδος
1643 1948 1689 1974 τοῦ
1711 1947 1850 1982 διαδρᾶναι

1056 1994 1186 2022 δύνασθαι
1199 1995 1254 2022 τῶν
1272 1995 1363 2029 σφίσιν
1380 1994 1578 2031 ἐπηρτημένων
1591 1993 1621 2020 τδ
1637 1993 1769 2028 δυσαχθὲς
1779 2013 1785 2024 ,
1803 1992 1850 2018 καὶ

1057 2041 1188 2068 πλειόνων
1206 2041 1259 2068 ἔδει
1274 2041 1436 2077 θαυμάτωνθ
1456 2041 1602 2077 κέκληνται
1616 2040 1672 2076 γὰρ
1689 2041 1714 2066 οί
1735 2038 1850 2066 τοιοῦτοι

1059 2087 1135 2123 μόλις
1148 2089 1187 2119 εἰς
1202 2088 1233 2115 τὸ
1247 2088 1365 2123 εὐήνιον.

1092 2137 1126 2167 γ’.
1139 2133 1223 2160 Πάλιν
1241 2134 1293 2170 ἔφη
1305 2133 1370 2165 Θεὸς
1386 2134 1454 2169 πρὸς
1467 2134 1513 2161 τὸν
1525 2133 1596 2169 ἱερὸν
1608 2132 1846 2168 δηλονότιΜωσέω

1060 2187 1069 2204 ι
1089 2179 1251 2213 Είσένεγκαι
1265 2179 1314 2214 τὴν
1330 2179 1409 2214 χεῖρά
1430 2188 1476 2207 σου
1489 2180 1529 2211 εἰς
1541 2179 1588 2206 τὸν
1600 2178 1701 2205 κόλπον
1721 2186 1778 2204 σου.
1795 2177 1849 2203 Καὶ

213 2233 279 2256 num
293 2233 370 2253 suam
386 2225 414 2252 in
427 2225 528 2257 sinum,
541 2228 569 2252 et
581 2225 651 2252 facta
663 2229 706 2252 est
716 2231 814 2252 manus
825 2225 885 2259 ejus
895 2225 1002 2259 leprosa

1057 2225 1199 2260 εἰσήνεγκε
1214 2225 1263 2260 τὴν
1278 2227 1356 2261 χεῖρα
1371 2225 1453 2252 αὑτοῦ
1469 2226 1508 2255 εἰς
1524 2225 1570 2251 τὸν
1583 2225 1682 2251 κόλπον
1696 2223 1788 2256 αὑτοῦ,
1802 2223 1849 2250 καὶ

212 2276 244 2299 ιιι
260 2271 317 2299 nix.
336 2271 370 2299 Et
388 2270 456 2298 dixit
473 2278 584 2298 rursum
604 2279 610 2296 :
628 2270 705 2297 Mitte
727 2278 839 2297 manum
862 2270 890 2298 in
913 2270 1005 2298 sinum

214 2324 303 2347 tuum.
331 2318 366 2345 Et
386 2317 461 2345 misit
479 2324 590 2344 manum
607 2324 684 2344 suam
706 2315 734 2343 in
755 2316 844 2344 sinum
869 2324 959 2350 suum,
978 2319 1006 2345 et

214 2365 309 2394 eduxit
322 2372 433 2392 manum
448 2364 482 2391 de
499 2364 560 2391 sinu
578 2371 640 2396 suo,
655 2363 811 2398 iterumque
825 2364 951 2391 restituta
964 2367 1007 2391 est

215 2411 243 2438 in
265 2411 357 2438 carnis
381 2417 437 2437 suae
457 2410 578 2437 colorem
599 2409 631 2436 ιθ.
652 2419 662 2435 ι
686 2409 771 2445 Igitur
792 2409 943 2445 majestatis
963 2414 1006 2438 est

214 2464 329 2485 summa:
353 2464 384 2484 ac
407 2455 560 2492 potestatis,
581 2455 685 2490 lepram
704 2463 783 2490 posse
802 2463 912 2484 curare.
928 2456 1002 2484 Aﬂ‘e-

213 2503 319 2531 ctiones
341 2509 407 2529 vero
429 2508 491 2536 qua:
513 2508 546 2528 eo
569 2500 711 2536 pravitatis
735 2505 798 2528 sunt
821 2501 954 2534 deductae,
974 2506 1003 2529 ut

214 2548 296 2576 nullis
316 2547 486 2575 medicorum
510 2546 707 2582 experimentis
728 2547 826 2574 cedere
846 2547 1002 2579 videantur,

213 2594 338 2629 indigent
363 2593 464 2629 aliqua,
485 2600 571 2628 eaque
595 2593 687 2620 divina
713 2593 770 2620 sola
796 2597 939 2628 potestate,
959 2594 1003 2621 cui

215 2641 284 2669 nihil
302 2639 417 2672 resistit,
432 2639 480 2668 sed
500 2640 594 2675 pervia
616 2639 708 2667 omnia
725 2643 789 2666 sunt
804 2643 832 2667 et
847 2639 1003 2675 obsequen-

218 2687 262 2715 tia.
279 2685 491 2714 immedicabilis
501 2694 566 2721 ergo
579 2685 693 2713 morbus
705 2685 780 2720 lepra
793 2690 848 2718 est;
864 2693 925 2720 qua:
936 2693 1002 2713 vero

216 2731 376 2760 hominibus
396 2731 549 2766 desperata,
570 2731 705 2765 nobisque
723 2736 856 2765 apparent
877 2731 1004 2765 impossi-

215 2779 292 2811 bilia,
312 2778 362 2814 ipsi
385 2778 440 2805 Dco
460 2777 531 2805 factu
559 2776 647 2804 facilia
682 2781 755 2803 sunt.
780 2776 856 2804 Adeo
890 2777 1004 2811 ipsemet

250 2872 271 2889 "
289 2872 384 2900 Matth.
400 2881 445 2904 vn.
459 2873 498 2900 ll.
541 2871 561 2887 ¹¹¹
579 2872 663 2899 Exod.
677 2880 714 2902 ιιι,
730 2872 755 2899 ϐ.
798 2872 817 2887 “'
832 2870 917 2899 Exod.
931 2879 966 2904 ιγ,
981 2871 1006 2904 ti,
1024 2871 1048 2898 7.

1055 2272 1171 2308 ἐγενήθη
1198 2273 1213 2307 ὴ
1236 2272 1296 2307 χεὶρ
1316 2272 1398 2298 αὑτοῦ
1414 2271 1544 2307 λεπρῶσα
1558 2272 1596 2303 ὡς
1618 2271 1693 2306 χιών.
1716 2270 1771 2297 Καὶ
1787 2268 1848 2296 εἶπε

1056 2318 1153 2345 πάλιν-
1179 2318 1340 2352 Εῐσένεγκαι
1362 2318 1411 2353 τὴν
1436 2320 1516 2353 χεῖρα
1538 2319 1578 2349 εἰς
1595 2317 1640 2344 τὸν
1665 2317 1764 2344 κόλπον
1788 2324 1846 2344 σου.

1055 2365 1110 2392 Καὶ
1121 2364 1263 2400 εἰσήνεγκε
1278 2364 1328 2399 τὴν
1340 2366 1419 2400 χεῖρα.
1431 2364 1513 2390 αὑτοῦ
1528 2364 1567 2396 είς
1579 2363 1624 2390 τὸν
1640 2363 1740 2390 κόλπον
1751 2362 1846 2395 αὐτοῦ,

1055 2410 1103 2437 καὶ
1116 2409 1246 2444 ἐξήνεγκε
1263 2410 1313 2445 τὴν
1330 2411 1407 2445 χεῖρα
1422 2409 1505 2436 αὑτοῦ
1526 2410 1558 2435 ὲκ
1573 2409 1620 2436 τοῦ
1639 2409 1739 2435 κόλπου
1753 2409 1846 2440 αὑτοῦ,

1055 2456 1102 2483 καὶ¹
1118 2456 1198 2483 πάλιν
1218 2456 1427 2492 ἀπεκατεστάθη
1443 2457 1483 2488 εἰς
1504 2456 1553 2492 τὴν
1575 2456 1658 2491 χρόαν
1674 2456 1724 2491 τῆς
1745 2456 1847 2492 σαρκὸς

1055 2503 1148 2530 αὐτοῦ.
1162 2512 1171 2528 ι
1185 2503 1341 2538 Θεοπρεπὲς
1353 2503 1418 2537 γοῦν
1426 2503 1467 2529 ὄτι
1479 2503 1596 2538 μάλιστά
1607 2511 1637 2537 γε
1648 2502 1678 2529 τὸ
1694 2502 1848 2534 ἀπαλλάξαι

1055 2548 1183 2576 δύνασθαι
1197 2548 1309 2584 λέπραν.
1327 2549 1367 2575 Τὰ
1382 2549 1411 2575 δὲ
1426 2549 1465 2580 είς
1484 2548 1563 2575 τοῦτο
1579 2548 1672 2574 λοιπὸν
1685 2548 1846 2583 ἀγριότητος

1057 2595 1195 2630 ἀφιγμένα
1207 2595 1261 2622 τῶν
1281 2594 1386 2626 παθῶν,
1406 2595 1444 2626 ὡς
1466 2594 1532 2630 μηδὲ
1546 2594 1642 2626 αὑταῖς
1654 2594 1739 2621 εἴκειν
1753 2594 1845 2628 ἀνέχε-

1059 2640 1119 2667 σθαι
1134 2642 1193 2673 ταῖς
1208 2641 1262 2668 τῶν
1278 2641 1378 2676 ἰατρῶν
1391 2641 1556 2677 ἐμπειρίαις,
1570 2640 1649 2667 δέοιτ’
1669 2640 1704 2667 ἄν
1721 2641 1769 2675 ἤδη
1788 2649 1845 2670 πως

1056 2687 1084 2712 ἐν
1105 2688 1161 2718 τοῖς
1176 2687 1237 2714 καθ’
1249 2688 1318 2714 αὐτὰ
1331 2687 1416 2722 μόνης
1438 2687 1509 2722 τάχα
1527 2695 1577 2713 που
1591 2687 1641 2721 τῆς
1653 2686 1755 2713 ἄνωθεν
1771 2686 1845 2718 ἐξον-

1054 2732 1125 2763 σίας,
1169 2732 1199 2758 τὺ
1213 2731 1390 2759 ἀιιτιστατοῦν
1406 2732 1492 2764 οὐδὲν,
1512 2732 1600 2758 πάντα
1621 2731 1725 2766 βάσιμα
1738 2731 1783 2757 καὶ
1797 2730 1843 2756 εὺ-

1054 2777 1146 2812 ἡνυτα·
1161 2776 1268 2805 ἀνίατον
1279 2779 1307 2806 δὲ
1320 2779 1481 2813 νοσημάτων
1493 2779 1508 2814 ἡ
1520 2778 1617 2814 λέπρα.
1634 2779 1694 2806 Ὅτι
1707 2777 1797 2804 τοίνυν
1809 2777 1843 2804 τὰ
