1999 3056
161 155 196 183 73
636 148 898 178 GLAPIIYIIORUM
917 148 950 178 IN
971 149 1113 177 EXODU’M
1133 150 1197 177 LIB.
1218 150 1265 179 ll.‘

1720 154 1772 181 ιτι

144 214 172 240 ιν
191 209 344 246 ἀνθρώποις
358 207 558 243 ἀπεγνωσμένα
568 227 575 239 ,
592 207 639 233 καὶ
656 207 689 234 τὰ
704 207 767 242 παρ’
789 207 853 242 ἡμῖν
867 205 932 233 ἀδύ-

987 207 1065 239 Deus,
1082 214 1115 234 eo
1135 207 1194 242 ipso
1213 207 1278 234 dum
1296 207 1432 241 leprosam
1449 206 1516 234 Mosi
1536 215 1645 236 manum
1663 210 1772 239 sanitati

145 267 221 290 νατα,
241 257 305 292 παρ’
323 254 396 289 αὐτῷ
412 253 511 280 δυνατὰ
521 273 528 284 ,
543 253 590 279 καὶ
606 253 680 279 οὐδὲν
693 253 762 284 ὅλως
775 252 805 278 τὸ
819 253 930 284 ἄναντες

144 304 228 339 ἐφῆκε
247 302 316 328 νοεῖν
332 301 345 327 ὁ
362 299 414 327 τῶν
436 299 503 325 ὅλων
524 298 605 330 Θεὸς,
620 298 664 325 διὰ
679 297 726 324 τοῦ
742 298 788 334 τὴν
810 297 931 328 Μωσέως

144 351 222 386 χεῖρα
243 346 411 384 θεραπεῦσαι
426 344 651 380 λελεπρωμένην·
671 344 708 374 ὼς
724 344 757 371 ἂν
775 344 869 370 εἰδεῖεν
886 344 930 370 ὲν-

144 395 237 423 τεῦθεν
245 395 268 421 οἱ
277 391 450 427 κεκλημένοι,
460 389 610 422 τουτέστιν,
618 391 641 416 οἱ
651 389 680 422 ἐξ
689 389 802 424 αἵματος
815 387 930 424 Ἰσραὴλ,

144 443 184 469 ὃτι
198 440 249 468 κᾶν
263 438 459 472 δυσδιάφυκτον
473 436 560 471 ἔχοιεν
576 437 625 470 τὴν
643 436 795 471 συμφορὰν,
809 436 868 466 ταῖς
887 435 933 461 Αἰ-

144 485 266 521 γυπτίων
283 482 444 519 μοχθηρίαις
460 480 671 516 ὑπεζευγμένοι,
685 480 732 506 καὶ
748 479 824 506 νόσον
839 478 933 514 ὥσπερ

143 531 204 558 τινὰ
227 529 357 559 παθόντες
376 527 505 562 ἐσχάτην,
525 526 573 562 τὴν
601 526 647 552 ὑπ’
667 525 780 556 ἐκείνοις
800 524 931 551 δουλείαν⁸

144 574 201 601 ἀλλ’
218 575 372 610 εὐμήχανος
385 573 399 599 ὁ
410 572 511 608 ἰατρὸς,
526 572 574 598 καὶ
585 571 618 598 τὰ
630 571 696 597 πολὺ
710 570 868 605 δυσεξίτητα
879 570 933 597 τῶν

145 620 239 647 παθῶν
251 620 430 655 παρενεγκεῖν
441 618 558 648 εὐκόλως
570 616 648 648 εἰδὼς
660 617 707 643 καὶ
717 616 874 651 δυνάμενος,
887 616 934 642 καὶ

143 666 223 694 τοῦτο
237 666 354 701 ἀμογητὶ
379 665 426 691 καὶ
442 664 492 691 οὐκ
506 665 534 690 ὲν
550 663 638 698 χρόνῳ
661 662 768 698 μακρῷ.
792 663 867 697 ’Ἅμα
880 662 933 697 γὰρ

144 711 286 746 εἰσήνεγκε
309 713 322 738 ὁ
345 711 447 745 Μωσῆς
466 710 515 745 τὴν
535 709 614 744 χεῖρα
638 710 665 735 ἐν
691 708 729 744 τῷ
752 708 862 743 κόλπῳ,
888 707 935 734 καὶ

145 757 319 792 ἀπήλλακται
340 757 386 784 τοῦ
411 757 509 783 νοσεῖν.
540 754 716 790 ’Υπῃνίττετο
738 754 766 780 δέ
789 763 816 780 τι
842 754 934 789 ἕτερον

144 805 222 838 ἡμῖν,
239 803 364 838 καθάπερ
379 801 486 838 ἐγῷμαι
496 822 505 835 ,
519 802 549 828 τὸ
569 801 673 836 χρῆμα.
686 800 816 835 Μακροὺς
830 799 883 835 γὰρ
906 801 935 826 ἐν

145 849 276 882 Αἰγύπτῳ
298 848 435 883 τρίϐοντες
452 848 563 883 χρόνους
577 849 601 874 οἱ
617 848 645 881 ἐξ
670 847 794 882 Ἰσραὴλ,
811 846 934 881 ἐξέθορον

147 894 197 929 μὲν
218 893 266 927 τῆς
290 892 393 919 ἄνωθεν
415 893 461 918 καὶ
485 893 517 919 ὲκ
539 893 666 928 πατέρων
685 891 775 923 αὐτοῖς
797 890 935 926 ὲντριϐοὗς

145 938 307 970 ἐπιεικείας,
329 937 400 964 ἔθεσί
416 947 444 964 τε
461 938 559 973 μᾶλλον
572 939 627 970 τοῖς
640 937 798 972 ἐπιχωρίοις
812 936 935 971 ὲνιζηκό-

145 993 209 1017 τες,
224 985 270 1011 καὶ
286 983 446 1019 βαθὺνοντες
461 984 520 1010 λίαν
541 985 580 1016 εἰς
600 983 720 1014 κάθεσιν,
737 983 806 1010 κατὰ
826 983 875 1017 τὴν
890 982 935 1009 τοῦ

147 1031 288 1066 προψήτου
311 1030 414 1065 φωνήψ
440 1038 449 1055 ι
478 1029 682 1065 Λελατρεύκασι
705 1029 753 1064 μὲν
775 1030 807 1065 τῇ
831 1029 936 1061 κτίσει,

148 1076 223 1111 παρὰ
234 1076 278 1101 τὸν
292 1075 432 1102 κτίσαντα.
446 1084 455 1101 t
477 1075 708 1110 Κατωλισθήκασι
727 1074 754 1101 δὲ
768 1074 815 1101 καὶ
829 1075 868 1105 εἰς
883 1074 936 1100 πᾶν

148 1121 215 1153 εἶδος
229 1120 398 1156 ἀκαθαρσίας
407 1140 415 1153 ,
432 1121 573 1156 μονονουχὶ
586 1120 615 1147 δὲ
626 1120 761 1147 τεθνεῶτα
779 1120 872 1147 λοιπὸν
889 1120 936 1147 καὶ

148 1167 340 1201 ἀπεψυγμένον
356 1166 489 1201 ἐσχήκασι
512 1165 584 1192 νοῦν.
609 1165 792 1201 Ἀκαοαρσίας
814 1165 866 1200 γὰρ
890 1166 935 1192 καὶ

149 1213 310 1248 νεκρότητος
324 1213 435 1247 σημεῖον
452 1212 469 1247 ἡ
481 1211 578 1247 λέπρα.
593 1211 839 1247 Μεμυσταγώγηκε
853 1211 881 1238 δὲ
893 1211 937 1238 διὰ

149 1259 196 1285 τοῦ
211 1258 360 1293 θαύματος,
374 1257 411 1289 ὡς
432 1258 456 1284 εί
476 1257 653 1293 παραδέξοιτο
674 1257 739 1288 Θεὸς
759 1257 867 1289 αὐτοὺς,
887 1265 935 1290 μο-

149 1304 256 1339 νονουχὶ
266 1304 294 1331 δὲ
305 1304 351 1330 καὶ
362 1303 560 1338 ὲγκολπώσοιτο
572 1303 661 1334 πάλιν,
674 1303 703 1329 οὑ
718 1303 937 1337 δυσαπότρεπτον

149 1349 241 1382 ἕξουσι
260 1350 307 1384 τὴν
328 1349 509 1385 ἀκαθαρσίαν,
531 1349 737 1384 διακρούσονται
753 1348 781 1374 δὲ
800 1348 847 1374 καὶ
866 1348 937 1383 μάλα

150 1396 248 1431 ῥᾳδίως
259 1395 304 1425 τὸν
322 1396 354 1421 ὲκ
372 1395 420 1429 τῆς
435 1394 531 1429 νοητῆς
543 1393 707 1428 νεκρότητος
724 1393 870 1427 μολυσμὸν.
885 1392 939 1418 Καὶ

148 1441 249 1467 οὑτωσὶ
263 1441 311 1476 μὲν
328 1441 392 1475 ἡμῖν
404 1441 417 1467 ὁ
434 1440 462 1466 ἕν
476 1448 507 1474 γε
518 1439 604 1473 τούτῳ
617 1438 704 1472 λόγος.
715 1439 775 1464 ’Ότι
788 1438 856 1464 δὲτὸ
870 1439 937 1472 Χρια

151 1486 212 1512 στοῦ
221 1487 368 1521 μυστήριον
378 1486 589 1521 ἐσκιαγραφεῐτο
601 1485 680 1511 πάλιν
689 1484 725 1515 ὡς
735 1485 763 1510 ὲν
775 1486 808 1519 τῇ
819 1483 938 1514 Μωσέως

983 253 1114 285 restinxit,
1138 253 1206 280 nihil
1231 253 1311 288 plane
1337 253 1452 287 reliquit
1475 253 1549 287 quod
1573 253 1773 284 immedicabile

982 306 1042 326 esse
1058 292 1188 326 aestimari
1209 302 1292 333 queat
1309 307 1315 325 :
1337 302 1367 326 ut
1389 299 1432 326 vel
1453 299 1519 326 hinc
1540 300 1708 336 perspiciunt
1724 310 1772 329 vo-

982 344 1046 376 cati,
1065 344 1091 371 id
1113 349 1156 371 est
1174 344 1315 377 Israelita,
1338 345 1413 380 quod
1429 345 1482 372 etsi
1498 345 1657 373 inevitabile
1672 348 1774 374 malum

989 390 1118 422 habeant,
1133 389 1198 417 dum
1227 390 1395 425 improbitati
1412 390 1600 426 [Egyptiorum
1623 396 1688 419 sunt
1707 394 1773 420 sub-

984 436 1061 471 jecti,
1077 441 1105 463 et
1129 436 1277 471 pessimum
1300 437 1377 471 quasi
1399 437 1545 471 quemdam
1570 438 1697 465 morbum
1719 439 1775 465 sint

987 483 1070 515 nacti,
1086 483 1247 510 servitutem
1259 483 1321 510 dico
1335 483 1387 510 sub
1398 483 1533 520 [Egyptiis
1542 504 1549 517 ,
1567 492 1671 520 gnavus
1684 489 1774 512 tamen

988 533 1071 563 atque
1086 527 1237 556 industrius
1253 529 1375 562 medicus
1390 530 1418 556 in
1432 534 1527 565 parato
1544 531 1590 563 sit,
1608 531 1655 566 qui
1672 532 1775 566 optime

987 573 1061 601 norit
1079 581 1111 601 ac
1130 578 1257 608 potenter
1278 575 1368 602 valeat
1386 575 1524 610 depellere
1543 577 1626 604 etiam
1643 577 1774 612 despera—

986 620 1091 648 tissima
1103 621 1238 648 malorum
1249 629 1359 656 genera,
1372 621 1454 656 idque
1466 622 1524 649 sine
1536 623 1640 655 labore,
1653 631 1685 650 ae
1698 624 1774 651 brevi

986 671 1118 702 tempore.
1142 667 1210 694 Nam
1230 668 1312 694 simul
1337 672 1418 702 atque
1437 669 1530 696 intulit
1552 669 1640 696 Moses
1663 677 1774 697 manum

985 719 1063 739 suam
1077 711 1105 738 in
1119 712 1220 744 sinum,
1240 713 1315 746 lepra
1332 713 1475 741 confestim
1494 719 1589 742 sanata
1605 719 1647 742 est
1681 715 1775 743 Tacite

986 765 1096 792 quoque
1114 757 1189 785 aliud
1211 758 1352 793 quidpiam
1371 759 1461 793 nobis,
1476 764 1508 788 ut
1519 768 1568 795 ego
1583 762 1713 794 arbitror,
1731 761 1774 788 in-

986 804 1090 831 nuitur.
1120 804 1205 835 Multo
1231 805 1304 832 enim
1332 809 1454 840 tempore
1477 806 1504 833 in
1527 806 1641 842 r’Egypto
1664 812 1775 843 agentes

987 849 1127 882 Israelita,
1145 850 1250 878 cmlesti
1274 855 1438 886 patrumque
1460 859 1572 879 suorum
1589 856 1698 880 utentes
1714 860 1775 880 mo-

987 894 1074 922 destia
1091 894 1228 927 enituere,
1243 895 1367 922 moribus
1386 903 1452 923 vero
1469 896 1558 930 gentis
1580 896 1608 923 in
1628 905 1681 931 qua
1696 897 1776 931 dege-

987 941 1054 968 bant
1075 940 1153 968 valde
1174 941 1201 967 in
1225 940 1406 975 dejectionem
1430 941 1595 973 inciderunt,
1612 942 1688 976 juxta
1710 950 1776 977 pro-

987 987 1078 1021 phetat
1092 994 1187 1014 vocem
1204 995 1210 1012 :
1231 996 1239 1011 ί
1256 986 1416 1014 Servierunt
1436 991 1569 1014 creatura:
1584 987 1676 1022 potius
1693 996 1775 1022 quam

987 1033 1111 1060 Creatori
1121 1033 1154 1060 '°.
1176 1042 1184 1058 ι
1205 1032 1328 1067 Prolapsi
1341 1040 1408 1060 vero
1430 1037 1495 1060 sunt
1512 1034 1540 1060 in
1558 1041 1638 1061 omne
1654 1035 1775 1069 turpitu-

987 1079 1060 1106 dinis
1073 1086 1169 1114 genus,
1186 1082 1375 1113 mortuamque
1388 1079 1466 1114 quasi
1484 1083 1512 1106 et
1530 1080 1685 1107 exanimem
1702 1081 1775 1107 nacti

987 1128 1051 1151 sunt
1069 1127 1189 1150 mentem
1219 1123 1308 1157 Lepra
1329 1124 1402 1151 enim
1424 1124 1609 1152 immunditiei
1629 1132 1661 1151 ac
1680 1125 1777 1153 mortis

989 1170 1070 1197 index
1082 1173 1133 1197 est.
1149 1170 1206 1197 Hoc
1218 1174 1261 1198 est
1273 1177 1339 1197 vero
1353 1170 1486 1198 miraculo
1500 1178 1548 1198 eos
1562 1170 1715 1202 erudiebat,
1730 1179 1775 1202 ne,

988 1219 1165 1251 posteaquam
1184 1215 1257 1242 Deus
1276 1215 1337 1242 illos
1356 1215 1390 1242 ad
1410 1223 1440 1242 se
1456 1215 1637 1247 revocaverit,
1652 1222 1685 1242 ac
1698 1215 1776 1249 quasi

987 1261 1016 1288 in
1041 1261 1132 1288 sinum
1156 1268 1237 1288 suum
1250 1261 1342 1289 denuo
1357 1261 1529 1293 condiderit,
1546 1261 1693 1288 diﬂieulter
1713 1268 1741 1288 se
1760 1269 1776 1288 a

986 1306 1114 1333 sordibus
1121 1310 1148 1332 et
1154 1304 1359 1339 impuritatibus
1367 1305 1425 1332 suis
1432 1309 1597 1337 averterent,
1607 1305 1654 1332 sed
1664 1305 1741 1332 facile
1747 1309 1778 1331 et.

985 1352 1062 1387 quasi
1071 1352 1145 1379 nullo
1152 1351 1260 1387 negotio
1267 1351 1429 1386 impedirent
1438 1351 1534 1378 mortis
1543 1351 1775 1386 spiritualisfmdi-

989 1403 1081 1426 tatem.
1095 1397 1135 1426 Ae
1148 1397 1182 1425 de
1199 1397 1243 1424 his
1256 1397 1368 1432 quidem
1384 1397 1518 1426 hactenus
1534 1397 1590 1425 sint
1604 1397 1686 1424 dicta.
1701 1396 1773 1429 Quo-

988 1444 1070 1472 modo
1090 1451 1155 1471 vero
1180 1443 1360 1470 adumbretur
1385 1443 1476 1471 adhuc
1493 1442 1595 1471 Christi
1615 1442 1775 1477 mysterium

989 1490 1016 1516 in
1035 1489 1116 1516 Mosis
1137 1496 1218 1516 manu
1236 1488 1312 1524 lepra
1328 1488 1438 1521 infecta.
1453 1497 1486 1517 ac
1505 1497 1568 1517 mox
1581 1497 1647 1517 sana
1665 1493 1694 1517 et
1707 1496 1775 1524 pura

148 1530 219 1564 χειρὶ
243 1529 436 1566 λελεπρωμένῃ
460 1539 489 1557 τε
514 1530 559 1557 καὶ
587 1529 798 1565 κεκαθαρμένῃ,
825 1528 935 1555 διειπεῖν

989 1535 1105 1566 reddita,
1123 1534 1214 1562 dicere
1235 1534 1387 1569 aggrediar.
1409 1534 1480 1567 Quia
1503 1542 1568 1570 ergo
1588 1544 1597 1560 ε
1614 1542 1663 1570 per
1678 1534 1775 1561 Filium

149 1575 324 1610 πειράσομαι.
345 1576 460 1607 Οὐκοῦν,
475 1576 515 1602 ὅτι
535 1585 543 1601 ι
566 1575 658 1602 Πάντα
682 1575 777 1608 γέγονε
802 1574 834 1600 δι’
859 1574 934 1607 Tim),

148 1620 197 1647 καὶ
228 1621 311 1656 χωρὶς
341 1620 423 1665 αὐτοῦ
460 1621 566 1655 ἐγένετο
600 1620 661 1647 οὐδὲ
690 1620 729 1650 ἓν,
764 1630 772 1645 t
800 1621 814 1647 ὸ
839 1620 933 1647 θεσπέι

147 1675 205 1697 σιος
225 1666 290 1701 ἡμῖν
312 1663 505 1702 εὐαγῂνελιστὴς
533 1666 660 1701 Ἰωάννης
682 1663 711 1693 εὖ
739 1666 811 1701 μάλα
821 1666 935 1701 διαμαρ-

145 1711 269 1747 τύρεται.
295 1712 405 1747 Ἐπειδὴ
428 1712 456 1738 δὲ
471 1712 538 1747 πρὸς
553 1713 606 1738 πᾶν
627 1712 714 1738 ὁτιοῦν
728 1712 837 1748 ἐνεργὸς
850 1713 863 1739 ὁ
880 1713 936 1738 [Ια-
958 1731 965 1736 ι

146 1758 200 1793 τὴρ
219 1758 251 1784 δι’
273 1757 366 1790 αὐτοῦ,
389 1757 516 1794 ταύτῃ-τοι
539 1758 587 1785 καὶ
608 1757 818 1793 ὴθεὸπνευστος
840 1758 934 1794 Γραςτὴ

147 1802 226 1837 χεῖρά
247 1811 276 1828 τε
290 1803 366 1838 ἡμῖν,
379 1802 518 1838 βραχίονα
531 1811 561 1829 τε
578 1803 626 1829 καὶ
638 1802 726 1835 δεξιὰν
741 1803 868 1838 ὀνομάζει
887 1803 934 1829 τοῦ

147 1849 253 1885 Πατρδς
272 1849 317 1875 τὸν
333 1849 408 1875 Υῑόν.
433 1849 489 1876 Kal.
518 1849 583 1882 γοῦν
607 1849 621 1875 ὁ
638 1849 779 1882 θεσπέσιος
806 1850 933 1881 Ἡσαΐας,

150 1906 158 1920 ι
178 1896 275 1931 Κύριε,
300 1895 376 1931 φησὶ,
394 1895 435 1927 τίς
456 1895 599 1921 ἐπίστευσε
618 1897 648 1931 τῇ
664 1896 731 1931 ἀκοῇ
750 1895 843 1931 ὴμῶν;
861 1897 907 1923 καὶ
922 1898 935 1923 ὁ

148 1941 269 1976 βραχίων
280 1941 381 1977 Κυρίου
395 1941 447 1968 τίνι
458 1941 651 1976 ἀπεκαλύφθη;
667 1951 675 1967 t
691 1942 870 1977 Μεμενήκασι
882 1942 935 1978 γὰρ

148 1987 262 2022 σκληροὶ
276 1987 324 2013 καὶ
344 1987 455 2023 ὲΞήνιοι,
479 1988 526 2014 καὶ
541 1987 608 2014 πολὺ
624 1988 765 2020 νοσοῦντες
780 1988 810 2014 τὸ
825 1989 935 2021 ἀπειθὲς

147 2033 172 2059 οἱ
187 2033 300 2065 τάλανες
321 2033 453 2061 Ἰουδαῖοι.
479 2034 533 2060 Καὶ
558 2034 595 2069 τῷ
619 2034 668 2069 μὲν
683 2034 755 2070 λόγῳ
773 2036 873 2071 Κυρίου
889 2036 936 2062 καὶ

147 2078 250 2110 αὐτοὺς
269 2077 320 2114 ἔφη
341 2079 404 2110 τοὺς
431 2079 561 2114 οὐρανοὺς
575 2079 757 2114 ὲστερεῶσθαι
778 2080 865 2107 Δαϐίδ·
892 2081 936 2108 διά.

147 2121 233 2159 [δὲ]γε
244 2124 335 2158 φωνῆς
345 2124 492 2159 προφητῶν
500 2125 513 2151 ὁ
522 2124 587 2155 Θεὸς
593 2125 638 2151 καὶ
648 2125 742 2161 Πατὴρ
752 2125 935 2162 διισχυρίσατο

146 2171 244 2205 λέγων·
260 2180 269 2196 ι
292 2170 361 2204 Ἐγὼ
373 2172 405 2206 τῇ
417 2171 488 2206 χειρί
501 2180 551 2206 μου
563 2171 716 2206 ὲστερέωσα
727 2171 770 2198 τὸν
782 2172 903 2207 οὐρανόν.
922 2183 932 2198 ι

990 1581 1059 1609 facta
1078 1584 1142 1608 sunt
1160 1580 1238 1615 301
1253 1581 1356 1613 omnia,
1368 1585 1396 1608 et
1410 1581 1468 1609 sine
1486 1581 1545 1616 ipso
1564 1581 1665 1608 factum
1679 1586 1720 1608 est
1732 1580 1775 1607 ni-

991 1626 1029 1653 hil
1044 1627 1075 1658 “,
1094 1636 1103 1651 ›
1124 1626 1225 1660 optime
1241 1633 1318 1653 sacer
1333 1627 1500 1661 evangelista
1514 1627 1633 1654 Joannes
1648 1630 1775 1654 testatum

991 1672 1111 1707 reliquit.
1126 1671 1194 1705 Quia
1210 1680 1275 1699 vero
1297 1672 1378 1699 Pater
1393 1673 1484 1700 omnia
1504 1674 1532 1700 in
1549 1673 1617 1700 Filio
1634 1676 1775 1706 operatur,

990 1722 1134 1754 propterea
1148 1725 1225 1745 sacra
1243 1717 1383 1752 Scriptura
1398 1726 1507 1753 qttoque
1522 1718 1602 1745 nobis
1616 1717 1714 1745 Filium
1727 1718 1776 1745 Pa-

990 1765 1040 1791 tris
1056 1764 1179 1791 nominat
1199 1771 1320 1794 manum,
1339 1763 1482 1791 brachium
1506 1769 1535 1791 et
1558 1763 1708 1791 dexteram.
1732 1763 1777 1791 Sic

989 1809 1062 1836 enim
1079 1808 1188 1835 divinus
1205 1808 1288 1835 Isaias
1303 1816 1309 1833 :
1330 1817 1338 1831 ι
1354 1807 1478 1839 Domine,
1494 1807 1557 1841 quis
1569 1806 1687 1834 credidit
1701 1806 1777 1833 audi—

990 1855 1029 1882 tui
1056 1854 1168 1881 nostro?
1195 1853 1228 1881 Et
1255 1853 1400 1880 brachium
1425 1852 1535 1880 Domini
1560 1852 1604 1881 cui
1626 1852 1777 1880 revelatum

988 1905 1031 1928 est
1041 1901 1080 1927 "?
1099 1910 1107 1926 ι
1127 1899 1194 1927 Duri
1212 1899 1285 1926 enim
1301 1903 1330 1926 et
1345 1898 1463 1926 eﬂ‘renes
1481 1898 1667 1933 perdurarunt
1683 1898 1777 1926 miseri

988 1946 1085 1978 Judaei,
1103 1944 1294 1972 incredulitate
1313 1943 1428 1970 nimium
1451 1943 1617 1970 laborantes.
1638 1943 1673 1970 Et
1687 1943 1777 1971 Verbo

989 1991 1096 2019 Domini
1119 1990 1203 2017 emlos
1224 1997 1284 2016 esse
1308 1988 1431 2015 firmatos
1447 1988 1532 2016 David
1553 1991 1678 2020 testatur,
1695 1988 1777 2022 idque

989 2037 1183 2073 prophetarum
1206 2035 1325 2062 oraculis
1348 2034 1421 2061 Deus
1442 2034 1525 2062 Pater
1547 2033 1774 2070 itavconﬁrmat:

993 2084 1116 2111 uManus
1128 2090 1187 2110 mea
1201 2081 1326 2110 fundavit
1336 2081 1436 2109 malum
1449 2080 1482 2107 ”.
1501 2090 1510 2106 ι
1525 2080 1696 2115 Compellans
1709 2088 1777 2107 vero

989 2130 1056 2158 alios
1070 2129 1153 2161 idem,
1168 2129 1206 2156 ait
1221 2137 1226 2154 :
1248 2137 1256 2154 ‹
1271 2127 1329 2162 Ego
1343 2127 1415 2154 Deus
1433 2130 1497 2154 tuus
1509 2126 1556 2161 qui
1569 2125 1720 2153 confortavi
1738 2130 1774 2157 te,

989 2180 1017 2203 et
1035 2175 1182 2203 auxiliatus
1204 2181 1264 2201 sum
1285 2173 1345 2205 tibi,
1361 2176 1389 2199 et
1406 2172 1513 2207 protexi
1531 2175 1557 2199 te
1577 2171 1688 2203 dextera
1702 2171 1776 2205 iusta

147 2214 368 2250 Προσπεφώνηκε
394 2215 422 2241 δὲ
441 2215 488 2242 καὶ
510 2216 630 2251 ἑτέροις·
650 2226 659 2241 ί
683 2215 754 2250 Ἐγὼ
769 2216 823 2252 γὰρ
842 2218 855 2244 ὁ
870 2217 935 2250 Θεὸς

987 2229 1048 2249 mea
1064 2221 1096 2248 “.
1114 2230 1123 2247 ›
1145 2219 1295 2248 Consuevit
1317 2226 1383 2246 vero
1406 2217 1500 2245 divina
1516 2217 1657 2252 Scriptura
1677 2217 1775 2244 Filium

147 2269 195 2287 σου
213 2260 241 2292 ὃς
264 2261 393 2296 ἐνίσχυσὰ
413 2269 453 2294 σε,
469 2263 515 2288 καὶ
529 2261 667 2297 ἐϐοήθησά
688 2271 739 2295 σοι,
762 2263 809 2290 καὶ
823 2263 938 2298 ἠσφαλι-

146 2308 238 2343 σάμην
264 2317 294 2334 σε
314 2310 347 2344 τῇ
369 2308 444 2343 δεξιᾷ
468 2309 501 2343 τῇ
521 2308 613 2343 δικαίᾳ
634 2317 694 2342 μου.
713 2317 722 2334 ›
739 2309 825 2344 Χεῖρα
838 2309 870 2345 δὴ
891 2307 937 2337 οὖν

146 2353 208 2386 ἔθος
221 2355 254 2390 τῇ
272 2353 443 2389 θεοπνεύστῳ
455 2354 548 2389 Γραφῇ
564 2354 608 2380 τὸν
620 2354 684 2380 Υῐόν
699 2354 855 2382 ἀποκαλεῖν.
868 2355 938 2391 Ὅρα

146 2399 236 2426 τοίνυν
247 2401 296 2434 τὴν
307 2400 429 2431 Μωσέως
445 2401 523 2436 χεῖρα
538 2399 730 2435 κρυπτομένην
751 2400 778 2426 ἐν
793 2399 831 2435 τῷ
845 2401 938 2436 κόλπῳ

145 2446 240 2478 αὑτοῦ,
252 2443 312 2472 εἶτα
323 2446 390 2482 πρὸς
404 2446 434 2472 το
445 2445 498 2478 ἔξω
513 2445 676 2482 φερομένην,
688 2446 734 2472 καὶ
750 2447 892 2482 ὁρωμένην
907 2447 935 2473 ὲν

145 2491 235 2528 λέπρᾳ
245 2498 253 2506 ⁸
268 2492 315 2518 καὶ
330 2491 411 2518 πάλιν
427 2492 624 2527 είσφερομένην
638 2492 665 2517 ἐν
677 2491 714 2526 τῷ
735 2492 826 2528 κόλπῳ
840 2492 935 2525 αὐτοῦ,

146 2537 194 2564 καὶ
207 2537 378 2573 παραχρῆμα
388 2537 434 2564 τοῦ
447 2537 548 2569 πάθους
559 2537 781 2573 ἀπηλλαγμένην.
801 2538 935 2566 Ἑννοοῦνσ

144 2592 191 2615 τες
216 2583 245 2610 δὲ
269 2583 300 2610 τὺ
321 2583 469 2619 μυστήριον
498 2582 545 2610 καὶ
564 2583 609 2609 τὸν
630 2583 678 2618 τῆς
704 2583 935 2620 ἐνανθρωπήσεως

144 2629 257 2664 τρόπον,
277 2630 331 2664 ὅπη
343 2637 372 2655 τε
396 2629 443 2656 καὶ
455 2629 529 2661 ὅπως
546 2628 578 2655 ἂν
592 2629 640 2665 ἔχῃ
655 2629 800 2665 καταθρείν
821 2629 935 2657 σπουδά-

145 2675 250 2708 ζοντες,
273 2675 378 2702 τοιοῦτό
397 2684 424 2701 τι
438 2674 546 2709 γεγονὸς
567 2675 728 2710 εὑρήσομεν.
743 2673 796 2702 Ἦν
817 2676 865 2711 μὲν
882 2676 935 2712 γάρ

146 2731 205 2753 πως
220 2722 234 2748 ὁ
249 2721 312 2754 Υἱὸς
331 2722 359 2748 ὲν
372 2720 411 2757 τῷ
434 2721 526 2756 κόλπῳ
544 2720 591 2747 τοῦ
608 2721 675 2747 Θεοῦ
691 2721 736 2748 καὶ
757 2722 871 2757 Πατρὸς,
889 2722 935 2749 καὶ

144 2767 179 2793 δι’
195 2766 277 2793 αὖτοῦ
298 2767 331 2794 τὰ
350 2767 438 2794 πάντα
458 2766 608 2802 πεποίηκεν
623 2768 636 2793 ὁ
658 2768 761 2803 Πατήρ.
782 2768 866 2800 Αὐτὸς
882 2769 934 2804 γὰρ

986 2267 1124 2302 appellare
1148 2273 1269 2293 manum.
1294 2263 1412 2292 Attende
1441 2263 1533 2298 itaque
1557 2270 1668 2290 manum
1694 2262 1776 2289 Mosis

985 2321 1048 2341 mox
1074 2312 1102 2340 in
1127 2312 1189 2339 sinu
1211 2311 1411 2343 absconditam,
1439 2311 1594 2344 iterumque
1615 2307 1774 2344 productam

985 2359 1061 2394 lepra
1080 2357 1224 2390 infectam;
1242 2365 1305 2384 mox
1324 2364 1433 2384 rursum
1455 2356 1483 2383 in
1497 2355 1589 2383 sinum
1608 2355 1731 2387 relatam,
1744 2362 1776 2381 ac

986 2404 1128 2432 confestim
1141 2403 1274 2431 redditam
1288 2411 1392 2431 sanam.
1407 2402 1588 2430 Considerare
1601 2409 1666 2429 vero
1677 2406 1775 2436 mystc-

989 2449 1061 2476 rium
1080 2453 1162 2484 atque
1176 2446 1510 2482 moduminearnationis,
1529 2447 1672 2482 qualisque
1694 2446 1730 2473 sit
1748 2451 1775 2472 et

988 2494 1106 2530 qualiter
1127 2502 1156 2522 se
1177 2494 1286 2526 habeat,
1302 2494 1423 2528 peuitius
1443 2493 1623 2528 introspicere
1643 2493 1664 2520 si
1683 2492 1775 2519 voluc-

989 2541 1085 2573 rimus,
1101 2540 1154 2567 tale
1167 2539 1233 2575 quid
1248 2539 1373 2567 evenisse
1386 2540 1466 2574 plane
1483 2539 1693 2574 comperiemus.
1710 2539 1776 2565 Erat

989 2585 1123 2621 siquidem
1144 2585 1230 2612 Filius
1254 2584 1282 2612 in
1304 2584 1367 2611 sinu
1388 2584 1436 2611 Dei
1458 2584 1557 2616 Patris,
1575 2591 1678 2618 perque
1699 2583 1775 2610 illum

989 2631 1079 2659 omnia
1092 2631 1163 2659 facta
1177 2635 1242 2658 sunt
1255 2639 1270 2658 a
1281 2631 1372 2658 Patre.
1384 2629 1445 2665 Ipse
1457 2630 1558 2657 etenim
1573 2630 1715 2657 brachium
1729 2637 1774 2656 ex—

988 2678 1091 2705 celsum
1109 2681 1161 2710 est,
1176 2681 1204 2705 et
1220 2676 1311 2704 omnia
1332 2675 1445 2705 firmans
1465 2683 1497 2703 ac
1518 2675 1650 2703 roboraus
1666 2683 1772 2706 manus.

988 2729 1015 2752 et
1031 2724 1140 2751 dextera
1161 2722 1340 2751 admirabilis.
1360 2722 1506 2757 Postquam
1521 2729 1587 2750 vero
1606 2721 1686 2749 modo
1703 2730 1772 2756 quo—

989 2769 1050 2796 dam
1062 2769 1088 2796 in
1104 2777 1182 2796 suum
1196 2767 1335 2804 profectus
1352 2771 1394 2794 est
1406 2767 1507 2801 locum,
1521 2767 1604 2796 homo
1617 2768 1714 2799 factus,
1732 2767 1772 2795 inv

181 2869 205 2886 ιθ
219 2869 298 2897 Rom.
317 2878 335 2904 ι,
434 2871 453 2887 ¹¹
466 2871 544 2899 Joan.
559 2878 577 2904 I,
598 2871 622 2898 5.
663 2872 683 2886 ¹²
707 2871 757 2905 Isa,
773 2879 828 2904 LIII,
846 2871 870 2898 ‘2.
912 2872 931 2888 ”

988 2892 994 2898 .
1009 2879 1098 2906 sunt,
1115 2872 1155 2899 15.
1196 2872 1217 2887 ’λ
1229 2872 1279 2900 Isa.
1297 2880 1351 2905 xu,
1370 2871 1411 2902 10,
