1999 3056
204 150 258 179 ΠΒ

710 151 742 180 S.
761 151 902 181 CYRILLI
921 153 1157 184 ALEXANDRINI
1175 156 1335 186 ARCHIEP.

1782 154 1835 183 676

205 209 355 238 ﬁrmitates"
365 208 449 238 etiam
464 213 572 238 nostras
591 211 748 246 assumpsit,
766 212 844 247 juxta
857 212 991 247 propheta

1048 214 1121 241 ἐστιν
1140 216 1154 242 ὸ
1174 215 1292 252 βραχίων
1305 216 1319 243 ὁ
1339 215 1450 252 ὑψηλὸς,
1462 216 1479 251 ἡ
1495 215 1583 242 πάντα
1595 215 1725 250 ἰσχύουσα
1736 214 1806 250 χεὶρ,
1819 215 1835 242 ἠ

204 259 301 281 vocem
314 254 348 287 ⁸⁸,
360 254 496 282 obnoxius
505 254 610 290 judicio
621 260 649 282 et
663 255 858 284 immunditiei.
873 256 997 284 Humana

204 299 278 326 enim
299 299 390 327 omnis
412 300 534 327 conditio
553 300 587 327 ad
609 300 695 328 Deum
712 305 867 335 comparata
889 301 997 336 impura

203 347 255 376 est,
267 344 292 371 si
304 351 370 372 vere
383 345 466 372 Isaias
475 345 545 372 dixit
560 355 566 371 :
585 355 593 371 ι
606 345 689 378 Quasi
700 353 807 380 pannus
820 351 997 375 menstruam

203 397 301 417 omnes
321 395 423 418 nostrae
434 391 549 427 justitia:
564 392 596 418 ".
621 401 629 417 ο
655 392 724 424 Quia
744 392 827 427 igitur
845 391 996 421 humanam

203 437 352 471 assumpsit
368 441 504 470 natu-ram,
519 437 547 464 in
563 437 694 465 fmditatis
711 438 895 473 suspicionem
912 439 995 468 deve-

203 481 244 508 nit
257 483 429 510 castissimus
443 483 511 518 ipse,
528 487 557 510 et
571 484 660 511 lucem
674 483 801 512 habitans
815 485 993 513 inaccessam.

202 526 280 554 Adeo
301 527 437 562 siquidem
455 528 549 555 infelix
564 528 721 556 Judzorum
746 528 886 557 aberravit
901 530 993 564 natio;

203 573 271 608 quin
285 577 314 600 et
327 573 384 600 vini
398 578 533 608 potorem,
549 578 577 601 et
594 574 809 608 Samaritanum,
825 580 854 604 et
865 584 898 603 ex
915 577 994 604 adul-

204 619 274 646 terio
305 623 417 653 natum,
444 623 501 647 tum
524 621 608 648 etiam
632 627 805 656 peccatorem
831 623 992 650 nominavit.

201 663 280 691 Caeco
293 665 367 692 enim
386 673 400 692 a
413 665 555 694 nativitale
566 674 625 700 sua,
639 675 654 694 a
670 667 780 695 Christo
795 673 900 702 sanato,
916 669 994 696 dixe-

202 712 267 735 runt
281 717 288 734 :
309 718 318 734 ι
333 709 371 736 Da
382 709 497 745 gloriam
512 711 578 739 Deo.
593 712 649 740 Nos
660 713 762 740 scimus
775 714 839 748 quia
853 714 899 742 hic
912 715 994 742 homo

200 758 330 788 peccator
350 759 393 783 est
412 756 444 782 ’⁷.
466 766 475 782 ι
495 756 547 784 Sed
569 765 603 785 eo
630 758 776 786 dementia;
796 767 947 795 nunquam,
964 764 994 787 ut

201 799 332 833 arbitror,
347 801 497 835 venissent,
519 807 549 830 ut
567 804 631 831 talia
648 804 782 838 dicerent,
800 810 829 834 et
844 806 948 834 etfrene
965 807 992 834 in

200 851 264 872 eum
286 853 317 873 os
338 847 486 881 aperirent,
503 848 525 875 si
543 849 591 876 Dei
614 854 740 878 naturam
757 851 785 877 in
799 858 832 878 eo
848 853 991 888 cognovis-

1048 261 1264 298 ἁξιοθαύμαστος
1278 262 1362 295 δεξιά.
1385 262 1493 298 Ἐπειδὴ
1504 262 1532 289 δὲ
1547 262 1646 298 τρόπον
1663 261 1724 288 τινὰ
1737 261 1777 293 εις
1791 261 1834 288 τὸν

1047 307 1112 334 ῐδιον
1132 308 1280 343 ὲκόέΰηκεν
1298 309 1389 341 τόπον,
1406 308 1550 343 γενόμενος
1561 307 1772 343 ἄνθρωπος,¹καὶ
1786 307 1834 339 τὰς

1046 352 1188 384 ἀσθενείας
1199 355 1214 388 ὴ
1220 354 1277 388 μῶν
1285 353 1375 386 ἔλαϐε,
1386 353 1456 380 κατὰ
1464 354 1512 389 τὴν
1522 352 1569 380 τοῦ
1581 354 1720 389 προφήτου
1733 353 1834 388 φωνὴν,

1046 398 1075 424 ὲν
1088 398 1221 432 ὑπολήψει
1237 399 1333 433 γέγονε
1348 399 1396 426 καὶ
1408 398 1573 434 ἀκαθαρσίᾳ.
1597 398 1763 433 ’Δκάθαρτος
1780 397 1835 434 γὰρ

1045 445 1061 480 ἡ
1080 444 1224 480 ἀνθρώπου
1247 445 1327 479 φύσις
1344 445 1411 481 πρὸς
1425 445 1502 478 Θεὸν,
1517 445 1545 472 εἴ
1556 453 1588 479 γε
1603 444 1701 480 ἀληθὲς
1720 445 1733 471 ὃ
1753 452 1835 479 φησιν

1045 491 1059 517 ό
1086 492 1229 526 προφήτης
1258 491 1389 524 Ἡσαΐας,
1416 492 1458 518 ὅτι
1492 501 1501 518 ι
1524 492 1603 519 Πᾶσα
1629 492 1646 527 ὴ
1676 490 1834 526 δικαιοσύνη

1045 536 1135 571 ἡμῶν,
1161 536 1198 569 ὡς
1225 537 1308 572 ῥάκος
1334 537 1558 573 ἁποκαθημένης.
1581 547 1590 563 ι
1612 537 1727 570 Οὐκοῦν,
1745 537 1775 564 τό
1801 544 1834 571 γε

1045 579 1112 618 ἧκον
1138 583 1178 615 εἰς
1196 583 1340 618 ἀνθρώπου
1367 583 1458 618 φύσιν,
1475 584 1504 610 ὲν
1515 583 1624 619 δοκήσει
1638 583 1749 618 γέγονεν
1764 583 1834 610 ἀκα-

1045 628 1170 664 θαρσίας,
1197 630 1211 656 ό
1233 629 1371 663 πάναγνός
1388 638 1417 656 τε
1435 630 1482 657 καὶ
1506 630 1565 665 φῶς
1579 630 1725 665 ἀπρόσιτον
1740 629 1833 657 οἰκῶν.

1046 673 1233 709 Πεπλάνηνται
1259 675 1313 711 γὰρ
1340 674 1412 702 οὕτω
1436 676 1483 702 xui.
1509 677 1534 703 οἱ
1561 676 1675 708 τάλανες
1696 676 1833 703 Ἰουδαῖον

1044 721 1183 758 τοιγάρτοι
1207 721 1254 749 καὶ
1271 722 1386 756 μέθυσον
1410 722 1458 749 xui
1482 721 1657 758 Σαμαρείτην
1681 722 1832 757 ὠνόμαζον,

1045 769 1093 794 καὶ
1111 769 1143 794 ὲκ
1161 768 1289 803 πορνείας
1305 769 1497 804 γεγενημένον,
1520 768 1568 795 καὶ
1589 768 1657 803 πρὸς
1673 767 1777 800 τούτοις
1794 768 1834 794 ἔτι

1045 812 1092 839 xui
1116 812 1289 848 ἁμαρτωλόν.
1315 813 1455 848 Ἔφασκον
1471 813 1525 849 γάρ
1542 822 1592 840 που
1609 813 1648 848 τῷ
1674 814 1706 840 ὲκ
1722 813 1834 848 γενετῆς

1045 857 1137 892 τυφλῷ
1149 857 1390 894 τεθεραπευμένῳ·
1409 868 1418 884 ι
1435 858 1484 890 Δὸς
1500 859 1579 891 δόξαν
1591 859 1629 893 τῷ
1647 859 1716 894 Θεῷ.
1739 859 1835 893 Ἡμεῖς

201 896 272 918 sent.
295 892 375 928 302
403 893 457 922 Sed
480 902 542 922 cum
567 895 623 928 ille,
644 897 690 931 qui
714 901 844 933 tanquam
868 899 991 934 impurus

1045 902 1156 937 οἴδαμεν
1177 892 1218 929 ὅτι
1246 892 1322 935 οὗτος
1345 892 1368 931 ὁ·
1381 903 1523 940 ἄνθρωπος
1537 892 1699 940 ἁμαρτωλός
1714 892 1797 931 ἔστιν.
1821 913 1830 930 ι

201 936 284 965 homo
308 938 336 965 in
357 939 432 968 hunc
456 941 588 968 mundum
615 946 695 970 natus
714 948 783 976 erat,
801 943 857 972 imo
876 945 992 980 ipsemet

202 983 328 1018 impurus
346 989 375 1012 et
390 986 540 1014 sceleratus
553 988 769 1022 existimabatur,
786 991 848 1018 vitae
863 999 920 1019 suae
934 992 991 1020 dis-

201 1031 391 1065 pensationem
415 1033 612 1067 perfectissime
634 1034 806 1069 absolvisset,
827 1037 992 1072 tandemque

201 1077 235 1103 ad
252 1077 362 1105 Patrem
379 1079 560 1113 pervenisset,
577 1080 660 1115 inque
675 1081 764 1108 sinum
779 1083 839 1117 ejus
854 1083 990 1117 rediisset,

201 1126 278 1154 tunc,
292 1123 415 1158 inquam,
428 1125 533 1160 expulit
555 1133 616 1152 eam
641 1126 816 1160 opinionem,
841 1136 895 1163 qua
919 1129 992 1156 velut

200 1167 284 1196 homo
307 1169 419 1204 iniquus
441 1175 468 1198 et
493 1171 620 1207 impurus
645 1176 725 1200 natus
749 1180 810 1201 esse
835 1175 990 1203 videbatur.

201 1212 358 1242 Honoratur
374 1223 440 1243 vero
456 1220 486 1243 ut
498 1217 581 1250 Deus,
597 1218 725 1246 laudatur
742 1227 757 1246 a
771 1221 877 1248 cunctis
892 1225 921 1247 ιιι
938 1221 991 1249 Do-

201 1258 302 1291 minus,
320 1264 350 1286 ut
365 1260 482 1289 Sanctus
498 1267 668 1296 sanctorum,
686 1269 715 1291 ut
733 1264 779 1299 qui
795 1265 905 1293 condita
928 1267 991 1294 illu-

200 1308 301 1337 strans,
319 1305 462 1334 hominum
484 1308 637 1343 spiritibus,
657 1314 739 1345 atque
759 1310 793 1338 iis
809 1312 856 1346 qui
873 1312 901 1339 in
919 1316 991 1340 terra

199 1352 265 1375 sunt
277 1348 433 1378 facultatem
451 1352 555 1386 praebet
577 1354 726 1388 superandi
749 1359 777 1382 et
796 1357 990 1390 pcssumdandi

199 1401 263 1421 eum
277 1395 324 1430 qui
339 1397 428 1425 omnis
440 1403 482 1425 est
494 1403 591 1426 auctor
606 1400 815 1435 inquinamenti.
830 1401 907 1435 Quod
926 1411 991 1431 vero

198 1447 248 1475 per
270 1441 503 1476 dispensationem
530 1446 684 1481 susceperit
709 1455 770 1482 qua:
794 1447 827 1474 ad
852 1448 990 1477 hominem

198 1486 348 1520 pertinent,
365 1488 510 1525 factusque
519 1491 572 1518 sub
583 1492 642 1528 lege
655 1492 728 1520 inter
741 1493 841 1529 impios
857 1495 892 1522 sit
908 1503 989 1530 repu-

198 1535 273 1559 tatus
287 1533 320 1566 ",
339 1540 539 1571 revocatusque
563 1537 654 1565 denuo
675 1542 703 1566 et
727 1539 848 1567 insertus
869 1541 991 1576 pristinae

198 1577 325 1613 dignitati
338 1587 370 1607 ac
380 1580 484 1615 gloriae,
497 1583 606 1617 plenam
620 1584 685 1612 facit
696 1585 754 1619 ipse
769 1573 990 1621 [idemiquando
1004 1573 1024 1601 C

198 1623 239 1650 sic
250 1623 285 1650 ad
298 1625 405 1652 Patrem
419 1627 559 1655 caelestem
577 1629 660 1657 verba
680 1630 745 1658 facit
766 1640 772 1657 :
794 1641 803 1657 ‹
826 1632 916 1665 Pater,
933 1633 989 1660 cla-

199 1669 275 1697 rillca
293 1678 337 1698 me
355 1673 427 1707 apud
449 1675 624 1710 temetipsum
645 1677 769 1706 claritate
793 1687 874 1714 quam
894 1680 989 1713 habui,

198 1715 357 1751 priusquam
369 1719 490 1747 mundus
501 1725 584 1753 esset,
596 1723 668 1756 apud
682 1727 708 1750 te
719 1725 751 1750 ".
771 1734 779 1750 ι
799 1725 916 1753 Videsne
926 1734 990 1754 eum

199 1767 262 1788 eum
275 1761 383 1797 iis_qua:
399 1765 592 1800 assumpsisset
607 1767 768 1803 demigrare,
786 1778 838 1798 nec
851 1771 911 1798 sine
926 1779 991 1799 con-

198 1806 262 1834 silio
282 1808 504 1838 incarnationem
522 1814 694 1848 suscepisse?
714 1816 880 1851 Properabat
897 1822 990 1846 autem

198 1853 232 1879 ad
261 1853 414 1883 divinitatis
442 1856 558 1892 insigne,
579 1864 607 1887 et
635 1860 669 1887 ad
697 1862 788 1889 omnia
814 1868 989 1898 superantem

197 1898 312 1933 gloriam
333 1900 584 1939 dignationemque.
612 1905 682 1934 Hinc
702 1908 784 1935 etiam
805 1909 901 1937 beatus
918 1911 989 1938 Pau-

197 1945 241 1972 lus
255 1954 262 1972 τ
288 1956 297 1971 ι
313 1946 381 1980 Etsi,
400 1948 500 1984 inquit,
520 1952 698 1986 cognovimus
713 1955 864 1982 secundum
880 1964 989 1984 carnem

196 1989 399 2025 Christum,sed
412 1995 469 2030 jam
487 1997 648 2026 novimus".
666 2009 675 2025 ι
691 2000 713 2027 Α
728 2002 844 2029 mortuis
857 2003 930 2030 enim
945 2011 990 2030 rc-

197 2037 276 2070 vixit,
297 2039 435 2076 rediitque
452 2043 486 2070 ad
503 2043 612 2072 Patrem
628 2053 710 2073 carne
727 2047 849 2076 indutus.
863 2049 917 2076 Sed
934 2057 990 2077 non

197 2085 316 2119 amplius
339 2088 490 2116 secundum
514 2097 624 2118 carnem
651 2094 851 2128 cognoscimus,
869 2095 921 2123 hoc
936 2097 988 2129 est,

197 2130 288 2176 earinis
298 2131 452 2167 subjectum
460 2135 663 2169 all‘ectionibus,
672 2138 855 2172 passionibus,
866 2140 989 2176 inquam,

197 2175 251 2202 nisi
266 2178 438 2207 naturalibus
451 2184 480 2207 et
496 2181 653 2217 inculpatis.
669 2183 821 2219 Antequam
837 2175 911 2213 enim
929 2195 991 2222 pre-

1051 948 1120 974 ’Δλλ“
1148 949 1198 975 οὐκ
1223 949 1265 980 ἂν,
1286 947 1374 984 οἶμαι,
1400 950 1506 986 μωρίας
1528 952 1568 982 είς
1587 950 1666 977 τοῦτο
1680 949 1834 986 κατῴχοντό

1044 1002 1121 1026 ποτε,
1135 994 1173 1026 ὡς
1188 993 1267 1030 εἴπερ
1281 995 1345 1021 ὄντα
1359 995 1424 1022 Θεὸν
1438 996 1508 1023 κατὰ
1525 996 1605 1030 φύσιν
1621 996 1729 1032 ᾔδεσαν,
1750 997 1834 1031 φάναι

1043 1038 1073 1065 τὸ
1082 1038 1212 1072 τοιοῦτον,
1229 1040 1277 1067 xui
1289 1041 1431 1068 ἀπύλωτον
1446 1042 1489 1068 ἐπ’
1503 1041 1576 1077 αὺτῷ
1590 1041 1719 1074 διανοῖξαι
1736 1043 1831 1077 στόμα.

1049 1084 1119 1110 Ἀλλ’
1146 1085 1160 1111 ὁ
1186 1086 1215 1111 ὲν
1237 1085 1348 1121 δοκήσει
1380 1086 1500 1120 γεγονὼς
1529 1086 1698 1123 ἀκαθαρσίας
1723 1087 1761 1118 ὡς
1786 1087 1833 1114 ειν-

1043 1131 1161 1166 θρωπος,
1180 1131 1223 1158 ὅτε
1248 1131 1296 1167 τὴν
1316 1133 1376 1159 καθ’
1399 1134 1472 1167 ἡμᾶς
1494 1132 1707 1168 εὐτεχνεστάτην
1730 1134 1833 1160 οἰκονο-

1045 1177 1108 1213 μίαν
1125 1178 1235 1212 διάγων,
1252 1180 1291 1210 et;
1305 1179 1391 1215 πέρας
1405 1179 1488 1214 ἀνέδη
1503 1179 1570 1215 πρὸς
1585 1178 1632 1206 τὸν
1644 1174 1766 1215 Πατέρα.
1783 1179 1832 1206 καὶ

1043 1224 1072 1249 ὲν
1087 1223 1197 1255 κόλποις
1219 1224 1330 1258 γέγονεν
1355 1225 1452 1252 αὐτοῦ’
1468 1225 1528 1251 τότε
1543 1225 1586 1261 δὴ,
1606 1225 1667 1251 τότε
1684 1225 1730 1252 καὶ
1745 1225 1831 1260 αὐτὴν

1043 1271 1233 1306 ἀπεκρούσατο
1246 1272 1295 1306 τὴν
1309 1271 1420 1307 δόκησιν
1437 1272 1483 1298 τοῦ
1500 1271 1662 1306 γεγενῆσθαι
1679 1272 1737 1306 μεθ’
1752 1271 1831 1307 ἡμῶν

1043 1317 1071 1343 ὲν
1097 1317 1239 1352 νεκρότητι
1266 1317 1313 1342 xui
1338 1315 1504 1352 ἀκαθαρσίᾳ.
1533 1316 1717 1351 Δοξολογεῖται
1739 1316 1767 1342 δὲ
1792 1315 1832 1348 ὡς

1042 1361 1118 1394 Θεὸς,
1147 1362 1327 1396 δοξολογεϊται
1351 1352 1562 1398 παρὰεῖτάντων
1586 1361 1624 1394 ὡς
1649 1362 1765 1397 Κύριος,
1792 1361 1831 1393 ὡς

1042 1408 1127 1442 ἁγίων
1151 1408 1256 1442 Ἄγιος,
1278 1408 1316 1440 ὡς
1342 1408 1580 1444 καταλαμπρύνων
1594 1409 1644 1444 τὴν
1663 1408 1763 1442 κτίσιν,
1783 1407 1831 1435 καὶ

1041 1454 1097 1484 τοῖς
1111 1453 1164 1480 τῶν
1185 1453 1335 1488 ἀνθρώπων
1359 1453 1507 1489 πνεύμασι,
1525 1455 1572 1481 καὶ
1594 1454 1643 1489 μέν
1658 1462 1699 1480 τοι
1714 1455 1769 1485 τοῖς
1783 1453 1831 1480 ἐπὶ

1041 1500 1092 1535 γῆς
1115 1500 1240 1535 χορηγῶν
1261 1500 1341 1532 αὐτὸς
1361 1500 1391 1526 τὸ
1414 1500 1513 1532 παντὸς
1535 1500 1663 1527 δύνασθαι
1686 1500 1832 1527 καταυλεῖν

1042 1545 1088 1571 τοῦ
1106 1546 1290 1573 κατασπι).οὖν
1308 1546 1454 1581 ἰσχύοντος.
1481 1546 1541 1573 ’Ὁτι
1564 1546 1593 1573 δὲ
1609 1546 1768 1580 κατεδέξατο
1782 1545 1832 1582 μὲν

1042 1591 1219 1627 οἰκονομικῶς
1240 1591 1274 1619 δι’
1291 1593 1365 1627 ήμᾶ;
1381 1593 1394 1618 ὁ
1414 1592 1477 1624 Υἱὸς
1491 1592 1524 1619 τὰ
1540 1592 1706 1628 ἀνθρώπινα,
1725 1593 1772 1619 καὶ
1785 1592 1834 1626 γί-

1041 1646 1103 1672 γονε
1122 1638 1171 1673 μὲν
1186 1638 1237 1664 ὑπὸ
1254 1639 1345 1674 νόμον,
1364 1639 1543 1674 κατελογίσθη
1557 1639 1584 1666 δὲ
1599 1639 1646 1665 καὶ
1660 1640 1688 1665 ὲν
1703 1639 1759 1670 τοῖς
1771 1638 1833 1664 ἀνό-

1043 1693 1114 1719 μοις,
1132 1684 1333 1720 ἀναπεφοίτηκε
1349 1685 1377 1711 δὲ
1392 1685 1471 1712 πάλιν
1487 1685 1527 1716 εἰς
1540 1685 1589 1720 τὴν
1605 1684 1724 1719 ἔμφυτόν
1738 1692 1767 1710 τε
1783 1684 1832 1710 καὶ

1041 1730 1070 1757 ἐν
1083 1731 1179 1766 ἀρχαῖς
1198 1730 1311 1757 ἐνοῦσαν
1327 1731 1400 1766 αὑτῷ
1421 1732 1505 1766 τιμήν
1517 1739 1547 1757 τε
1562 1731 1609 1757 καὶ
1625 1729 1714 1762 δόξαν,
1729 1730 1831 1766 πληρο-

1041 1777 1154 1812 φορὴσει
1170 1777 1257 1812 λέγων
1274 1778 1354 1810 αὐτὸς
1371 1777 1439 1813 πρὸς
1461 1778 1506 1805 τὸν
1520 1778 1549 1804 ὲν
1569 1778 1692 1813 οὐρανοῖς
1706 1776 1828 1812 Πατέρα·

1043 1832 1053 1849 ι
1075 1824 1177 1860 Πάτερ,
1195 1824 1306 1857 δόξασόν
1323 1833 1356 1859 με
1378 1826 1411 1860 τῇ
1432 1824 1505 1860 δόξῃ,
1564 1822 1636 1859 εἶχον
1650 1823 1704 1859 πρὸ
1723 1823 1769 1850 τοῦ
1786 1822 1831 1849 τὸν

1040 1870 1143 1906 κόσμον
1168 1868 1236 1897 εἶναι
1263 1870 1340 1905 παρὰ
1367 1870 1419 1896 σοί.
1440 1880 1448 1895 ι
1477 1871 1559 1906 Ὁρᾷς
1581 1871 1623 1896 ὅτι
1647 1869 1701 1896 τῶν
1729 1868 1831 1904 μεταξὺ

1041 1915 1300 1952 παρεισΰεσηκότων
1331 1915 1513 1950 ἀπαλλακτιᾷ,
1539 1916 1584 1942 καὶ
1607 1915 1657 1941 οὐκ
1682 1914 1832 1949 ἀϐούλητον

1042 1961 1091 1996 μὲν
1107 1961 1254 1996 ἐποιήσατο
1277 1961 1327 1996 τὴν
1349 1961 1417 1996 μετὰ
1440 1960 1539 1996 σαρκὸς
1562 1961 1734 1996 οἰκονομίαν,
1752 1961 1832 1995 ὴπεί-

1040 2015 1103 2042 γετο
1114 2007 1143 2034 δὲ
1159 2007 1228 2043 πρὸς
1250 2007 1280 2034 τὺ
1298 2008 1347 2043 τῆς
1361 2008 1488 2042 θεότητος
1504 2007 1613 2039 εὐκλεὲς
1628 2008 1674 2034 καὶ
1694 2007 1726 2034 ιιὸ
1743 2008 1832 2034 πάντα

1040 2053 1262 2089 ὑπερανεστηκδς
1280 2053 1407 2089 ἀξίωμαε
1424 2053 1472 2080 Διὰ
1488 2053 1567 2080 τοῦτο
1587 2054 1634 2080 xui
1659 2054 1672 2080 ό
1699 2054 1832 2089 μακάριος

1041 2099 1162 2134 Παῦλος,
1188 2109 1197 2125 ι
1214 2099 1248 2126 Εἴ
1263 2109 1294 2134 γε
1316 2100 1364 2127 καὶ
1385 2100 1556 2135 ἐγνώκαμεν,
1583 2100 1676 2135 φησὶν,
1696 2099 1742 2127 τὸν
1761 2099 1834 2127 κατὰ

1041 2145 1132 2180 σάρκα
1159 2146 1286 2182 Χριστὸν,
1309 2146 1379 2173 ἀλλὰ
1401 2145 1447 2172 νῦν
1472 2146 1522 2172 οὐκ
1552 2145 1591 2173 ἔτι
1618 2147 1798 2181 γινώσκομεν.
1820 2155 1830 2171 ο

1047 2190 1159 2216 ’Δνεδίω
1172 2190 1226 2226 γὰρ
1239 2191 1271 2217 ἐκ
1281 2191 1395 2226 νεκρῶν,
1409 2190 1520 2226 ἀνέθορέ
1536 2199 1565 2217 τε
1582 2191 1649 2226 πρὸς
1663 2190 1708 2217 τὸν
1722 2190 1832 2226 Πατέρα

198 2221 295 2249 tiosam
318 2224 424 2252 subiret
445 2233 565 2260 crucem,
578 2228 707 2256 esuriisse
729 2229 828 2263 fertur,
843 2239 875 2259 ac
894 2221 988 2261 devia

198 2266 298 2279 ἰι--..μ
326 2277 349 2279 μ.
364 2270 423 2279 νεῖν
478 2276 484 2279 .
509 2276 515 2279 .
535 2272 541 2278 η
562 2277 567 2279 .
590 2277 595 2279 .
687 2275 694 2279 .
752 2275 759 2279 .
878 2278 881 2279 .

1043 2235 1110 2271 μετὰ
1124 2221 1234 2272 σαρκός.
1253 2221 1438 2268 ἐἴη’-οὐκετι,
1455 2221 1548 2272 φησιν,
1565 2221 1738 2272 κατὰήσάρκα
1751 2221 1832 2263 αὑτὸν

198 2266 301 2295 fessum
324 2270 438 2303 sedisse,
459 2276 488 2300 et
509 2272 645 2300 tristatum
662 2275 819 2309 admodum,
837 2278 902 2312 quin
918 2283 945 2306 et
960 2279 988 2307 in

197 2313 272 2349 ligno
288 2320 404 2344 mortem
422 2325 471 2352 pro
492 2319 572 2346 nobis
588 2327 748 2354 perpessum
767 2331 773 2348 :
794 2326 822 2349 at
838 2324 919 2352 modo
935 2332 989 2353 non

198 2361 317 2395 amplius
329 2362 372 2389 his
384 2363 532 2391 obnoxium
545 2365 681 2394 novimus.
699 2377 708 2393 ι
723 2367 812 2396 Semel
826 2370 899 2397 enim
915 2380 989 2399 mor-

198 2409 272 2438 tuus,
289 2415 345 2434 non
367 2409 486 2443 amplius
508 2412 668 2439 moritur“.
687 2423 696 2439 ›
719 2415 897 2451 Incorruptus
916 2419 989 2446 enim

197 2454 240 2477 est
254 2451 389 2483 Christus,
403 2461 465 2480 cum
478 2455 534 2482 vita
549 2457 663 2485 exsistat
678 2467 726 2486 sua
740 2465 850 2494 natura,
869 2462 987 2498 vitteque

197 2500 295 2523 auctor
308 2517 315 2529 ,
332 2498 395 2532 quia
406 2507 438 2526 ex
451 2500 508 2534 ipsa
522 2501 611 2530 Patris
622 2504 677 2531 vita
689 2506 802 2539 prodiit.

1040 2281 1220 2317 γινώσκομεν,
1234 2282 1382 2312 τουτέστιν,
1396 2282 1445 2308 οὐκ
1462 2281 1502 2308 ἐτι
1520 2282 1550 2308 ἐν
1563 2283 1619 2313 τοῖς
1635 2282 1750 2308 πάθεσιν
1767 2281 1833 2308 ὄντα

1038 2329 1088 2363 τῆς
1105 2328 1216 2363 σαρκὸς,
1230 2327 1328 2355 πάθεσί
1344 2336 1374 2354 τε
1387 2329 1444 2360 τοῖς
1458 2329 1581 2362 φυσικοῖς
1595 2328 1641 2354 καὶ
1655 2328 1846 2363 ἀνεγκλήτοιςξ

1039 2373 1120 2408 φημί.
1138 2373 1195 2408 Πρὸ
1213 2373 1262 2408 μὲν
1278 2373 1331 2408 γὰρ
1347 2371 1394 2398 τοῦ
1408 2371 1499 2407 τιμίου
1518 2371 1646 2406 σταυροῦ,
1671 2371 1719 2398 xui
1737 2370 1831 2405 πεινῆ-

1040 2428 1085 2446 σαι
1097 2418 1218 2453 λέγεται,
1235 2418 1282 2445 καὶ
1294 2419 1393 2454 καμεῖν
1405 2419 1436 2444 ὲκ
1451 2419 1501 2453 τῆς
1517 2417 1680 2454 ὁδοιπορίας,
1693 2417 1740 2444 καὶ
1755 2417 1832 2453 περί-

1040 2465 1124 2491 λυπον
1155 2465 1297 2499 γενέσθαι·
1325 2465 1373 2491 καὶ
1399 2464 1480 2491 αὑτὸν
1508 2463 1536 2490 δὲ
1561 2463 1608 2490 τὸν
1625 2464 1671 2490 ἐπὶ
1697 2463 1776 2496 ξύλου
1798 2463 1832 2490 δι’

1043 2511 1116 2545 ἡμᾶς
1137 2511 1284 2546 ἀνατλῆναι
1306 2510 1431 2542 Θάνατον,
1448 2509 1515 2536 ἀλλὰ
1531 2509 1589 2541 νῦν,
1603 2510 1654 2536 οὐκ
1675 2511 1704 2536 ὲν
1726 2509 1832 2541 τούτοις

197 2542 261 2592 δνςτα
281 2542 462 2592 τινίξισκξμξν-
484 2556 493 2572 ⁸
513 2547 604 2580 Ἃπαξ
620 2549 673 2585 γὰρ
695 2551 848 2585 ἀποθανὼν,
875 2555 924 2580 οὐκ
948 2554 988 2581 ἔτι
1006 2542 1184 2591 ἀποθνήσκει.
1209 2565 1218 2581 ι
1234 2542 1392 2592 ’Ἂφθαρτος
1408 2556 1462 2590 γὰρ
1477 2555 1490 2581 6
1511 2555 1638 2590 Χριστὸς,
1671 2555 1727 2590 ζωὴ
1762 2555 1832 2582 κατά

196 2587 350 2636 φύσιν-καὶ
379 2588 452 2624 ζωῆς
474 2593 603 2627 χορηγὸς,
622 2594 663 2620 ὅτι
687 2596 733 2622 xui
748 2597 779 2623 ὲκ
793 2597 866 2632 ζωῆς
884 2599 987 2634 πέφηνε
1007 2600 1054 2627 τοῦ
1067 2587 1185 2636 Πατρός.

231 2633 256 2660 «ι.
279 2633 426 2668 Postquam
444 2643 509 2664 vero
529 2637 683 2667 inauditum
705 2641 772 2669 illud
787 2643 860 2671 circa
876 2633 986 2672 manum

196 2679 330 2714 leprosum
359 2679 465 2716 signum
489 2684 544 2718 jam
576 2686 741 2720 transiisset,
768 2690 850 2717 tertio
876 2699 987 2727 quoque

195 2725 274 2759 signo
293 2725 366 2753 Deus
384 2733 431 2754 eos
451 2729 536 2764 magis
557 2730 711 2759 conﬁrmat.
734 2734 778 2761 Ait
798 2735 871 2762 enim
888 2725 986 2765 rursus

196 2770 339 2805 Scriptura
353 2780 360 2797 :
378 2780 386 2797 ι
402 2772 479 2806 Quod
495 2774 517 2801 si
533 2782 584 2802 nec
599 2775 706 2805 duobus
721 2779 832 2814 quidem
845 2781 888 2809 his
901 2782 986 2818 signis

231 2826 346 2870 1',an-
363 2836 409 2870 xv;
423 2830 447 2856 ί·
486 2831 508 2846 ’⁸
523 2831 571 2858 ιεδι
588 2840 657 2866 ’δείν’
672 2834 697 2861 6-
738 2836 758 2850 ’⁷
774 2836 851 2863 Joan.
871 2845 904 2870 Ix,
921 2838 964 2865 ﬁl.

198 2860 218 2875 "
240 2861 309 2888 Rom
339 2871 373 2897 \‘l,
394 2864 421 2891 9.

1077 2646 1108 2674 δ’.
1126 2647 1203 2674 Μετὰ
1217 2647 1245 2673 δέ
1257 2656 1288 2681 γε
1302 2647 1332 2674 τὺ
1347 2648 1392 2673 ἐπὶ
1402 2648 1435 2682 τῇ
1450 2646 1576 2682 λεπρώσῃ
1589 2647 1662 2683 χειρὶ
1674 2647 1830 2683 παραδόξως

1041 2692 1246 2728 τετελεσμένον,
1268 2692 1315 2719 καὶ
1337 2693 1420 2728 τρίτῳ
1436 2693 1542 2729 σημείῳ
1557 2693 1706 2728 καθίστησι
1723 2693 1828 2728 βεϐαιο⁹

1041 2739 1146 2774 τέρους.
1166 2740 1239 2774 Ἔφη
1254 2739 1309 2774 γὰρ
1330 2740 1426 2767 πάλιν
1449 2750 1457 2764 ι
1481 2739 1543 2766 Ἐὰν
1564 2740 1592 2766 δὲ
1611 2739 1647 2775 μὴ
1667 2740 1830 2766 πιστεύσωσὶ

1041 2793 1081 2811 σοι
1105 2786 1159 2817 τοῖς
1181 2785 1240 2812 δυσὶ
1268 2786 1391 2821 σημείοις
1414 2785 1529 2819 τούτοις,
1558 2786 1626 2821 μηδὲ
1648 2787 1831 2812 sicam-iamsi

1580 2843 1602 2857 "'
1617 2843 1638 2870 ll
1653 2842 1717 2870 Cor,
1746 2850 1772 2875 ι’,
1786 2841 1831 2869 16.

1021 2839 1042 2855 ³⁸
1063 2841 1112 2868 lsa.
1130 2850 1184 2873 Lm,
1204 2842 1244 2868 l2.
1293 2843 1314 2857 ἐλ
1327 2843 1403 2869 .loan.
1423 2850 1485 2874 xm,
1499 2842 1523 2870 5.

1844 2359 1848 2379 i
