1999 3056
184 128 238 156 479

180 193 285 221 suaque
297 190 405 223 natura,
416 189 469 218 hoc
489 195 541 226 est,
554 193 603 221 Dei
615 195 704 224 Patris
716 198 848 232 Verbum,

179 230 292 259 unionis
307 232 550 271 dispensationem,
576 240 604 268 in
622 249 730 270 carnem
748 250 823 279 puta,
842 250 923 281 atque
943 247 971 275 in

178 277 336 306 universam
345 280 544 311 humanitatem
554 291 734 323 naturamque
747 296 877 324 nostram,
888 294 971 321 etiam

178 329 294 352 mortem
309 326 395 361 ipsam
406 329 523 358 subiisse
535 332 593 359 visa
605 338 656 361 est.
673 335 794 364 Dicimus
810 338 883 364 enim
897 347 970 367 mor-

177 375 254 397 tuum
271 379 321 405 pro
329 373 418 407 nobis,
436 383 490 403 non
505 380 594 405 tamen
607 379 633 406 in
642 382 754 415 propria
771 382 796 410 id
808 391 968 419 perpessum

176 419 285 443 natura.
299 417 422 447 Mortuus
439 421 511 448 enim
535 431 590 451 non
604 430 687 458 esset,
701 434 764 454 cum
784 429 821 456 sit
834 430 899 464 vita,
920 433 968 460 sed

177 460 252 487 carni
265 470 320 490 suae
334 469 449 492 mortem
466 468 543 500 quasi
569 469 764 506 appropriavit.
780 474 846 502 Vide
863 466 966 512 itaque,

175 506 250 540 quod
265 507 288 534 si
301 508 390 537 Moses
405 518 504 545 aquam
520 512 547 539 in
564 516 665 542 terram
686 516 839 552 eﬂ‘udisset,
859 521 888 548 in
902 529 966 550 san-

175 552 285 586 guinein
303 562 381 582 versa
394 564 447 583 non
459 561 549 591 esset;
567 560 640 594 quod
653 563 828 592 manifestum
838 571 879 594 est
890 575 964 595 mor-

176 596 211 623 tis
224 597 364 625 indieium.
382 600 502 628 Verbum
524 603 597 630 enim
609 605 658 633 Dei
675 608 753 642 quasi
763 613 840 637 extra
853 619 965 640 carnem

174 643 365 675 constitutum,
390 645 446 673 vita
470 651 512 674 est
534 653 561 675 et
583 649 736 680 viviﬁcans.
758 653 828 687 Quia
847 664 914 685 vero
936 659 964 686 in

172 693 254 714 carne
270 687 412 722 habitavit,
426 697 572 726 propterea
586 694 729 725 hominum
748 707 824 728 more
838 707 963 732 mortuus

173 731 436 771 dieitur._C:eterum
460 736 512 764 hoc
533 746 711 776 permagnum
733 749 815 780 atque
832 747 962 777 eximium

171 776 279 812 signum
291 783 342 812 est,
361 788 415 815 quo
427 783 504 817 quasi
522 785 574 812 reti
597 786 688 822 aliquo
705 789 738 816 ad
754 776 834 818 [idem
855 799 961 828 pertra-

171 822 308 851 ltebantur
323 825 447 860 reliquiae
463 828 556 862 Israel,
571 835 599 858 et
611 839 762 862 convocata
780 841 822 864 est
837 840 960 874 gentium

691 138 721 166 S.
741 139 877 169 CYRILLI
897 142 1131 175 ALEXANDIIINI
1150 148 1308 180 ARCHIEP.

1759 159 1809 187 480

864 207 975 236 propter
991 208 1010 234 Α
1029 213 1038 230 ‹
1056 206 1210 244 Κατῴκηκε
1231 211 1286 246 γὰρ
1309 211 1338 239 ὲν
1355 212 1463 249 Χριστῷ
1485 215 1540 242 πᾶν
1555 215 1586 242 τὸ
1610 215 1745 252 πλήρωμα
1762 219 1810 254 τῆς

1023 250 1147 287 θεότητος
1170 257 1348 289 σωματικῶς·
1371 267 1380 283 ι
1400 261 1542 297 μονονουχὶ
1554 261 1582 287 δὲ
1654 250 1810 298 ave-potitet}!

1022 300 1210 335 συνενήνεκται
1228 302 1319 336 φύσει,
1333 304 1381 330 καὶ
1397 304 1434 337 ὡς
1450 306 1500 332 οὐκ
1514 306 1547 333 ἂν
1562 307 1670 335 δύναιτό
1683 317 1724 340 τις
1739 309 1808 334 νοεῖν

1021 343 1036 378 ἢ
1055 345 1174 379 φράσαι·
1193 346 1262 383 πλὴν
1283 350 1323 380 εἰς
1348 347 1416 386 αἷμα
1436 353 1601 388 μετεποιήθη
1628 354 1658 380 τὸ
1673 354 1755 389 ὕδωρ.
1775 355 1808 382 Ἦ

1019 389 1074 424 γὰρ
1095 391 1165 418 κατὰ
1185 392 1265 426 φύσιν
1282 393 1349 430 ζωὴ,
1370 397 1518 429 τουτέστιν,
1534 399 1548 424 ὁ
1570 399 1601 425 ἐκ
1615 398 1684 425 Θεοῦ
1701 400 1808 436 Πατρὺς

1018 435 1114 469 Λόγος,
1131 437 1191 463 καθ’
1202 437 1298 466 ἕνωσιν
1311 441 1494 478 οἰκονομικὴν,
1514 443 1563 478 τὴν
1581 445 1619 476 ὼς
1635 445 1702 480 πρὸς
1718 446 1806 480 σάρκα

1019 481 1100 515 φημὶ,
1126 481 1185 516 ἦτοι
1201 483 1268 518 πρὸς
1281 484 1428 521 ὀλόκληρον
1450 487 1648 523 ἀνθρωπότητα
1660 489 1707 515 καὶ
1726 489 1806 524 φύσιν

1017 525 1066 561 τὴν
1082 527 1142 554 καθ’
1157 528 1241 562 ἡμᾶς.
1264 530 1311 556 καὶ
1325 531 1354 557 ἐν
1367 531 1476 567 δοκήσει
1493 533 1587 567 γέγονε
1600 532 1648 560 τοῦ
1662 534 1709 560 καὶ
1725 534 1806 561 αὑτὸν

1017 572 1166 608 ἀνατλῆναι
1181 574 1226 601 τὸν
1239 575 1363 603 θάνατον.
1378 578 1468 612 Φαμὲν
1482 578 1536 614 γὰρ
1552 578 1594 605 ὄτι
1609 579 1656 606 καὶ
1670 579 1805 606 ἀπέθανεν

1017 617 1088 653 ὑπὲρ
1102 619 1191 654 ἡμῶν,
1209 620 1258 647 οὐκ
1275 622 1316 653 εἰς
1336 622 1403 649 ἰδίαν
1424 623 1504 657 φύσιν
1519 624 1598 650 τοῦτο
1613 624 1694 655 αὐτὸς
1711 624 1805 651 παθὼν

1018 662 1139 699 (τεθναίη
1149 665 1203 700 γὰρ
1212 666 1292 699 αὐτὸς
1301 667 1439 703 οὐδαμῶς,
1453 669 1510 705 ζωὴ
1522 670 1674 706 ὑπάρχων),
1683 671 1751 697 ἀλλὰ
1758 671 1805 697 τὸν

1015 709 1065 744 τῆς
1079 710 1147 742 ιδίας
1164 712 1265 747 σαρκὸς
1287 714 1469 749 οίκειούμενος
1491 715 1615 742 θάνατον.
1634 715 1729 751 Ἀθρει
1748 714 1802 752 γὰρ

1014 755 1099 786 ὅπως,
1115 756 1139 782 ει
1157 757 1195 791 μὴ
1210 757 1316 793 ἐξέχεεν
1328 760 1342 786 ὁ
1365 760 1469 795 Μωσῆς
1482 761 1512 787 τὸ
1527 761 1599 796 ὕδωρ
1619 762 1659 793 εἰς
1676 761 1724 797 τὴν
1739 763 1800 797 γῆν,

1014 800 1044 826 οὺ
1064 801 1230 837 μτεποιήθη
1243 803 1284 834 είς
1297 800 1367 839 αἷμα
1377 812 1384 820 ·
1401 805 1469 840 ὅπερ
1478 806 1551 832 ἐστὶν
1565 806 1677 841 ἐναργὲς
1687 806 1801 833 θανάτου

1016 846 1137 879 σημεῖον.
1157 846 1230 878 Ἐξω
1255 848 1304 882 μὲν
1321 849 1376 883 γὰρ
1396 849 1445 884 τῆς
1463 850 1563 885 σαρκὸς
1582 850 1724 885 νοούμενος
1739 852 1753 877 ὀ
1769 852 1801 877 ἐκ

170 869 326 898 multitudo.
340 871 406 905 Quis
413 874 486 901 enim
496 876 609 904 credere
617 878 761 913 detrectet,
774 869 890 912 mortem
902 894 956 921 qua

170 914 333 930 lnnrlnl:l\un
361 917 466 930 n_:.l.....
498 921 607 930 _,,u,,.,
691 928 695 930 _
835 928 840 930 .
869 929 874 930 γ

1020 869 1137 879 ηπνη--η
1170 869 1228 878 -ηικι
1276 869 1301 874 -ν
1327 869 1356 882 ιν-
1402 869 1444 884 --ιν
1463 869 1562 885 vwrnvy
1586 869 1723 885 ’ν’-’κινυ-ννυ
1740 869 1753 877 υ
1769 869 1799 877 δ’·

1013 889 1080 916 Θεοῦ
1103 891 1199 925 Λόγος,
1223 869 1280 928 {tori}
1306 869 1512 927 xa‘triommtég
1539 896 1623 923 ἐστιν.
1649 896 1756 930 Ἐπειδὴ
1771 897 1799 922 δὲ

169 914 334 942 mortalibus
360 917 468 951 pridem
498 921 612 948 molesta
639 928 698 951 erat
725 930 807 960 atque
834 914 963 965 infausta,

168 965 284 987 cernens
303 960 484 996 debilitatam,
501 967 707 1001 corruptionem
733 970 863 1006 ablatam,
881 979 964 1011 atque

168 1003 195 1030 in
209 1011 285 1039 spem
297 1005 358 1033 vita:
374 1009 549 1043 sempiterna:
558 1019 645 1046 genus
655 1013 806 1043 humanum
823 1022 963 1048 erectum?

167 1049 286 1077 Utenim
303 1053 468 1080 commortui
478 1062 572 1083 sumus
584 1056 699 1090 Adamo,
710 1060 750 1086 sic
764 1065 866 1089 etcum
881 1063 961 1091 Chri-

167 1098 209 1120 sto
222 1095 333 1123 excitati
353 1105 459 1130 sumus,
479 1103 508 1126 ut
522 1103 638 1128 testatur
655 1109 767 1132 sanctus
777 1105 878 1135 Paulus
893 1110 960 1136 seri-

167 1138 234 1166 hens
249 1150 256 1167 :
273 1151 281 1166 ι
300 1141 376 1170 Sicut
395 1144 421 1171 in
441 1145 527 1172 Adam
543 1154 638 1175 omnes
661 1150 811 1184 morimur,
830 1153 866 1180 ita
889 1159 917 1182 et
935 1156 960 1183 in

165 1184 277 1213 Christo
307 1195 404 1216 omnes
433 1190 679 1221 viviticabimur”.
701 1205 708 1220 ι
732 1196 858 1226 Redemit
887 1202 960 1230 enim

167 1237 217 1258 nos
229 1233 361 1268 sanguine
375 1241 435 1267 suo,
448 1240 475 1263 et
489 1245 538 1271 pro
550 1239 672 1267 omnium
686 1241 740 1269 vita
755 1250 833 1271 suam
847 1245 905 1280 ipse
919 1247 959 1274 vi-

167 1279 222 1303 tam
239 1279 439 1314 Oppigneravit.

164 1322 366 1358 ἀνηνεγμένην;
386 1326 489 1363 Ὥσπερ
502 1329 555 1364 γὰρ
576 1332 796 1368 συναπεθάνομεν
826 1335 865 1370 τῷ
893 1337 988 1374 ’Λδὰμ,

164 1369 277 1403 γράφων
291 1371 355 1406 ἡμῖν
376 1373 389 1398 ὁ
405 1372 546 1404 θεσπέσιος
560 1376 676 1409 Παῦλος·
694 1388 703 1403 ι
723 1379 827 1416 ’Ὠσπερ
863 1383 915 1419 γὰρ
936 1369 964 1411 eo
1051 1369 1135 1427 -Αδέᾴ
1158 1369 1240 1420 τξάζίτέ

164 1414 272 1427 v-.__.-.
292 1416 372 1427 ,μμ
414 1418 427 1427 .-
557 1421 562 1427 .
605 1422 615 1427 λ
712 1424 755 1427 ,--

163 1414 274 1450 Χριστῷ
291 1416 390 1448 πάντες
412 1418 646 1456 ζωοποιησάμεθα.
667 1432 676 1448 ι
712 1424 872 1461 Ἐξεπρίατο
899 1429 952 1467 γὰρ
972 1433 1045 1467 ἡμᾶς

162 1460 255 1496 λαγμα
267 1462 316 1498 τὴν
335 1464 432 1491 ἑαυτοῦ
451 1465 523 1502 ζωὴν
537 1468 690 1505 ἐποιήσατο.

197 1507 222 1533 5.
237 1507 289 1535 Sed
302 1516 457 1544 quanquam
473 1516 526 1539 tam
550 1514 650 1542 eximia
675 1521 703 1543 et
727 1519 884 1546 veneranda
908 1529 953 1548 os—
968 1524 988 1552 C
1042 1527 1071 1549 ε’.

161 1556 235 1580 tenta
254 1553 360 1586 tierent,
380 1559 470 1584 tamen
486 1558 576 1587 adhuc
590 1560 698 1588 dubitat
716 1563 813 1595 Moses,
827 1571 955 1602 metuque

161 1598 329 1632 corripitur,
363 1600 582 1637 legationemque
614 1605 759 1635 detrectat.
785 1609 853 1636 Cum
882 1611 955 1639 enim

161 1642 233 1670 Deus
244 1644 417 1679 praeciperet,
434 1651 462 1673 ut
473 1647 506 1674 ad
524 1649 694 1678 Pharaonem
707 1655 861 1689 accederet,
875 1658 955 1693 eique

160 1688 336 1716 annuntiaret
350 1695 379 1717 ut
399 1693 530 1727 populum
557 1695 639 1724 Israel
660 1697 822 1734 dimitteret,
838 1703 884 1736 qui
902 1688 954 1732 sibi

161 1733 187 1760 in
203 1741 298 1761 eremo
319 1741 392 1763 esset
407 1738 629 1773 sacriﬁcaturus,
651 1743 797 1772 abhorruit
816 1755 829 1773 ιι
845 1750 955 1784 negotio

160 1787 214 1807 non
230 1781 416 1815 mediocriter,
428 1785 572 1814 manifeste
585 1789 657 1822 quod
668 1795 740 1818 esset
759 1800 885 1822 sermone
894 1803 953 1823 mo-

159 1825 247 1858 dicus,
272 1832 300 1854 et
323 1828 468 1857 obscuram
494 1831 610 1861 haberet
628 1835 775 1870 loquelam,
792 1839 832 1867 sic
845 1841 953 1870 confes-

158 1879 205 1899 sus
221 1881 227 1898 ι
251 1883 259 1898 ι
273 1873 332 1901 Νοη
349 1883 419 1909 sum,
438 1877 492 1911 ait,
512 1878 645 1914 eloquens
672 1883 706 1910 ab
727 1883 785 1911 heri
803 1891 830 1913 et
853 1888 953 1916 nudius

160 1918 266 1951 tertius,
285 1923 312 1947 et
324 1929 357 1948 ex
369 1929 423 1956 quo
437 1923 546 1952 locutus
558 1927 630 1954 es‘ad
645 1936 754 1957 servum
772 1935 858 1965 tuum,
873 1934 953 1971 305

159 1963 343 1998 impeditioris
357 1970 384 1994 et
399 1967 527 1996 tardioris
539 1970 637 2006 lingua:
649 1982 708 2001 sum
718 1975 749 2002 "°.
768 1986 776 2002 ›
792 1977 862 2011 Quin
883 1985 910 2007 et
923 1963 952 2009 se

158 2009 248 2037 minus
264 2019 323 2039 csse
344 2019 438 2047 parem
461 2022 542 2049 quam
576 2022 605 2044 ut
627 2020 756 2054 populum
772 2031 787 2049 a
813 2026 953 2054 servitutis

154 2057 220 2091 jugo
231 2057 349 2086 liberare
357 2064 449 2094 queat,
464 2069 518 2089 non
532 2063 649 2092 obscure
662 2068 817 2102 prolitetur,
837 2071 951 2103 dicens;

161 2112 169 2126 ι
185 2102 315 2137 Obsecro,
337 2105 461 2139 Domine,
487 2107 564 2136 mitte
590 2109 672 2136 alium
695 2116 844 2147 potentem,
871 2125 951 2151 quem

157 2147 292 2176 missurus
312 2151 381 2178 es”.
398 2163 406 2177 ι
422 2153 478 2180 Deo
493 2160 584 2183 autem
599 2158 745 2191 pollicente
769 2161 889 2197 linguam
910 2165 948 2192 illi

156 2200 185 2221 se
198 2193 374 2227 daturum,et
390 2205 422 2225 os
444 2198 622 2229 dilataturum
635 2223 641 2235 ,
664 2209 691 2231 et
709 2206 783 2239 quod
798 2193 856 2242 ipse
876 2215 949 2237 esset

156 2239 232 2267 solus
251 2241 299 2275 qui
319 2243 480 2277 sapientiam
505 2250 532 2273 et
547 2247 730 2282 eloquentiam
744 2252 858 2281 donaret
874 2262 949 2283 asse-

156 2289 232 2312 rente
243 2306 250 2318 ,
266 2287 352 2321 magis
366 2295 395 2315 se
407 2291 566 2324 excusabat,
583 2293 721 2330 aliumque
730 2297 776 2330 qui
793 2299 879 2333 magis
891 2299 951 2328 istis

155 2331 280 2365 polleret,
295 2333 424 2361 substitui
449 2336 550 2364 debere
567 2339 693 2374 dicebat;
719 2331 850 2379 adeoque
862 2346 947 2374 Deum

154 2384 210 2404 non
225 2377 322 2405 leviter
337 2380 503 2409 oll‘endebat.
519 2383 678 2419 :Ineensus,
694 2377 946 2426 inquitSeriptura,

155 2422 195 2449 ira
213 2422 345 2451 Dominus
363 2426 395 2452 ad
414 2426 504 2455 Mosen
521 2429 559 2456 ait
578 2439 584 2457 2
602 2431 696 2460 Nonne
709 2434 786 2463 vides
807 2436 942 2466 Aaronem

154 2467 266 2495 fratrem
283 2473 370 2503 tuum,
391 2471 535 2501 Levitam?
553 2475 615 2504 Scio
631 2479 704 2512 quod
718 2480 835 2516 loquens
847 2483 943 2517 loque-

154 2518 198 2541 tur
212 2516 340 2550 prote".
357 2527 366 2542 ι
387 2518 502 2554 Insuper
528 2522 567 2548 ait
593 2531 599 2549 :
620 2533 628 2549 ι
647 2525 697 2553 IIic
716 2534 747 2554 os
767 2527 816 2554 tibi
836 2516 891 2562 sit,
914 2533 942 2557 tu

153 2567 217 2587 vero
227 2560 277 2595 ipsi
289 2561 316 2588 in
324 2562 367 2589 his
377 2571 437 2598 quae
447 2565 479 2592 ad
489 2566 573 2594 Deum
586 2569 724 2603 pertinent
734 2571 764 2598 ".
772 2582 780 2597 ι
795 2560 944 2601 νὶιιοείῐιιι-

152 2606 292 2641 diloquum
301 2608 403 2644 lingua,
413 2615 441 2637 et
449 2612 532 2640 veluti
541 2614 733 2644 adumbratum
744 2617 771 2645 in
786 2618 850 2646 divo
857 2620 943 2648 Mose?

153 2649 207 2677 Nec
223 2651 296 2679 enim
307 2653 350 2681 lex
358 2655 494 2685 sufﬁciens
513 2661 617 2688 eratad
640 2663 750 2690 oracula
762 2665 940 2697 enuntianda,

153 2704 203 2723 uec
217 2698 283 2725 satis
303 2699 405 2728 diserta
418 2707 464 2729 aut
485 2704 626 2739 eloquens,
651 2708 684 2734 ad
701 2713 823 2736 exactam
845 2719 940 2738 eorum

152 2750 212 2777 qum
230 2745 360 2774 salutaria
375 2752 438 2775 sunt
456 2751 700 2780 commendandam
722 2754 939 2789 intelligentiam,

191 2845 212 2860 ”
227 2844 236 2873 Ι
251 2845 312 2874 Cor.
332 2858 374 2883 xv,
404 2851 446 2878 22.

487 2854 507 2869 "°
521 2855 606 2882 Exod.
626 2863 661 2887 tv,
679 2855 718 2887 I0,
759 2857 777 2871 “
795 2856 861 2884 ibid.
886 2857 926 2883 I5.

964 2191 987 2220 D

1014 934 1174 971 κατῴκηκεν
1187 937 1216 963 ἐν
1235 938 1326 972 σαρκὶ,
1343 939 1403 965 τότε
1417 939 1461 974 δὴ,
1480 939 1540 966 τότε
1555 941 1602 967 καὶ
1620 939 1744 967 τεθνάναι
1757 941 1800 967 λέ-

1012 988 1088 1013 γουσι
1104 982 1174 1008 κατὰ
1191 983 1222 1008 τὸ
1235 983 1413 1018 ἀνθρώπινον.
1431 985 1516 1012 Τοῦτο
1529 986 1560 1021 δὴ
1574 986 1666 1013 λοιπὸν
1680 986 1710 1013 τὸ
1727 986 1799 1018 ἐξαί-

1012 1024 1069 1051 σιόν
1089 1026 1146 1052 ἐστι
1170 1027 1217 1053 καὶ
1240 1027 1369 1062 διαφανὲς
1387 1030 1508 1064 σημεῖον,
1523 1030 1555 1057 δι’
1570 1027 1600 1056 οὗ
1620 1031 1666 1057 καὶ
1682 1032 1799 1064 dearm-

1010 1079 1102 1098 νευται
1123 1072 1171 1106 μὲν
1193 1073 1234 1104 είς
1256 1074 1346 1101 πίστιν
1369 1075 1399 1101 τὸ
1413 1076 1588 1111 κατάλειμμα
1603 1076 1649 1104 τοῦ
1678 1076 1796 1112 Ἰσραὴλ.

1012 1117 1235 1152 συνεισκέκληται
1246 1120 1273 1146 δὲ
1288 1121 1335 1146 καὶ
1347 1121 1415 1156 αὑτὴ
1430 1122 1484 1148 τῶν
1499 1123 1583 1149 ἐθνῶν
1596 1123 1612 1158 ἡ
1627 1123 1738 1158 πληθύς.
1749 1123 1798 1154 Τίς

1010 1161 1064 1197 γὰρ
1086 1163 1136 1190 οὐκ
1155 1164 1187 1191 ἂν
1203 1166 1345 1200 μεταθεῖτο
1364 1168 1431 1203 πρὸς
1448 1168 1614 1201 εὐπείθειαν,
1630 1169 1798 1203 ἀτονήσαντα

1011 1206 1117 1240 βλέπων
1131 1210 1176 1236 τὸν
1188 1211 1272 1238 πάλαι
1286 1212 1371 1240 δεινὸν
1383 1213 1429 1239 καὶ
1441 1214 1603 1250 δυσάντητον
1616 1215 1671 1246 τοῖς
1687 1215 1731 1241 ἐπὶ
1745 1214 1797 1248 γῆς

1009 1251 1131 1286 θάνατον,
1148 1256 1193 1281 καὶ
1211 1258 1425 1293 κατηργημένην
1443 1260 1490 1294 τὴν
1504 1259 1616 1294 φθορὰν,
1633 1261 1679 1287 καὶ
1698 1261 1738 1291 εἰς
1753 1260 1796 1286 ἐλ-

1009 1297 1072 1324 πίδα
1098 1299 1170 1336 ζωῆς
1191 1302 1241 1336 τῆς
1263 1303 1442 1339 ἀτελευτήτου
1472 1305 1521 1340 τὴν
1547 1306 1690 1341 ἀνθρώπου
1715 1306 1796 1340 φύσιν

1010 1342 1081 1370 οὕτω
1103 1348 1325 1383 συνεγηγέρμεθα
1346 1350 1385 1384 τῷ
1412 1351 1531 1386 Χριστῷ,
1557 1352 1602 1378 καὶ
1627 1353 1796 1388 μαρτυρήσει

1243 1403 1256 1426 ς
1276 1394 1592 1432 ἁποθνήσκομεν,”οὖτω
1623 1398 1670 1424 καὶ
1693 1398 1722 1424 ἐν
1756 1397 1795 1432 τῷ

1062 1436 1099 1471 τῷ
1132 1438 1188 1474 ἰδίῳ
1221 1440 1326 1474 αἵματι,
1342 1442 1389 1468 καὶ
1405 1442 1455 1477 τῆς
1470 1443 1594 1469 ἁπάντων
1610 1443 1683 1477 ζωῆς
1698 1443 1794 1470 ἀντάλ-

1101 1525 1180 1552 Ἃλλὰ
1197 1527 1284 1554 καίτοι
1331 1527 1385 1555 τῶν
1439 1530 1508 1558 οὕτω
1523 1531 1630 1559 σεπτῶν
1647 1541 1792 1570 τερατουρ-

1007 1570 1139 1604 γημὰτων
1165 1572 1424 1609 ἐκπεπερασμένων,
1443 1576 1517 1603 ἀλύει
1542 1578 1654 1614 Μωσῆς,
1679 1580 1792 1614 ἡττᾶται

1006 1614 1115 1648 δειλίας,
1138 1617 1214 1644 οὔπω
1236 1619 1390 1656 τεθάρῥηκε
1414 1620 1463 1656 τὴν
1481 1622 1642 1658 ἀποστολήν.
1665 1624 1743 1651 Ὶέναι
1760 1626 1792 1661 δὴ

1005 1660 1047 1686 ὅτι
1062 1663 1195 1698 προσήκει
1212 1665 1279 1700 πρὸς
1289 1665 1388 1702 Φαραὼ
1400 1667 1467 1694 Θεοῦ
1481 1669 1704 1702 προστάττοντος,
1716 1671 1791 1706 διαγ-

1006 1706 1135 1739 γελοῦντα
1147 1709 1345 1742 σαφῶςὰνεῖναι
1354 1712 1398 1739 τὸν
1415 1713 1532 1748 Ἰσραὴλ,
1548 1712 1662 1742 οὐσοντά
1671 1718 1791 1751 μοικατὰ

1006 1750 1053 1786 τὴν
1073 1752 1190 1788 ἔρημον⁸
1202 1757 1390 1792 καταπέφρικε
1412 1758 1461 1793 μὲν
1472 1758 1501 1785 τὸ
1513 1759 1608 1794 χρῆμα
1618 1761 1648 1786 οὐ
1663 1750 1790 1797 μετρίως,

1006 1798 1154 1833 προσφέρει
1161 1809 1189 1826 τε
1197 1800 1283 1835 λέγων
1288 1803 1448 1838 ἀναφανδὸν,
1457 1805 1493 1837 ὡς
1501 1806 1543 1840 εἴη
1553 1806 1602 1841 μὲν
1611 1807 1740 1842 όμολογου
1745 1809 1791 1843 μέ-

1005 1849 1057 1874 νως
1071 1843 1161 1877 ὀλίγος
1176 1846 1215 1877 εἰς
1225 1846 1330 1881 λόγους,
1342 1849 1391 1875 καὶ
1402 1849 1565 1885 παράσημον
1576 1850 1632 1886 ἔχει
1646 1852 1696 1887 τὴν
1709 1853 1791 1886 γλῶτ-

1004 1895 1053 1913 ταν
1064 1897 1070 1902 ·
1085 1899 1093 1913 ι
1105 1889 1141 1915 Οὐ
1155 1890 1209 1925 γὰρ
1218 1890 1328 1924 εὔλαλός
1336 1894 1392 1929 εἰμι
1408 1895 1460 1930 πρὸ
1470 1897 1518 1931 τῆς
1528 1897 1602 1932 χθὲς,
1611 1898 1672 1925 οὐδὲ
1683 1899 1734 1934 πρὸ
1742 1900 1790 1934 τῆς

1004 1933 1098 1968 τρίτης
1109 1935 1288 1972 ἡμέρας,οὺδ¹
1305 1939 1350 1973 ἀφ’
1363 1936 1394 1966 οὗ
1408 1941 1483 1977 ἤρξω
1493 1942 1582 1970 λαλεῖν
1595 1944 1633 1979 τῷ
1645 1933 1789 1979 θεραπονιιί

1005 1987 1061 2011 σου,
1072 1980 1235 2016 ἰσχνόφωνος
1244 1984 1290 2011 καὶ
1299 1985 1508 2020 βραδύγλωσσος
1522 1989 1576 2023 ἐγώ
1588 1990 1655 2024 εἰμι.
1668 2000 1677 2016 ι
1688 1991 1749 2017 Ὅτι
1758 1992 1789 2027 δὴ

1004 2024 1051 2051 καὶ
1071 2026 1205 2059 ἀνικάνως
1226 2028 1281 2064 ἔχει
1305 2031 1373 2066 πρὸς
1387 2032 1518 2069 λύτρωσιν
1535 2035 1587 2061 τῶν
1610 2036 1789 2064 ὑποδουλεὶων

1004 2070 1104 2105 ζυγῶν,
1124 2073 1305 2103 διεϐεϐαιοῦτο
1332 2078 1435 2112 σαφῶς,
1455 2079 1557 2114 ἔφασκέ
1574 2089 1618 2107 τε·
1643 2091 1652 2107 ι
1675 2081 1787 2118 Δέομαι,

1004 2117 1099 2151 Κύριε,
1117 2120 1289 2155 προχείρισαι
1301 2122 1378 2149 ἄλλον
1390 2123 1547 2160 δυνάμενον,
1559 2127 1587 2153 ὃν
1597 2128 1764 2160 ἀποστελεῖς.
1774 2138 1784 2154 ι

1004 2161 1162 2197 Χαριετσοαι
1180 2165 1208 2192 δὲ
1222 2167 1268 2193 καὶ
1285 2167 1406 2201 γλῶτταν
1430 2170 1504 2206 αὐτῷ
1519 2172 1565 2199 καὶ
1587 2174 1672 2207 στόμα
1688 2182 1784 2200 κατευ-

1001 2206 1091 2241 ρύνειν
1105 2209 1320 2246 ὑπισχνουμένου
1328 2213 1406 2246 Θεοῦ,
1424 2216 1471 2242 καὶ
1487 2216 1523 2248 ὡς
1540 2217 1620 2249 αὐτὸς
1634 2206 1677 2253 εἴη
1693 2219 1784 2253 λέγον-

1000 2261 1044 2284 τος
1061 2255 1074 2280 ὁ
1095 2255 1190 2289 σοφίας
1209 2258 1255 2284 καὶ
1276 2258 1356 2293 λόγου
1371 2260 1463 2296 δοτὴρ,
1485 2264 1656 2299 μακροτέραν
1670 2266 1785 2292 ἐποιεῖτο

998 2298 1046 2332 τὴν
1061 2302 1237 2337 παραίτησιν,
1251 2303 1344 2340 ἕτερον
1359 2306 1457 2342 χρῆναι
1472 2308 1558 2342 λέγων
1578 2310 1783 2338 ἁναδείκνυσθαι

997 2343 1041 2370 τὸν
1056 2345 1212 2381 δυνάμενον.
1230 2349 1397 2386 Προσκρούει
1410 2353 1441 2388 δὴ
1458 2351 1504 2380 οὖν
1519 2355 1604 2391 ταύτῃ
1615 2355 1684 2390 Θεῷ.
1699 2366 1708 2382 ι
1730 2358 1784 2384 Καὶ

997 2389 1131 2425 θυμωθεὶς
1143 2394 1205 2429 γὰρ,
1216 2396 1307 2429 φησὶν,
1323 2397 1391 2433 ὀργῇ
1408 2398 1507 2434 Κύριος
1522 2400 1568 2426 ἐπὶ
1697 2401 1782 2429 εἶπενι

996 2438 1113 2466 Οὐγὶδοὺ
1129 2440 1231 2476 Ἀαρὼν
1243 2443 1257 2468 ὁ
1267 2442 1379 2477 ἁδελφός
1392 2453 1438 2471 σου
1449 2447 1463 2471 ὁ
1475 2447 1604 2481 Λευῗτης;
1619 2448 1783 2483 Ἐπίσταμαι

994 2483 1035 2509 ὅτι
1059 2484 1146 2511 λαλῶν
1165 2485 1276 2522 λαλήσει
1294 2489 1376 2520 αὑτός
1390 2498 1441 2517 σοι.
1463 2501 1471 2516 ι
1493 2492 1546 2518 Καὶ
1566 2493 1634 2528 πρός
1653 2502 1683 2528 γε
1705 2496 1784 2521 τοῦτὸ

995 2536 1088 2563 φησιν,
1104 2530 1144 2556 ὅτι
1158 2541 1167 2556 ι
1183 2533 1269 2566 Αὐτὸς
1283 2534 1359 2562 ἔσται
1372 2545 1418 2562 σου
1436 2538 1522 2572 στόμα
1532 2547 1538 2554 ι
1555 2540 1586 2565 σὺ
1603 2539 1631 2565 δὲ
1646 2541 1720 2576 αὑτῷ
1734 2542 1783 2578 ἕπῃ

994 2575 1027 2602 τὰ
1042 2575 1110 2611 πρὸς
1121 2577 1165 2604 τὸν
1184 2578 1259 2607 Θεὸν.
1279 2589 1288 2605 ι
1312 2581 1392 2616 Ὁρᾷς
1409 2582 1438 2608 τὸ
1456 2583 1663 2618 βραδύγλωσσον
1677 2575 1723 2614 τοῦ
1740 2575 1781 2614 λόζ

993 2628 1041 2654 you
1056 2621 1103 2647 καὶ
1120 2623 1203 2650 πάλαι
1220 2627 1474 2662 σκιαγραφῡύμενον
1485 2629 1522 2661 ὡς
1538 2630 1567 2656 ἕν
1581 2640 1613 2665 γε
1628 2633 1666 2668 τῷ
1683 2633 1781 2660 θεσπε-

994 2666 1043 2702 σίῳ
1060 2668 1164 2704 Μωςῇ;
1182 2670 1219 2696 Οὐ
1237 2670 1292 2706 γὰρ
1312 2672 1402 2704 ἱκανὸς
1416 2675 1430 2700 ὁ
1454 2674 1535 2709 νόμος
1553 2677 1592 2707 είς
1610 2666 1780 2712 ἀπαγγελίαν

992 2709 1046 2735 τῶν
1067 2711 1323 2747 χρησμῳδημάτων,
1347 2714 1409 2742 οὔτε
1434 2718 1487 2752 μὴν
1507 2718 1683 2756 ἁριστοεπὴς,
1700 2722 1715 2756 ἢ
1735 2722 1780 2748 εὕ-

992 2756 1119 2789 τλιιιττοςζ
1134 2757 1227 2793 εῑςίτδ]
1237 2759 1339 2795 ἀκριϐῆ
1353 2762 1399 2788 τοῦ
1413 2764 1598 2799 συμςέρηντος
1617 2768 1779 2803 παραθεῖναι

968 2858 987 2873 "7
1004 2857 1071 2885 ibid.
1095 2859 1129 2893 II,
1154 2859 1196 2887 '5'
1234 2862 1254 2876 ’³
1269 2862 1336 2890 ibid.
1356 2865 1395 2893 16.
