1999 3056
183 159 232 186 tsn

675 159 934 188 GLAPHYRORUM
955 160 989 187 ΙΝ
1009 159 1152 188 EXODUM
1173 159 1236 187 LIB.
1257 161 1289 188 ll.

1757 164 1810 192 6‘82

182 222 231 244 τὴν
255 217 366 252 γνῶσιν,
392 218 516 254 καθάπερ
534 218 629 253 ἀμέλει
649 219 663 244 6
678 219 806 254 Χριστὸς,
830 220 844 246 6
867 219 963 255 60tqu

1026 219 1234 247 sicuthristus
1255 228 1339 247 verus
1354 220 1398 248 ille
1413 220 1505 248 Levita
1525 222 1602 257 cujus
1621 227 1714 258 typum
1727 225 1809 259 gessit

183 263 310 299 Λευῖτης,
329 261 359 291 οὗ
372 265 418 291 καὶ
434 266 473 296 εἰς
489 265 570 291 τύπον
588 264 703 300 ’Δαρών.
722 265 750 291 Ὁ
766 265 814 300 μὲν
829 266 881 301 γὰρ
893 265 973 300 νόμος

181 309 251 335 ὸδιέι
263 310 395 343 Μωσέως,
413 312 452 342 εἰς
468 310 554 346 ἀρχὰς
571 311 702 346 ἀποφέρει
718 311 794 346 μόλις
807 311 861 338 τῶν
876 312 973 346 λογίων

181 355 228 381 τοῦ
243 355 320 387 Θεοῦ,
336 356 382 382 καὶ
393 356 526 391 στοιχεῖόν
544 357 602 382 ἐστι
617 357 675 387 τοῖς
695 356 801 391 νηπίοις
813 357 970 392 εἰσηγητὴς,

181 401 329 436 παιδευτὴς
341 402 476 437 ἀφρόνων,
491 402 536 429 διὰ
553 402 638 428 τύπου
658 402 703 428 καὶ
718 402 798 433 σκιᾶς
819 402 972 438 ἀμυδροτά-

180 455 230 481 την
251 448 317 482 ἡμῖν
340 448 504 482 είσκομίςων
520 447 596 482 μόλις
608 448 661 474 τῶν
678 449 822 483 πρακτέων
834 448 882 484 τὴν
898 448 970 484 εἴδη-

181 500 233 518 σιν.
258 493 285 519 '0
301 492 328 518 δὲ
347 492 455 528 ἀληθῶς
466 493 620 524 ἱκανότατος
632 493 678 519 καὶ
693 493 778 528 μέγας
789 494 805 528 ἡ
811 493 867 528 μῶν
881 494 970 526 ἱερεὺς

180 537 228 562 καὶ
244 537 354 568 δυνατὸς
368 538 406 569 εὶς
426 538 588 574 ἀποστολὴν,
605 538 727 565 τουτέστι
740 539 866 574 Χριστὸς,
885 547 970 565 κατα-

180 583 358 617 σκιασμάτων
374 582 589 618 ἀπηλλαγμένην
610 583 751 618 παρέδειξε
766 583 814 619 τὴν
829 583 967 619 ἀλήθειαν.

178 629 216 654 Οὐ
234 628 287 664 γάρ
303 629 360 654 ἐστι
381 628 480 664 βραδὺς
496 629 511 664 ἢ
526 629 641 664 ὀκνηρὸς
655 629 704 664 τὴν
715 629 848 669 γλῷτταν,
869 630 885 665 ἢ
899 629 967 665 βρα-

178 673 228 706 χὺς
246 672 307 704 τοὺς
328 672 423 707 λόγους
439 673 509 700 κατὰ
529 673 642 704 Μωσέα.
656 673 724 700 πολὺ
742 674 770 701 δὲ
784 674 843 701 λίαν
857 674 965 710 εὐεπὴς,

179 717 226 743 καὶ
242 718 361 752 μάλιστα
380 719 417 750 ὡς
432 719 528 752 σοφίας
542 719 628 752 Λόγος
640 719 687 745 τοῦ
703 719 770 746 Θεοῦ
787 721 833 746 καὶ
849 720 966 756 Πατρός.

177 763 234 789 Θέα
249 763 288 794 δὲ,
305 764 365 795 πῶς
379 764 429 799 οὐχ
446 764 537 796 ἱκανὸς
549 765 597 800 μὲν
611 766 625 791 6
641 765 721 799 νόμος
734 767 773 797 εἰς
786 767 815 792 τὸ
829 766 966 798 ἐξελέσθαι

177 807 299 840 δουλείας
321 810 385 841 τοὺς
410 810 461 836 ὑπὸ
487 810 526 845 τῷ
554 810 641 846 νοητῷ
663 812 830 846 πράττοντας
855 813 963 847 Φαραὼ,

177 854 302 881 τουτέστι
316 855 355 890 τῷ
372 856 488 891 Σατανᾷ,
502 856 555 883 οὐδ’
570 856 603 883 ἂν
619 856 759 891 ὠφελῆσαί
777 867 803 884 τι
822 858 869 893 τὴν
886 859 937 894 γῆν
952 860 965 885 ὁ

1024 264 1125 292 Aaron.
1148 265 1204 293 Lex
1217 266 1318 293 etenim
1335 266 1450 293 Mosaica
1473 266 1517 293 vix
1534 267 1570 304 ad
1583 267 1739 295 divinorum
1753 278 1809 296 ser-

1024 317 1133 337 monum
1148 310 1272 345 perducit
1287 311 1437 344 primordia
1454 320 1460 337 :
1475 312 1541 346 quin
1554 305 1644 346 potius
1664 313 1808 340 imbecilli-

1024 357 1074 384 bus
1100 361 1181 391 atque
1199 356 1349 383 infantibus
1367 356 1445 391 quasi
1476 357 1673 390 rudimentum,
1696 359 1809 386 stolido-

1023 410 1137 437 rumque
1160 402 1289 436 magistra
1304 406 1346 429 cst
1366 402 1393 429 in
1411 402 1506 437 figura,
1525 406 1606 438 alque
1623 411 1671 438 per
1682 404 1808 431 umbram

1020 448 1242 475 obscurissimam
1259 456 1328 483 mgre
1350 448 1468 476 atterens
1490 456 1584 476 eorum
1608 457 1669 484 qua:
1692 450 1806 485 agenda,

1019 494 1155 521 notitiam.
1175 494 1208 520 At
1221 495 1337 521 maxime
1359 494 1474 522 idoneus
1493 503 1661 530 magnusque
1681 496 1809 523 sacerdos

1019 543 1124 571 noster,
1138 544 1165 566 et
1182 540 1229 574 qui
1242 539 1377 574 legatione
1391 547 1473 574 quam
1488 541 1590 575 optime
1611 540 1686 576 fungi
1706 544 1807 575 potest,

1018 585 1143 612 Christus
1156 585 1294 618 videlicet,
1310 585 1454 612 veritatem
1471 586 1576 613 umbris
1589 590 1668 613 antea
1679 586 1806 621 designa-

1019 633 1073 656 tam
1087 629 1257 657 manifestam
1269 630 1404 657 exhibuit.
1422 631 1481 657 Non
1499 631 1574 657 enim
1586 635 1628 657 est
1648 631 1742 658 tardus
1756 631 1809 658 lin-

1017 683 1080 710 gua,
1094 680 1140 702 aut
1155 675 1312 710 impeditus,
1330 680 1377 702 aut
1400 683 1527 704 sermone
1543 677 1646 708 brevis,
1673 680 1704 703 ut
1719 677 1808 704 Moses

1017 726 1092 754 erat;
1112 722 1178 756 quin
1201 721 1292 756 potius
1317 729 1442 749 sermone
1464 723 1581 749 maxime
1610 722 1754 754 facundus,
1776 727 1806 750 ut

1015 767 1135 795 Verbum
1149 768 1288 802 sapientiae
1305 767 1352 794 Dei
1365 775 1397 794 ac
1412 768 1508 794 Patris.
1525 767 1577 795 Sed
1597 767 1717 800 attende,
1730 776 1805 802 quaa—

1015 820 1056 845 so,
1070 820 1152 848 quam
1163 813 1207 840 lex
1217 813 1329 840 minime
1341 812 1456 840 sufﬁciat
1465 813 1499 840 ad
1516 813 1692 840 eximendum
1711 821 1725 840 a
1746 821 1805 840 ser-

1015 858 1101 885 vitute
1127 867 1175 886 eos
1183 858 1228 893 qui
1244 859 1295 886 sub
1314 860 1449 894 spirituali
1462 859 1613 891 Pharaone,
1631 860 1683 886 hoc
1699 864 1741 887 est
1754 859 1804 886 Sa-

177 900 322 933 θεσπέσιος
338 902 450 937 Μωσῆς,
464 903 553 929 καίτοι
567 902 782 938 διαφανεστάτην
798 891 963 939 ἐπ’-ἀρεταῖς

1020 908 1092 936 lana,
1113 908 1258 931 versantur
1273 913 1279 930 :
1293 911 1381 939 neque
1404 904 1491 938 prosit
1514 904 1662 939 quidquam
1687 904 1715 930 in
1732 908 1805 930 terra

176 945 226 982 τὴν
244 946 322 978 δόξαν
337 947 405 974 ἑλὼν
415 967 423 980 ,
441 949 477 984 μὴ
497 948 557 984 οὐχὶ
572 950 695 981 συνόντος
710 958 738 976 τε
753 950 828 984 αὐτῷ
848 951 894 976 καὶ
918 952 966 977 ἐπ-

176 992 326 1026 αμύνοντος
347 993 394 1020 τοῦ
411 994 540 1029 Χριστοῦ.
564 995 648 1022 Τοῦτο
662 995 684 1022 δ’
701 995 733 1022 ἂν
751 996 846 1030 μάθοις
866 993 918 1023 ὧδὲ
936 1006 965 1023 τε

176 1037 248 1071 ἔχειν
266 1038 311 1064 καὶ
328 1037 451 1072 ἀψευδώς
475 1039 601 1074 εἰρῆσθαι
618 1039 664 1074 ἀφ’
687 1040 765 1075 ήμῶν
786 1040 828 1067 διὰ
845 1040 875 1067 τὸ
896 1049 966 1076 παρ-

175 1080 302 1115 εζεῦχθαι
317 1082 362 1108 τὸν
381 1082 494 1118 Ἀαρών.
516 1084 570 1110 Καὶ
587 1083 738 1118 διαλέγεται
755 1085 804 1119 μὲν
822 1085 836 1111 6
852 1085 962 1120 Μωσῆς,

174 1125 315 1160 διατρανοῖ
327 1127 354 1153 δὲ
376 1127 420 1154 τὸν
444 1127 521 1162 λόγον
542 1129 656 1163 Ἀαρών.
671 1129 702 1155 Et
723 1129 761 1164 μὴ
777 1129 831 1164 γὰρ
855 1129 963 1166 νοηθείη

175 1172 371 1207 πνευματικῶς
393 1175 407 1200 ὸ
428 1173 521 1208 νόμος,
540 1174 778 1207 immiti-meno;
799 1176 865 1210 ἡμῖν
887 1175 922 1202 τὰ
935 1177 963 1202 ὲν

174 1217 309 1253 αὑτῷτοῦ
325 1219 454 1254 Χριστοῦ,
478 1220 612 1246 σκοτεινὸν
630 1221 676 1247 καὶ
700 1222 860 1257 άσυμφανὲς
887 1221 962 1249 ἔσται

174 1264 230 1295 τοῖς
243 1264 430 1300 ἀκροωμένοις
449 1266 480 1292 τὸ
494 1266 667 1301 δηλούμενον.
689 1267 743 1294 Καὶ
757 1268 823 1302 γοῦν
842 1268 963 1295 Ἰουδαῖοι

173 1307 220 1335 τὸν
233 1309 445 1345 διερμηνεύοντα
456 1311 491 1338 τὰ
507 1312 627 1344 Μωσέως
643 1313 692 1339 οὐκ
707 1313 824 1348 ἔχοντες,
839 1314 962 1341 τουτέστι

173 1355 220 1381 τὸν
245 1355 372 1390 Χριστὸν.
394 1357 641 1393 ἀπομεμενήκασιν
665 1359 790 1394 ἀμαθεῖς.
820 1360 962 1396 Τοιγάρτοι

176 1401 222 1427 καὶ
247 1401 366 1435 ἔφασκεν
381 1402 395 1428 6
417 1403 558 1435 θεσπέσιος
575 1404 679 1436 Παῦλος
690 1412 697 1420 ’
720 1414 730 1430 ¢
749 1405 829 1440 ’Ἄχρι
844 1405 898 1440 γὰρ
912 1406 962 1441 τῆς

174 1447 294 1483 σήμερον
309 1447 360 1483 ἡμέ
367 1457 425 1482 ρας,
436 1449 466 1476 τὸ
478 1449 543 1476 αὐτὸ
557 1450 689 1486 κάλυμμα
705 1450 752 1477 ἐπὶ
766 1453 797 1486 τῇ
810 1451 961 1486 ἀναγνώσει

172 1492 223 1528 τῆς
239 1493 360 1525 Παλαιᾶς
383 1494 519 1530 Διαθήκης
542 1495 616 1530 μένει
637 1496 673 1532 μὴ
694 1497 960 1533 ἀνακαλυπτόμενον,

172 1538 213 1588 οτι
228 1539 255 1564 ὲν
271 1539 380 1588 ξριστῷ
394 1542 581 1575 καταργεῖται.
597 1541 667 1569 Ἀλλ’
681 1541 733 1574 ἕως
743 1543 863 1578 σήμερον
879 1543 960 1578 ἡνίκα
974 1559 997 1588 C

166 1585 389 1619 Ἑναγινώσκεται
414 1587 528 1621 Μωσῆς,
548 1587 680 1623 κάλυμμα
700 1588 746 1614 ἐπὶ
769 1588 818 1623 τὴν
846 1588 959 1623 καρδίαν

172 1632 262 1658 αὐτῶν
275 1633 372 1659 κεῖται.
395 1632 490 1659 Ἡνίκα
500 1633 528 1659 δὲ
539 1633 587 1660 ἐὰν
601 1633 754 1670 ἐπιστρέψῃ
765 1634 833 1668 πρὸς
847 1626 967 1668 Κύριον(

174 1679 357 1713 περιαιρεῖται
374 1677 404 1704 τὸ
426 1678 569 1714 κάλυμμα.
592 1679 622 1705 Ὁ
639 1679 667 1705 δὲ
686 1679 785 1714 Κύριος
800 1680 830 1705 τὸ
853 1679 961 1714 πνεῦμά

173 1725 242 1756 ἐστι,
264 1721 293 1750 οὗ
310 1723 338 1750 δὲ
361 1723 392 1750 τὸ
416 1723 525 1759 πνεῦμα
546 1724 661 1760 Κυρίου,
688 1725 746 1751 ἐκεῖ
769 1724 918 1760 ἐλευθερία.
949 1734 957 1749 ι

179 1769 282 1803 Ὀρθῶς
296 1768 342 1797 οὖν
355 1769 474 1805 ἐᾳασκεν
488 1771 501 1797 ὁ
517 1770 571 1798 τῶν
581 1771 649 1798 ὅλων
661 1771 726 1802 Θεος
744 1771 812 1806 πρὸς
827 1771 872 1798 τὸν
891 1771 961 1806 ἱερο-

172 1816 277 1850 φάντην
292 1815 396 1842 Μωσέα
409 1817 472 1851 περὶ
488 1816 534 1842 τοῦ
556 1816 727 1851 Ἀαρὼν,ὅτι
741 1826 750 1842 ι
768 1816 862 1843 Λαλῶν
880 1816 960 1852 λαλή-

173 1869 214 1887 σει
227 1861 308 1893 αὐτός
318 1869 369 1895 σοι,
380 1863 428 1889 καὶ
442 1862 523 1893 αὐτὸς
533 1862 609 1889 ἔσται
623 1871 669 1888 σου
687 1862 774 1898 στόμα
784 1871 791 1878 ·
800 1863 833 1889 σὺ
846 1862 873 1889 δὲ
887 1863 960 1898 αὐτῷ

172 1907 206 1933 τὰ
226 1906 293 1942 πρὸς
310 1907 354 1934 τὸν
378 1907 453 1934 Θεόν.
470 1919 479 1936 ι
507 1909 562 1935 Καὶ
579 1908 610 1934 οὐ
628 1909 715 1944 δήπου
742 1909 832 1943 φαμὲν
845 1909 885 1936 ὅτι
902 1909 960 1944 Θεῷ

174 1953 385 1988 προσεχέστερον
402 1955 448 1980 καὶ
467 1954 566 1989 μᾶλλον
591 1956 675 1989 ἐγγὺς
699 1956 776 1990 παρὰ
789 1955 836 1981 τὸν
858 1955 961 1990 Ἐμμα-

175 1999 254 2033 ιοοὴλ
271 2001 285 2025 6
300 1999 412 2035 Μωσῆς.
433 2000 462 2026 '0
476 2001 524 2035 μὲν
540 2001 594 2036 γάρ
611 2002 685 2027 ἐστιν
708 2000 771 2032 Υἱὸς
785 2000 832 2027 καὶ
847 2001 878 2027 ὲκ
893 2000 960 2026 Θεοῦ

174 2045 279 2080 [ἰατρὸς
294 2045 365 2072 κατὰ
378 2046 470 2080 φύσιν,
484 2048 499 2073 ὁ
512 2047 539 2073 δὲ
555 2047 615 2082 μεθ’
630 2047 708 2082 ήμῶν
721 2048 749 2074 ἐν
767 2047 896 2078 οἰκέταις,
909 2046 960 2073 κᾶν

174 2092 197 2117 εὶ
213 2091 319 2117 καλοῖτο
331 2091 451 2127 γνήσιος.
464 2093 543 2118 Δοκεῖ
553 2091 581 2118 δέ
597 2101 655 2123 πως
668 2091 831 2127 γεγενῆσθαι
844 2092 878 2118 τὰ
893 2091 961 2126 πρὸς

173 2137 219 2163 τὸν
232 2137 298 2163 Θεὸν
318 2137 402 2172 αὐτῷ.
422 2138 617 2173 Κεχρημάτικε
636 2139 691 2173 γὰρ
705 2138 757 2165 ὑπὸ
769 2138 851 2172 νόμου
864 2137 901 2168 ὡς
914 2138 960 2164 ἄν·

173 2183 280 2218 θρωπος
291 2184 306 2209 ὁ
320 2183 447 2218 Χριστὸς,
458 2185 504 2211 καὶ
518 2185 654 2220 τετήρηκε
668 2184 703 2211 τὰ
722 2184 856 2215 Μωσέως.
880 2184 960 2219 Περι-

1017 950 1127 977 divinus
1142 950 1245 982 Moses,
1261 958 1350 984 neque
1365 950 1481 976 maxima
1497 950 1525 976 in
1544 950 1693 977 virtutibus
1705 950 1804 984 gloria,

1018 996 1068 1023 nisi
1084 995 1155 1022 adsit
1167 999 1195 1022 et
1203 995 1351 1022 auxilietur
1364 995 1499 1022 Christus.
1513 994 1543 1021 1d
1554 1001 1620 1021 vero
1636 1002 1731 1021 verum
1743 1002 1804 1021 esse

1017 1049 1136 1076 vereque
1163 1049 1178 1069 a
1197 1041 1278 1068 nobis
1296 1041 1410 1073 dictum,
1441 1041 1484 1068 vel
1498 1048 1532 1068 ex
1548 1047 1582 1067 eo
1597 1041 1656 1075 ipso
1668 1039 1803 1075 conjicere

1016 1091 1104 1120 potes,
1123 1087 1196 1121 quod
1211 1087 1302 1114 Aaron
1319 1087 1512 1122 conjungatur.
1539 1086 1573 1112 Et
1590 1086 1678 1113 Moses
1692 1085 1804 1120 quidem

1016 1139 1060 1159 res
1072 1132 1181 1168 ingenio
1208 1139 1259 1160 Suo
1280 1132 1374 1159 divino
1399 1136 1609 1164 commentatur,
1632 1131 1722 1158 Aaron
1738 1138 1804 1158 vero

1014 1178 1125 1205 easdem
1148 1178 1221 1213 ipsas
1247 1179 1370 1213 profert,
1396 1182 1424 1206 et
1444 1186 1569 1206 sermone
1594 1178 1731 1212 explanat.
1746 1177 1804 1204 Nisi

1014 1225 1089 1252 enim
1112 1224 1346 1259 spiritualiterlex
1363 1224 1542 1260 intelligatur,
1559 1223 1699 1250 revelante
1724 1222 1804 1250 nobis

1014 1270 1133 1304 Christo,
1147 1278 1208 1306 qua:
1219 1271 1247 1297 in
1259 1278 1291 1297 ea
1303 1271 1399 1302 latent,
1415 1270 1562 1297 obscurum
1579 1268 1645 1304 quid
1665 1273 1747 1303 atque
1762 1268 1804 1295 in-

1014 1317 1142 1344 tricatum
1166 1317 1219 1344 erit
1245 1316 1422 1344 audientibus
1448 1315 1475 1343 id
1497 1313 1756 1350 quodsignilicatur.
1770 1313 1804 1340 Et

1013 1362 1234 1398 quandoquidem
1242 1362 1326 1390 Judaei
1342 1382 1348 1394 ,
1370 1362 1417 1397 qui
1434 1360 1527 1389 Mosen
1540 1360 1715 1396 expiauaret,
1737 1363 1803 1393 puta

1012 1409 1094 1444 306
1106 1408 1257 1441 Christum,
1268 1416 1323 1435 non
1335 1407 1469 1435 haberent
1479 1427 1486 1439 ,
1506 1406 1588 1434 rudes
1612 1409 1694 1439 atque
1715 1404 1802 1439 ignari

1012 1455 1206 1489 perdurarunt.
1227 1453 1305 1487 Quod
1328 1457 1355 1480 et
1372 1453 1471 1481 Paulus
1496 1452 1541 1479 ille
1564 1458 1641 1479 sacer
1661 1449 1775 1485 protulit
1793 1458 1801 1476 :

1015 1511 1024 1526 ι
1044 1501 1134 1535 Usque
1148 1500 1175 1527 in
1193 1499 1356 1527 hodiernum
1376 1499 1449 1526 diem
1466 1498 1493 1525 id
1507 1498 1595 1533 ipsum
1613 1496 1750 1528 velamen,
1773 1495 1801 1522 in

1013 1546 1129 1573 lectione
1149 1546 1255 1573 Veteris
1272 1545 1440 1573 'l‘estamenti
1450 1547 1543 1571 manet
1565 1551 1621 1570 non
1638 1543 1800 1574 revelatum,

1012 1591 1141 1626 quoniam
1156 1591 1183 1618 in
1209 1591 1319 1619 Christo
1340 1595 1498 1618 evacuatur.
1520 1589 1573 1617 Sed
1597 1596 1683 1624 usque
1700 1589 1729 1616 in
1750 1588 1801 1616 ho-

1011 1638 1138 1666 diernum
1152 1638 1225 1666 diem
1234 1645 1297 1665 cum
1307 1637 1408 1673 legitur
1420 1636 1518 1668 M0ses,
1539 1636 1664 1662 velamen
1681 1634 1801 1669 positum

1011 1688 1053 1711 881
1064 1692 1149 1719 super
1165 1691 1213 1711 001'
1234 1691 1340 1711 eorum.
1361 1683 1431 1710 Clllﬂ
1444 1686 1535 1709 autem
1550 1688 1700 1708 conversus
1717 1679 1802 1707 fuerit

1011 1729 1044 1756 ad
1061 1729 1218 1761 Dominum,
1242 1728 1382 1755 auferetur
1402 1727 1536 1755 velamen.
1555 1726 1687 1753 Dominus
1709 1729 1800 1752 autem

1011 1776 1124 1811 spiritus
1138 1779 1180 1802 est
1195 1784 1200 1800 :
1215 1774 1262 1802 ubi
1274 1778 1366 1801 autem
1385 1774 1498 1809 spiritus
1518 1772 1626 1800 Domini
1639 1792 1645 1805 ,
1659 1771 1696 1799 ibi
1713 1771 1799 1798 liber—

1013 1826 1053 1851 tas
1063 1821 1094 1848 “.
1110 1822 1217 1848 rRecte
1228 1821 1318 1855 itaque
1327 1821 1399 1847 Deus
1412 1819 1480 1847 dixit
1493 1819 1527 1846 de
1543 1819 1650 1846 Aarone
1663 1818 1696 1845 ad
1707 1817 1800 1845 Mosen

1011 1867 1179 1895 sacerdotem
1193 1876 1199 1893 :
1213 1877 1222 1892 ι
1234 1867 1361 1901 Loquens
1371 1866 1500 1900 loquetur
1511 1866 1569 1900 ipse
1581 1865 1640 1896 tibi,
1654 1864 1762 1898 eritque
1770 1870 1801 1890 os

1012 1918 1089 1941 tuum
1106 1923 1112 1939 :
1124 1918 1153 1941 tu
1161 1921 1226 1940 vero
1236 1912 1287 1947 ipsi
1302 1912 1329 1939 in
1341 1912 1374 1939 iis
1385 1919 1444 1946 qua:
1455 1911 1487 1938 ad
1500 1911 1585 1938 Deum
1598 1910 1738 1945 pertinent
1747 1909 1796 1935 ⁸⁸.»

1010 1960 1104 1994 Neque
1131 1963 1221 1986 tamen
1244 1958 1370 1988 dicimus,
1395 1957 1451 1984 Deo
1472 1955 1638 1987 aﬂiniorem,
1659 1955 1800 1990 magisque

1012 2006 1196 2041 propinquum
1208 2004 1385 2031 Emmanuele
1397 2008 1458 2029 esse
1475 2002 1577 2028 Mosen.
1593 2001 1644 2028 Hic
1659 2001 1732 2028 enim
1750 2001 1799 2028 Dei

1012 2053 1097 2079 Filius
1120 2055 1172 2083 est,
1192 2054 1220 2078 et
1234 2058 1268 2078 ex
1281 2050 1337 2077 Deo
1361 2049 1441 2076 Patre
1461 2047 1551 2082 quoad
1566 2051 1693 2089 naturam
1719 2053 1799 2074 suam

1011 2099 1107 2130 datus;
1129 2097 1174 2124 ille
1184 2103 1249 2124 vero
1266 2094 1343 2130 quasi
1363 2094 1507 2121 nobiscum
1528 2093 1600 2120 inter
1619 2099 1723 2124 servos,
1745 2091 1798 2118 etsi

1011 2143 1147 2179 genuinus
1158 2147 1281 2169 vocetur.
1301 2141 1398 2168 Factus
1409 2143 1500 2166 autem
1520 2138 1630 2165 videtur
1640 2137 1691 2172 ipsi
1708 2137 1736 2164 in
1754 2137 1800 2164 bis

1012 2198 1072 2225 quae
1090 2189 1123 2216 ad
1138 2190 1224 2216 Deum
1242 2186 1391 2223 pertinent.
1409 2185 1483 2212 Vixit
1496 2185 1570 2212 enim
1592 2183 1730 2214 Christus,
1746 2182 1798 2209 sub

172 2228 306 2263 τέτμηται
330 2228 386 2263 γὰρ
399 2229 581 2265 ὀκταήμερος,
603 2230 651 2256 καὶ
674 2229 722 2264 τὴν
741 2229 788 2255 τοῦ
810 2229 958 2264 διδράχμου

1014 2237 1070 2271 lege
1084 2240 1114 2262 ut
1122 2235 1214 2266 homo,
1231 2238 1258 2261 et
1278 2233 1395 2260 Mosaiea
1409 2230 1566 2258 observavit
1583 2232 1727 2264 praecepta.
1744 2227 1797 2255 0c—

174 2274 352 2310 συνεισφορὰν
365 2275 523 2310 ἐποιήσατο,
541 2276 629 2303 καίτοι
644 2275 715 2302 κατὰ
728 2275 808 2310 φύσιν
820 2275 961 2310 ἐλεύθερος

174 2320 210 2346 ὢν
226 2321 301 2353 Υἱός.
318 2321 424 2356 Ἔφαγε
440 2322 468 2348 δὲ
487 2323 534 2349 καὶ
558 2322 588 2348 τὸ
619 2323 721 2357 πάσχα,
742 2321 829 2348 καίτοι
854 2321 934 2349 πάλιν
947 2323 961 2348 6

174 2366 255 2397 αὐτὸς
267 2365 305 2392 ὢν
326 2366 340 2391 6
360 2366 444 2401 ἀμνὸς
459 2367 473 2393 6
489 2367 616 2402 ἀληθινὸς
631 2367 645 2393 6
662 2367 746 2402 αἴρων
761 2366 810 2401 τὴν
825 2366 961 2401 ἁμαρτίαν

173 2410 220 2437 τοῦ
236 2411 351 2446 κόσμου.
365 2411 500 2448 Ταύτῃτοι
518 2413 620 2447 Μωσῆς
638 2412 687 2447 μὲν
706 2411 869 2446 γεγενῆσθαι
883 2411 960 2444 λέγε-

173 2465 218 2484 ται
237 2457 272 2484 τὰ
290 2459 358 2493 πρὸς
370 2458 415 2485 τὸν
431 2458 496 2485 Θεὸν
515 2458 600 2493 αὐτῷ.
618 2459 679 2485 Ὅτι
694 2458 723 2484 δὲ
737 2455 833 2493 same
849 2457 897 2484 καὶ
911 2457 960 2483 αὺ-

173 2502 234 2533 ταῖς
241 2502 366 2529 ἀπειθεῖν
374 2503 389 2529 6
405 2502 515 2539 Ἰσραὴλ
523 2504 583 2534 ταῖς
593 2503 638 2529 διὰ
645 2502 764 2538 Χριστοῦ
775 2502 959 2537 θεοσημείαις,

174 2548 364 2583 παραδείξειεν
376 2548 409 2576 ἂν
419 2550 435 2575 6
448 2549 563 2584 Μωσῆς,
581 2549 640 2575 οὐδὲ
652 2549 743 2580 αὐτοῖς
755 2549 810 2580 τοῖς
825 2548 961 2584 θαύμασιν

173 2594 318 2629 ἀπονέμων
336 2595 385 2631 τὴν
405 2595 505 2622 πίστιν.
522 2595 666 2630 Τοιγάρτοι
678 2595 800 2626 Μωσέως
815 2595 961 2630 πρόσωπον

174 2642 230 2672 τοῖς
242 2640 277 2675 es,
284 2641 391 2677 Ἰσραὴλ
401 2642 595 2678 περιθήσομεν,
610 2642 654 2668 ὅτε
666 2641 812 2677 κέκληνται
824 2641 857 2668 δι’
867 2641 960 2674 αὑτοῦ,

174 2688 222 2715 καὶ
235 2690 292 2720 τοῖς
305 2688 338 2715 δι’
361 2689 443 2716 αὐτοῦ
457 2689 715 2724 πεπαιδαγώγηνται
736 2689 838 2724 νόμοις.
856 2688 962 2716 Οὐκοῦν

173 2735 214 2762 ὅτι
238 2735 276 2771 μή
294 2736 384 2768 ἱκανὸς
397 2737 411 2763 6
428 2736 508 2771 νόμος
525 2738 582 2767 τοῖς
594 2737 633 2768 εἰς
644 2735 789 2772 λύτρωσιν,
806 2736 914 2771 ἀπόχρη
933 2735 962 2762 δὲ

117 2785 122 2789 ”
174 2783 240 2818 ήμίν
255 2783 295 2814 εις
310 2782 390 2809 τοῦτο
400 2783 431 2810 τὸ
444 2783 534 2819 τίμιον
553 2782 622 2819 αἷμα
635 2783 683 2810 τοῦ
698 2783 816 2819 Χριστοῦ
824 2783 865 2816 (δι’
878 2783 960 2811 αὐτοῦ

216 2873 238 2889 ⁸⁸
254 2874 275 2903 11
286 2875 348 2903 Cor.
368 2884 405 2908 nl,
426 2877 515 2904 H—l‘i.

1012 2288 1072 2310 tavo
1084 2281 1157 2308 enim
1164 2280 1208 2307 die
1220 2278 1399 2307 circumcisus
1409 2281 1461 2309 est,
1475 2280 1502 2303 et
1515 2274 1612 2302 tributi
1625 2273 1735 2300 nomine
1748 2280 1799 2307 pro

1010 2328 1098 2362 capite
1115 2325 1277 2353 didrachma
1294 2323 1420 2355 contulit,
1442 2322 1493 2349 etsi
1525 2325 1623 2348 natura
1640 2319 1711 2346 liber
1726 2323 1799 2345 esset

1010 2374 1104 2401 Filius.
1123 2372 1195 2405 Quin
1223 2376 1251 2399 et
1278 2370 1377 2405 pascha
1390 2368 1519 2399 comedit,
1546 2365 1654 2393 tametsi
1682 2365 1800 2400 ipsemet

1009 2419 1102 2453 Agnus
1121 2418 1166 2444 ille
1187 2417 1233 2451 qui
1257 2419 1366 2450 peccata
1391 2413 1485 2441 mundi
1502 2411 1622 2443 tollit“,
1645 2410 1799 2437 exsisteret.

1012 2464 1068 2491 Hae
1079 2463 1184 2490 ratione
1200 2461 1309 2489 Christo
1323 2459 1423 2487 dicitur
1436 2459 1524 2485 Moses
1540 2457 1624 2484 fuisse
1640 2456 1668 2483 in
1690 2456 1726 2483 iis
1739 2462 1802 2490 quae

1011 2509 1046 2537 ad
1058 2510 1143 2537 Deum
1156 2506 1372 2543 speclant.Quod
1381 2513 1447 2533 vero
1459 2505 1589 2532 lsraelitae
1604 2503 1685 2531 fidem
1697 2501 1801 2530 Christi

1012 2553 1152 2580 miraculis
1167 2551 1288 2579 habituri
1302 2558 1356 2578 non
1366 2554 1467 2582 essent,
1482 2549 1529 2577 sed
1546 2549 1639 2584 potius
1657 2549 1748 2576 omnia
1761 2548 1799 2575 is—

1013 2605 1039 2627 ta
1051 2599 1210 2627 admiranda
1228 2598 1399 2633 despecturi,
1416 2598 1459 2624 vel
1479 2597 1537 2632 ipse
1555 2595 1682 2623 ostendat
1701 2595 1799 2622 Moses.

1012 2646 1145 2679 Quocirca
1181 2643 1262 2671 Mosis
1296 2650 1439 2678 personam
1469 2642 1599 2669 lsraelitis
1632 2640 1801 2675 aptabimus,

1013 2691 1123 2726 quando
1135 2689 1246 2725 quidem
1257 2689 1291 2716 ab
1306 2689 1351 2716 illo
1367 2688 1454 2715 vocati
1467 2689 1546 2719 sunt,
1564 2687 1678 2722 ejusque
1693 2685 1802 2720 legibus

1013 2737 1141 2764 instituti.
1153 2736 1231 2769 Quod
1251 2735 1333 2771 igitur
1351 2735 1463 2762 minime
1475 2733 1612 2761 sufﬁciens
1626 2731 1662 2758 sit
1684 2729 1799 2758 Mosaica

1014 2783 1057 2811 lex
1067 2783 1100 2810 ad
1116 2782 1341 2817 redemptionem,
1355 2781 1401 2809 sed
1414 2781 1505 2816 potius
1516 2779 1598 2808 nobis
1611 2777 1675 2805 huic
1688 2777 1727 2804 rei
1739 2783 1798 2810 pre-

555 2877 577 2893 ”
595 2876 679 2904 Exod.
702 2885 737 2909 IV,
759 2876 800 2904 -16,
822 2877 843 2892 ⁸⁵
873 2876 951 2903 Joan.
973 2884 991 2907 ι,
1005 2876 1050 2905 ‘29.
