1999 3056
199 165 250 192 685

712 157 740 185 ε.
760 156 896 185 CYRILLI
915 153 1150 182 ALEXANDRINI
1170 152 1331 181 ABCHIEP.

1777 150 1830 178 ιιι

200 223 287 249 tiosus
309 220 411 249 Christi
434 221 556 256 sanguis,
573 226 628 255 quo
647 219 706 246 solo
727 225 801 245 mors
814 215 922 244 devicta
936 221 989 248 est,

1051 215 1094 250 γὰρ
1104 214 1151 241 καὶ
1163 214 1243 249 μόνου
1255 213 1394 249 νενίκηται
1404 214 1418 240 6
1429 213 1566 246 θάνατος),
1583 212 1668 248 σανὶς
1682 211 1715 239 ἂν
1726 212 1831 246 γένοιτο

201 267 372 295 necessarius
384 268 430 300 sit,
445 266 525 294 facile
536 274 644 294 rursum
660 273 675 292 e
686 263 865 299 sequentibus
878 270 991 298 appare-

201 314 252 342 bit.

236 360 263 386 6.
274 359 403 386 Discessit
410 358 546 393 siquidem
554 365 587 385 ex
598 356 705 384 Madian
715 354 826 382 divinus
839 354 885 381 ille
891 353 990 383 Moses.

201 412 344 432 assumens
352 412 445 431 sccum
465 411 576 431 uxorem
595 406 623 429 et
637 402 707 428 ﬁlios
717 421 724 433 ,
745 400 925 436 pervenitque
936 403 996 426 tan—

202 451 265 477 dem
273 450 444 486 in/Egyptum
462 450 611 477 observans
619 451 777 475 accurateet
784 446 996 481 perﬁciensquse

203 496 347 523 mandarat
360 496 440 522 Deus.
460 495 530 522 Cum
551 501 616 521 vero
633 501 688 520 non
704 493 799 528 procul
815 492 931 528 Egypto
945 491 995 518 ab-

203 547 286 574 esset,
301 542 338 570 ait
350 541 388 568 illi
402 541 570 568 architectus
581 540 702 567 universi
713 540 802 566 Deus:
816 549 824 564 ε
837 540 925 566 Eunte
935 543 961 565 te
969 542 998 565 et

205 591 360 615 rcvertente
376 588 404 614 in
420 586 567 621 Aigyptum
577 606 584 617 ,
601 585 664 613 vide
679 586 770 612 omnia
786 589 923 620 portenta,
937 592 998 619 qua:

205 633 268 660 dedi
287 633 315 659 in
333 632 459 659 manibus
473 632 538 662 tuis,
551 631 634 658 facies
644 639 675 658 ea
687 638 781 658 coram
791 630 933 657 Pharaone
946 630 994 656 ⁵⁷.»

205 677 239 704 Et
248 682 309 712 post
321 677 373 704 alia
389 685 395 703 :
409 686 418 702 ι
434 677 514 704 Dices
521 677 654 703 Pharaoni
669 685 676 702 :
688 676 752 703 Hmc
763 676 830 702 dicit
846 675 978 702 Dominus
990 683 997 700 :

205 721 284 756 307
300 721 386 747 Filius
398 728 476 747 meus
486 720 685 755 primogenitus
696 720 792 747 Israel.
805 720 879 747 Dixit
907 725 999 746 autem

206 765 255 792 tibi
271 773 277 790 :
296 765 406 791 Dimitte
425 765 556 800 populum
582 772 673 791 meum
700 768 730 791 ut
754 765 820 791 mihi
837 765 957 791 serviat:
973 768 1000 790 et

205 810 318 837 noluisti
334 810 474 837 dimittere
489 817 537 837 eos
555 819 562 836 :
577 810 640 837 vide
659 810 752 845 igitur,
764 818 815 845 ego
837 809 1000 837 interﬁciam

206 855 293 883 ﬁlium
315 860 391 883 tuum
415 855 638 890 primogenitum.
657 856 769 883 Factum
793 860 836 883 est
857 859 950 883 autem
971 855 1000 882 in

207 902 261 934 via,
290 902 317 928 in
338 902 490 929 diversorio
507 902 629 929 obviavit
653 902 679 929 ei
704 902 817 938 angelus
840 902 1000 934 Domini,et
1017 891 1036 923 Β

207 947 348 982 quaerebat
371 954 435 974 eum
452 947 592 974 occidere.
613 948 646 975 Et
660 947 799 983 accipiens
817 947 940 982 Sephora
952 955 999 983 pe-

209 996 289 1024 tram,
307 992 482 1020 circumcidit
492 994 654 1028 praeputium
667 993 715 1020 ﬁlii
730 994 783 1026 sui,
797 997 824 1020 et
835 993 952 1028 procidit
964 993 999 1021 ad

208 1039 293 1074 pedes
306 1040 382 1074 ejus,
400 1043 428 1066 et
444 1039 514 1066 dixit
526 1048 533 1066 :
547 1039 629 1067 Stetit
653 1040 764 1075 sanguis
780 1039 998 1067 circumcisionis

209 1085 259 1112 ﬁlii
278 1085 342 1112 mei.
357 1085 391 1112 Et
411 1085 479 1112 abiit
492 1085 526 1112 ab
538 1092 572 1112 eo
581 1086 717 1121 {angelus,
729 1085 793 1120 quia
812 1085 881 1112 dixit
896 1094 903 1112 :
918 1085 1000 1112 Stetit

209 1130 320 1166 sanguis
337 1131 556 1158 circumcisionis
575 1131 622 1158 ﬁlii
637 1131 691 1158 mei
702 1131 746 1158 ‘7'.
763 1140 772 1157 ι
788 1131 909 1166 Angelus
925 1131 998 1158 enim

209 1176 239 1202 in
253 1175 340 1211 ﬁgura
351 1176 470 1203 humana
478 1176 627 1204 insultabat
643 1180 672 1204 et
686 1177 813 1205 occidere
825 1177 1000 1213 aggredieba-

209 1227 266 1254 tur;
278 1222 323 1249 vix
339 1230 411 1257 aegre
432 1222 542 1250 tandem
562 1223 695 1257 placatus,
710 1226 857 1258 postquam
876 1223 1000 1258 Sephora

210 1266 297 1295 ﬁlium
309 1275 390 1295 suum
403 1272 473 1295 testa
483 1268 712 1301 circumcidisset,
729 1269 856 1301 Gersam,
876 1269 999 1304 inquam,

210 1313 258 1348 qui
278 1313 478 1348 primogenitus
488 1317 548 1340 erat
559 1318 587 1340 et
602 1313 671 1348 ipse,
691 1314 766 1349 quod
787 1321 888 1341 nomen
903 1314 1000 1341 Latine

211 1363 290 1387 sonat
302 1360 469 1395 peregrinum
481 1367 529 1387 seu
545 1359 672 1386 accolam.
686 1359 774 1392 Quem
787 1367 852 1387 vero
868 1360 1000 1387 extermi-

210 1411 292 1434 nator
303 1406 399 1433 tollere
410 1413 425 1433 e
435 1406 527 1433 medio
536 1406 666 1438 voluerit,
679 1413 758 1433 sacer
769 1410 917 1434 contextus
928 1406 1001 1434 clare

212 1460 266 1480 non
287 1452 390 1480 indicat
405 1461 411 1478 :
425 1452 474 1479 sed
495 1453 539 1479 vel
563 1451 655 1479 Mosen
682 1452 754 1480 forte
768 1452 804 1480 ob
825 1452 936 1480 dilatam
952 1452 1001 1480 ﬁlii

210 1498 465 1530 circumcisionem;
489 1502 517 1525 et
535 1497 638 1524 invitus
650 1497 765 1525 abactus
777 1505 825 1525 seu
837 1497 933 1532 pulsus
948 1501 999 1524 est.

211 1546 340 1582 Designat
354 1545 454 1574 iterum
466 1545 510 1573 hic
523 1549 612 1580 typus,
627 1545 655 1572 in
668 1545 770 1572 Christi
782 1545 914 1580 sanguine
928 1551 1002 1571 mor-

211 1595 267 1618 tem
281 1598 342 1617 esse
363 1589 510 1617 devictam.
530 1590 582 1617 Per
601 1590 691 1624 ipsum
711 1597 829 1624 namque
844 1589 946 1616 salvata
959 1593 1002 1615 est

211 1639 306 1663 saneta
320 1639 429 1670 patrum
446 1635 611 1667 multitudo,
628 1635 684 1662 imo
697 1642 778 1662 omne
792 1635 906 1661 omnino
925 1641 1002 1661 mor-

212 1679 308 1706 talium
324 1687 420 1714 genus,
444 1679 518 1714 quod
533 1683 656 1714 tempore
669 1679 827 1707 antecessit.
843 1679 895 1706 Pro
911 1679 1002 1706 omnl-

213 1723 265 1751 bus
276 1724 350 1751 enim
364 1728 482 1751 mortem
495 1724 575 1757 obiit,
587 1729 616 1751 et
628 1724 751 1752 omnium
765 1725 792 1752 in
807 1725 854 1752 illo
874 1733 948 1752 mors
959 1729 1003 1752 est

213 1768 360 1796 dissoluta.
374 1768 435 1796 Non
446 1769 520 1796 enim
532 1769 560 1796 in
579 1770 713 1804 sanguine
727 1770 935 1804 prophetarum,
954 1769 1001 1797 sed

214 1813 239 1839 in
268 1813 402 1848 sanguine
426 1813 529 1841 Christi
555 1822 652 1842 recens
682 1815 750 1847 nati,
784 1820 812 1843 et
840 1823 902 1843 cum
925 1816 1001 1851 ipso,

213 1863 416 1893 peremptorem
436 1859 580 1887 evitamus.
602 1860 671 1888 Hinc
688 1861 727 1888 ait
744 1861 845 1888 Paulus
861 1870 868 1888 :
886 1871 895 1887 ι
908 1862 938 1888 ln
950 1862 1003 1890 hoc

212 1903 339 1931 Christus
354 1909 479 1932 mortuus
500 1909 552 1937 est,
567 1908 595 1941 et
618 1906 733 1938 revixit,
745 1910 817 1934 utet
830 1912 1001 1934 mortuorum

212 1954 241 1976 et
253 1949 378 1976 vivorum
397 1949 555 1978 dominetur
565 1951 600 1978 δ’.
617 1961 626 1977 ι
644 1951 721 1984 Quod
739 1952 762 1980 si
786 1952 875 1988 ipsum
889 1953 1002 1981 Gersam

212 1994 317 2022 dixeris
339 1995 374 2022 ab
389 1996 605 2025 exterminatore
635 1997 772 2031 insultari,
788 2003 816 2026 et
829 2008 884 2027 non
909 2001 1002 2034 potius

212 2041 323 2069 beatum
337 2041 439 2073 Mosen,
449 2042 523 2070 idem
537 2048 627 2070 tamen
640 2044 785 2080 intelliges.
798 2045 858 2073 Non
866 2047 939 2074 enim
953 2055 1002 2082 per

213 2087 453 2114 circumcisionem
465 2088 591 2123 legalem,
607 2088 661 2115 hoc
675 2094 728 2122 est,
740 2091 888 2124 carnalem,
900 2096 928 2119 et
940 2100 1002 2119 sen-

213 2132 290 2160 sibus
302 2133 422 2166 obviam,
440 2134 518 2168 pulsa
532 2141 607 2162 mors
620 2139 676 2168 est;
694 2135 742 2162 sed
755 2143 803 2170 per
813 2143 885 2168 eam,
901 2145 962 2172 quae
974 2138 1001 2165 in

212 2177 322 2206 Christo
333 2186 383 2214 per
401 2179 528 2214 spiritum
547 2184 600 2212 est,
619 2187 701 2215 quam
719 2181 843 2208 exercuit
855 2182 883 2208 in
896 2183 1001 2216 primo-

1043 261 1091 288 καὶ
1108 261 1181 296 μάλα
1198 260 1296 297 ῥᾳδίως
1310 260 1364 286 κάκ
1377 259 1460 286 τῶνδε
1475 260 1507 294 δὴ
1523 259 1613 286 πάλιν.

1081 353 1118 382 ς’.
1149 349 1274 385 Ἀπαίρει
1296 348 1349 383 γὰρ
1373 348 1424 383 τῆς
1447 349 1623 384 Μαδιηναίων
1645 350 1660 376 6
1689 349 1834 380 θεσπέσιος

1044 396 1158 430 Μωσῆς,
1172 394 1312 422 ἀναλαϐὼν
1326 395 1377 430 τὴν
1389 396 1506 428 γυναῖκα
1522 395 1604 421 αὑτοῦ
1620 395 1666 421 καὶ
1679 395 1713 422 τὰ
1727 395 1833 426 παιδία,

1045 441 1094 468 καὶ
1111 441 1266 468 καθικνεῖτο
1279 439 1373 466 λοιπὸν
1387 441 1427 472 είς
1439 440 1588 475 Αἴγυπτον,
1601 439 1793 475 ἀποπεραίνων
1804 441 1834 466 εὑ

1048 487 1120 523 μάλα
1134 486 1169 513 τὰ
1187 485 1413 522 προστεταγμένα
1430 485 1506 520 παρὰ
1517 485 1595 512 Θεοῦ.
1613 485 1722 520 Ἐπειδὴ
1735 486 1763 512 δὲ
1777 486 1832 520 ἀφ

1047 533 1157 568 εστήκει
1176 532 1270 559 λοιπὸν
1284 532 1334 566 τῆς
1347 531 1505 565 Δίγυπτίων
1520 531 1551 558 οὐ
1567 531 1687 567 μακρὰν,
1699 531 1751 566 ἔφη
1767 533 1835 567 πρὸς

1047 579 1129 606 αὑτὸν
1145 579 1159 605 6
1169 578 1222 605 τῶν
1237 578 1305 604 ὅλων
1318 577 1395 609 Θεὸς·
1415 587 1424 604 ι
1441 577 1631 614 Πορευομένου
1649 586 1695 604 σου
1713 577 1760 604 καὶ
1771 578 1838 604 ἀπο-

1050 625 1211 661 στρέφοντος
1226 625 1275 662 ,είς
1291 623 1440 657 Αἴγυπτον,
1463 624 1514 660 ὅρα
1536 624 1624 650 πάντα
1645 623 1679 650 τὰ
1699 625 1798 660 τέρατα
1818 622 1836 650 ἃ

1048 672 1152 698 δέδωκα
1172 672 1201 697 ἐν
1219 671 1280 701 ταῖς
1302 669 1380 705 χερσί
1402 678 1458 700 σου.
1483 670 1605 705 ποιήσεις
1627 670 1697 696 αὑτά
1718 669 1837 696 ἐναντίον

1032 717 1159 751 -Φαραώ,
1181 726 1190 742 ι
1208 716 1265 743 Καὶ
1282 716 1341 751 μεθ’
1364 715 1462 750 ἕτερα·
1488 724 1498 740 ι
1523 715 1560 742 Σὺ
1574 715 1602 742 δὲ
1622 716 1694 750 ἐρεῖς
1720 715 1835 752 Φαραώ·

1051 763 1119 790 Τάδε
1133 762 1207 796 λέγει
1229 762 1349 796 Κύριος·
1366 760 1430 792 Υἱὸς
1450 761 1623 796 πρωτότοκος
1645 769 1694 796 μου
1718 761 1836 796 Ἰσραήλ.

1052 806 1122 835 Eine
1140 808 1169 834 δέ
1186 816 1240 834 σοι’
1269 806 1475 839 Ἐξαπόστειλον
1496 806 1542 833 τὸν
1564 805 1630 833 λαόν
1654 815 1704 842 μου
1725 807 1770 833 ἶνα
1791 815 1838 842 μοι

1052 853 1199 890 λατρεύσῃ.
1215 852 1252 880 Σὺ
1271 852 1300 879 δὲ
1313 852 1364 879 οὐκ
1386 852 1498 879 ἐϐούλου
1519 851 1707 884 ἐξαποστεῖλαι
1722 851 1819 884 αὐτούς
1829 859 1836 867 ·

1052 901 1102 936 δρα
1114 898 1170 932 οὖν,
1184 899 1240 933 ἑγὼ
1253 898 1395 926 ἀποκτενῶ
1409 899 1455 925 τὸν
1467 899 1524 925 υίόν
1539 907 1586 925 σου
1596 899 1641 925 τον
1653 899 1837 934 πρωτότοκον.

1049 945 1104 973 Καὶ
1120 945 1238 979 ἐγένετο,
1260 945 1353 980 φησὶν,
1370 945 1398 971 ὲν
1418 946 1451 980 τῇ
1478 944 1532 980 6δῷ
1556 945 1584 971 ὲν
1603 944 1642 980 τῷ
1663 945 1838 980 καταλύματι

1049 992 1215 1027 συνήντησεν
1228 991 1301 1026 αὑτῴ
1317 991 1432 1026 ἄγγελος
1451 991 1565 1026 Κυρίου,
1589 991 1635 1018 καὶ
1657 990 1748 1026 ἐζήτει
1770 992 1838 1018 ἁπο-

1049 1038 1153 1065 κτεῖναι
1172 1037 1263 1064 αὐτόν.
1280 1037 1335 1064 Καὶ
1350 1037 1469 1064 λαϐοῦσα
1482 1037 1618 1072 Σεπφώρα
1638 1037 1739 1073 ψῆφον,
1759 1044 1839 1073 περι-

1049 1083 1130 1118 έτεμε
1142 1083 1191 1119 τήν
1203 1083 1385 1119 ἀκροῦυστίαν
1393 1083 1440 1110 τοῦ
1451 1083 1509 1110 νίοῦ
1521 1083 1614 1119 αὐτῆς,
1625 1082 1673 1110 καὶ
1685 1084 1839 1119 προσέπεσε

1050 1129 1118 1164 πρὸς
1133 1129 1198 1160 τοὺς
1211 1129 1294 1160 πόδας
1306 1129 1400 1161 αὑτοῦ,
1415 1129 1463 1156 καὶ
1476 1127 1551 1156 εἷπε·
1565 1129 1651 1165 Ἐστη
1665 1129 1695 1155 τὸ
1709 1127 1779 1164 αἷμα
1790 1129 1839 1165 τῆς

1050 1175 1203 1211 περιτομῆς
1219 1175 1265 1202 τοῦ
1277 1175 1383 1202 παιδίου
1404 1185 1466 1211 μου.
1480 1176 1534 1202 Καὶ
1545 1175 1666 1211 ἀπῆλθεν
1678 1176 1725 1202 ἀπ’
1743 1175 1839 1211 αὐτῆς,

1049 1221 1115 1247 διότι
1130 1218 1206 1247 εἶπεν
1217 1228 1224 1236 '
1241 1221 1328 1256 Ἔστη
1345 1221 1376 1248 τδ
1390 1219 1458 1257 αἷμα
1476 1220 1526 1256 τῆς
1543 1223 1692 1256 περιτομῆς
1711 1219 1757 1247 τοῦ
1777 1229 1840 1247 παι-

1049 1267 1106 1293 δίου
1122 1275 1183 1302 μου.
1202 1276 1211 1292 ι
1231 1267 1364 1301 Ἀγγελος
1377 1267 1432 1302 γὰρ
1448 1268 1476 1294 ὲν
1489 1267 1554 1293 εῖδει
1569 1267 1608 1302 τῷ
1624 1266 1685 1293 καθ’
1697 1267 1771 1302 ἡμᾶς
1791 1267 1840 1293 ἐπ-

1051 1312 1174 1348 ἑθρωσκέ
1187 1320 1218 1339 τε
1237 1313 1286 1340 καὶ
1306 1313 1410 1340 ἀνελεῖν
1430 1313 1577 1348 ἐπεχείρει,
1602 1312 1790 1348 δεδυσώπηται
1809 1311 1840 1339 δὲ

1053 1358 1139 1393 μόλις,
1155 1358 1357 1394 περιτεμούσης
1374 1358 1525 1394 Σεπῳώρας
1532 1359 1578 1385 τὸν
1594 1359 1650 1385 υἱον
1662 1358 1757 1393 αὐτῆς,
1767 1357 1840 1393 φημὶ

1049 1403 1078 1430 δὲ
1091 1404 1215 1440 Γηρσὰμ,
1231 1404 1261 1436 6;
1273 1402 1307 1439 ἦν
1327 1403 1374 1430 καὶ
1396 1403 1579 1440 πρωτότοκος,
1591 1403 1797 1439 διερμηνεύεται
1811 1403 1840 1431 δὲ

1052 1450 1099 1476 καὶ
1115 1449 1265 1484 πάροικος.
1285 1449 1351 1477 Τίνα
1365 1448 1412 1477 οὖν
1432 1451 1446 1476 6
1461 1449 1624 1485 ὀλοθρευτὴς
1639 1449 1775 1485 ἐπεχείρει
1794 1449 1841 1476 ἁν-

1052 1496 1132 1527 ελείν,
1149 1495 1242 1531 σαφῶς
1258 1496 1287 1522 οὐ
1304 1496 1445 1532 μεμήνυκε
1459 1496 1578 1531 Γράμμα
1595 1495 1625 1522 τὸ
1644 1495 1733 1529 ιερόψ
1748 1495 1806 1522 ἀλλ’
1821 1495 1839 1531 ἢ

1052 1541 1153 1568 Ιιωσέα
1173 1541 1253 1577 τυχὸν
1271 1542 1335 1577 τῇδε
1358 1541 1405 1568 τοῦ
1427 1541 1533 1568 παιδίου
1551 1543 1696 1578 περιτομῇ,
1721 1542 1769 1568 καὶ
1791 1542 1840 1582 οὐχ

1053 1587 1125 1614 ἑκὼν
1145 1588 1323 1623 ἀπελήλαται.
1344 1589 1489 1624 Διατρανοῖ
1509 1588 1536 1615 δὲ
1559 1589 1640 1615 πάλιν
1657 1589 1672 1614 6
1688 1587 1782 1620 τύπος,
1802 1587 1841 1619 ὡς

1053 1635 1099 1662 καὶ
1119 1635 1147 1662 ὲν
1162 1634 1200 1670 τῷ
1222 1634 1318 1669 αἵματι
1342 1634 1389 1661 τοῦ
1408 1634 1526 1670 Χριστοῦ
1550 1635 1689 1670 νενὶκηται
1714 1634 1839 1666 θάνατος.

1054 1678 1192 1704 Σέσωσται
1208 1678 1237 1704 δὲ
1248 1678 1303 1704 τῶν
1319 1679 1470 1714 πατέρωνή
1487 1679 1553 1713 ἁγία
1570 1679 1684 1714 πληθὺς,
1702 1679 1841 1714 μᾶλλονδὲ

1057 1722 1167 1757 σύμπαν
1179 1723 1210 1750 τὺ
1224 1723 1327 1750 ἄνωθέν
1337 1732 1366 1750 τε
1382 1724 1428 1750 καὶ
1443 1723 1495 1759 πρὸ
1507 1724 1590 1750 αὐτοῦ
1600 1723 1689 1758 γένος.
1708 1724 1841 1752 Ἀπέθανε

1056 1768 1110 1804 γὰρ
1128 1769 1197 1804 ὑπὲρ
1216 1769 1334 1801 πάντων,
1356 1770 1401 1796 καὶ
1415 1771 1429 1796 ὁ
1446 1770 1553 1796 πάντων
1575 1771 1604 1797 ὲν
1636 1769 1711 1805 αὐτῷ
1732 1770 1841 1797 λέλυται

1053 1814 1178 1846 θάνατος.
1199 1815 1237 1841 Οὐ
1255 1815 1309 1850 γὰρ
1325 1816 1353 1841 ὲν
1371 1815 1467 1850 αἵματι
1492 1815 1650 1851 προφητῶν,
1672 1815 1729 1842 ἀλλ’
1752 1817 1781 1843 ὲν
1802 1815 1842 1851 τῷ

1054 1860 1150 1894 αἵματι
1168 1859 1214 1886 τοῦ
1235 1860 1354 1896 Χριστοῦ
1374 1861 1421 1888 τοῦ
1443 1861 1578 1888 νεωτάτου
1600 1861 1650 1888 καὶ
1675 1862 1733 1897 μετ’
1756 1860 1840 1888 αὑτοῦ

1052 1905 1278 1941 διαδιδράσκομεν
1291 1907 1335 1933 τὸν
1348 1907 1520 1943 ὀλοθρευτήν.
1534 1917 1543 1933 ι
1555 1907 1602 1939 Et;
1614 1907 1692 1934 τοῦτο
1705 1907 1770 1943 γὰρ.
1786 1915 1840 1942 φη-

1054 1952 1106 1983 σὶν,
1123 1953 1136 1979 6
1152 1953 1268 1987 Χριστὸς
1282 1952 1401 1979 ἀπέθανε
1413 1953 1459 1980 καὶ
1478 1953 1586 1989 ἔζησεν,
1605 1954 1649 1980 ἵνα
1669 1954 1715 1981 καὶ
1733 1953 1840 1989 νεκρῶν

1052 1998 1100 2025 καὶ
1114 1997 1222 2030 ζώντων
1237 1998 1380 2034 κυριεύσῃ.
1398 2008 1408 2024 ι
1424 1999 1456 2026 Et
1466 1999 1494 2026 δὲ
1509 2000 1545 2035 μή
1555 1997 1661 2033 λέγοιτο
1674 1999 1711 2035 τῷ
1726 1999 1842 2036 Γηρσὰμ

1052 2043 1234 2079 ὲπιθρώσκειν
1254 2045 1268 2070 6
1281 2044 1454 2080 ὀλοθρευτής,
1478 2045 1526 2072 καὶ
1546 2045 1607 2080 οὐχ).
1630 2045 1662 2082 δὴ
1686 2046 1786 2081 μᾶλλον
1803 2045 1842 2081 τῷ

1054 2090 1181 2124 μακαρίῳ
1192 2090 1290 2125 Μωσῇ,
1311 2090 1392 2117 πάλιν
1411 2091 1498 2117 ἐκεῖνο
1516 2091 1652 2126 συνήσεις.
1675 2091 1712 2117 Uti
1724 2091 1779 2126 γὰρ
1797 2091 1842 2118 δ;ὰ

1051 2135 1102 2170 τῆς
1111 2135 1181 2162 κατὰ
1192 2135 1273 2170 νόμον
1289 2136 1448 2171 περιτομῆς,
1462 2136 1598 2168 τουτέστι,
1609 2137 1658 2172 τῆς
1670 2136 1739 2163 κατὰ
1750 2137 1841 2172 σάρκα

1052 2180 1098 2206 καὶ
1113 2180 1247 2214 αἰσθητῆς
1269 2180 1438 2216 ἀπελήλαται
1458 2181 1583 2213 θάνατος,
1600 2181 1668 2208 ἀλλὰ
1685 2181 1730 2208 διὰ
1746 2181 1796 2216 τῆς
1809 2183 1838 2208 ὲν

213 2225 305 2259 genito
316 2232 348 2252 ac
359 2232 430 2252 novo
437 2226 634 2260 populo,terrae
647 2226 757 2261 quidem
768 2227 867 2260 incola,
878 2229 999 2256 conscri-

1056 2225 1176 2261 Χριστῷ,
1194 2225 1239 2252 διὰ
1255 2226 1422 2261 πνεύματος,
1436 2226 1470 2262 ἢν
1488 2227 1643 2262 ἐνήργηκεν
1663 2227 1691 2253 ἐν
1710 2227 1749 2262 τῷ
1767 2236 1841 2263 πρω-

213 2273 260 2303 pto
276 2273 367 2296 tamen
378 2270 478 2297 iterum
490 2271 524 2296 ad
545 2277 692 2304 supernam
705 2274 732 2298 et
743 2279 804 2306 quae
815 2272 843 2299 in
854 2273 931 2300 caelis
950 2274 1000 2301 de-

213 2315 286 2349 gitur
296 2315 379 2343 vitam
395 2324 401 2342 :
422 2323 503 2350 quem
526 2315 677 2350 spiritualis
691 2316 829 2353 Sephora,
842 2317 870 2345 id
892 2323 935 2346 est
946 2319 999 2346 Ec-

213 2358 306 2391 clesia,
321 2367 383 2394 qua:
393 2367 427 2387 ex
438 2359 592 2387 Madianitis
612 2360 795 2396 gentibusque
813 2367 930 2395 constat,
948 2371 999 2391 suo

213 2404 386 2432 circumcidit
413 2405 553 2440 suffragio.
581 2405 673 2441 Typus
696 2407 755 2434 haec
778 2408 861 2435 etiam
885 2409 1000 2444 spiritus

213 2449 297 2477 fuerit
308 2470 316 2482 ,
336 2454 432 2485 utpote
453 2450 534 2478 fortis
552 2455 581 2479 et
593 2451 721 2485 infracta,
737 2457 766 2481 et
778 2454 842 2488 quia
861 2462 895 2482 ex
909 2460 996 2490 petra.

212 2495 393 2524 Christienim
405 2501 449 2524 est
459 2497 574 2532 spiritus
587 2507 593 2525 :
611 2507 620 2524 ιι
630 2498 711 2526 Petra
719 2504 810 2527 autem
824 2500 951 2528 Christus
959 2521 966 2534 ,
983 2511 993 2527 ›

214 2545 244 2568 ιιι
265 2541 374 2576 sapiens
390 2542 491 2570 Paulus
513 2543 552 2570 ait
563 2543 595 2571 δ’.
622 2543 771 2573 Sciendum
794 2550 897 2577 autem.
924 2547 999 2582 quod

212 2586 260 2621 qui
272 2591 334 2622 post
344 2587 437 2616 Mosen
450 2587 503 2615 fuit
516 2588 611 2622 Iosue,
631 2591 851 2626 cultrislapideis
862 2593 998 2620 lsraclita-

214 2640 274 2660 rum
287 2632 358 2660 ﬁlios
371 2634 543 2662 circumcidit
554 2635 590 2667 '°,
607 2642 663 2663 non
680 2636 862 2665 manufactam
877 2637 904 2665 in
919 2637 1001 2666 Chri-

213 2682 257 2705 sto
270 2678 507 2707 circumcisioncm
528 2679 647 2709 obscure
659 2682 740 2709 nobis
753 2682 932 2716 adumbrans,
945 2692 999 2720 qua

213 2727 242 2751 et
252 2731 326 2751 mors
339 2728 486 2760 superatur
499 2734 505 2752 :
517 2725 599 2761 308
611 2734 672 2762 quae
689 2728 821 2762 spiritalis
833 2732 876 2756 est
894 2730 999 2764 impro-

213 2769 308 2798 bitatis
324 2770 510 2804 circumcisio,
527 2772 638 2801 malitiae
658 2781 690 2801 ac
703 2774 875 2810 voluptatum
889 2775 1000 2803 abdica-

1053 2270 1156 2306 τοτὸκῳ
1176 2271 1224 2297 καὶ
1243 2271 1298 2306 νέῳ
1316 2271 1383 2306 λαῷ,
1400 2271 1496 2306 καὶτῷ
1513 2272 1635 2308 παροίκῳ
1651 2273 1700 2308 μὲν
1716 2273 1763 2299 ὲπ¹ι
1777 2274 1839 2308 γῆς,

1051 2316 1264 2352 ἐπιγραφομένῳ
1278 2316 1305 2342 δὲ
1324 2316 1406 2343 πάλιν
1421 2317 1470 2352 τής
1487 2316 1542 2344 ἄνω
1558 2318 1605 2344 καὶ
1623 2319 1788 2353 οὐρανικῆς·
1807 2319 1841 2354 ήν
1855 2308 1857 2313 γ

1053 2362 1070 2397 ή
1084 2361 1167 2397 νοητὴ
1178 2361 1324 2397 Σεπφὼρα,
1340 2363 1478 2389 τουτέστιν
1491 2363 1507 2398 ἠ
1528 2363 1686 2398 Ἐκκλησία,
1703 2365 1720 2398 ή
1738 2365 1769 2390 ὲκ
1784 2365 1841 2392 Ma-

1052 2407 1117 2441 διάμ
1136 2416 1166 2434 τε
1179 2408 1226 2434 καλ⁸
1246 2407 1276 2440 ἐξ
1291 2407 1388 2440 ἐθνῶν,
1402 2409 1585 2444 περιτέτμηκε
1603 2409 1696 2445 ψήφῳ.
1712 2409 1802 2442 Tum;
1817 2411 1839 2437 δ’

1052 2452 1086 2479 ἂν
1097 2453 1139 2488 ειη
1153 2453 1201 2480 καὶ
1210 2448 1279 2490 α’ὑτη
1293 2454 1340 2480 τοῦ
1355 2455 1519 2489 πνεύματος,
1537 2454 1582 2481 διά
1599 2463 1639 2482 τοι
1652 2455 1682 2482 τδ
1702 2457 1839 2488 malus;

1051 2507 1083 2526 τε
1098 2499 1147 2526 καὶ
1159 2499 1325 2536 ἄθραυστον,
1341 2501 1387 2527 καὶ
1402 2500 1456 2536 μὴν
1474 2501 1516 2527 ὅτι
1535 2501 1582 2527 καὶ
1597 2501 1629 2527 ἐκ
1645 2501 1756 2537 πέτρας.
1771 2502 1839 2537 Χρι-

1052 2545 1116 2572 στοῦ
1131 2545 1187 2580 γὰρ
1201 2545 1231 2572 τὸ
1247 2546 1371 2581 πνεῦμα·
1393 2556 1403 2572 ι
1426 2547 1517 2584 Πέτρα
1527 2547 1555 2574 δὲ
1568 2546 1582 2572 6
1601 2548 1728 2582 Χριστὸς.
1747 2557 1756 2574 ι
1768 2548 1842 2587 ’καθὰ

1052 2590 1099 2618 καὶ
1115 2592 1129 2617 6
1145 2591 1227 2624 σοφὸς
1246 2591 1347 2626 γράφει
1373 2591 1489 2624 Παῦλος.
1517 2592 1619 2619 ’ἰστέον
1643 2592 1671 2619 δὲ
1690 2593 1732 2620 ὃτι
1758 2593 1804 2620 καὶ
1826 2595 1840 2620 6

1050 2638 1119 2672 μετὰ
1142 2637 1244 2664 Mutata
1268 2638 1353 2664 πάλαι
1376 2639 1520 2673 γενόμενος
1549 2638 1662 2673 Ἰησοῦς,
1691 2640 1840 2675 μαχαίραις

1048 2683 1189 2718 πετρίναις
1202 2683 1349 2719 περιότεμε
1363 2685 1427 2716 τοὺς
1442 2685 1517 2716 υἱοὺς
1535 2684 1655 2719 Ἰσραὴλ,
1672 2684 1721 2720 τὴν
1734 2686 1840 2721 ἀχειρο-

1048 2729 1159 2764 ποίητον
1169 2730 1198 2755 ὲν
1212 2730 1323 2765 Χριστῷ
1336 2730 1380 2757 διὰ
1391 2730 1542 2766 περιτομὴν
1554 2731 1760 2766 αἰνιγματωδῶς
1772 2732 1839 2766 ήμίν

1050 2775 1203 2811 σημαίνων,
1218 2775 1262 2810 ὑφ’
1280 2776 1312 2812 ήν
1327 2776 1375 2803 καὶ
1388 2777 1502 2808 ἡττᾶται
1524 2776 1649 2809 Θάνατος,
1667 2778 1741 2814 ήπερ
1766 2778 1840 2805 intr

247 2869 365 2902 "Exod.
379 2882 416 2907 tv,
429 2875 473 2903 2i.
511 2877 547 2894 "'
564 2875 633 2905 ibid.
650 2876 736 2905 26-27
778 2876 826 2923 ξιξ
841 2877 921 2906 Rom.
941 2885 996 2910 xw,

1076 2878 1100 2895 δ’
1116 2878 1126 2906 l
1141 2878 1204 2907 Cor.
1214 2887 1241 2912 ι,
1259 2880 1285 2908 4.
1307 2880 1363 2922 __‘°
1375 2880 1457 2909 Iosue
1475 2889 1501 2915 γ,
1513 2880 1540 2908 8.
