1999 3056
154 168 208 196 4εὸ

155 223 172 258 ἡ
187 223 269 258 νοητὴ
290 222 340 258 τῆς
361 221 460 253 κακίας
480 220 627 257 περιτομὴ,
655 219 821 255 φαυλότητός
841 227 872 245 τε
894 219 942 245 καὶ

154 269 256 305 ἡδονῶν
271 268 410 300 ἀπόθεσις.
426 268 495 304 Περὶ
506 267 559 303 γὰρ
573 267 622 302 τῆς
638 267 708 294 κατὰ
725 267 814 301 σάρκα
834 273 943 301 περιτο-

156 315 221 350 μῆς,
238 314 252 340 ό
266 314 337 346 θεῖος
357 315 422 350 ἡμῖν
445 316 545 349 γράφει
572 312 694 344 Παῦλος·
716 321 725 338 ί
751 312 783 338 'II
808 311 943 346 περιτομὴ

154 361 232 388 οὐδέν
247 361 316 388 ἐστι.
336 369 345 386 ι
362 360 446 395 Σοφὺς
460 360 488 386 δὲ
499 361 564 395 ἡμῖν
575 359 621 386 καὶ
637 358 707 394 ἱερὸς
720 358 891 391 ἀνακέκραγε
901 357 944 383 λό-

155 414 218 439 γος·
238 415 247 431 ‹
263 406 457 442 Περιτμήθητε
468 405 507 441 τῷ
521 404 640 440 Χριστῷ,
659 414 668 430 ι
685 403 720 430 δι’
736 401 765 430 οὗ
781 404 828 430 καὶ
845 403 903 438 μεθ’
914 399 944 429 οὗ

153 451 194 487 τῷ
211 451 270 488 Θεῷ
286 453 333 478 καὶ
354 452 442 487 Πατρὶ
457 452 473 486 ὴ
489 451 563 484 δόξα,
580 451 628 477 σὺν
653 450 724 485 ἁγίῳ
749 449 886 484 Πνεύματι
906 449 946 481 είς

154 499 218 530 τοὺς
235 498 336 528 αίῶνας
348 497 403 524 τῶν
419 497 535 524 αἰώνων.
555 497 650 532 Ἀμήν.

192 565 215 582 ⁸⁸
234 565 318 594 ICor.
331 573 350 597 ι,
372 564 415 592 19.
454 565 477 581 "
487 563 545 592 Col.
562 564 650 597 11,“.

650 162 909 193 GLAPIIYRORUM
926 163 961 191 IN
980 161 1124 191 EXODUM
1144 161 1208 189 LIB.
1229 159 1273 189 tu.

1728 162 1782 190 4Βὸ

996 219 1044 246 tio.
1062 218 1100 245 De
1114 217 1160 245 illa
1172 217 1246 244 enim
1259 215 1362 243 carnali
1374 215 1585 244 circumcisione
1608 217 1719 246 divinus
1730 227 1782 246 no-

997 264 1040 292 bis
1055 264 1156 291 Paulus
1174 263 1289 291 scribit:
1307 272 1316 288 ‹
1336 261 1515 289 Circumcisio
1534 262 1603 289 nihil
1616 263 1701 291 est".
1714 264 1783 292 DSI-
1825 273 1828 276 ί

997 310 1077 345 piens
1090 316 1155 337 vero
1180 317 1210 336 ac
1224 317 1301 336 sacer
1312 308 1393 335 nobis
1416 315 1507 335 sermo
1530 308 1659 336 inclamat
1673 318 1679 336 :
1698 319 1707 335 ι
1720 310 1782 338 Cir-

997 356 1109 383 cumcisi
1122 355 1224 382 estisin
1241 354 1351 382 Christo
1361 355 1393 387 "',
1413 363 1421 379 ι
1438 361 1487 389 per
1500 361 1581 389 quem
1599 358 1627 381 ct
1647 362 1709 382 cum
1729 363 1784 390 quo

998 402 1053 429 Deo
1075 405 1103 428 et
1120 401 1194 428 Patri
1212 401 1296 436 gloria
1313 408 1376 428 cum
1397 403 1492 428 sancto
1517 399 1622 435 Spiritu
1639 400 1668 428 in
1685 401 1782 430 saecula

996 447 1170 475 stcculorum.
1185 447 1281 474 Amen.

1067 651 1767 670 W—

161 658 1189 682 W2

410 709 825 802 ΤΑΑΦΥΡΩΝ
862 740 982 796 ΕΙΣ
1009 738 1167 795 ΤΗΝ
1198 731 1512 794 ΕΞΟΔΟΝ

815 851 1036 896 ΒΙΒΛΙΟΝ
1055 851 1115 893 Γ¹.

285 1011 735 1060 GLAPHYROBUM
774 1010 834 1054 IN
869 1007 1126 1054 EXODUM
1162 995 1339 1048 LIBER
1375 1000 1656 1047 TERTIUS.

299 1164 369 1198 Περὶ
380 1163 436 1198 τῆς
452 1162 657 1197 παταχθείσης
673 1161 794 1195 πέτρας.

193 1223 230 1248 α’.
247 1230 256 1246 ε
268 1219 410 1247 Εῑσέλθετε
420 1219 464 1246 διὰ
477 1219 526 1254 τῆς
535 1218 630 1253 στενῆς
644 1218 742 1253 πύλης,
756 1226 765 1243 ι
778 1217 832 1249 τοῖς
845 1215 942 1243 ἑαυτοῦ

157 1265 246 1300 φίλοις
260 1265 394 1299 ἐπεφώνει
410 1264 543 1300 Χριστός·
558 1263 652 1298 στενὴν
673 1263 734 1297 μὲν,
755 1260 841 1298 οἶμαι,
857 1261 943 1296 πύλην

158 1311 206 1338 καὶ
216 1310 398 1345 τεθλιμμένην
411 1310 536 1344 εἰσϐολὴν
550 1309 580 1335 τὸ
591 1307 727 1343 τληπαὺὲς
735 1308 885 1343 ὀνομάζων,
897 1307 944 1333 καὶ

157 1357 208 1393 τὴν
221 1357 269 1383 τοῦ
284 1356 364 1390 λόγον
387 1355 487 1387 παντὸς
509 1354 586 1388 ἀξίαν
608 1354 756 1389 ὑπομονὴν,
781 1353 841 1380 καθ’
858 1353 891 1388 ἣν
913 1353 944 1379 ἂν

158 1403 265 1438 γένοιτο
281 1403 328 1430 καὶ
353 1401 425 1438 μάλα
442 1401 577 1432 πλουσίως
598 1400 628 1426 τὺ
644 1399 799 1435 εὐδοκιμεῖν
814 1399 945 1426 δύνασθαι

158 1451 215 1481 τοῖς
226 1449 260 1476 τὰ
271 1448 327 1476 ἄνω
341 1449 448 1483 φρονεῖν
463 1446 621 1482 ᾑρημένοις,
638 1444 903 1480 καταφαιδρύνεσθαί
915 1453 945 1471 τε

159 1496 339 1532 γυμνάσμασι
357 1495 413 1526 τοῖς
428 1494 468 1524 εἰς
488 1491 619 1527 εὐψυχίαν
643 1491 691 1517 καὶ
715 1491 825 1526 ἀρετήν.
841 1491 946 1525 Ὥσπερ

159 1542 215 1577 γὰρ
235 1542 266 1568 τὺ
285 1540 438 1576 ἀριστεύειν
455 1539 483 1565 ὲν
503 1539 614 1573 μάχαις,
635 1538 667 1572 τῇ
688 1536 735 1563 τοῦ
759 1535 946 1568 ὁπλιτεύοντος

160 1587 287 1622 εὐανδρίᾳ
305 1587 451 1622 μαρτυρεῖ’
464 1585 534 1612 οὕτω
554 1584 600 1610 τὸν
616 1583 729 1618 εὐσθενῆ
750 1582 797 1609 καὶ
812 1583 944 1616 γενναῖον,

160 1633 200 1663 εἴς
215 1619 248 1666 γε
266 1619 453 1663 ἰδ-δύνασθαι,
472 1630 554 1665 φημὶ,
572 1628 623 1664 τὴν
638 1619 804 1655 ἁνδάνουᾶαν
826 1626 864 1662 τῷ
887 1626 946 1662 Θεῷ

160 1677 261 1714 ἀρετὴν
272 1675 431 1711 κατορθοῦν,
446 1674 582 1710 λαμπρὸν,
598 1674 645 1700 καὶ
659 1672 807 1709 περιφανῆ,
821 1672 868 1698 καὶ
880 1680 948 1698 παν-

161 1724 207 1754 τὸς
221 1722 332 1749 ἐπαίνου
347 1721 556 1757 μεμεστωμένον
570 1720 734 1755 ἀποφήνειεν
746 1718 779 1746 ἂν
792 1718 823 1744 τὸ
836 1716 865 1745 εὖ
876 1717 947 1753 μάλα

162 1768 292 1796 δύνασθαι
302 1768 450 1802 διενεγκεῖν
462 1766 524 1798 τοὺς
539 1767 571 1792 ὲκ
585 1766 631 1792 τοῦ
642 1763 821 1801 πειράζεσθαι
838 1764 945 1795 πόνους.

163 1814 219 1841 Καὶ
235 1813 301 1848 γοῦν
316 1812 362 1839 τοῦ
380 1811 505 1848 Σωτῆρος
521 1811 536 1837 ὁ
555 1809 690 1846 μαθητὴς,
700 1809 740 1836 ὅτι
757 1809 844 1844 πάντη
858 1816 887 1834 τε
901 1808 947 1835 καλ¹

1249 1155 1288 1182 De
1307 1159 1382 1190 petra
1394 1161 1527 1189 percussa.

1033 1215 1058 1242 l.
1070 1225 1078 1240 ‹
1089 1214 1202 1242 introite
1211 1220 1261 1248 per
1273 1215 1414 1247 angustam
1421 1214 1529 1245 portam
1537 1208 1570 1240 “,
1577 1217 1585 1233 ι
1596 1206 1721 1235 Christus
1728 1205 1784 1234 dis-

997 1263 1095 1297 cipulis
1106 1262 1163 1289 suis
1175 1261 1243 1288 dixit
1266 1269 1272 1286 :
1294 1259 1482 1294 angustam,ut
1493 1255 1621 1286 arbitror,
1637 1258 1743 1288 portam
1756 1258 1784 1280 et

997 1312 1100 1335 arctam
1111 1307 1183 1334 viam
1196 1306 1342 1345 nominans
1354 1302 1537 1334 tolerantiam,
1552 1300 1682 1335 omnique
1703 1299 1784 1327 laude

997 1353 1184 1388 dignissimam
1197 1350 1369 1386 patientiam,
1383 1356 1432 1384 per
1447 1354 1528 1383 quam
1541 1346 1662 1381 quidem,
1677 1345 1722 1380 qui
1737 1352 1784 1372 su-

997 1407 1081 1434 perna
1109 1405 1205 1433 sapere
1228 1396 1325 1424 volunt
1338 1394 1448 1422 laudem
1466 1395 1679 1427 consequantur,
1695 1391 1786 1426 splen-

998 1445 1134 1479 deantque
1152 1442 1292 1470 exercitiis
1309 1448 1370 1476 qua
1381 1440 1414 1467 ad
1428 1440 1528 1467 bonam
1550 1437 1634 1465 animi
1649 1437 1784 1464 constitu—

998 1491 1100 1518 tionem
1116 1494 1144 1518 et
1165 1494 1192 1517 et
1211 1489 1244 1516 ad
1256 1488 1387 1515 virtutem
1400 1489 1535 1521 spectent.
1547 1483 1782 1518 Quemadmodum

998 1537 1071 1563 enim
1088 1534 1220 1562 fortitudo
1233 1537 1349 1561 testatur
1363 1531 1465 1567 primas
1479 1531 1506 1558 in
1520 1529 1592 1557 bello
1605 1529 1720 1557 obtineri
1730 1549 1738 1562 ,
1748 1528 1785 1555 ita

999 1583 1080 1609 etiam
1096 1581 1239 1608 robustum
1252 1587 1283 1607 ac
1294 1585 1457 1615 generosum
1477 1576 1511 1604 ad
1523 1583 1631 1604 omnem
1643 1575 1698 1602 Deo
1709 1582 1786 1602 acce-

1000 1632 1073 1664 ptam
1085 1628 1214 1655 virtutem
1226 1624 1419 1661 przestandam,
1433 1622 1609 1657 splendidum
1627 1625 1709 1656 atque
1721 1620 1786 1648 illu-

1000 1678 1099 1705 strem,
1116 1676 1144 1700 et
1155 1671 1229 1700 omni
1245 1670 1325 1698 laude
1344 1669 1514 1697 cumulatum
1534 1667 1666 1699 declarat,
1677 1666 1786 1693 labores

1001 1719 1053 1746 sibi
1077 1726 1111 1745 ex
1128 1716 1278 1744 tcntatione
1290 1715 1397 1742 oblatos
1420 1713 1536 1740 infracto
1553 1711 1645 1739 animo
1656 1711 1785 1738 tolerare.

1000 1764 1078 1792 Unde
1089 1767 1117 1791 et
1130 1762 1279 1790 Salvatoris
1291 1759 1444 1795 discipulus
1455 1758 1528 1793 quod
1540 1757 1602 1785 talis
1621 1756 1787 1792 conspicuus

1001 1809 1113 1837 omnino
1135 1813 1217 1843 atque
1230 1806 1346 1834 illustris
1361 1805 1406 1837 sit.
1421 1807 1550 1831 testatum
1572 1802 1653 1830 nobis
1665 1801 1786 1836 reliquit,

163 1859 272 1890 πάντως
281 1859 295 1885 ὁ
308 1857 426 1889 τοιοῦτος
440 1856 611 1888 ἀπόϐλεπτος
619 1855 707 1888 ἔσται,
722 1854 947 1890 πεπληροφόρηκε

1000 1856 1094 1884 dicens
1107 1864 1113 1882 :
1125 1864 1134 1880 ς
1151 1854 1250 1881 Beatus
1260 1853 1344 1879 homo
1355 1851 1402 1886 qui
1413 1850 1510 1878 suffert
1522 1849 1712 1879 tentationem,
1724 1847 1788 1882 quia

163 1903 264 1937 λέγων’
287 1912 296 1929 ‹
320 1903 462 1937 Μακάριος
484 1901 627 1937 ἄνθρωπος
650 1900 679 1931 ὃς
701 1899 835 1935 ὑπομείνῃ
853 1908 950 1935 πειρα-

164 1950 242 1984 σμὸν,
256 1949 297 1975 ὅτι
317 1947 429 1983 δόκιμος
447 1948 602 1982 γενόμενος,
621 1946 735 1982 λήψεται
758 1946 804 1972 τὸν
819 1945 949 1980 στέφανον

163 1995 212 2030 τῆς
230 1994 314 2029 ζωῆς,
333 2000 345 2020 ι
360 1994 390 2020 υι
404 1994 433 2020 δὲ
448 1993 479 2028 δὴ
503 1993 569 2029 πρὸς
585 1992 664 2019 τοῦτο
684 1991 776 2018 λοιπὸν
795 1991 949 2023 εὐσθενείας

164 2041 336 2076 ἐληλακότες,
350 2040 397 2066 καὶ
415 2039 465 2075 τὴν
482 2039 554 2066 οὕτω
569 2040 705 2074 περιφανῆ
723 2038 801 2071 δόξαν
817 2037 949 2073 ἀράμενοι

164 2088 299 2122 λέγουσιν,
314 2087 355 2113 ὅτι
375 2096 384 2112 ε
404 2085 583 2120 Ἐδοκίμασας
594 2085 680 2119 ἡμᾶς,
691 2083 789 2115 όΘεδς,
805 2083 950 2119 ὲπύρωσας

163 2134 248 2168 ἡμᾶς,
264 2133 303 2164 ὡς
316 2131 448 2168 πυροῦται
465 2130 495 2158 τὸ
515 2130 656 2166 ἀργύριον.
677 2129 759 2156 ’Ἑθου
781 2129 885 2164 θλίψεις
905 2130 951 2155 ἐπὶ

164 2179 210 2206 τὸν
231 2178 315 2205 νῶτον
338 2177 425 2214 ἡμῶν.
455 2177 634 2208 Ἐπεὸίὸασας
655 2175 815 2212 ἀνθρώπους
835 2176 883 2202 ἐπὶ
900 2175 950 2207 τὰς

165 2223 288 2258 κεφαλὰς
311 2223 400 2259 ἡμῶν.
425 2222 573 2258 Διήλθομεν
595 2222 639 2248 διὰ
660 2221 746 2258 πυρὸς
769 2221 816 2247 καὶ
843 2220 948 2251 ὓδατος,

164 2269 329 2304 ἐδοκίμασας
353 2270 425 2304 ἡμᾶς
444 2270 485 2300 είς
506 2268 648 2303 ἀνάψυξιν.
675 2277 684 2293 ι
716 2267 876 2302 Ἐκτελευτᾷ
897 2266 951 2302 γὰρ

164 2315 179 2342 ὁ
194 2315 275 2346 πόνος
296 2315 336 2346 είς
364 2313 479 2350 τρυφὴν,
504 2315 550 2341 καὶ
574 2313 766 2349 ἀνευρύνουσιν
793 2313 822 2338 αἱ
848 2312 950 2346 θλίψεις

164 2362 222 2392 τοῖς
245 2360 357 2387 ἀθλοῦσι
384 2360 515 2394 γενναίως
535 2361 584 2395 τὴν
609 2360 715 2386 εὐθεῖαν
732 2359 801 2385 ὁδόν.
824 2356 885 2385 Οἵδε
903 2357 952 2393 μὲν

164 2406 199 2433 τὰ
226 2406 315 2433 πάντα
342 2405 406 2440 πρὶν
428 2405 560 2440 γενέσεως
593 2405 682 2432 αὐτῶν
703 2406 717 2431 ὁ
741 2402 796 2430 τῶν
824 2402 952 2439 κρυπτῶν

164 2451 299 2487 γνὼστης,
317 2451 439 2478 τουτέστι
454 2451 521 2482 Θεός
536 2452 559 2484 (ε
572 2450 665 2485 Γυμνὰ
678 2450 732 2485 γὰρ
748 2449 822 2484 αὐτῷ
837 2449 871 2476 τὰ
884 2449 952 2476 πάν-

165 2507 200 2525 τα
214 2498 262 2525 καὶ
270 2497 529 2534 τετραχηλισμέναγ
543 2506 552 2523 ι
567 2497 709 2532 περιμένει
721 2496 749 2522 δὲ
761 2495 814 2522 τῶν
825 2494 953 2531 πραγμά-

999 1909 1062 1929 cum
1084 1901 1217 1936 probatus
1237 1898 1331 1930 fuerit,
1355 1896 1471 1931 accipiet
1495 1901 1624 1922 coronam
1651 1892 1757 1920 vitas".
1774 1901 1784 1917 ι

999 1948 1051 1982 Qui
1064 1955 1130 1974 vero
1144 1954 1178 1973 eo
1192 1943 1362 1973 fortitudinis
1372 1945 1529 1972 evaserunt,
1539 1943 1570 1966 ut
1582 1939 1700 1974 amplam
1713 1938 1786 1964 illam

1000 1998 1083 2028 atque
1102 1992 1229 2020 eximiam
1248 1990 1363 2026 gloriam
1382 1987 1437 2015 sint
1451 1985 1604 2017 consecuti,
1619 1984 1646 2011 hi
1670 1984 1784 2010 dicunt:

1005 2050 1013 2066 ι
1027 2041 1109 2069 Deus,
1124 2043 1151 2065 tu
1165 2036 1288 2072 probasti
1307 2042 1371 2066 nos,
1389 2033 1451 2069 igne
1463 2030 1624 2059 examinasti
1636 2037 1686 2056 nos
1696 2049 1703 2061 ,
1717 2029 1788 2056 sicut

1000 2086 1171 2114 examinatur
1182 2087 1334 2118 argentum.
1348 2078 1466 2108 Posuisti
1482 2077 1643 2105 afﬂictiones
1662 2075 1691 2102 in
1704 2075 1788 2102 dorso

1000 2136 1103 2159 nostro.
1115 2130 1268 2157 Ascendere
1287 2126 1375 2155 fecisti
1389 2125 1514 2152 homines
1534 2123 1561 2151 in
1576 2122 1665 2158 capita
1678 2126 1784 2149 nostra.

1001 2176 1190 2205 Transivimus
1203 2183 1252 2210 per
1272 2174 1361 2209 ignem
1384 2176 1412 2200 et
1425 2178 1535 2206 aquam,
1547 2174 1575 2197 et
1597 2168 1717 2196 eduxisti
1736 2175 1788 2195 nos

1001 2225 1029 2251 in
1043 2222 1216 2258 refrigerium
1230 2221 1263 2248 ".
1282 2229 1290 2245 ι
1307 2218 1422 2246 Laboris
1434 2217 1506 2245 enim
1520 2216 1581 2243 ﬁnis
1592 2219 1634 2242 est
1646 2214 1786 2250 gaudium,

1001 2268 1162 2296 aﬂlictiones
1180 2270 1270 2293 autem
1285 2264 1414 2299 aperiunt
1428 2263 1461 2289 iis
1474 2262 1521 2296 qui
1547 2261 1654 2288 fortiter
1664 2263 1788 2291 certant,

1001 2315 1072 2342 viam
1086 2314 1118 2341 ad
1135 2312 1256 2340 laetitiam
1270 2311 1360 2346 309.
1370 2309 1502 2345 Cognitor
1513 2307 1586 2335 enim
1597 2306 1766 2333 occultorum
1779 2325 1787 2338 ,

1002 2361 1055 2388 hoc
1075 2364 1117 2388 est
1138 2360 1220 2391 Deus,
1234 2358 1311 2385 novit
1324 2360 1432 2387 cuncta,
1450 2359 1597 2389 antequam
1614 2352 1743 2379 eveniant
1758 2358 1789 2379 ac

1003 2405 1078 2433 ﬁant.
1099 2414 1108 2429 ε
1126 2404 1204 2431 Nuda
1218 2403 1293 2447 enim
1305 2405 1386 2436 atque
1402 2403 1497 2435 aperta
1512 2399 1538 2426 ei
1548 2402 1612 2426 sunt
1623 2397 1715 2425 omnia
1730 2396 1764 2423 ε’.
1776 2405 1785 2423 ›

1003 2451 1134 2479 Diﬂ'ertur
1142 2453 1232 2477 autem
1240 2443 1333 2475 rerVum
1345 2446 1445 2478 exitus,
1456 2450 1585 2473 eteorum
1594 2443 1641 2479 qui
1648 2447 1788 2471 tentantur

1003 2496 1135 2524 fortitudo
1143 2493 1295 2522 secundum
1307 2497 1441 2527 tempora,
1451 2496 1482 2518 ut
1489 2499 1544 2518 non
1552 2490 1640 2518 solum
1651 2489 1789 2525 Deojuxta

165 2553 220 2571 των
235 2543 268 2571 τδ
287 2544 384 2579 πέρας,
400 2544 448 2571 καὶ
463 2545 493 2570 τὸ
507 2543 563 2570 τῶν
587 2543 792 2580 πειραζομένων
804 2541 875 2569 κατὰ
891 2550 947 2568 και-

1002 2540 1199 2576 prtenotionem
1208 2536 1409 2573 dignipraemiis
1424 2540 1687 2571 appareant,verum
1707 2534 1789 2561 etiam

167 2591 232 2626 ροὺς
247 2590 391 2622 εὐσθενές·
411 2590 455 2617 ἶνα
477 2590 527 2625 μιν
551 2589 689 2624 φαίνοιντο
716 2588 753 2624 μὴ
782 2589 860 2623 μόνον
875 2586 947 2623 αὐτῷ

1003 2592 1034 2614 ut
1042 2587 1163 2622 ipsorum
1177 2582 1334 2619 prastantia
1345 2582 1429 2609 rebus
1443 2581 1509 2616 ipsis
1521 2589 1572 2616 per
1579 2581 1711 2608 virtutem
1727 2586 1789 2614 ges-

167 2625 238 2664 κατὰ
255 2637 407 2672 πρόγνωσιν
415 2632 492 2668 αξιοι
505 2635 604 2671 γερῶν,
621 2635 814 2670 κατακροτοῖεν
830 2633 858 2661 δὲ
882 2633 947 2668 μᾶλ-

1005 2633 1039 2660 tis
1051 2631 1193 2659 testiﬁcata
1199 2630 1233 2657 ab
1239 2629 1397 2657 hominibus
1407 2628 1509 2663 pariter
1515 2631 1597 2662 atque
1607 2625 1710 2662 angelis
1720 2625 1787 2653 cele-

166 2683 212 2709 λον
223 2682 260 2715 ὼς
278 2682 482 2718 ὴριστευκάτας,
495 2682 542 2708 καὶ
556 2682 599 2708 διὰ
613 2681 782 2716 πραγμάτων
804 2679 893 2706 αὐτῶν
908 2679 947 2706 ὲπ⁴

1005 2679 1110 2706 bretur.
1124 2676 1231 2705 Idcirco
1239 2679 1268 2703 et
1274 2675 1371 2703 beatus
1378 2675 1479 2702 Paulus
1484 2673 1518 2701 de
1525 2673 1615 2709 seipse
1621 2676 1649 2701 et
1658 2672 1719 2700 aliis
1724 2678 1788 2699 san-

166 2729 250 2764 ἀρετῇ
270 2717 544 2764 μεμαρτυρημένους,
560 2726 670 2761 ἄγγελοί
684 2735 713 2753 τε
732 2726 780 2753 καὶ
803 2725 947 2760 ἄνθρωποι.

1005 2725 1058 2752 etis
1068 2723 1119 2756 ait,
1135 2722 1209 2758 quod
1219 2729 1282 2750 cum
1293 2721 1441 2748 admodum
1457 2720 1574 2747 feliciter
1583 2717 1751 2746 decertarint
1756 2722 1787 2742 ac

166 2762 216 2801 Atti
233 2762 312 2801 ἐσῧτό
328 2762 375 2801 καὶ
387 2762 404 2800 ὃ
415 2762 549 2810 μακάριος
565 2772 670 2804 Παῦλος
692 2772 756 2807 περὶ
773 2770 854 2798 αὐτοῦ
864 2779 894 2797 τε
905 2770 947 2797 καΊ

1006 2769 1134 2801 vicerint,
1148 2778 1157 2794 ι
1169 2767 1361 2803 Spectaculum
1368 2766 1431 2794 facti
1440 2766 1496 2794 sint
1503 2764 1606 2794 mundo
1613 2768 1640 2792 et
1650 2762 1753 2798 angelis
1761 2765 1788 2790 et

204 2842 227 2858 ⁵³
240 2841 336 2870 Matth.
351 2849 398 2875 vn,
415 2842 441 2869 5.
484 2842 508 2858 ἰ
518 2842 575 2870 Jac.
588 2850 608 2875 I,
620 2841 663 2868 η.
703 2841 725 2857 ⁵⁸
743 2840 814 2869 Psal.
831 2848 892 2873 LX",
906 2838 947 2867 IO-

1036 2839 1058 2857 ⁵⁸
1077 2839 1160 2866 lIebr.
1173 2847 1209 2872 IV,
1233 2838 1276 2866 i5.
