1999 3056
215 137 265 164 487

714 139 741 166 S.
762 138 900 166 CYIIILLI
920 139 1154 167 ALEXANDIIINI
1175 139 1333 167 ARCIIIEP.

1797 140 1849 168 4'58

214 199 371 227 hominibus
384 200 418 226 δ’.
439 209 447 225 ι
472 198 644 227 Multil‘ariam
662 200 743 235 igitur
766 200 896 235 probatur
910 201 1003 232 Israel,

1058 201 1111 227 τῶν
1125 201 1213 228 ἄλλων
1229 202 1316 236 ἁγίων
1336 202 1428 237 φησιν,
1444 201 1481 233 ὡς
1497 201 1654 236 ᾓϐληκόῖων
1667 199 1696 228 εὖ
1715 201 1787 237 μάλα
1802 203 1849 229 καὶ

215 252 244 273 ut
266 246 373 273 tametsi
389 245 545 273 inﬁrmitate
561 247 684 274 laborare
707 246 843 277 videatur,
866 247 1003 281 ingentem

215 292 262 319 Dei
274 291 471 327 benignitatem
483 292 645 324 admiretur,
661 293 708 327 qui
719 298 876 328 peccantem
895 292 1002 320 toleret.

214 339 502 366 Adumbraturautcm
517 339 544 366 in
558 339 740 374 singulisqua:
754 339 913 366 acciderunt
923 339 1002 366 Chri-

214 386 247 413 sti
262 386 432 422 mysterium.
452 385 532 413 Modo
551 386 625 412 enim
640 393 795 412 sermonem
816 385 849 412 de
862 385 1004 412 coturnice

213 438 241 459 (Ὶ
255 440 353 459 IiIﬂIlIlﬂ
366 436 545 466 CXPOIICIIMES,
561 438 616 457 non
637 438 732 465 parum
748 429 897 462 lIlﬁI‘II'IIIIII,
911 439 943 458 ac
955 438 1002 458 V0-

214 478 311 512 luptati
326 477 449 504 deditum
463 476 591 503 Israclcm
604 477 783 504 ostendimus.
802 476 855 503 Sed
871 484 935 504 cccc
947 477 1002 512 jam

214 531 310 550 rursus
333 522 455 549 breviter
471 521 638 548 inculcatum
655 522 773 549 videtur.
791 522 829 549 Ita
846 522 920 549 enim
940 530 1002 549 rur—

213 577 274 596 sum
292 569 408 595 habetur
427 577 433 593 :
452 577 461 591 ‹
483 568 517 594 Ει
529 567 650 602 profecta
662 573 705 595 est
719 569 810 595 omnis
825 568 1002 603 congregatio

213 615 332 641 ﬁliorum
350 613 432 640 Israel
447 621 480 641 ex
505 613 614 640 deserto
639 614 704 641 Sina
724 621 786 641 eum
800 615 858 641 suis
874 614 1002 641 taberna-

213 660 282 686 culis
295 679 302 691 ,
321 659 398 694 juxta
413 659 529 686 verbum
545 659 654 686 Domini
669 668 676 693 ;
695 665 724 687 et
737 661 923 687 castrametati
939 665 1003 687 sunt

214 707 241 734 in
256 706 419 741 Rapbidim,
435 706 484 733 ubi
499 713 554 733 non
570 710 630 733 erat
648 714 718 740 aqua
735 706 837 741 populo
850 706 884 733 ad
903 706 1002 733 biben-

212 753 288 780 dum.
304 753 339 780 Et
351 752 558 779 conviciabatur
573 752 691 787 populus
706 751 739 778 ad
761 750 866 784 Mosen,
883 751 978 779 dicens
994 760 1000 777 :

213 798 251 825 Da
276 797 356 824 nobis
371 805 469 832 aquam
486 801 516 824 ut
533 797 669 823 bibamus.
697 796 732 824 Et
752 796 821 824 dixit
837 797 877 824 cis
894 797 981 826 Moses
995 807 1000 823 :

212 844 282 877 Quid
301 843 493 871 conviciamini
506 843 571 870 me?
587 848 615 870 et
628 843 694 878 quid
711 844 822 871 tentatis
837 844 1003 871 Dominum?

213 890 305 917 Sitivit
324 894 416 917 autem
435 891 553 926 populus
568 891 624 917 illic
639 898 749 925 aquam,
772 896 801 919 et
819 891 1003 919 murmuravit

213 941 309 963 contra
322 936 424 968 Mosen,
438 936 534 963 dicens
551 946 558 963 :
573 936 643 970 Quid
658 937 720 969 hoc,
737 938 811 972 quod
823 938 941 965 eduxisti
954 945 1004 964 nos

212 990 246 1008 ex
257 982 385 1018 .Egypto,
403 987 434 1010 ut
447 982 590 1010 occideres
604 991 656 1010 nos
668 988 697 1011 et
708 984 780 1011 ﬁlios
789 989 900 1011 nostros
918 989 946 1012 ct
960 984 1004 1019 ju-

212 1033 304 1056 menta
316 1028 381 1056 siti?
395 1028 627 1057 Clamavitautem
643 1030 730 1058 Moses
745 1030 778 1057 ad
789 1030 946 1064 Dominum,
959 1031 1002 1058 di—

213 1082 280 1101 cens
295 1084 300 1100 :
317 1074 388 1107 Quid
410 1075 507 1102 faciam
521 1075 623 1110 popqu
641 1075 726 1102 huic?
739 1076 828 1103 adhuc
844 1077 984 1111 paululum
995 1098 1002 1109 ,

213 1125 239 1147 et
251 1120 384 1155 lapidabit
396 1129 448 1148 me.
465 1121 501 1148 Et
511 1121 581 1148 dixit
597 1122 730 1149 Dominus
739 1123 772 1149 ad
787 1123 878 1150 Mosen
899 1132 904 1150 :
919 1124 1003 1151 Ante-

213 1165 279 1192 cede
292 1165 423 1200 populum
434 1165 529 1194 istum.
541 1165 640 1201 Accipe
651 1171 743 1193 autem
760 1171 850 1194 tecum
865 1167 899 1194 de
915 1168 1005 1195 senio-

213 1209 290 1237 ribus
303 1210 408 1244 populi,
429 1214 457 1238 et
473 1210 578 1245 virgam
591 1218 644 1245 qua
663 1211 823 1246 percussisti
833 1211 945 1244 ﬁumen,
957 1221 1003 1240 ae-

212 1256 273 1291 cipe
298 1256 327 1283 in
348 1264 430 1284 manu
446 1260 502 1289 tua,
517 1261 546 1284 et
562 1257 641 1284 vade.
659 1257 730 1285 Ecce
744 1266 794 1293 ego
819 1259 899 1286 stabo
920 1258 977 1286 illic
995 1279 1002 1291 ,

213 1306 359 1337 antequam
375 1307 403 1330 tu
415 1302 530 1330 accedas
543 1310 627 1338 super
639 1308 745 1338 petram
760 1304 788 1331 in
797 1303 879 1332 Oreb.
895 1304 928 1332 Ει
943 1313 1005 1340 per-

213 1347 300 1375 cuties
315 1352 431 1382 petram,
445 1351 472 1374 ct
491 1347 578 1374 exibit
594 1356 627 1375 ex
640 1356 672 1375 ea
685 1357 766 1383 aqua,
779 1353 807 1375 et
823 1349 900 1377 bibet
915 1357 1004 1385 popu-

214 1392 258 1420 lus
273 1401 359 1420 meus.
377 1393 553 1421 Fecitautem
566 1394 655 1422 Moses
669 1394 709 1422 sic
724 1402 816 1422 coram
833 1394 896 1422 ﬁliis
910 1395 1003 1423 Israel:

213 1442 242 1465 ct
257 1438 365 1466 vocavit
378 1447 478 1467 nomen
499 1439 552 1466 loci
562 1439 646 1472 illius,
659 1439 786 1467 Tcntatio
799 1439 856 1468 sive
870 1440 1004 1476 Jurgium,

214 1489 326 1519 propter
336 1484 555 1520 objurgationem
574 1485 694 1512 ﬁliorum
711 1485 804 1518 Israel,
825 1490 853 1513 et
868 1486 932 1521 quia
944 1490 1005 1514 ten-

215 1533 344 1557 taveruut
369 1530 515 1558 Dominum
539 1531 663 1559 dicentes
687 1539 692 1558 :
714 1530 742 1558 Si
762 1537 805 1560 est
825 1532 954 1560 Dominus
976 1533 1003 1560 in

215 1575 295 1602 nobis
311 1584 345 1603 an
359 1584 416 1604 non
433 1577 476 1603 ’3?
492 1587 500 1602 ι
520 1577 583 1604 Ηιεο
597 1578 679 1612 310
700 1578 811 1612 quidem
827 1579 908 1606 nobis
925 1579 953 1606 in
969 1579 1004 1606 Ii—

215 1621 265 1648 bro
279 1621 365 1649 Exodi
376 1621 487 1649 divinus
498 1630 588 1649 sermo
604 1615 802 1651 commemorat
816 1632 822 1650 :
842 1624 890 1652 sed
905 1624 932 1652 in
950 1625 1006 1652 Nu—

216 1667 301 1695 meris
311 1668 428 1702 amplior
439 1668 472 1695 de
482 1668 526 1695 his
536 1668 657 1696 narratio
672 1669 835 1703 instituitur,
856 1678 938 1705 quam
955 1679 1005 1698 ne-

216 1713 366 1741 cessarium
377 1721 438 1741 esse
452 1714 575 1741 arbitror
590 1718 620 1742 ut
631 1715 658 1741 in
679 1715 801 1743 medium
816 1716 1004 1751 proferamus;

217 1764 247 1787 ut
261 1759 368 1794 singula
379 1763 452 1787 recte
461 1764 609 1795 exacteque
625 1761 837 1796 perpendentes,
850 1762 884 1790 ad
898 1763 1005 1798 plenam

217 1812 313 1832 eorum
333 1813 393 1840 qua:
415 1805 479 1832 olim
500 1805 616 1840 ﬁgurate
638 1811 714 1841 gesta
735 1812 799 1834 sunt
819 1808 1005 1843 cognitionem

216 1851 419 1885 perveniamus,
434 1855 462 1878 et
481 1850 633 1885 spiritualis
657 1859 754 1880 sensus
771 1853 1004 1887 pulchritudinem

218 1904 428 1931 consequamur.
452 1897 493 1924 Ita
520 1897 604 1932 igitur
625 1898 758 1933 scriptum
778 1899 917 1927 habetur:
944 1910 952 1926 ι
974 1901 1007 1929 Et

218 1947 353 1970 venerunt
368 1942 417 1970 ﬁlii
434 1943 517 1971 Israel
532 1948 560 1971 et
576 1944 666 1972 omnis
679 1945 852 1981 congregatio
870 1946 899 1973 in
914 1946 1008 1974 deser—

219 1993 277 2017 tum
293 1989 358 2023 Sin,
382 1990 410 2017 in
431 1998 525 2017 mense
549 1991 650 2025 primo,
665 1994 694 2018 et
716 1992 817 2019 mansit
840 1993 959 2027 populus
977 1993 1006 2020 in

217 2036 314 2069 Cades,
332 2040 360 2063 et
374 2040 482 2063 mortua
495 2041 537 2063 est
550 2036 588 2063 ibi
599 2036 682 2063 Maria
695 2041 728 2064 et-
737 2038 854 2072 sepulta.
865 2038 944 2066 Nulla
956 2047 1005 2066 au-

220 2087 273 2109 lem
300 2089 369 2116 aqua
399 2085 459 2108 erat
487 2082 707 2117 congregationi,
727 2087 755 2109 et
775 2084 931 2118 congregati
943 2088 1007 2114 sunt

218 2131 314 2154 contra
328 2126 394 2154 Mosi
410 2130 438 2153 et
454 2126 555 2153 Aaron.
569 2125 603 2153 Et
618 2126 799 2153 murmuravit
808 2126 927 2161 populus
939 2135 1005 2154 con-

220 2178 260 2200 tra
275 2173 378 2204 Mosen,
389 2172 513 2203 dicentes
528 2182 533 2198 :
547 2172 658 2200 Utinam
671 2172 773 2199 mortui
785 2180 908 2200 essemus
920 2172 949 2200 in
962 2173 1005 2199 in-

1057 248 1248 283 νενικηκὸτων,
1274 249 1314 274 ὅτι
1333 258 1341 273 ι
1354 247 1473 283 Θέατρον
1503 247 1673 282 ἐγενήθησαν
1695 248 1734 283 τῷ
1754 248 1849 283 κόσμῳ

1056 294 1102 320 καὶ
1117 293 1243 327 ἀγγέλοις
1267 294 1313 320 καὶ
1335 293 1522 328 ἀνθρώποις.»
1549 293 1732 328 Δοκιμάζεται
1758 294 1849 321 τοίνυν

1056 338 1255 374 πολυτρόπωςὸ
1273 338 1390 374 Ἰσραὴλ,
1401 339 1443 365 ἵνα
1455 338 1506 364 κᾶν
1524 338 1548 364 εἰ
1564 338 1685 372 φαίνοιτο
1700 338 1784 364 νοσῶν
1808 339 1848 365 ἔτι

1054 385 1084 412 τὸ
1097 385 1203 417 ἄναλκι,
1215 384 1380 418 θαυμάζοιτο
1395 385 1442 419 μὲν
1454 384 1501 410 ἐπὶ
1528 383 1611 419 πολλῇ
1624 384 1684 410 λίαν
1698 385 1849 420 ἡμερότητι

1054 431 1131 463 Θεὸς,
1148 430 1377 466 πλημμελοῦντας
1397 431 1575 466 ἀνεχόμε·.ος”
1606 432 1800 465 σκιαγραφοῖτο
1820 430 1848 456 δὲ

1056 475 1156 513 μᾶλλον
1176 479 1241 514 ἡμῖν
1260 477 1303 512 ἐφ’
1323 477 1431 512 ἑκάστῳ
1451 477 1505 503 τῶν
1523 477 1733 512 συμϐεϐηκότων
1747 476 1777 502 τὸ
1795 485 1848 511 μυ-

1057 524 1177 559 στήριον.
1198 524 1279 558 Ἀρτι
1297 522 1348 558 μὲν
1365 522 1412 550 οὖν
1429 523 1475 550 τὸν
1490 523 1535 549 ἐπί
1551 531 1580 548 τε
1600 524 1633 557 τῇ
1653 522 1847 557 ὀρτυγομήτρα

1055 570 1103 596 καὶ
1127 569 1221 604 μέντοι
1236 569 1284 596 καὶ
1302 568 1342 604 τῷ
1358 569 1449 604 μάννα
1465 568 1680 604 διαπεράσαντες
1701 568 1790 602 λόγον,
1813 569 1843 593 οὐ

1055 615 1175 651 μετρίως
1196 616 1450 652 κατηρρωστηκότα
1462 616 1493 642 τὸ
1507 615 1621 651 ἀδρανὲς
1642 615 1690 642 καὶ
1706 615 1847 650 φιλήδονον

1053 662 1238 698 διεδείκνυμεν
1260 663 1305 689 τὸν
1325 663 1443 699 Ἰσραήλ.
1464 661 1603 688 ’ΔλλῚδοὺ
1626 661 1707 687 πάλιν
1728 661 1775 687 καὶ
1796 661 1846 686 οὐκ

1055 709 1094 740 εἱς
1105 709 1216 744 μακρὰν
1227 709 1407 745 παροτρύνων
1418 709 1526 744 ὁρᾶται.
1542 708 1698 743 Γέγραπται
1709 706 1764 742 γὰρ
1774 706 1846 732 οὕτω

1055 754 1136 782 πάλιν
1146 763 1152 769 ·
1171 764 1179 780 ι
1191 754 1246 781 Καὶ
1258 755 1349 790 ἀπῆρε
1362 755 1437 780 πᾶσα
1454 755 1470 788 ἠ
1483 753 1634 788 συναγωγὴ
1656 752 1720 779 υἱῶν
1739 751 1846 787 Ἰσραὴλ

1054 800 1086 825 ὲκ
1097 800 1147 834 τῆς
1167 799 1270 834 ἐρήμου
1286 799 1341 831 Σὶν,
1355 798 1427 825 κατὰ
1445 798 1622 833 παρεμϐολὰς
1636 797 1726 824 αὐτῶν
1741 796 1784 823 διὰ
1797 798 1845 831 ρή-

1056 853 1139 880 ματος
1153 844 1265 880 Κυρίου,
1285 844 1331 871 καὶ
1345 844 1527 880 παρενέϐαλον
1542 845 1571 870 ἐν
1586 843 1732 877 Ῥαιξιδεῖν-
1748 843 1798 868 οὐκ
1811 839 1845 876 ἦν

1054 890 1082 917 δὲ
1102 890 1173 926 ὕδωρ
1192 889 1232 925 τῷ
1253 890 1311 925 λαῷ
1328 891 1410 917 πιεῖν,
1429 890 1483 916 Καὶ
1501 889 1660 925 ἐλοιδορεῖτο
1671 890 1685 915 ὁ
1699 888 1760 920 λαὸς
1777 887 1845 923 πρὸς

1054 937 1156 972 Μωσῆν
1188 937 1327 972 λέγοντες·
1349 937 1398 968 Δὸς
1426 937 1492 972 ἡμῖν
1533 936 1614 971 ὕδωρ,
1646 936 1689 962 ἵνα
1727 934 1843 970 πίωμεν.

1054 982 1109 1010 Καὶ
1132 981 1208 1008 εἶπεν
1227 983 1318 1013 αὐτοῖς
1343 983 1462 1016 Μωσῆς·
1480 982 1513 1008 Τί
1533 980 1694 1016 λοιδορεῖσθέ
1718 989 1779 1016 μοι;
1799 982 1846 1007 καὶ

1054 1027 1080 1053 τε
1104 1026 1248 1061 πειράζετε
1270 1026 1387 1061 Κύριονς
1411 1026 1536 1061 Ἐδίψησε
1560 1026 1588 1051 δὲ
1604 1026 1667 1057 λαὸς
1688 1025 1763 1052 ὕδατι
1776 1026 1844 1059 ἐκεῖ,

1055 1071 1101 1096 καὶ
1119 1069 1267 1104 ὲγὸγγυζεν
1282 1071 1296 1096 ὁ
1309 1070 1372 1102 λαὸς
1389 1070 1435 1096 ἐπὶ
1452 1070 1554 1105 Μωσῆν
1578 1070 1702 1104 λέγοντες
1713 1079 1719 1084 ·
1738 1071 1795 1096 Ἰνα
1818 1071 1845 1096 τί

1054 1116 1133 1144 τοῦτο
1159 1115 1322 1148 ἀνεϐίϐασας
1348 1117 1423 1151 ἡμᾶς
1453 1116 1483 1149 ἐξ
1509 1115 1657 1150 Αἰγύπτου,
1687 1116 1844 1142 ἀποκτεῖναι

1055 1164 1128 1198 ἡμᾶς
1155 1163 1202 1189 καὶ
1223 1163 1257 1190 τὰ
1282 1162 1363 1190 τέκνα
1386 1163 1476 1197 ἡμῶν,
1491 1163 1538 1189 καὶ
1552 1162 1587 1190 τὰ
1609 1162 1694 1198 κτήνη
1710 1162 1788 1197 ἡμῶν
1803 1162 1844 1197 τῷ

1054 1209 1139 1244 δίψεις
1165 1209 1277 1243 Ἐὃόησε
1300 1208 1328 1234 δὲ
1350 1209 1452 1243 Μωσῆς
1474 1207 1541 1244 πρὸς
1569 1207 1681 1248 Κλύριον,
1692 1207 1796 1241 λέγων·
1812 1208 1844 1234 Τί

1055 1256 1160 1291 ποιήσω
1180 1255 1218 1290 τῷ
1237 1254 1294 1289 λαῷ
1309 1255 1413 1289 toti-np;
1428 1253 1470 1281 ἔτι
1495 1253 1593 1289 μικρὸν
1607 1254 1655 1280 καὶ
1668 1254 1844 1281 καταλιθώσ-

1055 1300 1165 1336 λήσουσί
1181 1309 1225 1335 με.
1242 1300 1296 1327 Καὶ
1310 1298 1371 1326 εἶπε
1387 1299 1488 1335 Κύριος
1510 1299 1577 1334 πρὸς
1597 1299 1716 1334 Μωσῆν·
1736 1299 1845 1334 Προπο-

1057 1346 1135 1381 ρεύου
1155 1346 1202 1372 τοῦ
1225 1346 1290 1372 λαοῦ
1314 1346 1421 1373 τούτου.
1434 1346 1507 1373 Λαϐὲ
1520 1346 1547 1372 δὲ
1568 1345 1636 1381 μετὰ
1663 1345 1776 1372 σεαυτοῦ
1790 1346 1845 1373 ἀπὸ

1055 1393 1108 1420 τῶν
1134 1392 1326 1428 πρεσϐυτέρων
1352 1392 1400 1419 τοῦ
1424 1392 1499 1425 λαοῦ,
1529 1392 1576 1419 καὶ
1603 1391 1652 1426 τὴν
1672 1388 1845 1428 ῥάϐδονινῇ

1055 1439 1193 1472 ὲπὰταξας
1212 1438 1256 1466 τὸν
1281 1438 1414 1473 ποταμὸν,
1439 1438 1506 1465 λαϐὲ
1527 1439 1555 1465 ὲν
1576 1439 1608 1473 τῇ
1632 1438 1703 1472 χειρί
1720 1446 1778 1469 σου,
1799 1435 1846 1463 καὶ

1057 1485 1183 1520 πορεύου.
1205 1484 1269 1511 Ἰδοὺ
1284 1484 1339 1518 ἐγὼ
1353 1485 1455 1518 ἕστηκα
1470 1485 1527 1510 ἐκεῖ
1550 1484 1602 1519 πρὸ
1630 1483 1677 1510 τοῦ
1696 1484 1783 1510 ἐλθεῖν
1798 1482 1845 1509 ὲπὶ

1056 1531 1104 1566 τῆς
1121 1531 1223 1566 πέτρας
1247 1531 1275 1558 ὲν
1306 1530 1418 1566 Χωρήὸ.
1441 1530 1498 1556 Καὶ
1523 1529 1653 1562 πατάξεις
1667 1529 1715 1564 τὴν
1730 1530 1844 1564 πέτραν,

1056 1577 1105 1604 καὶ
1124 1576 1293 1609 ἐξελεύσεται
1311 1577 1382 1612 ὕδωρ
1400 1576 1429 1609 ἐξ
1452 1576 1538 1610 αὐτῆς
1550 1596 1557 1607 ,
1585 1576 1633 1602 καὶ
1647 1576 1739 1602 πίεται
1752 1577 1766 1602 ὁ
1781 1576 1846 1608 λαός

1057 1633 1118 1659 μου.
1135 1623 1266 1658 -Ἐποεησε
1280 1622 1309 1649 δὲ
1325 1622 1428 1656 Μωσῆς
1450 1621 1537 1653 οὕτως
1559 1621 1680 1648 ἐναντίον
1706 1621 1759 1648 Ιτῶν
1779 1621 1846 1649 υἱῶν

1062 1669 1180 1706 Ἰσραὴλ,
1195 1669 1243 1696 καὶ
1255 1668 1416 1703 ἐπωνόμασε
1429 1668 1460 1695 τὸ
1474 1669 1559 1703 ὄνομα
1573 1667 1620 1694 τοῦ
1634 1667 1718 1694 τόπου
1729 1667 1844 1700 ἐκείνου,

1057 1715 1214 1750 Πειρασμὺν
1239 1715 1288 1742 καὶ
1313 1714 1475 1749 λοιδόρησιν,
1488 1714 1531 1740 διὰ
1554 1713 1602 1749 τὴν
1621 1713 1770 1748 λοιδόρησιν
1792 1714 1846 1740 τῶν

1056 1762 1121 1789 υἱῶν
1143 1762 1260 1798 Ἰσραὴλ,
1282 1761 1329 1788 καὶ
1340 1761 1384 1788 διὰ
1397 1761 1428 1787 τὸ
1445 1759 1585 1795 πειράζειν
1596 1759 1698 1795 Κύριον
1710 1759 1844 1794 λέγοντες

1057 1809 1088 1835 Εἰ
1102 1809 1159 1835 ἐστι
1172 1808 1275 1844 Κύριος
1293 1809 1322 1834 ὲν
1335 1808 1411 1842 ἡμῖν,
1426 1807 1442 1842 ἢ
1458 1806 1488 1832 οὒ
1502 1814 1509 1838 ς
1522 1815 1531 1831 ι
1551 1806 1606 1832 Καὶ
1621 1806 1702 1832 ταυτὶ
1716 1806 1765 1840 μὲν
1781 1806 1845 1841 ἡμῖν

1058 1856 1087 1882 ὲν
1101 1856 1135 1890 τῇ
1160 1854 1258 1889 Ἑξόδῳ
1274 1854 1304 1881 τὸ
1326 1853 1398 1880 θεῖον
1414 1852 1466 1887 ἔφη
1485 1851 1676 1887 χρησμῴδημα
1687 1859 1693 1865 ·
1711 1860 1846 1886 κατακερ-

1058 1902 1148 1936 ματιεῖ
1167 1900 1195 1926 δὲ
1210 1899 1306 1935 ὥσπερ
1331 1900 1359 1925 ὲν
1377 1899 1434 1930 τοῖς
1457 1898 1595 1934 ’Δριθμοῖς
1623 1897 1773 1933 εὐρυτέραν
1795 1898 1846 1931 ἀφ-

1056 1948 1165 1981 ἠγησιν,
1181 1945 1215 1980 ἢν
1235 1945 1282 1971 καὶ
1301 1945 1450 1978 ἀναγκαῖον
1461 1943 1539 1979 οἶμαι
1557 1943 1744 1977 παρενεγκεῖν,
1757 1942 1794 1974 ὡς
1813 1941 1846 1968 ἂν

1056 1990 1159 2017 ἕκαστα
1177 1988 1368 2024 βασανίζοντες
1383 1987 1471 2024 ὀρθῶς
1485 1988 1532 2014 καὶ
1559 1986 1763 2021 ἀπεξεσμένως,
1778 1987 1846 2012 ἀπο-

1056 2035 1166 2071 χρῶσαν
1184 2035 1289 2070 ἔχωμεν
1312 2033 1366 2062 τῶν
1393 2034 1476 2061 πάλαι
1493 2033 1643 2068 γεγονότων
1656 2031 1779 2063 τυπικῶς
1794 2032 1845 2066 τὴν

1055 2082 1168 2117 εἴδησιν,
1189 2081 1237 2108 καὶ
1259 2080 1326 2115 πρός
1354 2088 1384 2112 γε
1410 2079 1442 2115 δὴ
1464 2079 1578 2110 τούτοις,
1594 2079 1643 2113 τῆς
1657 2077 1845 2112 πνευματικῆς

1056 2127 1171 2163 θεωρίας
1185 2127 1215 2153 τὸ
1237 2126 1344 2157 κάλλος.
1364 2126 1521 2160 Γέγραπται
1535 2125 1568 2160 δὴ
1587 2122 1634 2151 οὖν
1645 2132 1652 2139 ·
1674 2134 1683 2149 ι
1695 2124 1751 2150 Καὶ
1763 2122 1845 2158 ἦλθον

1057 2176 1081 2201 οἱ
1094 2174 1148 2200 υἱοὶ
1165 2173 1284 2209 Ἰσραὴλ,
1301 2173 1348 2199 καὶ
1369 2173 1443 2198 πᾶσα
1459 2173 1476 2207 ἡ
1497 2170 1642 2206 συναγωγὴ
1658 2172 1698 2202 εἰς
1718 2171 1767 2205 τὴν
1782 2171 1845 2205 ἕρη-

219 2217 300 2244 tcritu
330 2216 446 2244 fratrum
468 2221 625 2244 nostrorum
643 2225 736 2244 coram
763 2217 896 2245 Dominol
915 2218 1003 2252 Quare

1059 2229 1107 2256 μον
1121 2220 1179 2250 Σὶν.
1197 2220 1225 2246 ὲν
1240 2219 1279 2254 τῷ
1295 2218 1361 2254 μηνὶ
1383 2218 1423 2253 τῷ
1445 2217 1630 2253 πρώτιρ,ἰκαὶ
1653 2217 1811 2252 κατέμεινεν
1831 2218 1845 2242 ὁ

218 2261 355 2289 adduxisti
368 2261 605 2296 congregationem
622 2261 730 2289 Domini
748 2261 776 2288 in
786 2262 926 2290 desertum
940 2263 1002 2296 hoc,

219 2312 248 2333 ut
275 2307 417 2334 occideres
432 2315 483 2334 nos
501 2311 529 2334 et
541 2307 667 2342 jumenta
682 2308 797 2335 nostra?
811 2307 899 2341 Quare
910 2309 1005 2338 eduxi-

217 2353 251 2380 sti
264 2361 314 2380 nos
325 2361 358 2379 ex
369 2352 499 2388 zEgypto,
518 2357 548 2380 ut
564 2353 722 2381 veniremus
740 2353 767 2380 in
780 2354 872 2382 locum
889 2363 1004 2390 pravum

218 2399 309 2426 hunc?
320 2399 409 2426 Locus
421 2399 466 2426 ubi
479 2407 534 2426 non
549 2396 816 2436 seminatur,‘uequc
827 2401 905 2435 ﬁcus,
913 2410 1004 2438 neque

219 2451 313 2477 viuere,
328 2453 417 2480 neque
428 2445 498 2472 mala
517 2449 644 2480 granata,
660 2453 750 2481 neque
761 2454 831 2481 aqua
850 2451 894 2475 est
911 2448 945 2475 ad
960 2449 1003 2477 bi-

218 2490 348 2518 bendum.
366 2490 399 2517 Et
410 2490 485 2517 venit
501 2490 589 2518 Moses
604 2483 636 2518 ad
649 2491 740 2518 Aaron
760 2500 775 2519 a
797 2493 866 2520 facie
891 2501 1005 2530 congre-

218 2537 336 2573 gationis
347 2537 381 2564 ad
395 2537 496 2564 ostium
508 2537 677 2565 tabernaculi
694 2538 867 2566 Testimonii.
882 2540 918 2568 Et
929 2541 1004 2569 ceci-

219 2585 319 2612 derunt
331 2583 358 2610 iu
373 2583 470 2610 faciem
493 2591 569 2610 suam
581 2604 588 2615 ,
602 2588 630 2611 ct
646 2585 774 2619 apparuit
795 2585 883 2620 gloria
894 2587 1006 2614 Domini

218 2629 252 2657 ad
264 2629 335 2656 illos.
349 2629 382 2656 Et
395 2629 505 2656 locutus
514 2634 556 2657 est
571 2629 703 2657 Dominus
719 2629 754 2657 ad
766 2630 869 2664 Mosen,
882 2632 979 2660 dicens
996 2641 1003 2660 :

217 2675 318 2711 Accipe
334 2676 449 2712 virgam,
468 2680 495 2703 et
511 2683 647 2711 congrcga
662 2678 912 2712 congregationem,
934 2683 963 2706 tu
975 2683 1004 2706 et

217 2722 307 2750 Aaroa
319 2722 402 2749 frater
410 2726 482 2756 tuus,
493 2727 521 2750 et
534 2722 678 2757 loquimini
690 2723 722 2750 ad
735 2728 839 2758 petram
850 2732 942 2752 coram
952 2726 1004 2759 eis,

219 2771 246 2794 et
258 2766 334 2794 dabit
344 2775 428 2802 aquas
444 2775 516 2801 suas,
529 2771 556 2795 et
570 2768 694 2796 cducetis
705 2768 746 2796 eis
759 2777 857 2804 aquam
868 2778 901 2798 ex
913 2776 1003 2806 petra,

256 2856 277 2872 ⁵⁷
302 2855 386 2902 ICor.
407 2857 504 2892 ινδιξ).
544 2857 663 2886 "Exod.
682 2865 744 2892 xvn,
764 2859 822 2889 I-‘l.

1058 2266 1121 2298 λαὸς
1135 2266 1164 2293 ὲν
1185 2265 1286 2300 Καδὴς,
1309 2265 1358 2292 καὶ
1380 2263 1558 2298 ἐτελεύτησεν
1578 2263 1636 2288 ἐκεῖ
1652 2262 1778 2297 Μαριὰμ,
1798 2261 1845 2288 καὶ

1057 2313 1145 2348 ἐτάφη
1160 2313 1226 2338 ἐκεῖ.
1239 2311 1295 2338 Καὶ
1306 2311 1357 2338 οὐκ
1370 2309 1403 2346 ἦν
1419 2310 1492 2345 ὕδωρ
1504 2311 1536 2345 τῇ
1553 2310 1708 2344 συναγωγῇ,
1725 2308 1771 2334 καὶ
1785 2316 1844 2334 συν-

1056 2358 1240 2394 ηθροίσθησαν
1255 2357 1303 2383 ἐπὶ
1316 2357 1403 2391 Μωσῇ
1417 2355 1464 2382 καὶ
1481 2354 1596 2390 Ἀαρών.
1617 2355 1672 2380 Kal
1689 2353 1845 2387 ἐλοιδορεῖτο

1055 2407 1070 2432 ὁ
1084 2404 1146 2436 λαὸς
1160 2403 1228 2436 πρὸς
1247 2402 1360 2438 Μωσῆν,
1382 2402 1520 2436 λέγοντες·
1543 2400 1658 2435 Ὄφελον
1682 2399 1845 2433 ἀπωλόμεθα

1055 2453 1084 2478 ὲν
1098 2452 1132 2487 τῇ
1152 2449 1275 2485 ἀπωλείᾳ
1299 2448 1353 2475 τῶν
1372 2448 1496 2482 ἀδελφῶν
1515 2447 1593 2482 ἡμῶν
1620 2446 1710 2473 ἔναντι
1726 2445 1842 2480 Kuplau!

1055 2497 1111 2524 Kal
1127 2497 1171 2523 ἵνα
1187 2495 1214 2522 τί
1236 2496 1338 2530 ῆγαγες
1361 2493 1411 2529 τὴν
1426 2493 1586 2527 συναγωγὴν
1606 2491 1709 2527 Κυρίου
1731 2490 1772 2522 εἰς
1795 2490 1845 2524 τὴν

1055 2543 1156 2578 ἔρημον
1170 2541 1271 2577 ταύτην
1282 2541 1441 2568 ἀποκτεῖναι
1454 2540 1528 2575 ἡμᾶς
1542 2538 1635 2565 καὶτὰ
1650 2537 1733 2564 τέκνα
1748 2536 1844 2571 ήμῶνι

1054 2589 1110 2616 Kal
1125 2589 1169 2615 ἴνα
1186 2588 1213 2614 τί
1227 2587 1306 2614 τοῦτο
1321 2586 1473 2621 ἁνηγάγετε
1489 2585 1564 2620 ἡμᾶς
1581 2584 1612 2616 ἐξ
1634 2582 1774 2616 Αἰγύπτου
1791 2589 1844 2606 πα-

1054 2633 1217 2670 ραγενέσθαι
1231 2634 1271 2664 εἰς
1285 2633 1331 2659 τὸν
1343 2632 1422 2659 τόπον
1439 2630 1485 2657 τὸν
1498 2629 1616 2665 πονηρὸν
1627 2629 1739 2660 τοῦτον;
1755 2627 1844 2656 Τόπος

1053 2678 1083 2708 οὗ
1106 2681 1136 2707 οὺ
1166 2679 1318 2715 σπείρεται,
1347 2678 1407 2705 οὐδὲ
1430 2678 1521 2708 συκαῖ,
1547 2675 1608 2702 οὐδὲ
1637 2674 1766 2710 ἄμπελοι,
1782 2672 1842 2699 οὐδὲ

1055 2727 1126 2764 ῥοαὶ,
1144 2727 1204 2754 οὐδὲ
1221 2727 1292 2761 ὕδωρ
1303 2725 1386 2762 [ἔστι]
1402 2726 1484 2752 πιεῖν.
1509 2724 1562 2750 Kal
1587 2721 1652 2758 ἦλθε
1678 2721 1780 2756 Μωσῆς
1796 2719 1843 2746 καὶ

1060 2772 1165 2808 ’Δαρὼν
1181 2773 1236 2800 ἀπὸ
1264 2772 1410 2808 προσώπου
1424 2771 1473 2806 τῆς
1489 2770 1650 2805 συναγωγῆς
1669 2768 1715 2795 ἐπὶ
1734 2767 1783 2802 τὴν
1794 2765 1842 2795 θύ-
