1999 3056
97 187 147 214 389

608 184 868 214 ςιΑΡιιγΒοιιωι
887 183 920 212 IN
943 182 1084 212 EXODUM
1104 183 1168 211 LIB.
1189 183 1232 211 lli.

1684 189 1735 216 .590

97 253 147 279 ραν
173 244 223 278 τῆς
251 244 354 279 σκηνῆς
381 244 427 271 τοῦ
452 245 616 280 μαρτυρίου.
634 244 692 271 Καὶ
717 243 818 270 ἔπεσαν
846 242 890 268 ἐπὶ

943 246 970 268 et
984 241 1114 277 potabitis
1134 241 1374 277 congregationem
1391 248 1418 270 et
1439 243 1562 279 junienta
1578 253 1684 273 eorum.
1703 248 1736 276 Et

95 291 253 326 πρόσωπον,
272 291 320 317 καὶ
344 290 420 327 ὤφθη
439 293 456 326 ἡ
472 291 536 324 δόξα
563 291 663 327 Κυρίου
693 290 759 325 πρὸς
783 289 891 320 αὐτούς.

95 337 152 363 Καὶ
171 336 285 373 ὲλάλησε
313 337 415 373 Κύριος
436 337 503 374 πρὸς
518 338 620 373 Μωσῆν
635 337 739 371 λέγων’
758 334 831 362 Λαϐὲ
845 334 893 369 τὴν

97 382 205 418 ῥάϐδον,
239 384 288 410 καὶ
317 384 498 419 ἑκκλησίασον
526 384 574 420 τὴν
602 382 774 418 συναγωγὴν,
794 382 825 409 σὺ
846 382 893 408 καὶ

101 429 209 466 ’Δαρὼν
232 431 246 457 ὀ
265 430 379 465 ἁδελφός
396 439 455 462 σου,
471 431 519 458 καὶ
546 431 681 466 λαλήσατε
701 429 770 465 πρὸς
781 428 830 463 τὴν
844 428 893 454 πέ-

95 484 164 511 τραν
180 476 302 503 ἐναντίον
320 476 421 508 αὐτῶν,
439 477 487 503 καὶ
503 476 585 503 δώσει
612 476 646 502 τὰ
674 476 759 502 ὕδατα
789 474 890 509 αὑτῆς-

95 522 143 548 καὶ
154 521 273 552 ἐξοίσετε
286 523 377 555 αὐτοῖς
392 523 464 558 ὕδωρ
477 524 508 549 ὲκ
521 523 571 558 τῆς
584 523 698 558 πέτρας,
713 521 761 548 καὶ
775 522 892 547 ποτιεῖτε

94 567 145 602 τὴν
158 568 319 604 συναγωγὴν
333 569 380 595 καὶ
397 569 431 596 τὰ
446 569 533 604 κτήνη
550 568 650 594 αὐτῶν.
669 568 724 594 Καὶ
739 566 817 593 ἔλαϐε
828 566 892 593 Μω-

95 613 148 648 σῆς
161 614 212 650 τὴν
227 615 324 649 ρἀδον
337 615 387 650 τὴν
400 614 532 641 ἀπέναντι
548 614 663 649 Κυρίου,
681 612 752 640 καθὰ
764 611 891 643 συνέταξε

96 659 207 695 Κύριος,
236 660 285 687 καὶ
312 660 507 696 ὲξεκκλησίασε
528 661 631 695 Μωσῆς
653 659 700 686 καὶ
721 658 826 694 ’Λαρὼν
843 657 892 692 τὴν

95 707 260 742 συναγωγὴν
286 706 419 734 ἀπέναντι
438 707 488 742 τῆς
520 707 631 741 πέτρας.
649 705 706 732 Καὶ
733 702 794 731 εἷπε
823 703 892 738 πρὸς

94 751 212 784 αὐτούς’
237 751 385 779 Ἀκούσατὲ
402 761 453 787 μου
466 752 492 778 οἱ
507 750 648 782 ἀπειθεῖς·
666 750 704 785 μὴ
727 750 759 776 ὲκ
778 748 827 782 τῆς
843 747 891 774 πέ-

93 807 163 834 τρας
182 798 285 833 ταύτης
300 797 433 833 ἐξάξομεν
450 798 515 833 ὑμῖν
531 797 620 832 ὒδωρς
635 797 690 823 Καὶ
705 795 811 831 ἐπάρας
828 795 891 821 Μω-

96 845 147 880 σῆς
159 844 209 880 τὴν
221 846 300 880 χεῖρα
318 843 413 875 αὐτοῦ,
430 843 550 877 ἐπάταξε
569 843 618 878 τὴν
634 843 738 878 πέτραν
751 843 785 877 τῇ
799 840 891 876 ῥάϐδῳ

93 891 147 923 δίς·
163 893 210 918 καὶ
233 891 345 926 ἐξῆλθεν
364 891 438 926 ὕδωρ
452 890 530 923 πολὺ,
554 890 601 916 καὶ
612 889 688 916 Ξπιεν
702 889 718 924 ή
731 886 886 922 συναγωγὴ,

854 914 886 944 πῖἶ
904 914 925 944 Β

94 936 142 963 καὶ
158 936 192 963 τὰ
204 937 292 972 κτήνη
307 935 407 963 αὐτῶν.
435 935 492 962 Καὶ
506 933 566 962 εἷπε
587 934 689 970 Κύριος
705 933 772 969 πρὸς
784 933 887 968 Muta-71v

94 983 142 1010 καὶ
164 982 270 1019 Ἀαρών
281 991 287 997 ·
305 984 366 1009 Ὅτι
385 983 435 1009 οὐκ
447 982 625 1009 ἐπιστεύτατε
640 981 754 1015 ἁγιάσαι
768 989 801 1015 με
812 980 889 1006 ἐναν-

92 1028 150 1055 τίον
168 1028 222 1055 τῶν
241 1028 307 1055 υἱῶν
327 1029 446 1064 Ἰσραὴλ,
462 1028 506 1054 διὰ
516 1028 595 1054 τοῦτο
604 1027 655 1054 οὐκ
668 1026 791 1058 εἰσάξετε
809 1025 888 1059 ὑμεῖς

92 1075 144 1109 τὴν
161 1075 323 1110 συναγωγὴν
333 1074 436 1109 ταύτην
452 1076 492 1106 εἰς
505 1074 554 1109 τὴν
569 1073 622 1108 γῆν
634 1074 666 1109 ἣν
681 1073 770 1099 ἔδωκα
785 1071 886 1102 αὐτοῖς.

93 1121 180 1148 Τοῦτο
198 1121 229 1148 τὸ
253 1121 324 1157 ὓδωρ
339 1121 503 1155 ἀντιλογίας,
517 1121 558 1147 ὅτι
575 1118 783 1155 ἐλοιδορήθησαν
795 1118 819 1144 οί
837 1117 890 1144 etot

99 1166 209 1202 Ἰσραὴλ
239 1167 329 1194 ἔναντι
355 1167 469 1202 Κυρίου,
493 1166 539 1193 καὶ
563 1164 680 1201 ἡγιάσθη
707 1164 736 1191 ἐν
760 1163 862 1196 αὐτοῖς,
877 1173 886 1188 ι

95 1212 201 1248 ’ῌεσαν
219 1212 269 1247 μὲν
288 1211 342 1249 γὰρ
362 1212 395 1239 δι’
408 1212 524 1247 ἠπείρου
545 1211 642 1247 ξηρᾶς,
663 1211 711 1238 καὶ
735 1209 835 1245 πολλὴν
850 1209 891 1236 δι-

92 1257 166 1292 ψάδα
185 1258 367 1293 παραθέοντες
389 1258 450 1293 γῆν,
463 1255 525 1285 εἶτα
547 1259 602 1289 τοῖς
621 1258 653 1284 ὲκ
669 1257 719 1292 τῆς
738 1257 890 1293 ὁδοιπορίας

92 1303 254 1335 ἑναλῦοντες
267 1303 370 1336 πόνοις,
390 1305 436 1330 καὶ
453 1304 477 1330 εί
491 1304 577 1339 βραχύ
592 1312 618 1330 τι
632 1303 738 1337 γένοιτο
759 1303 813 1330 τῶν
827 1303 889 1329 εἰω-

92 1350 179 1377 Θὸτων
198 1350 303 1382 λυπεῖν,
322 1351 489 1386 δυσφάρητον
510 1351 651 1378 ἐποιοῦντο
673 1351 744 1378 κατά
769 1359 800 1377 τε
825 1351 890 1377 Mui-

93 1397 165 1428 σέως
189 1397 234 1423 καὶ
253 1396 358 1431 Ἀαρὼν
378 1397 427 1432 τὴν
452 1394 603 1432 καταϐοήντ
622 1397 754 1432 Πλείστης
778 1396 806 1423 δὲ
822 1397 888 1430 ὅσης

93 1444 141 1469 καὶ
157 1443 323 1477 ἅξιαγάςτου
336 1442 483 1478 θεοπημίας
503 1442 601 1478 θεωροὶ
615 1442 766 1477 γεγονότες,
785 1441 890 1476 καὶτῆς

94 1489 170 1520 θείας
187 1489 328 1524 δυνάμεως
343 1489 392 1524 τὴν
407 1489 543 1525 ὑπεροχὴν
557 1489 602 1515 διὰ
624 1488 721 1524 πείρας
740 1487 825 1522 αὐτῆς
843 1487 890 1513 ἐκ·

94 1536 296 1571 μεμαθηκότες,
323 1536 458 1563 ἐδεδίεσαν
479 1535 518 1562 ἔτι
543 1535 580 1570 μὴ
608 1535 662 1570 ἄρα
687 1543 745 1566 πως
771 1535 889 1570 ἀτονήσῃ

93 1583 163 1618 πρὸς
176 1583 206 1609 τδ
219 1583 316 1618 χρῆναί
331 1591 403 1618 φημι
418 1582 556 1618 διανέμειν
570 1582 605 1608 τὰ
619 1581 740 1617 ζωαρκῆ,
756 1581 804 1608 καὶ
824 1589 892 1608 παν-
904 1590 925 1618 C

93 1629 210 1664 ταχόϐεν
230 1629 320 1660 αὐτοῖς
339 1628 494 1664 ἐκπορίζειν
513 1628 547 1654 τὰ
565 1627 692 1663 ἐδώδιμα,
712 1627 821 1659 καὶτὰς
837 1627 891 1654 τῶν

94 1672 198 1699 ὑδάτων
221 1671 355 1699 ποιεῖσθαι
377 1672 524 1708 χορηγίας·
541 1671 599 1698 ἀλλ’
613 1672 749 1707 ἡττῶνται
772 1672 822 1708 τῆς
838 1672 892 1699 ὀλι-

93 1718 236 1753 γοψυχίας,
265 1718 432 1754 μειρακιώδη
455 1718 503 1745 καὶ
524 1718 655 1753 ἄνανδρον
675 1717 782 1754 ἔχοντες
811 1717 888 1745 νοῦν·

94 1764 142 1790 καὶ
163 1764 188 1790 εἰ
213 1763 312 1799 μικροῦ
337 1763 446 1790 λάϐοιτο
469 1772 544 1795 τινος
565 1763 612 1790 τοῦ
629 1764 780 1798 πεφυκότος
797 1764 890 1799 ἀνιᾷν,

95 1810 264 1845 ἐπιπηδῶσιν
287 1810 368 1842 εὐθὺς
385 1811 426 1846 τῷ
449 1810 628 1846 παιδαγωγῷ,
653 1811 700 1837 καὶ
720 1810 892 1845 κατακεκρά-

94 1864 176 1890 γασιν
190 1856 315 1888 ἀνοσίως,
333 1855 373 1882 ὅτι
387 1856 436 1883 καὶ
453 1856 563 1890 γέγονεν
577 1856 645 1888 ὅλως
658 1856 773 1890 μεσίτης
788 1856 890 1887 αὐτοῖς,

95 1902 142 1928 καὶ
163 1901 312 1935 κέκληνται
331 1901 365 1927 δι’
386 1899 469 1927 αὐτοῦ
491 1900 560 1936 πρὸς
585 1900 752 1936 ἐλευθερίαν.
769 1900 892 1936 Μακαρία

95 1947 172 1978 ζουσι
187 1946 215 1972 δὲ
231 1946 295 1977 τοὺς
312 1947 373 1978 ταῖς
385 1945 586 1981 προλαῦοὺσαις
600 1945 785 1981 ὀλιγοψυχίαις
795 1946 892 1972 ὀλωλό-

95 2000 154 2024 τας,
182 1991 224 2018 ὅτι
252 1991 308 2017 τῶν
332 1992 360 2017 ἑν
383 1991 516 2026 Αἰγύπτῳ
545 1991 634 2026 κρεῶν
663 1991 796 2027 ὲπιῢυμίᾳ
820 1989 890 2027 ἦσαν

95 2037 286 2073 ὲνειλημμένοι
301 2046 307 2053 ⁵
322 2035 381 2064 εἶτα
391 2037 440 2073 τὴν
455 2037 577 2073 ὀλέθριον
587 2037 796 2073 κατεδηδοκὸτες
813 2039 891 2073 ὀρτυ-

97 2085 248 2119 γομήτραν,
265 2083 373 2119 θανάτῳ
394 2083 611 2115 κατεδικάζοντο.
629 2083 677 2110 Διὰ
692 2083 770 2111 τοῦτό
790 2092 889 2119 φασιν

99 2140 107 2155 ι
123 2130 239 2165 Ὄφελον
264 2130 436 2164 ἀπεθάνομεν
457 2130 485 2155 ἐν
503 2130 534 2164 τῇ
560 2129 682 2164 ἀπωλείᾳ
699 2129 752 2155 τῶν
769 2129 891 2164 ἀδελφῶν

94 2180 185 2215 ἡμῶν,
203 2179 294 2206 ἔναντι
313 2177 427 2214 Κυρίου.
445 2177 500 2204 Καὶ
520 2177 563 2204 ἵνα
576 2176 602 2203 τί
617 2177 770 2212 ἀνηγάγετε
786 2177 825 2208 εἰς
841 2177 891 2212 τὴν

95 2227 198 2262 ἔρημον
229 2225 342 2260 ταύτην,
365 2225 527 2251 ἀποκτεῖναι
558 2224 633 2258 ἡμᾶς
663 2223 710 2249 καὶ
739 2223 774 2250 τὰ
804 2223 889 2258 κτήνη

944 288 1050 322 accepit
1069 288 1156 316 Moses
1169 288 1272 324 virgam
1290 296 1382 316 coram
1400 290 1526 322 Domino,
1547 291 1618 318 sicut
1632 294 1733 320 coastL

946 334 996 361 tuit
1012 334 1038 361 ei
1055 335 1203 366 Dominus.
1229 340 1257 363 et
1285 336 1462 371 congregavit
1483 336 1572 364 Moses
1596 343 1624 364 et
1645 340 1734 366 Aaron

944 381 1184 416 congregationem
1200 389 1293 409 coram
1318 387 1407 417 petra.
1421 382 1454 410 Et
1467 382 1535 410 dixit
1552 383 1586 410 ad
1599 391 1647 410 eos
1663 384 1737 411 :Au-

943 425 1000 453 dite
1023 435 1076 458 me,
1105 427 1239 455 increduli
1259 437 1264 454 :
1282 429 1416 464 numquid
1433 437 1466 456 ex
1479 434 1556 465 petra
1569 430 1622 457 hac
1636 430 1738 457 educe-

943 479 1005 498 nius
1028 472 1107 499 vobis
1120 473 1239 508 aquam?
1254 474 1288 500 Et
1305 474 1404 502 tollens
1424 475 1512 502 Moses
1531 483 1640 502 manum
1659 483 1736 503 suam

943 519 1080 552 percussit
1095 524 1201 554 petram
1214 520 1290 555 virga
1300 520 1362 547 bis:
1380 525 1408 548 et
1424 521 1490 548 exiit
1503 529 1573 556 aqua
1588 521 1689 553 multa;
1709 527 1737 548 cl.

943 562 1014 590 bibit
1029 565 1216 599 congregatio,
1231 565 1389 600 etjunicnta
1401 573 1460 593 sua.
1475 566 1508 593 Et
1523 566 1591 593 dixit
1603 566 1736 593 Dominus

942 609 977 636 ad
993 609 1086 637 Mosen
1099 615 1126 637 et
1141 611 1231 637 Aaron
1250 619 1256 637 :
1269 611 1405 644 Quoniam
1421 620 1476 639 non
1490 612 1647 640 credidistis
1658 613 1735 643 milii.

943 659 973 682 ut
993 656 1203 684 sanctiﬁcaretis
1220 665 1264 684 me
1292 665 1384 685 coram
1406 658 1469 685 ﬁliis
1492 659 1575 686 lsracl
1591 679 1598 691 η
1623 665 1736 694 propter

943 700 995 727 hoc
1016 708 1072 727 non
1093 701 1277 729 introducctis
1292 710 1340 729 vos
1353 704 1594 739 congregationem
1622 704 1693 732 lianc
1708 704 1735 731 in

943 750 1045 773 terram
1067 755 1147 782 quam
1170 747 1233 775 dedi
1256 749 1305 776 eis.
1325 748 1386 776 ilice
1398 757 1469 784 aqua
1490 749 1734 780 contradictionis,

941 793 1070 827 quoniam
1095 794 1242 822 conviciati
1256 800 1321 822 sunt
1335 794 1383 822 ﬁlii
1398 795 1479 822 lsrael
1493 803 1584 823 coram
1598 796 1715 823 Domino
1728 817 1734 825 ,

941 842 969 865 et
982 839 1170 867 sanctiﬁcatus
1180 844 1222 867 est
1234 841 1260 867 in
1274 840 1314 868 eis
1326 842 1359 867 ⁸³).
1377 851 1386 866 ι
1406 841 1584 868 Transierant
1599 841 1672 868 enim
1687 850 1735 877 per

941 885 1128 913 continentem
1148 887 1259 920 siccam,
1277 895 1394 922 cumque
1419 888 1535 915 multum
1553 888 1636 916 arida:
1658 894 1736 916 terra!

939 937 1142 966 proagrasscnt,
1155 937 1237 968 atque
1253 933 1288 960 ob
1304 933 1483 968 profectionis
1498 934 1606 961 labores
1622 934 1735 970 langue-

939 983 1011 1008 rent,
1028 979 1106 1013 311
1126 979 1148 1006 si
1170 979 1312 1014 paululum
1331 979 1397 1015 quid
1420 980 1567 1007 molestum
1586 981 1734 1010 accideret.
1756 1004 1758 1006 τ

940 1024 1101 1058 gravissime
1113 1025 1247 1052 adversus
1259 1026 1351 1053 Mosen
1360 1030 1388 1053 et
1401 1027 1492 1054 Aaron
1514 1027 1733 1055 murmurabant.

940 1070 997 1098 Etsi
1021 1071 1095 1098 enim
1113 1072 1169 1107 jam
1188 1073 1339 1100 multorum
1361 1073 1625 1108 admirabiliumque
1643 1074 1735 1108 signo—

941 1124 1002 1143 rum
1023 1121 1193 1152 spectatores
1209 1118 1336 1151 fuissent,
1355 1120 1509 1155 divinaeque
1522 1120 1633 1147 virtutis
1644 1120 1736 1148 exc-el-

940 1163 1052 1190 lentiam
1072 1164 1130 1199 ipsa
1147 1165 1317 1200 experientia
1330 1165 1493 1193 didicissent
1509 1174 1515 1198 ;
1535 1170 1624 1194 tamen
1645 1167 1737 1194 adhuc

941 1214 1069 1238 metuunt
1088 1219 1124 1238 ne
1147 1212 1301 1239 necessaria
1322 1211 1356 1238 ad
1370 1211 1473 1239 victum
1494 1213 1671 1248 suppeditare
1687 1214 1736 1240 ἀς-

940 1255 1022 1287 sinat,
1044 1255 1193 1291 cibumque
1213 1263 1245 1283 ac
1264 1261 1358 1292 potum
1379 1257 1454 1284 omni
1466 1258 1527 1285 loco
1540 1258 1674 1293 prmbcre,
1688 1260 1735 1286 sed

941 1301 1168 1334 pusillanimitate
1188 1302 1338 1330 vincuntur
1355 1304 1466 1338 puerili,
1484 1308 1567 1339 atque
1578 1304 1736 1333 eﬁeminata

941 1350 1034 1374 mente
1058 1347 1176 1382 przediti,
1201 1352 1229 1375 et
1249 1349 1270 1375 si
1295 1349 1361 1384 quid
1388 1349 1534 1377 molestum
1547 1358 1607 1378 sese
1626 1351 1735 1383 oﬁ‘erat,

941 1391 1086 1419 confestim
1101 1393 1234 1421 insultant
1251 1394 1408 1430 padagogo,
1422 1395 1560 1431 impieque
1583 1397 1737 1426 occlamant

941 1439 1013 1473 quod
1034 1439 1168 1467 mediator
1187 1440 1255 1475 ipsis
1274 1440 1309 1468 sit
1326 1441 1423 1474 factus,
1444 1442 1572 1477 quodque
1585 1451 1634 1478 per
1646 1444 1735 1479 ipsum

941 1485 975 1512 ad
1001 1485 1157 1513 libertatem
1181 1486 1238 1513 sint
1257 1487 1358 1514 vocati.
1373 1487 1393 1514 E
1410 1488 1520 1516 diverso
1533 1494 1624 1517 autem
1641 1490 1736 1518 beatos

941 1531 1091 1566 prtedicant
1109 1532 1170 1560 illos
1191 1533 1238 1568 qui
1258 1533 1284 1560 in
1303 1535 1528 1569 pusillanimitate
1543 1544 1604 1571 qua:
1617 1545 1735 1572 praeces—

943 1582 1017 1605 serat
1035 1578 1211 1610 interierunt,
1233 1579 1297 1614 quia
1315 1580 1342 1607 in
1358 1580 1474 1616 [Egypto
1487 1581 1611 1608 carnium
1626 1582 1736 1610 deside-

944 1624 985 1650 rio
1007 1624 1089 1658 capti,
1115 1624 1218 1652 exitiali
1244 1625 1310 1660 ipsis
1332 1627 1473 1654 coturnice
1496 1632 1627 1660 comesta,
1648 1633 1737 1656 morte.

943 1671 1050 1698 multati
1065 1675 1139 1698 sunt.
1157 1671 1276 1707 Ideoque
1290 1672 1386 1700 dicunt
1399 1682 1405 1699 :
1428 1683 1436 1698 ‹
1453 1673 1562 1701 Utinam
1576 1675 1679 1703 mortui
1694 1684 1738 1703 es-

943 1724 1035 1744 semus
1055 1717 1082 1744 in
1095 1717 1250 1752 perditione
1271 1718 1387 1746 fratr'um
1399 1724 1556 1747 nostrorum
1574 1728 1666 1749 coram
1683 1722 1737 1749 Do-

943 1763 1037 1790 mino!
1059 1763 1149 1796 Quare
1165 1763 1357 1791 introduxistis
1374 1766 1614 1801 congregationem
1634 1766 1662 1794 in
1687 1767 1735 1795 de-

942 1814 1045 1836 sertum
1052 1809 1115 1841 hoc,
1132 1814 1163 1836 ut
1170 1809 1336 1838 occideretis
1344 1819 1395 1838 nos
1403 1811 1559 1846 etjumenta
1569 1817 1663 1840 nostra
1672 1813 1713 1841 °°?
1724 1825 1732 1840 ι

942 1855 964 1882 0
977 1854 1207 1883 imbecillitatem!
1221 1863 1302 1891 quam
1315 1857 1460 1891 impatiens
1468 1858 1608 1893 cogitatio,
1617 1862 1645 1886 et
1654 1868 1735 1895 quam

942 1900 1071 1935 proclivis
1082 1901 1115 1928 ad
1127 1901 1261 1936 ignaviam
1274 1909 1352 1929 mens
1363 1902 1369 1928 !
1381 1902 1498 1930 Tantilla
1509 1904 1582 1931 enim
1591 1904 1636 1932 siti
1647 1906 1735 1940 pressi

942 1947 1034 1974 statim
1053 1947 1239 1983 Aigyptiacam
1265 1948 1427 1976 servitutem
1454 1949 1556 1978 divinis
1577 1949 1657 1978 donis
1668 1959 1735 1986 prae-

942 1992 1044 2023 ferunt,
1061 1996 1088 2018 et
1103 1992 1314 2020 acerbissimum
1332 1993 1398 2020 olim
1409 1993 1552 2021 servitutis
1562 1995 1658 2030 jugum
1673 1996 1736 2023 dul-

942 2037 1047 2064 cescit:
1071 2045 1162 2072 neque
1186 2038 1305 2072 amplius
1333 2038 1448 2066 toleratu
1475 2039 1584 2067 diiﬁcile
1614 2040 1734 2073 videtur,

941 2082 1119 2116 quantumvis
1136 2082 1240 2117 rigidus
1254 2083 1370 2115 Pharao,
1387 2091 1475 2118 neque
1486 2085 1542 2119 jam
1556 2084 1682 2112 odiosum
1694 2091 1737 2113 est

942 2129 1040 2161 lutum,
1055 2137 1142 2165 neque
1155 2130 1245 2165 gravis
1256 2135 1415 2158 exactorum
1432 2132 1591 2164 crudelitas,
1607 2132 1653 2159 scd
1665 2139 1735 2160 Cun-

942 2180 985 2203 cta
1003 2177 1058 2212 jam
1079 2181 1144 2204 sunt
1162 2181 1238 2212 grata
1253 2185 1285 2205 ac
1299 2178 1404 2206 suavia.
1423 2178 1463 2205 Eo
1481 2179 1604 2206 stultitiae
1619 2178 1736 2206 demisit

941 2229 990 2248 eos
1011 2222 1111 2249 mentis
1125 2222 1280 2250 inﬁrmitas.
1300 2223 1370 2250 Audi
1382 2231 1456 2255 vero,
1470 2223 1595 2254 obsecro.
1608 2232 1668 2259 qua:
1679 2224 1735 2252 cri-

94 2271 195 2306 ὴμῶν;
210 2281 219 2296 ι
237 2267 272 2298 ’Ὠ
292 2271 341 2306 τῆς
366 2269 546 2306 κακανδρίας,
561 2269 599 2300 ὡς
614 2269 769 2303 ἀτλητιαθὲς
782 2268 811 2295 τὸ
822 2268 882 2304 φρά

943 2268 1017 2295 mina
1038 2268 1220 2296 intenduntur
1243 2269 1309 2296 Mosi
1332 2274 1446 2305 propter
1456 2269 1657 2297 criminationis
1675 2270 1735 2297 olli-

96 2327 182 2353 νημα,
199 2317 248 2344 καὶ
261 2317 331 2345 πολὺ
348 2319 494 2352 πρόχειρος
512 2317 552 2348 εἰς
566 2316 681 2352 ἀκηδίαν
695 2316 709 2342 ὸ
724 2315 786 2347 νοῦς
797 2316 804 2342 ί
817 2315 891 2342 Δεδι-

95 2364 198 2399 ιξιηκόσι
214 2363 300 2399 βραχὺ
322 2363 357 2390 τὰ
379 2365 408 2390 ὲν
423 2362 555 2398 Αἰγύπτῳ
576 2362 650 2390 δεινὰ
666 2362 720 2390 τῶν
735 2363 811 2398 παρὰ
823 2362 890 2389 Θεοῦ

95 2409 190 2437 λοιπὸν
207 2410 236 2435 ὲν
256 2409 397 2444 ἀμείνοσιν
412 2406 446 2444 ἦν
460 2417 467 2423 ·
487 2409 533 2436 καὶ
552 2409 654 2443 γλυκὺς
678 2409 728 2444 μὲν
742 2409 791 2444 ἤδη
805 2418 863 2441 πως
878 2410 891 2436 ὁ

97 2455 184 2482 πάλαι
202 2455 300 2492 πικρὸς
327 2455 376 2490 τῆς
397 2454 521 2486 δουλείας
540 2454 622 2488 ζυγός
636 2462 641 2469 ·
656 2455 794 2486 δύσοιστος
808 2455 836 2482 δὲ
849 2455 891 2482 ’.ὑυ

96 2503 168 2534 κέτι,
192 2502 281 2528 καίτοι
306 2501 423 2537 σκληρὸς
444 2501 575 2536 ὑπάρχων
590 2502 604 2528 ὁ
621 2501 720 2537 Φαραώ
731 2510 738 2516 ·
754 2501 804 2528 οὐκ
819 2502 893 2535 ἀπηο

97 2548 236 2583 χθημὲνος
252 2549 266 2574 ὀ
285 2546 380 2582 πηλὸς,
400 2546 460 2573 οὐδὲ
478 2546 494 2580 ἡ
517 2546 571 2572 τῶν
589 2546 776 2582 ἐργοδιωκτῶν
798 2547 893 2582 ἀγριό-

96 2602 159 2629 της,
180 2592 238 2619 ἀλλ’
257 2592 324 2627 ἡδέα
346 2591 435 2618 πάντα
456 2591 557 2618 λοιπόν.
583 2591 750 2618 Καθικέσοαι
773 2590 828 2626 γὰρ
853 2591 893 2622 εἰς

97 2639 178 2666 τοῦτο
196 2638 302 2674 μωρίας
320 2637 418 2668 αὐτοὺς
435 2636 465 2662 τὸ
480 2635 530 2670 τῆς
549 2635 669 2667 διανοίας
688 2636 803 2672 ἀδρανὲς
825 2637 892 2664 ἀνα-

98 2684 199 2711 πείθει.
216 2685 316 2710 Ἄκουε
332 2683 370 2713 δὲ,
383 2683 407 2709 εί
419 2683 502 2714 δοκεῖ,
520 2683 567 2709 καὶ
584 2682 617 2708 τὰ
633 2682 682 2717 τῆς
706 2682 826 2714 Μωσέως
843 2691 893 2718 με·

97 2729 204 2760 σιτείας
220 2728 396 2762 ἐγκλήματαν
415 2737 424 2752 ε
437 2727 496 2753 Ἶνα
512 2726 538 2753 τί
553 2727 617 2762 γὰρ.
633 2726 711 2753 τοῦτό
728 2735 819 2759 φασιν,
831 2726 893 2761 ἑξη-

97 2776 201 2810 γάγετε
216 2775 291 2810 ἡμᾶς
306 2774 336 2806 ἐξ
354 2773 492 2807 Αἰγύπτου
514 2772 718 2808 παραγενέσθαι
741 2774 780 2804 εἱς
795 2772 840 2799 τὸν
851 2774 895 2799 τό·

99 2831 150 2849 πον
166 2821 212 2848 τδν
237 2823 357 2855 πονηρὸν
375 2820 487 2852 morm;
512 2819 610 2851 Τόπος,
632 2816 662 2845 οὗ
686 2819 715 2844 οὐ
741 2818 893 2853 σπείρεται,

135 2917 158 2932 ⁵⁹
184 2917 265 2944 Num.
298 2924 343 2949 xx,
371 2916 394 2942 i.
450 2914 471 2929 ‘°
489 2914 568 2941 Num.
597 2921 642 2942 xx,
668 2912 694 2938 4.
733 2913 753 2928 ει
771 2912 889 2943 ibiJ.,.‘3.

262 2966 398 2996 Pyram.
415 2965 473 2996 Gn.
492 2962 600 2994 LXIX.

941 2315 1026 2347 cium,
1045 2322 1107 2342 cum
1124 2315 1202 2342 aiunt
1217 2323 1223 2341 :
1241 2325 1248 2340 I
1266 2315 1307 2343 An
1321 2315 1441 2342 eduxisti
1453 2323 1504 2342 nos
1518 2323 1552 2343 ex
1564 2314 1692 2351 Egypto,
1705 2320 1736 2343 ut

941 2360 1101 2389 veniremus
1112 2361 1140 2388 in
1153 2361 1227 2388 hunc
1243 2360 1392 2396 malignum
1405 2361 1496 2388 locum
1507 2361 1519 2388 ?
1532 2360 1622 2389 Locus
1631 2366 1674 2389 est
1687 2362 1735 2389 ubi

944 2414 998 2434 non
1024 2407 1139 2438 seritur,
1163 2414 1252 2442 neque
1283 2407 1359 2438 ﬁcus,
1386 2415 1475 2442 neque
1499 2408 1570 2435 vites
1596 2412 1670 2440 sunt,
1684 2416 1735 2435 net:

944 2453 1012 2480 mala
1038 2452 1148 2488 punica,
1177 2452 1232 2480 imo
1249 2460 1300 2480 nec
1314 2460 1384 2488 aqua
1407 2457 1437 2480 ut
1453 2453 1578 2481 bibamus
1594 2455 1626 2481 “‘.
1645 2463 1653 2480 ι
1668 2455 1736 2482 Vide

942 2507 997 2534 quo
1008 2503 1088 2534 pacto
1101 2506 1179 2526 mens
1190 2502 1252 2526 ruat
1264 2498 1292 2526 in
1306 2498 1492 2531 timiditatem,
1506 2503 1534 2527 et
1547 2507 1689 2535 perperam
1706 2509 1735 2528 se.

942 2545 1071 2573 deﬂectat
1094 2545 1127 2572 ad
1148 2545 1303 2580 voluptates
1317 2545 1492 2580 temporales,
1510 2545 1673 2582 studeatque
1686 2555 1735 2574 ve—

942 2590 1086 2617 hementer
1106 2589 1212 2617 deliciis
1239 2590 1395 2622 mundanis,
1420 2594 1448 2617 et
1462 2591 1570 2618 ventris
1586 2591 1734 2626 ingluviem

942 2640 1037 2668 curet;
1058 2643 1073 2663 e
1095 2635 1233 2662 contrario
1249 2639 1340 2663 autem
1357 2643 1412 2670 quo
1426 2640 1507 2670 pacto
1522 2644 1599 2671 spem
1614 2636 1734 2672 abjicial.

943 2686 1076 2716 tet-neque
1088 2681 1213 2716 patribus
1226 2681 1368 2716 promissae
1380 2681 1511 2709 reclamet
1527 2686 1555 2709 et
1567 2681 1734 2713 obluctetur.

942 2735 998 2755 non
1019 2727 1176 2762 intelligens
1189 2728 1262 2762 quod
1278 2735 1386 2763 semper
1399 2732 1427 2755 et
1439 2728 1541 2763 ubique
1558 2728 1667 2756 labores
1675 2729 1736 2756 exi—

944 2773 998 2800 mia
1016 2772 1088 2800 dona
1105 2772 1262 2800 concilient.
1282 2773 1376 2808 Neque
1391 2774 1464 2801 enim
1487 2774 1549 2809 quis
1562 2774 1665 2808 absque
1686 2781 1734 2800 su-

944 2819 1010 2845 dore
1025 2818 1191 2854 amplissima
1204 2827 1316 2846 munera
1332 2819 1519 2855 consequitur.
1539 2819 1630 2845 Nescit
1645 2819 1735 2851 itaque

1556 2959 1590 2989 16
