1999 3056
157 188 209 216 ιοδ

670 179 929 210 CLAPHYRORUM
950 179 984 208 IN
1003 179 1145 208 EXODUM
1164 179 1227 207 LIB.
1249 179 1293 208 Ill.

1735 179 1786 207 £95

157 244 279 282 ἱστορίας
293 242 527 280 μεταπλάττοντες
542 239 645 274 σχῆμα,
662 239 695 266 τὰ
727 239 819 266 εἰκότα
847 239 980 273 λέγωμεν,
1000 238 1048 270 τὰς
1060 238 1133 269 θεῖας
1148 237 1350 273 ἰχνηλατοῦντες
1363 237 1484 272 Γραφὰς,
1496 236 1543 264 καὶ
1556 237 1608 265 τῶν
1622 238 1729 266 ἐννοιῶν
1738 242 1788 275 τὴν
1812 241 1815 243 ’

156 294 272 329 δύναμιν
283 291 351 328 πρὸς
366 290 421 321 τοῖς
437 289 520 323 ἱεροῖς
541 286 705 322 Γράμμασιν
720 283 749 313 εὗ
769 285 842 321 μάλα
858 286 953 313 δοκοῦν
972 285 1108 320 ἀπορθοῦν
1121 285 1328 317 σπουδάζοντες.

194 340 226 374 β’.
245 337 351 366 Οὐκοῦν
362 337 391 364 ὲν
405 336 470 372 μηνὶ
484 335 523 370 τῷ
540 333 641 369 τρὼτῳ
657 332 810 368 τεθνεώσης
824 332 872 368 τῆς
886 332 948 358 Μα-

1035 331 1062 361 2.
1070 331 1160 360 Mense
1174 331 1258 366 igitur
1270 332 1368 366 primo.
1379 335 1487 359 martua
1497 331 1591 363 Maria,
1602 332 1646 360 siti
1654 332 1788 362 laboravit

157 388 241 424 ριὰμ,
255 385 399 419 δεδίψηκεν
419 384 432 409 ὸ
447 382 520 413 λαός.
538 379 604 408 Εἶτα
625 379 693 407 Θεοῦ
716 379 947 414 προστάττοντος,

156 432 306 460 καταπαίει
321 432 354 465 τῇ
365 429 455 465 ῥάϐδῳ
467 429 516 462 τὴν
529 427 630 462 πέτραν
647 427 661 452 ὁ
675 425 818 456 θεσπέσιος
833 423 948 458 Μωσῆς,

157 477 370 514 παρεστηκότων
384 474 458 508 αὺτῷ
474 474 521 501 καὶ
536 473 589 500 τῶν
603 471 796 508 πρεσϐυτέριον
812 470 858 497 τοῦ
871 469 949 502 λαοῦ,

157 524 206 551 καὶ
234 523 283 559 μέν
303 530 344 548 τοι
369 520 417 548 καὶ
443 518 560 554 Ἀαρών.
587 518 642 545 Καὶ
665 516 777 544 λαλοῦσι
799 515 848 551 μὲν
871 515 950 543 αὐτοὶ

158 569 227 605 πρὸς
240 569 290 605 τὴν
304 568 407 603 πέτραν
418 574 424 582 ⁸
442 567 459 601 ἡ
473 565 542 593 δὲτὸ
558 566 634 600 νᾶμα
650 563 786 594 πλουσίως
801 562 886 597 ἐκχεῖ,
902 561 950 588 καὶ

158 614 292 642 πεπότικε
314 613 364 648 τὴν
394 609 574 645 συναγωγὴν,
596 609 643 637 καὶ
671 607 705 634 τὰ
733 607 820 643 κτήνη
847 606 949 638 αὐτῶν,

157 660 231 688 καθᾶ
250 660 414 694 γέγραπται.
441 657 473 683 Ti
489 654 535 683 οὖν
554 655 609 691 ἄρα
637 654 727 689 φαμὲν
745 651 951 680 ὑπαινίττεσθαι

158 706 240 733 πάλιν
254 705 298 732 διὰ
311 703 359 730 τοῦ
376 702 504 730 τεθνάναι
527 701 576 736 τὴν
590 699 723 734 Μαριὰμ,
739 699 755 734 ἢ
779 699 820 730 τίς
835 698 868 725 ἂν
883 698 951 729 ὅλως

158 753 256 784 νοοῖτο,
274 750 322 778 καὶ
336 749 362 777 τί
376 748 407 776 τὸ
425 747 519 775 τελοῦν
533 747 576 772 ἐπ’
597 745 750 779 ἀναγκαίαν
772 744 899 779 δήλωσιν,
911 742 951 777 τῷ

157 799 197 831 ὡς
207 799 235 825 ὲν
252 798 317 833 μηνὶ
329 796 368 831 τῷ
384 794 483 831 πρώτῳ
497 793 621 823 τεθνάναι
640 792 729 826 λέγειν
743 791 844 826 αὐτήν;
858 791 950 824 Παρα-

158 844 293 879 δεξόμεθα
308 843 340 878 δὴ
355 840 420 874 οὖν,
438 840 540 868 Μωσέα
559 839 608 875 μὲν
625 839 665 870 εἰς
679 838 724 864 τὸν
742 837 834 871 νόμον,
851 836 890 867 εἰς
914 835 952 861 ἱε-

161 891 285 926 ρωσύνην
310 889 357 922 δὲ,
373 888 419 915 τὸν
442 886 548 922 Ἀαρών
560 895 566 902 ·
586 885 617 912 τὸ
638 885 666 911 δὲ
684 885 734 920 τῆς
753 882 870 918 Μαριὰμ
885 881 952 916 πρό-

160 944 262 966 σωπον,
278 936 312 970 τῇ
329 935 358 961 ἐν
374 933 449 969 νόμῳ
463 931 578 967 λατρεία
599 930 796 966 περιθήσομεν.
814 929 870 955 Καὶ
886 927 952 962 γοῦν

160 983 213 1018 ἔφη
231 982 296 1013 Θεὸς
315 980 359 1007 διὸ.
373 979 464 1014 φωνῆς
483 978 560 1013 ἁγίου
579 977 646 1013 πρδς
663 977 712 1011 τὴν
728 976 832 1011 ὲξήνιον
853 975 951 1009 Ἰερου-

162 1027 268 1063 σαλήμ·
289 1035 298 1053 ί
318 1026 373 1054 Καὶ
388 1024 538 1052 ἀπέστειλα
555 1023 608 1058 πρὸ
623 1020 770 1058 προσώπου
783 1022 828 1047 τὸν
841 1019 953 1054 Ἀέῐωσῆν,

161 1074 209 1101 καὶ
227 1072 342 1108 Ἀαρὼν,
356 1072 403 1098 καὶ
419 1070 546 1105 Μαριάμ.
562 1079 571 1094 ι
592 1069 672 1104 Ὁρᾷς
684 1068 753 1103 ὅπερ
767 1066 872 1093 τέθειτο
885 1064 954 1101 μετὰ

161 1119 283 1150 Μωσέως
296 1118 343 1145 καὶ
360 1115 466 1153 Ἀαρὼν
479 1117 518 1147 εἰς
529 1115 560 1142 τὸ
569 1113 748 1149 καθηγεῖσθαι
760 1112 807 1140 τοῦ
826 1111 953 1147 Ὶσραήλ;

161 1152 358 1197 Μεσιτεύοντος
372 1165 426 1200 γὰρ
440 1164 488 1190 τοῦ
502 1162 640 1197 πανσόφου
664 1160 795 1192 Μωσέως,
811 1160 858 1186 καὶ
885 1166 954 1194 προ-

162 1212 308 1248 εστηκότος
323 1209 439 1246 Ἀαρὼν,
449 1207 636 1238 τουτέστι,τοῡ
648 1206 697 1241 τῆς
710 1204 859 1241 ἱερωσύνης
873 1202 955 1236 ἀξιώ-

163 1265 249 1292 ματος
270 1255 314 1282 διὰ
339 1255 387 1289 τῆς
406 1255 434 1280 ὲν
448 1252 551 1284 enim;
573 1251 720 1287 λατρείας,
748 1248 954 1284 ἀποκεκέρδακε

161 1302 224 1331 τότε
237 1300 285 1336 τὴν
297 1300 365 1334 πρὸς
379 1299 444 1326 Θεὸν
461 1297 589 1333 λατρείαν
603 1297 617 1322 ὁ
634 1295 706 1323 κατὰ
722 1295 811 1331 σάρκα
832 1293 951 1329 Ἰσραήλ.

163 1348 226 1375 ὀτι
245 1346 441 1380 δὲάναγκαίως
456 1345 542 1379 Μωσῇ
565 1343 612 1375 καὶ
637 1341 752 1378 Ἀαρὼν,
779 1341 828 1368 καὶ
852 1341 882 1367 τὸ
905 1340 955 1375 τῆς

163 1394 280 1430 Μαριὰμ
298 1391 504 1427 συνεισφέρεται
529 1390 675 1425 πρόσωπον
686 1408 693 1420 ,
722 1387 870 1414 κάντεῦθεν
887 1387 955 1412 ἁπο-

164 1441 225 1477 νητὶ
241 1439 362 1467 συνιέναι
378 1438 457 1474 ῥᾷον·
475 1437 611 1471 τοιγάρτοι
631 1437 664 1471 τῇ
694 1434 811 1470 Ἐρυθρᾷ
833 1433 955 1468 θαλάσσῃ

164 1488 221 1519 τοῖς
246 1485 343 1513 ἑαυτοῦ
365 1484 527 1520 δορυφόροις
545 1482 764 1513 συναπολωλότος
790 1479 837 1506 τοῦ
854 1477 955 1514 Φαραὼ

165 1534 214 1561 καὶ
226 1531 414 1568 πεπνιγμένου
435 1530 615 1565 πανστρατιᾷ,
630 1527 693 1565 ᾖδεν
707 1529 721 1554 ὁ
736 1527 836 1562 Μωσῆς
852 1526 887 1553 τὰ
906 1533 956 1560 χα-

168 1579 312 1616 ριστήρια,
335 1577 382 1605 καὶ
402 1575 535 1604 συνετίθει
556 1575 600 1601 τὸν
625 1574 719 1610 ὕμνον.
741 1573 870 1608 Ἐξῄεσαν
884 1571 913 1597 δὲ
928 1570 955 1597 αἱ

166 1626 327 1662 χορεύουσαι
342 1624 390 1652 καὶ
412 1623 492 1650 ἔλαϐε
512 1621 628 1658 Μαριὰμ
641 1620 672 1647 τὺ
691 1619 831 1656 τύμπανον
853 1617 955 1650 αὐτῆς,

167 1673 238 1702 καθὰ
253 1673 425 1708 γέγραπται,
445 1669 556 1706 βαρείαν
581 1677 630 1695 που
645 1667 716 1703 τάχα
735 1666 782 1693 καὶ
797 1664 956 1700 διαπρύσιον

167 1720 238 1754 ἠχὴν
252 1718 408 1744 συνανιείσα
421 1717 477 1747 τοῖς
494 1714 614 1750 μέλεσιν.
637 1713 707 1739 Ἀλλ’
723 1711 756 1748 ἦν
772 1711 802 1738 τὸ
817 1712 846 1737 ὲν
861 1710 959 1743 τύποις

167 1766 218 1801 τῆς
231 1764 348 1800 ἀληθοῦς
367 1762 483 1798 θεωρίας
499 1761 613 1794 αἴνιγμα
637 1758 744 1786 λεπτόν.
764 1758 827 1784 ’Ότι
841 1756 896 1791 γὰρ
913 1755 960 1784 καὶ

168 1811 249 1842 αὐτὸς
266 1811 280 1837 ὁ
301 1809 398 1845 νόμος,
414 1807 538 1835 τουτέστι
562 1806 664 1840 Μωσῆς
677 1825 684 1836 ,
704 1804 750 1832 καὶ
774 1804 827 1839 μὴν
843 1802 888 1830 καὶ
913 1801 960 1829 σὺν

169 1856 266 1891 ἐκείνῳ
280 1855 327 1882 καὶ
342 1854 475 1889 Μαριὰμ,
490 1852 640 1881 τουτέστιν.
657 1851 674 1885 ἡ
699 1851 727 1877 ἑν
742 1850 833 1881 σκιαῖς
849 1848 896 1875 καὶ
911 1847 959 1874 τύ-

171 1910 231 1933 ποις
255 1900 378 1936 λατρεία,
402 1898 451 1935 τὴν
474 1897 603 1932 ὑπερφυᾶ
622 1904 652 1922 τε
669 1895 715 1922 καὶ
732 1895 896 1929 ἁξιὰγαστον
912 1892 960 1919 τοῦ

169 1948 278 1975 πάντων
304 1945 469 1982 κρατοῦντος
498 1943 566 1970 Θεοῦ
589 1941 801 1977 διακηρύττουσι
833 1939 958 1974 δύναμιν,

170 1993 356 2028 ὑπεμφήνειεν
369 1991 402 2017 ἂν
416 1991 435 2016 ὁ‹
443 1990 492 2024 τῆς
508 1989 580 2025 ᾠδῆς
595 1988 694 2024 τρόπος
707 2007 715 2020 ,
730 1987 806 2022 καὶὴ
822 1986 876 2012 τῶν
891 1993 959 2020 τυμ-

170 2039 262 2067 πάνων
275 2039 339 2073 ἠχή.
358 2036 462 2065 Οὐκοῦν
482 2035 607 2071 περιθείη
624 2043 666 2067 τις
680 2034 713 2061 ἂν
732 2034 761 2060 τὸ
776 2034 825 2068 τῆς
842 2033 870 2059 ἐν
885 2031 961 2066 νόμῳ

169 2085 297 2121 λατρείας
311 2083 457 2119 πρόσωπον
472 2083 505 2118 τῇ
528 2081 655 2116 Μαριὰμ.
674 2080 800 2114 καθάπερ
816 2077 912 2113 ἀμέλει
929 2076 961 2103 τὸ

172 2132 220 2167 μὲν
232 2132 279 2158 τοῦ
293 2130 387 2165 νόμου,
403 2130 501 2165 Μωσῇ,
515 2128 545 2155 τι
563 2128 590 2154 δὲ
606 2127 656 2162 τῆς
675 2125 824 2162 ἱερωσύνης
844 2123 960 2160 Ἀαρών.

170 2178 191 2203 Τ
194 2176 328 2212 εθνεώσης
335 2176 425 2203 τοίνυν
438 2175 489 2210 τῆς
500 2174 617 2210 Μαριὰμ
634 2173 699 2209 μηνὶ
711 2172 749 2208 τῷ
761 2171 872 2207 πρώτῳ,
884 2179 962 2197 τουτ-

170 2225 253 2257 έστιν,
266 2224 296 2250 ὲν
305 2225 375 2259 ἀρχῇ
387 2222 433 2249 τοῦ
446 2222 532 2254 ἔτους,
545 2221 616 2248 κατὰ
626 2221 688 2252 τοὺς
703 2219 837 2255 Ἐὃραίων
850 2216 961 2253 νόμους,

169 2271 214 2297 ὅτε
237 2270 285 2296 καλ⁸
301 2269 368 2296 αὐτὸ
389 2268 434 2296 τοῦ
457 2268 535 2302 ἁγίου
553 2267 646 2302 πάσχα
660 2265 776 2293 τελεῖται
800 2265 960 2300 μυστήριον,

169 2315 312 2352 δεδίψηκεν
327 2317 342 2342 ὁ
361 2316 434 2346 λαός.
457 2315 501 2341 Ἐν
520 2314 576 2349 γάρ
592 2322 633 2341 τοι
650 2313 688 2348 τῷ
712 2311 814 2347 πρώτῳ
831 2311 896 2347 μηνὶ
913 2310 961 2336 τοῦ

1000 377 1127 412 populus.
1146 377 1250 406 Deinde
1266 385 1300 404 ex
1317 382 1452 412 praecepto
1468 377 1527 409 Dei,
1543 377 1631 406 Moses
1643 377 1716 413 virga
1726 386 1789 413 per-

999 423 1069 450 cutit
1094 427 1200 457 petram
1220 423 1374 451 astantibus
1394 423 1445 458 ipsi
1468 423 1625 453 senioribus
1640 424 1745 459 populi,
1763 428 1789 453 et

1000 469 1066 496 item
1081 469 1182 496 Aaron.
1200 469 1418 504 Loquunturque
1439 469 1491 503 ipsi
1506 469 1540 497 ad
1556 474 1674 504 petram,
1690 476 1718 498 et
1733 471 1791 499 haec

1001 514 1084 542 fluvio
1101 515 1232 548 exundat,
1246 520 1398 550 potumque
1412 516 1529 550 przebuit
1547 517 1751 553 congregationi
1764 521 1790 544 et

997 559 1132 594 jumentis
1144 560 1276 594 ipsorum,
1289 561 1362 588 sicut
1377 560 1509 595 scriptum
1522 565 1565 588 est
1580 562 1611 588 ⁵⁸.
1625 561 1696 594 Quid
1709 561 1791 596 igitur

1001 605 1120 633 dicimus
1139 606 1332 634 adumbratum
1351 615 1400 642 per
1410 611 1526 636 mortem
1544 607 1645 639 Mariae,
1659 612 1792 642 antqua:-

1001 659 1064 679 nam
1085 652 1196 679 omnino
1208 660 1240 679 ea
1252 652 1431 688 intelligatur,
1442 658 1471 681 et
1483 654 1549 689 quid
1561 654 1594 681 ad
1609 653 1793 681 necessariam

1001 697 1214 726 declarationem
1227 697 1318 730 faciat,
1329 698 1403 733 quod
1417 699 1505 733 primo
1517 706 1611 726 mense
1621 698 1695 726 dicat
1707 699 1792 733 ipsam

1002 748 1138 773 mortuam
1150 743 1161 770 ?
1174 743 1333 772 Statuemus
1346 744 1438 779 itaque
1450 745 1543 772 Mosen
1555 745 1582 771 in
1599 750 1692 780 typum
1705 745 1772 780 legis
1785 754 1792 772 :

1001 789 1093 818 Aaron
1110 794 1214 822 autem,
1238 791 1405 823 sacerdotii;
1428 791 1518 819 Maria
1539 796 1629 819 autem
1648 799 1793 826 personam

1002 836 1088 864 cultui
1112 836 1192 871 legali
1215 836 1378 864 tribuemus.
1403 837 1480 865 Unde
1508 838 1580 866 Deus
1602 838 1636 866 ad
1661 838 1793 865 elfrenem

1003 882 1218 919 Hierosolymam
1232 891 1280 918 per
1295 892 1389 911 vocem
1406 884 1493 918 sancti
1506 884 1545 912 ait
1559 894 1565 911 :
1582 894 1590 910 ι
1608 885 1641 912 Ει
1653 885 1715 913 misi
1731 887 1794 911 ante

1003 929 1101 956 facient
1115 933 1190 956 tuam
1205 929 1306 962 Mosen,
1319 934 1347 957 et
1359 929 1460 962 Aaron,
1475 934 1503 957 et
1514 930 1682 957 Mariam'9.»
1699 929 1794 958 Viden‘

1004 975 1142 1010 quomodo
1149 983 1180 1003 ea
1193 976 1228 1004 sit
1242 976 1387 1011 conjuncta
1398 984 1460 1004 cum
1471 976 1544 1004 Mose
1557 981 1585 1004 et
1598 977 1699 1008 Aaron,
1713 981 1743 1004 ut
1756 976 1796 1004 si-

1006 1022 1063 1048 mul
1083 1021 1228 1052 antecedat
1247 1022 1408 1050 Israelitas?
1427 1022 1495 1050 Nam
1512 1029 1574 1049 cum
1587 1022 1697 1056 sapiens
1708 1022 1797 1049 Moses

1007 1070 1102 1102 ageret
1114 1066 1305 1098 mediatorem,
1323 1071 1351 1094 et
1365 1071 1496 1102 praeesset
1507 1069 1609 1099 Aaron,
1622 1067 1674 1094 hoc
1687 1070 1740 1099 est,
1754 1074 1798 1094 sa-

1005 1113 1152 1140 cerdotalis
1162 1112 1280 1148 dignitas
1288 1120 1337 1147 per
1347 1113 1452 1140 cultum
1465 1113 1597 1148 typicum,
1611 1117 1666 1140 tum
1681 1112 1798 1140 carnalis

1005 1160 1087 1189 lsraei
1102 1159 1239 1188 lucrifecit
1255 1160 1307 1187 sibi
1322 1160 1370 1187 Dei
1383 1160 1498 1187 cultum.
1510 1159 1587 1192 Quod
1600 1164 1691 1187 autem
1704 1167 1798 1186 neces-

1005 1206 1078 1233 sario
1095 1213 1158 1235 cum
1171 1205 1245 1235 Mose
1261 1211 1290 1233 et
1302 1205 1393 1234 Aaron
1405 1213 1523 1240 persona
1535 1205 1625 1233 Maria:
1637 1205 1798 1233 introduca-

1007 1257 1062 1285 tur,
1079 1252 1121 1280 vel
1131 1252 1196 1281 hinc
1205 1252 1309 1286 absque
1322 1252 1434 1287 negotio
1445 1251 1526 1280 facile
1544 1251 1716 1287 Intelligitur,
1733 1251 1799 1286 quia

1006 1299 1034 1327 in
1054 1299 1123 1327 mari
1150 1299 1244 1327 Rubro
1266 1306 1328 1326 cum
1341 1299 1448 1326 Pharao
1460 1305 1514 1326 una
1528 1306 1590 1326 cum
1603 1298 1663 1325 suis
1675 1297 1800 1326 satelliti~

1006 1347 1059 1374 bus
1072 1346 1210 1381 periisset,
1223 1345 1346 1380 adeoque
1359 1349 1433 1372 totus
1446 1345 1586 1372 exercitus
1593 1344 1799 1372 essetsubmer-

1007 1401 1064 1425 sus,
1086 1396 1143 1420 tum
1161 1391 1250 1420 Moses
1271 1392 1382 1426 quidem
1404 1391 1506 1427 gratias
1522 1391 1578 1418 Deo
1599 1391 1709 1418 cecinit.
1729 1390 1798 1418 Cum

1007 1441 1098 1464 autem
1111 1436 1242 1464 exiissem
1257 1440 1284 1462 et
1299 1436 1461 1469 saltatriccs,
1479 1436 1585 1470 accepit
1596 1435 1680 1463 Maria
1692 1440 1798 1471 tympa-

1006 1490 1074 1512 num
1101 1490 1193 1514 suum.
1215 1482 1287 1509 sicut
1313 1482 1447 1516 scriptum
1464 1485 1506 1509 est
1519 1482 1553 1513 "°.
1570 1482 1708 1516 ingentem
1725 1481 1799 1508 illico

1007 1537 1105 1558 sonum
1128 1529 1286 1556 immisccns
1308 1528 1444 1556 cantibus.
1464 1528 1518 1556 Sed
1535 1528 1581 1555 hic
1600 1528 1627 1555 in
1651 1528 1721 1563 typis
1739 1532 1800 1555 erat

1008 1575 1119 1604 subtilis
1136 1583 1208 1602 verae
1225 1574 1464 1609 contemplationis
1484 1574 1581 1610 figura.
1599 1575 1664 1602 Nam
1683 1573 1755 1608 quod
1772 1577 1801 1600 et

1009 1624 1068 1659 ipsa
1082 1623 1135 1654 lex,
1150 1622 1202 1649 hoc
1212 1627 1254 1649 est
1263 1642 1270 1654 ,
1284 1622 1381 1653 Moses,
1393 1626 1421 1649 et
1436 1629 1499 1648 cum
1515 1621 1562 1648 illo
1575 1621 1670 1652 Maria,
1682 1621 1735 1648 hoc
1746 1625 1799 1652 est,

1010 1670 1100 1697 cultus
1109 1668 1264 1699 umbratilis
1273 1673 1300 1696 et
1312 1668 1429 1704 typicus,
1440 1669 1602 1695 immensam
1615 1672 1699 1702 atque
1711 1667 1800 1694 admi-

1010 1714 1125 1742 rabilem
1134 1714 1182 1742 Dei
1193 1713 1393 1749 omnipotentis
1402 1714 1553 1748 potentiam
1562 1713 1722 1748 praedicent,
1734 1713 1801 1740 sub-

1010 1760 1174 1788 indicaverit
1184 1760 1282 1787 modus
1290 1760 1444 1792 cantilenae,
1453 1765 1482 1787 et
1496 1764 1689 1796 tympanorum
1707 1768 1801 1788 sonus.

1011 1807 1132 1835 Persona
1147 1806 1231 1842 igitur
1239 1807 1329 1834 cultus
1337 1806 1433 1841 legalis
1445 1811 1520 1834 recte
1531 1807 1683 1842 imponitur
1701 1807 1802 1839 Marii»,

1011 1852 1093 1888 31‘.
1107 1853 1180 1880 sicut
1201 1859 1297 1880 revera
1312 1860 1430 1886 persona
1446 1853 1514 1888 legis
1533 1853 1616 1885 Mosi,
1634 1858 1662 1880 et
1674 1853 1801 1881 sacerdo-

1013 1899 1043 1926 tii
1063 1899 1173 1927 Aaroni.
1193 1899 1261 1926 Cum
1282 1899 1375 1933 itaque
1393 1904 1501 1926 mortua
1517 1899 1600 1927 fuerit
1614 1899 1697 1926 Maria
1715 1900 1803 1935 primo

1011 1953 1116 1976 mense,
1139 1945 1193 1978 hoc
1212 1949 1264 1976 est,
1283 1945 1310 1972 in
1330 1945 1467 1980 principio
1478 1946 1553 1977 anni,
1567 1946 1717 1973 secundum
1731 1947 1804 1982 leges

1012 1991 1202 2023 Hchrmorum,
1221 1990 1332 2025 quando
1354 1994 1383 2017 et
1406 1991 1496 2025 ipsum
1517 1991 1545 2018 in
1564 1995 1659 2018 sancto
1671 1993 1803 2019 Paschate

1012 2038 1167 2065 celebratur
1193 2036 1364 2072 mysterium,
1391 2036 1478 2064 sitivit
1506 2037 1634 2072 populus.
1661 2037 1691 2065 In
1715 2039 1802 2073 primo

1011 2084 1086 2112 enim
1103 2090 1207 2116 mense,
1223 2083 1270 2117 qui
1285 2085 1314 2109 et
1329 2090 1464 2110 novorum
1483 2083 1637 2117 appellatus
1650 2087 1701 2116 est,
1715 2084 1804 2111 cultus

1012 2130 1167 2158 umbratilis
1182 2134 1211 2157 et
1228 2129 1335 2165 typicus
1351 2128 1436 2156 ferme
1450 2129 1576 2160 cessavit,
1592 2133 1804 2164 contractusque

1011 2183 1054 2205 est
1066 2181 1094 2204 ct
1110 2185 1126 2204 e
1141 2176 1232 2204 medio
1243 2176 1377 2203 sublatus.
1389 2175 1532 2208 Quomodo
1544 2175 1595 2202 hoc
1606 2175 1617 2201 ?
1628 2175 1719 2202 Illuxit
1731 2176 1803 2204 enim

1011 2223 1093 2251 nobis
1113 2222 1273 2258 unigenitus
1294 2221 1342 2249 Dei
1366 2221 1451 2248 Filius
1470 2221 1590 2247 humana
1611 2221 1711 2255 specie,
1729 2222 1804 2248 velut

1013 2270 1040 2296 in
1055 2277 1149 2296 mense
1167 2276 1312 2296 novorum.
1343 2267 1420 2295 Unde
1438 2271 1467 2294 et
1491 2267 1549 2302 ipse
1575 2267 1643 2294 dixit
1670 2268 1804 2303 loquens:

1017 2325 1026 2340 ‹
1041 2315 1155 2347 Adsum,
1173 2319 1302 2350 tanquam
1322 2314 1396 2341 hora:
1411 2314 1438 2341 in
1456 2313 1597 2341 montibus
1613 2323 1618 2340 :
1632 2317 1660 2341 et
1676 2318 1804 2349 tanquam

170 2361 305 2393 ἐνιαυτοῦ,
320 2361 348 2391 ὃς
366 2362 413 2388 καὶ
429 2360 482 2389 τῶν
494 2360 562 2387 νέων
574 2360 743 2395 ὠνόμασται,
760 2357 899 2394 μονονουχὶ
914 2356 956 2383 καλ

1015 2362 1044 2390 in
1065 2369 1159 2389 mense
1172 2369 1304 2389 novarum
1318 2361 1427 2395 frugum
1438 2361 1470 2387 τ’.
1486 2370 1494 2386 ι
1514 2359 1558 2387 Sic
1568 2365 1595 2387 et
1609 2360 1760 2387 Ecclesiam
1772 2368 1805 2388 cx

170 2407 363 2443 τετελεύτηκεν
382 2409 398 2442 ἡ
415 2408 444 2433 ὲν
464 2408 554 2439 σκιαῖς
570 2407 617 2433 καὶ
642 2405 737 2436 τύποις
756 2404 880 2440 λατρεία,
900 2411 962 2430 συν-

169 2453 271 2489 εστάλη
297 2462 326 2480 τε
347 2453 448 2489 τρόπον
466 2452 538 2483 τινὰ,
555 2452 601 2478 καὶ
616 2452 648 2478 ὲκ
665 2451 747 2486 μέσου
761 2450 881 2485 γέγονεν.
900 2450 963 2482 Πῶς

170 2500 187 2536 ἢ
207 2499 269 2526 τίνα
291 2499 412 2535 τρόπους
434 2497 589 2533 Ἐπέλαμψε
612 2497 666 2533 γὰρ
688 2498 756 2532 ἡμῖν
779 2497 793 2523 ὁ
816 2496 963 2533 μονογενὴς

169 2545 218 2573 τοῦ
240 2546 308 2572 6εοῦ
323 2546 408 2580 Λόγος
429 2546 458 2572 ὲν
474 2545 538 2572 εῖδει
551 2545 591 2580 τῷ
606 2544 666 2571 καθ’
687 2545 771 2579 ἡμᾶς,
796 2543 834 2575 ὡς
848 2544 877 2570 ὲν
898 2544 964 2579 μηνὶ

169 2592 225 2618 τῶν
245 2592 323 2619 νέων.
346 2592 492 2628 Τοιγάρτοι
512 2591 560 2618 καὶ
583 2590 703 2624 ἔφασκεν
723 2590 804 2621 αὐτὸς
819 2591 834 2616 ὁ
854 2589 942 2616 λαλῶν
954 2598 960 2606 ·

174 2647 184 2664 ι
203 2637 322 2673 Πάρειμι
332 2658 339 2669 ,
353 2637 390 2669 ὡς
405 2635 475 2674 ὧραι
492 2638 538 2663 ἐπὶ
552 2635 605 2663 τῶν
620 2636 715 2670 ὀρέων,
735 2637 782 2664 καὶ
801 2636 839 2668 ὡς
853 2637 881 2663 ὲν
899 2636 964 2671 μηνὶ

171 2683 225 2711 τῶν
241 2685 320 2711 νέων.
345 2694 353 2709 ι
381 2683 459 2710 Οὕτω
473 2683 522 2719 τὴν
538 2682 567 2715 ἐξ
586 2682 671 2710 ἐθνῶν
690 2682 855 2717 Ἐκκλησίαν
872 2681 964 2709 ἐκάλει

170 2729 277 2764 λέγων-
300 2739 309 2755 ι
335 2729 469 2761 Ἀνάστα,
490 2729 570 2761 ἐλθὲ,
590 2727 704 2763 πλησίον
725 2737 790 2763 μου,
809 2728 878 2763 καλή
902 2736 963 2763 μου,

170 2776 324 2811 περιστερὰ
337 2784 398 2811 μου,
412 2776 453 2802 ὅτι
471 2776 525 2802 ἰδοὺ
540 2776 554 2802 ό
568 2774 672 2810 χειμὼν
689 2775 839 2812 παρῆλθεν,
858 2776 872 2802 ὸ
888 2775 965 2806 ὑετὸς

170 2821 304 2855 ἀπῆλθεν1
319 2820 455 2857 ἐπορεύθη
471 2819 571 2856 ἐαυτῷ.
594 2820 634 2847 Τὰ
653 2819 720 2856 ἄνθη
738 2819 816 2856 (been
836 2820 865 2847 ἐν
880 2821 913 2856 τῇ
928 2822 963 2856 γῇ

1015 2409 1144 2445 gentibus
1163 2407 1348 2442 compellavit,
1368 2407 1483 2434 dicens:
1511 2416 1520 2431 α
1537 2406 1633 2442 Surge,
1648 2408 1723 2439 veni,
1739 2415 1804 2442 pro-

1015 2456 1088 2482 xima
1108 2462 1179 2487 mea,
1204 2454 1318 2489 pulchra
1340 2461 1413 2486 mea,
1436 2453 1564 2480 columba
1581 2461 1650 2485 mea,
1666 2454 1730 2488 quia
1741 2460 1806 2480 ecce

1015 2501 1105 2528 hiems
1120 2500 1260 2535 praateriit,
1277 2503 1305 2527 et
1321 2499 1414 2534 pluvia
1429 2498 1508 2531 abiit,
1534 2499 1648 2526 recessit
1672 2499 1724 2526 sibi
1743 2499 1805 2534 ipsi,

1016 2548 1110 2575 Flores
1123 2550 1310 2582 apparuerunt
1327 2546 1355 2573 in
1374 2549 1446 2573 terra
1466 2549 1577 2573 nostra:
1598 2550 1705 2580 tempus
1725 2550 1805 2580 puta-

1016 2594 1099 2620 tionis
1108 2593 1219 2620 advenit
1229 2593 1263 2619 ".
1285 2602 1293 2617 ι
1320 2591 1506 2620 Reﬂoruimus
1519 2592 1593 2619 enim
1607 2592 1633 2619 in
1653 2592 1762 2619 Christo
1773 2591 1806 2618 ad

1013 2639 1077 2667 vitae
1093 2639 1252 2670 novitatem,
1269 2643 1297 2666 et
1317 2642 1426 2673 tempus
1444 2638 1578 2665 adventus
1593 2642 1636 2665 est
1658 2638 1735 2673 quasi
1758 2645 1807 2665 ver

1013 2685 1158 2720 spirituale
1175 2684 1256 2711 nobis
1266 2688 1418 2717 ostensum,
1432 2692 1495 2712 cum
1505 2683 1630 2711 ﬂoridam
1642 2688 1670 2711 et
1681 2684 1806 2711 fructuo-

1014 2739 1072 2758 sam
1093 2730 1176 2758 efﬁcit
1193 2730 1314 2758 hominis
1334 2735 1471 2758 naturam.
1494 2730 1581 2762 Tunc,
1600 2730 1722 2766 inquam,
1743 2733 1808 2758 tunc

1015 2780 1154 2802 eoarctato
1165 2776 1240 2803 cultu
1257 2776 1408 2809 umbratili,
1423 2780 1451 2803 et
1467 2777 1544 2811 quasi
1563 2777 1619 2811 ipsa
1633 2776 1716 2803 Maria
1733 2783 1807 2802 mor—

1017 2827 1074 2854 tua,
1088 2822 1175 2850 sitivit
1187 2823 1318 2858 populus,
1332 2827 1360 2850 et
1370 2823 1534 2858 spiritalium
1547 2822 1662 2858 penuria
1674 2828 1806 2858 aquarum

211 2910 232 2925 ⁸⁸
249 2914 331 2944 Num.
348 2914 444 2946 xx,ii.
464 2914 578 2942 "Mich,
591 2914 660 2946 ΠΛ.
693 2913 860 2945 ⁷⁰Εκι›ι1.κγ,
874 2912 917 2939 ρο,
942 2915 952 2930 ⁷

1008 2913 1162 2947 :od.xm,-t;
1179 2914 1421 2948 xxxrv,18;Deut.
1436 2922 1490 2946 xvr,
1507 2913 1532 2941 Ι.
1554 2914 1662 2942 “Cant.
1673 2913 1806 2947 ΠΛΟ-ΗΞ.
