1997 3059
186 171 240 200 495

670 174 697 202 S.
719 172 855 201 CYl‘tlLLl
875 170 1108 199 ALEXANDRINI
1127 168 1285 200 ARCHIEP.

1767 171 1820 201 ‘96

189 233 332 262 laboravit.
345 232 480 262 Caeterum
494 233 622 268 produxit
635 233 738 261 all‘atim
751 232 851 259 [lumen
863 230 977 261 Christi,

1039 230 1124 266 ῇμῶν·
1144 231 1238 266 καιρὸς
1253 230 1306 266 γὰρ
1325 227 1375 265 τῆς
1395 229 1480 265 τομῆς
1495 229 1622 264 ἔφθασεν.
1647 239 1656 256 ι
1680 229 1821 259 ’Δνεῢάλο-

190 280 316 314 oracula,
330 281 442 315 inquam
452 301 459 312 ,
474 279 558 315 ipsius
569 301 575 313 ,
593 286 620 308 et
637 279 779 315 mysticam
796 279 823 306 in
840 276 938 311 spiritu
952 280 979 302 et

143 339 147 347 =
190 326 304 354 veritate
315 326 499 361 disciplinam.
514 325 592 359 Quod
606 325 761 360 intelligens
771 323 869 350 beatus
879 321 980 349 Paulus

189 373 226 400 ita
244 372 342 400 scribit
357 381 363 399 :
384 381 392 397 ι
409 372 479 399 Nolo
493 380 544 399 vos
559 372 696 407 ignorare,
713 371 822 401 fratres.
843 369 915 404 quod
931 377 980 404 pa-

188 423 243 446 U'CS
260 419 347 445 DOSll‘l
362 426 459 446 omnes
470 418 521 445 sub
533 418 606 445 nube
619 418 740 448 fuerunt,
757 420 784 443 (51.
796 423 892 443 omnes
905 423 980 442 mare

189 464 353 499 transgressi
375 468 448 496 sunt,
467 470 616 498 omnesque
634 471 682 498 per
697 463 790 490 Mosen
803 461 933 496 haptizati
953 461 981 488 in

188 511 272 543 nube,
292 514 321 537 ct
345 510 373 537 in
386 509 477 542 mari;
500 514 528 536 et
550 517 644 536 omnes
661 509 726 536 item
747 508 872 536 eumdem
888 508 981 535 cibum

188 556 360 592 spiritualem
385 555 575 588 comederunt,
596 562 746 589 omnesque
764 554 836 581 idem
851 553 981 588 poculum

187 603 329 638 spirituale
340 601 480 635 biberunt,
493 601 710 628 Biberuntenim
730 608 763 627 ex
780 599 915 635 spirituali
932 607 981 634 pe-

188 654 242 680 tra,
271 655 332 682 qum
357 654 405 674 eos
429 646 606 681 sequebatur.
623 646 703 674 Petra
717 651 807 673 autem
826 649 885 672 erat
899 644 982 671 Chri-

187 699 246 721 stus
268 694 303 720 ⁷³.
323 703 331 719 ι
352 692 535 728 Comparatur
552 696 643 719 autem
666 696 752 727 petra:
770 695 882 726 propter
895 690 981 717 infra—

186 745 257 766 etam
279 743 307 766 ct
332 738 501 765 immobilem
523 745 600 765 suam
623 741 760 764 naturam.
776 737 894 764 Firmata
907 735 981 762 enim

185 789 228 812 est
245 785 272 812 in
287 784 408 820 propriis
427 784 509 811 bonis
527 783 620 811 divina
633 783 678 810 illa
690 787 717 810 et
731 790 860 818 suprema
872 785 980 809 natura.

186 831 247 864 Quo
272 831 356 866 igitur
376 830 459 858 modo
482 831 565 858 etiam
582 830 639 857 haec
659 837 758 864 aquam
778 828 917 860 etl‘uderit,
933 835 983 854 ne-

186 885 264 905 cesse
284 877 369 904 fuerit
385 876 571 904 considerare.
587 876 655 903 Nam
672 883 734 903 cum
752 875 876 902 seniores
888 874 981 909 populi

1033 285 1082 312 μεν
1096 274 1150 312 γὰρ
1169 277 1197 303 ὲν
1213 276 1323 312 Χριστῷ
1338 275 1406 311 πρὸς
1422 276 1568 311 καινότητα
1584 275 1669 311 ζωῆς,
1684 277 1732 304 καὶ
1747 278 1761 304 ὁ
1771 278 1821 313 τῆς

1031 322 1177 358 ἐπιδημίας
1188 322 1294 358 καιρὸς,
1312 322 1361 357 ἔαρ
1374 322 1467 356 ὥσπερ
1477 323 1544 357 ἡμῖν
1558 322 1699 358 ἀνεδείχθη
1713 323 1742 349 τὺ
1759 332 1818 358 var,-

1031 369 1086 400 τὸν,
1111 368 1212 403 εὐανθῆ
1233 377 1262 395 τε
1285 369 1333 395 καὶ
1358 368 1496 404 ἔγκαρπον
1510 369 1560 404 τὴν
1574 369 1717 404 ἀνθρώπου
1742 369 1824 404 φύσιν

1031 413 1189 441 ἀποτελοῦν.
1207 413 1272 440 Τότε
1288 415 1352 449 γὰρ,
1371 414 1431 441 τότε
1453 414 1502 449 τῆς
1519 415 1547 441 ἐν
1562 416 1653 447 σκιαῖς
1678 416 1820 442 συνεσταλ-

1033 459 1126 494 μένης,
1141 459 1188 485 καὶ
1203 456 1259 486 οἷον
1274 459 1427 495 τεθνεώσης
1444 460 1493 495 τῆς
1510 460 1638 495 Μαριὰμ,
1651 461 1795 496 δεδίψηκεν
1808 462 1824 488 ὸ

1031 505 1113 536 λαὸς,
1130 505 1178 531 καὶ
1201 506 1229 531 ἐν
1246 505 1342 532 σπάνει
1360 506 1471 540 γέγονεν
1494 505 1598 533 ὑδάτων
1614 506 1727 541 νοητῶν.
1754 503 1823 534 Ἀλλ’

1032 551 1195 577 ἐκπέπτωκε
1212 550 1345 582 πλουσίως
1366 550 1397 577 τὸ
1411 551 1485 586 νᾶμα
1506 551 1626 587 Χριστοῦ
1640 572 1646 583 ,
1662 553 1734 588 φημὶ
1749 553 1776 579 δὲ
1791 553 1825 588 δὴ

1032 596 1128 629 πάλιν,
1143 596 1177 623 τὰ
1192 597 1226 623 δι’
1248 596 1331 624 αὑτοῦ
1347 596 1537 632 Θεσπισματα,
1559 598 1606 624 καὶ
1623 598 1674 634 τὴν
1695 599 1723 624 ὲν
1742 598 1810 624 πνεύ

1034 643 1098 679 ματί
1121 652 1151 669 τε
1178 643 1226 670 καὶ
1248 643 1362 679 ἀληθείᾳ
1388 643 1521 679 μυστικὴν
1543 644 1742 678 παιδαγωγὶαν.
1767 644 1824 671 Καὶ

1032 689 1112 717 τοῦτο
1128 690 1216 722 συνεὶς
1230 691 1244 717 ό
1259 690 1400 722 Θεσπέσιος
1413 690 1515 726 γράφει
1527 691 1632 723 Παῦλος
1645 700 1652 707 ⁸
1671 701 1679 716 ε
1701 691 1738 717 Οὐ
1755 691 1825 718 θέλω

1033 735 1087 771 γὰρ
1104 735 1175 771 ὑμᾶς
1198 736 1314 770 ἀγνοεῖν,
1338 735 1467 770 ἀδελφοὶ,
1490 736 1532 762 ὅτι
1552 737 1652 768 πάντες
1670 738 1694 763 οἱ
1707 737 1826 772 πατέρες

1032 783 1111 818 ἡμῶν
1125 782 1177 809 ὑπὸ
1188 783 1237 817 τὴν
1255 782 1370 818 νεφέλην
1384 781 1464 819 ἦσαν,
1480 783 1526 810 καὶ
1547 784 1646 815 πάντες
1657 783 1699 810 διὰ
1713 784 1762 818 τῆς
1777 783 1825 810 0a-

1033 828 1137 864 λάσσης
1149 828 1266 863 διῆλθον,
1279 828 1325 855 καὶ
1336 829 1436 860 πάντες
1447 830 1485 861 εἰς
1498 830 1600 865 Μωςῆν
1610 829 1825 864 ἐϐαπτίσθησαν,

1034 874 1062 899 ὲν
1072 874 1104 908 τῇ
1121 873 1220 908 νεφέλῃ
1235 873 1283 899 καὶ
1300 873 1329 898 ὲν
1346 874 1379 908 τῇ
1397 872 1529 909 Θαλάσσῃ,
1544 874 1592 900 καὶ
1607 874 1707 905 πάντες
1721 874 1750 900 τὸ
1761 874 1828 900 αὐτὸ

186 926 280 951 essent
299 923 467 958 congregati,
482 926 510 950 et
524 925 627 949 astaret
643 921 744 954 Aaron,
762 928 852 948 sermo
871 920 983 948 habitus

1039 918 1217 954 πνευματικὸν
1231 918 1329 954 βρῶμα
1349 919 1461 953 ἔφαγον,
1480 919 1528 946 καὶ
1546 920 1576 946 τὸ
1590 920 1656 946 αὑτὸ
1675 928 1827 954 πνευματι-

187 974 230 997 est
254 969 288 997 ad
312 975 429 1005 petram.
450 968 589 996 Percussit
604 972 695 995 autem
711 968 798 1003 ipsam
807 967 912 1003 Moyses
930 967 982 994 bis.

188 1017 258 1050 Quia
267 1024 328 1043 cum
338 1015 461 1043 seniores
469 1015 565 1050 populi
585 1013 800 1045 concurrissent,
815 1017 843 1040 et
858 1013 985 1040 sacerdo-

189 1067 240 1094 les,
251 1061 401 1089 secundum
411 1061 498 1095 legem
506 1060 634 1092 instituti,
644 1060 697 1087 hoc
705 1064 757 1091 est,
769 1059 898 1086 Israelita:
906 1057 985 1093 quasi

190 1109 217 1135 in
245 1115 362 1149 persona
379 1106 472 1140 Mosis,
492 1106 614 1134 oblocuti
635 1110 699 1133 sunt
716 1105 837 1138 Christo,
851 1112 985 1132 accusan-

189 1159 232 1182 tes
260 1161 352 1181 coram
382 1153 480 1185 Pilato,
511 1153 650 1188 impieque
675 1151 840 1180 vociferati:
868 1161 877 1178 ‹
897 1151 984 1184 Tolle,

190 1200 266 1231 tolle,
281 1198 411 1233 cruciﬁge
437 1206 501 1225 eum
516 1199 564 1225 ".n
586 1197 690 1225 Deinde
701 1198 783 1225 etiam
799 1197 906 1225 duabus
921 1197 987 1224 atl‘e-

189 1251 290 1274 cerunt
300 1245 396 1281 plagis.
405 1245 485 1280 315
495 1245 586 1272 Primo
595 1245 667 1272 enim
682 1249 821 1272 auctorem
834 1244 896 1272 vita:
904 1245 987 1272 inter-

191 1291 297 1319 ﬁciunt.
311 1291 431 1318 Alteram
446 1297 511 1317 vero
526 1290 630 1325 plagam
642 1290 727 1317 veluti
743 1290 829 1325 priori
844 1290 985 1325 adjiciunt,

192 1336 259 1362 dum
282 1335 410 1363 nituntur
431 1335 598 1369 persuadere
609 1334 769 1362 hominibus
779 1335 851 1370 quod
869 1335 897 1362 in
910 1340 987 1363 tuor-

193 1382 248 1409 tuis
260 1381 451 1416 permanserit.
464 1380 499 1407 At
515 1380 643 1408 Christus
658 1381 810 1408 resurrexit
826 1388 841 1407 a
859 1381 985 1413 mortuis,

191 1427 350 1463 proculcata
360 1425 513 1454 etcontrita
523 1426 580 1461 ipsa
591 1430 679 1454 morte
691 1426 724 1453 ".
739 1427 885 1462 Postquam
896 1431 987 1454 autem

192 1476 329 1500 venerunt
346 1472 448 1499 milites
467 1471 495 1499 id
513 1471 676 1505 referentes,
697 1473 744 1507 qui
767 1472 886 1500 ordinati
909 1477 988 1500 erant

193 1518 228 1545 ab
257 1518 324 1553 ipsis
356 1516 475 1552 sepulcri
505 1516 652 1548 custodes,
680 1521 872 1552 praeceperunt
895 1516 988 1544 dicere

193 1563 268 1599 quod
285 1564 372 1599 ipsius
389 1563 517 1597 discipuli
541 1562 612 1590 clam
637 1569 701 1589 eum
718 1567 812 1590 essent.
831 1563 959 1591 sutl‘urati
979 1572 986 1590 :

194 1615 276 1645 atque
304 1610 342 1636 ita
367 1608 554 1636 venerandum
576 1608 649 1636 istud
665 1609 877 1637 resurrectionis
887 1614 988 1645 myste-

195 1655 268 1682 rium
286 1653 536 1682 calumniabantur.
548 1653 629 1689 Plaga
644 1654 728 1689 igitur
740 1653 840 1689 duplex
850 1654 875 1682 ei
888 1655 989 1683 inﬂicta

196 1705 248 1727 est.
269 1699 406 1727 Cancrum
421 1704 498 1734 petra
522 1699 598 1736 large
622 1700 718 1728 ell‘udit
748 1699 859 1733 ﬂumen,
880 1701 989 1729 etiamsi

198 1745 278 1773 Israel
304 1745 332 1772 in
359 1745 449 1780 ipsum
464 1743 649 1772 debacchatus
668 1745 713 1777 sit,
733 1745 801 1773 adeo
816 1750 846 1773 ut
862 1746 909 1773 toti
922 1753 989 1773 con-

197 1790 350 1826 gregationi
381 1794 476 1825 potum
503 1790 631 1818 dederit:
648 1790 773 1826 irrigavit
799 1791 872 1819 enim
894 1791 989 1819 orbem

199 1837 301 1864 sanctis
313 1839 341 1864 et
356 1835 459 1863 divinis
469 1835 640 1864 fluminibus.
662 1836 701 1864 lta
718 1836 791 1864 enim
811 1837 938 1872 promisit
961 1845 990 1865 se

198 1882 280 1910 nobis
296 1883 418 1918 seipsum
431 1882 597 1910 donaturum
613 1890 661 1918 per
674 1890 768 1910 vocem
783 1884 933 1919 prophetae,
946 1883 990 1911 di-

200 1937 283 1956 cens:
305 1939 313 1956 (
329 1929 400 1956 Ecce
418 1936 468 1964 ego
483 1928 627 1956 declinabo
642 1936 726 1964 super
743 1929 828 1965 ipsos,
847 1930 924 1966 quasi
940 1930 991 1958 llu-

201 1975 261 2002 vius
280 1975 366 2010 pacis,
385 1979 413 2002 ct
431 1974 507 2009 quasi
525 1979 632 2002 torrens
647 1975 784 2004 inundans
793 1976 908 2012 gloriam
924 1985 990 2012 gen-

204 2021 269 2047 tium
288 2021 322 2047 ⁷⁸.
339 2030 347 2046 ι
372 2020 406 2048 Et
425 2019 511 2047 David
526 2028 636 2055 quoque
655 2021 755 2049 alicubi
770 2023 861 2057 psallit
877 2031 884 2050 ε
902 2032 910 2048 ι
925 2023 991 2050 Flu-

201 2066 284 2093 minis
309 2067 428 2101 impetus
453 2065 571 2093 laatitieat
587 2066 725 2093 civitatem
740 2066 789 2094 Dei
802 2067 836 2093 ⁷⁷.
852 2077 861 2093 ι
878 2067 944 2094 item
958 2067 991 2095 ad

202 2113 291 2147 ipsum
308 2112 336 2139 in
355 2111 432 2139 cmlis
445 2111 553 2139 Patrem
564 2119 595 2140 ac
612 2112 697 2140 Deum
717 2122 722 2139 :
751 2122 759 2138 ι
778 2113 847 2146 Quia
859 2114 991 2149 multipli-

201 2158 279 2190 easti,
289 2158 337 2190 ait,
349 2157 566 2185 misericordiam
578 2161 663 2191 tuam,
677 2159 750 2186 Deus
762 2167 768 2185 :
781 2158 829 2186 lilii
840 2164 930 2186 autem
941 2160 991 2186 ho-

203 2205 308 2231 minum
329 2204 355 2231 in
374 2203 491 2238 tegmine
507 2203 610 2230 alarum
629 2208 738 2232 tuarum
760 2205 919 2240 sperabunt.
946 2205 992 2232 ln—

1035 966 1083 993 κδν
1105 965 1179 1002 πόμα
1200 965 1287 992 ἔπιον.
1309 966 1422 993 Ἔπινον
1437 965 1492 1001 γὰρ
1509 967 1540 992 ὲκ
1556 967 1747 1002 πνευματικῆς
1760 967 1827 993 diu»

1035 1012 1183 1046 λουθούσης
1197 1012 1308 1048 πέτρας.
1332 1012 1363 1038 Ἦ
1379 1012 1407 1038 δὲ
1420 1012 1507 1047 πέτρα
1517 1010 1551 1047 ἦν
1566 1013 1580 1038 ὁ
1593 1012 1720 1048 Χριστός.
1746 1022 1754 1037 ι
1770 1012 1827 1038 Πέ-

1034 1066 1088 1094 τρᾳ
1102 1058 1130 1084 δὲ
1143 1057 1351 1092 παρεικάζεται,
1367 1056 1409 1084 διὰ
1425 1056 1455 1083 τὸ
1469 1056 1624 1092 ἀθραυστον
1646 1057 1694 1083 καὶ
1715 1055 1828 1090 ἀκλὸνη-

1036 1113 1091 1130 τον.
1114 1104 1288 1140 Ἐρήρεισται
1303 1103 1357 1138 γὰρ
1371 1103 1399 1129 ὲν
1412 1103 1488 1135 ἰδίοις
1503 1103 1616 1137 ἀγαοοῖς
1630 1103 1646 1138 ή
1664 1103 1722 1130 θεία
1732 1111 1762 1129 τε
1779 1103 1828 1130 καὶ

1037 1149 1175 1186 ὑπερτάτη
1194 1149 1284 1184 φύσις.
1299 1149 1366 1176 Τίνα
1377 1149 1410 1183 δὴ
1422 1147 1468 1175 οὖν
1482 1149 1583 1184 τρόπον
1593 1149 1623 1175 τὸ
1641 1149 1713 1184 ὕδωρ
1726 1149 1828 1175 ἐκδεδο-

1037 1204 1091 1228 ται,
1108 1195 1256 1230 καταθρεῖν
1268 1196 1426 1229 ἀναγκαῖον.
1443 1194 1693 1230 Συνεγηγερμὲνων
1707 1195 1761 1230 γὰρ
1772 1195 1829 1221 τῶν

1037 1242 1231 1278 πρεσϐυτέρων
1243 1242 1290 1268 τοῦ
1303 1242 1387 1278 νόμον
1397 1263 1403 1275 ,
1423 1243 1470 1270 καὶ
1484 1243 1689 1278 παρεστηκότος
1710 1241 1829 1278 ’Δαρὼν.

1037 1289 1111 1324 λόγοι
1126 1290 1175 1325 μὲν
1190 1289 1309 1323 ἐγίνοντο
1334 1289 1403 1325 πρὸς
1423 1289 1471 1324 τὴν
1489 1288 1602 1323 πέτραν.
1626 1288 1779 1314 Καταπαίει
1800 1287 1830 1314 δδ

1038 1335 1123 1370 αὑτὴν
1140 1335 1187 1362 καὶ
1201 1335 1241 1366 δίς
1253 1336 1267 1361 ὁ
1288 1335 1390 1369 Μωσῆς
1404 1354 1410 1361 .
1426 1332 1688 1368 Συνδεδραμηκότων
1701 1332 1756 1367 γὰρ
1774 1332 1830 1359 τῶν

1038 1382 1232 1417 πρεσϐυτέρων
1243 1381 1290 1408 τοῦ
1305 1381 1369 1408 λαοῦ
1385 1381 1432 1408 καὶ
1444 1380 1498 1407 τῶν
1512 1380 1617 1415 ἱερέων,
1629 1379 1654 1405 οἱ
1666 1379 1736 1406 κατὰ
1747 1378 1830 1413 νόμον

1038 1427 1301 1462 παιδαγωγούμενοι,
1314 1426 1463 1458 τουτέστιν,
1480 1427 1493 1452 ὁ
1514 1425 1622 1460 Ἰσραὴλ
1639 1425 1668 1451 ὲν
1691 1424 1831 1460 προσώπῳ

1039 1473 1171 1506 Μωσέως,
1190 1473 1378 1508 κατελάλησαν
1392 1472 1440 1498 τοῦ
1462 1470 1593 1507 Χριστοῦ,
1611 1469 1831 1506 κατηγοροῦντες

1040 1521 1067 1547 δὲ
1088 1521 1136 1547 ἐπὶ
1159 1521 1294 1553 Πιλάτου,
1320 1520 1368 1546 καὶ
1388 1518 1434 1550 τὸ,
1456 1527 1466 1544 ι
1485 1516 1556 1553 αἶρε,
1573 1515 1635 1553 αἶρε
1648 1537 1655 1549 ,
1672 1517 1831 1551 σταύρωσον

1040 1567 1121 1594 αὑτὸν
1132 1587 1139 1599 ,
1159 1576 1169 1592 ι
1187 1567 1303 1598 ἀνοσίως
1316 1565 1555 1601 ἀνακεκράγασαν.
1575 1562 1641 1591 Εἶτα
1653 1564 1699 1591 καὶ
1713 1563 1773 1590 δυσὶ
1785 1563 1831 1589 λε-

1040 1614 1178 1649 λυπήκασι
1199 1613 1326 1648 πληγαῖς.
1347 1612 1526 1639 Ἀπεκτόνασι
1564 1611 1621 1646 γάρ
1637 1610 1683 1637 τὸν
1695 1610 1744 1644 τῆς
1758 1609 1831 1644 ζωῆς

1040 1659 1172 1695 ἀρχηγόν.
1190 1658 1322 1694 Δευτέραν
1333 1657 1360 1684 δὲ
1374 1657 1469 1692 ὥσπερ
1481 1658 1513 1693 τῇ
1530 1656 1626 1692 πρώτῃ
1638 1655 1729 1690 πληγῇ
1748 1661 1830 1689 προσ-

1040 1707 1199 1740 επάγοντες,
1224 1705 1264 1731 ὅτι
1284 1705 1332 1731 καὶ
1352 1704 1505 1740 μεμένηκεν
1516 1703 1546 1729 ἐν
1557 1703 1663 1736 νεκροῖς
1675 1700 1832 1728 ἀναπείθειν

1041 1751 1147 1787 ἤθελον.
1171 1751 1282 1777 Ἀνεῦίω
1295 1751 1342 1786 μὲν
1356 1751 1411 1785 γὰρ
1420 1751 1434 1775 ὁ
1444 1748 1571 1785 Χριστὸς,
1587 1749 1712 1782 πατήσας
1724 1747 1770 1773 τὸν
1788 1746 1832 1774 Οάρ

1042 1805 1132 1823 νατον.
1153 1796 1262 1830 Ἐπειδὴ
1273 1795 1300 1822 δὲ
1313 1795 1392 1821 τοῦτο
1403 1792 1469 1830 ἧκον
1484 1795 1507 1820 οἱ
1521 1792 1684 1828 στρατιῶται
1694 1792 1831 1826 λέγοντες,

1041 1844 1065 1869 ol
1085 1843 1133 1869 καὶ
1151 1842 1299 1877 τετάχαντο
1317 1841 1383 1876 παρ’
1405 1839 1495 1866 αὐτῶν
1511 1838 1558 1865 τοῦ
1585 1838 1672 1872 τάτου
1698 1837 1830 1872 φρουροὶ,

1043 1888 1233 1925 παρήγγελλον
1248 1888 1337 1922 λέγειν
1354 1886 1401 1914 καὶ
1419 1886 1497 1913 τοῦτο
1514 1884 1719 1921 ῥιψοκινδύνως.
1736 1883 1776 1910 ὅτι
1791 1891 1833 1909 κει

1042 1936 1174 1971 κλόφασιν
1194 1935 1275 1962 αὑτὸν
1299 1934 1426 1965 λαθόντες
1443 1934 1468 1959 οἱ
1494 1930 1615 1967 μαθηταὶ
1627 1951 1634 1963 ,
1651 1931 1698 1957 καὶ
1714 1931 1779 1957 αὐτὸ
1802 1929 1833 1956 τὸ

1043 1981 1140 2008 σεπτὸν
1155 1981 1204 2016 τῆς
1221 1980 1397 2011 ἀναστάσεως
1419 1977 1654 2014 συκοφαντοῦντες
1672 1977 1832 2012 μυστήριον.

1042 2028 1157 2061 Οὐκοῦν,
1175 2029 1204 2055 ὲν
1216 2027 1297 2062 διττῷ
1313 2027 1455 2062 γέγονενή
1474 2024 1576 2061 πληγή.
1598 2023 1668 2051 Ἀλλ’
1686 2023 1834 2050 ἐκδέδωκεν

1042 2075 1059 2110 ή
1076 2075 1161 2110 πέτρα
1183 2073 1319 2104 πλουσίως
1341 2072 1372 2099 τδ
1387 2072 1471 2108 νᾶμα,
1490 2072 1579 2098 καίτοι
1603 2068 1834 2104 πεπαρῳνηκότος

1044 2123 1084 2154 εἰς
1099 2120 1180 2147 αὑτὸν
1197 2119 1244 2147 τοῦ
1263 2118 1436 2154 Ἰσραὴλ,καὶ
1454 2117 1584 2143 πεπότικε
1600 2116 1689 2142 πᾶσαν
1704 2114 1754 2149 τὴν
1770 2122 1834 2139 συν-

1044 2165 1172 2201 αγωγὴν,
1191 2165 1239 2191 καὶ
1263 2164 1396 2190 ἐπέκλυσε
1418 2163 1468 2197 τὴν
1490 2160 1654 2195 οἰκουμένην
1669 2160 1727 2190 τοῖς
1752 2158 1834 2193 ἱεροῖς

1043 2221 1072 2238 τε
1086 2212 1133 2238 καὶ
1147 2211 1229 2241 οείοις
1245 2209 1374 2245 νάμασιν.
1390 2208 1468 2234 Οὕτω
1479 2207 1533 2242 γὰρ
1545 2207 1610 2242 ἡμῖν
1625 2204 1720 2232 ὲαυτδν
1730 2203 1834 2239 χαριεῖ-

202 2250 386 2278 ebriabuntur
401 2249 435 2277 ab
456 2249 580 2278 ubertate
597 2249 695 2278 domus
707 2255 770 2283 tuae,
784 2251 855 2279 etde
870 2255 987 2280 torrente

1043 2256 1105 2284 σθαι
1130 2254 1368 2290 κατεπηγγέλλετο
1382 2275 1389 2286 ,
1417 2253 1461 2280 διὰ
1488 2252 1535 2279 τοῦ
1563 2251 1702 2287 προφήτου
1729 2249 1832 2282 λέγων·

202 2296 351 2331 voluptatis
371 2301 424 2323 tuae
445 2296 554 2331 potabis
572 2304 630 2324 eos.
655 2296 788 2330 Quoniam
815 2297 886 2332 apud
909 2302 935 2326 te
951 2303 993 2326 est

203 2344 264 2370 l‘ons
279 2343 342 2370 vita:
359 2343 392 2370 7".
407 2352 416 2369 ι
435 2343 503 2370 Vide
515 2347 607 2370 autem
618 2351 673 2378 quo
686 2348 776 2378 pacto,
793 2344 992 2373 interveniente

204 2388 281 2424 prius
304 2389 418 2415 istorum
444 2388 612 2420 diﬁidentia,
642 2389 729 2417 Moses
756 2390 831 2425 virga
859 2391 994 2425 percutiat

203 2440 319 2471 petram.
339 2435 420 2462 Israel
438 2435 511 2462 enim
530 2435 689 2463 incredulus
702 2436 885 2464 debacchatus
907 2441 948 2464 est
966 2438 993 2464 in

203 2481 346 2508 Christum
368 2489 374 2507 :
400 2480 560 2515 objurgatus
588 2485 679 2508 autem
702 2486 744 2508 est
766 2481 854 2509 Moses
880 2486 908 2509 et
932 2490 994 2510 cum

205 2527 264 2561 ipso
293 2527 394 2553 Aaron.
427 2535 435 2550 ι
452 2525 547 2560 Neque
576 2526 649 2553 cnim
671 2526 853 2554 introducetis
872 2534 930 2558 vos,
944 2527 993 2559 ait,

205 2572 275 2599 tilios
301 2571 384 2599 lsrael
409 2570 436 2597 in
452 2574 552 2598 terram
565 2579 645 2606 quam
663 2572 726 2600 dedi
747 2573 815 2608 ipsis
826 2574 875 2599 ⁷³.»
891 2572 994 2600 Perdu-

203 2624 246 2646 εει
262 2623 353 2645 autem
373 2625 423 2645 nos
437 2617 464 2644 in
481 2623 636 2646 sanctorum
649 2619 846 2652 luereditatem,
858 2624 887 2647 et
899 2619 991 2646 verio-

204 2674 262 2694 rem
281 2665 472 2701 promissionis
490 2671 590 2694 terram
608 2675 662 2695 non
673 2668 783 2703 quidem
799 2669 842 2696 lex
855 2677 915 2704 quae
927 2676 991 2695 vcr-

203 2715 279 2739 satur
297 2711 325 2737 in
342 2711 422 2746 typis,
450 2719 540 2747 neque
562 2713 708 2740 sacerdotii
732 2714 835 2749 legalis,
859 2715 942 2742 veluti
964 2715 992 2742 in

205 2756 311 2784 umbris
338 2756 519 2784 imbecillitas.
549 2758 642 2793 Neque
665 2761 739 2787 enim
770 2768 820 2795 per
845 2760 992 2794 sanguines

202 2803 272 2837 grati
287 2803 401 2836 erimus,
420 2811 508 2838 neque
524 2805 588 2832 item
611 2810 718 2834 terrena
730 2806 817 2841 gloria
829 2808 931 2834 erimus
944 2814 991 2834 co-

239 2857 360 2896 "lpor.
373 2868 399 2892 ι,
416 2860 471 2887 1-3.
512 2861 534 2877 ⁷³
553 2861 629 2890 Joan.
646 2871 699 2896 xtx,
716 2864 756 2891 15.

205 2892 246 2920 l0.
287 2893 309 2909 7’
325 2893 404 2922 Num.
419 2903 463 2929 xx,
485 2896 527 2923 1‘2.

797 2865 819 2880 ⁷³
835 2865 844 2892 l
860 2865 923 2893 Cor.
937 2873 980 2897 xv,
997 2865 1040 2894 57.

1049 2313 1058 2329 «
1082 2303 1146 2330 Ἰδοῦ
1158 2301 1212 2337 ἐγὼ
1224 2301 1342 2328 ὲκκλίνω
1351 2301 1394 2327 ἐπ’
1405 2299 1504 2331 αὐτοὺς
1519 2298 1556 2330 ὡς
1570 2296 1692 2332 ποταμὸς
1710 2295 1832 2331 εἰρήνης,

1046 2350 1094 2377 καὶ
1110 2349 1148 2380 ὡς
1164 2349 1333 2384 χειμάρρους
1350 2345 1504 2378 ἐπικλύζων
1523 2344 1601 2376 δόξαν
1617 2343 1711 2370 ἐθνῶν.
1733 2352 1742 2368 ι
1757 2342 1834 2368 Ψάλ-

1045 2395 1086 2422 λει
1102 2395 1131 2421 δέ
1147 2402 1197 2420 που
1213 2394 1259 2421 καὶ
1276 2392 1373 2419 Δαόιδ·
1397 2401 1406 2418 ε
1425 2391 1477 2417 Τοῦ
1495 2389 1617 2425 ποταμοῦ
1637 2389 1670 2416 τὰ
1686 2389 1835 2424 ὁρμήματα

1046 2440 1221 2477 εὐφραίνουσι
1241 2438 1291 2474 τὴν
1308 2437 1385 2464 πόλιν
1400 2437 1448 2463 τοῦ
1463 2436 1541 2462 Θεοῦ.
1561 2445 1569 2460 ι
1590 2435 1645 2462 Καὶ
1661 2434 1711 2469 μέν
1727 2442 1765 2460 τοι
1786 2433 1835 2459 καὶ

1043 2487 1112 2522 πρὸς
1128 2486 1209 2513 αὑτὸν
1221 2485 1267 2512 τὸν
1282 2485 1310 2511 ἐν
1325 2483 1450 2519 οὐρανοῖς
1465 2481 1574 2516 Πατέρα
1589 2481 1636 2507 καὶ
1654 2479 1721 2506 Θεὸν
1733 2488 1740 2495 ·
1760 2488 1769 2505 ι
1790 2479 1835 2510 Ὠς

1043 2532 1197 2568 ὲπλήθυνας
1214 2531 1245 2558 τὸ
1265 2531 1338 2562 ἔλεός
1353 2538 1411 2561 σου,
1428 2530 1442 2555 ὁ
1458 2528 1524 2559 Θεὸς
1535 2537 1541 2544 ·
1560 2528 1584 2554 οῑ
1604 2527 1632 2553 δὲ
1646 2527 1698 2552 υἱοὶ
1714 2525 1769 2552 τῶν
1789 2526 1835 2552 ἀν-

1043 2579 1171 2615 Θρώττων,
1187 2579 1216 2605 ὲν
1231 2577 1321 2612 σκέπῃ
1336 2575 1390 2603 τῶν
1411 2574 1554 2610 πτερύγων
1569 2582 1616 2600 σου
1628 2572 1762 2600 ἐλπιοῦσι.
1780 2572 1835 2598 Με-

1044 2625 1223 2660 ουσθήσονται
1236 2623 1290 2650 ἀπὸ
1301 2623 1428 2660 πιότητος
1439 2621 1514 2656 οἴκου
1531 2629 1588 2652 σου,
1601 2621 1649 2647 καὶ
1661 2619 1708 2646 τὸν
1718 2618 1835 2653 χειμάῥ-
1848 2628 1854 2634 ’

1047 2673 1110 2708 ρουν
1125 2659 1177 2704 τῆς
1191 2669 1298 2705 τρυφῆς
1317 2677 1363 2695 σου
1377 2659 1484 2699 ἶποτιεῖς
1499 2667 1607 2698 αὐτούς.
1625 2668 1685 2693 Ὅτι
1700 2665 1776 2700 παρὰ
1794 2665 1835 2690 σοὶ

1045 2717 1120 2752 πηγὴ
1142 2715 1225 2751 ζωῆς.
1248 2725 1257 2741 ι
1275 2715 1371 2749 ’Δθρει
1386 2714 1414 2741 δὲ
1431 2714 1500 2750 ὅπερ
1516 2712 1772 2749 προεισδραμοὺσης
1790 2711 1836 2738 αὖ·

1044 2762 1099 2789 τῶν
1116 2762 1254 2793 ἀπιστίας,
1271 2760 1419 2788 καταπαίει
1432 2761 1481 2795 τὴν
1494 2760 1597 2794 πέτραν
1616 2760 1649 2794 τῇ
1666 2758 1756 2794 ῥάϐδῳ
1769 2757 1834 2783 Μω-

1046 2809 1105 2844 σῆς.
1122 2807 1309 2843 Πεπαρῴνηκε
1321 2806 1376 2842 γὰρ
1390 2807 1430 2838 εἰς
1448 2806 1566 2842 Χριστδν
1583 2805 1736 2839 ἁπειῦήσας
1750 2804 1763 2829 ὁ
1783 2803 1835 2828 Ἰσ-

1080 2866 1102 2883 τ⁶
1116 2866 1175 2897 lsa,
1189 2874 1232 2899 rt,
1245 2866 1288 2894 12.
1317 2865 1339 2880 ⁷⁷
1360 2863 1431 2891 Psal.
1448 2872 1508 2897 XLV,
1525 2864 1550 2891 5.
1588 2863 1610 2879 ⁷⁸
1624 2862 1694 2891 Psal.
1709 2869 1790 2894 xxxv,
1808 2861 1833 2889 8-
