1997 3059
193 135 245 164 4Ξῖ

670 136 699 163 S.
718 136 857 164 CYRlLLl
875 137 1113 166 ALEXANDRINI
1129 141 1289 170 ARCHIEP.
1311 133 1314 135 I

1778 147 1829 176 500

191 192 279 220 sei-int
290 191 326 221 de
336 197 440 226 monte,
450 193 600 221 ascendth
613 193 652 222 illi
665 195 693 222 in
702 195 784 231 317
797 200 918 226 montem
929 196 962 224 ⁸⁸.

1040 198 1087 226 ὲάν
1109 208 1139 227 τε
1169 202 1287 237 κτῆνος,
1320 202 1368 229 ἐάν
1393 211 1422 229 τε
1450 203 1615 239 ἄνθρωπος,
1642 205 1673 231 οὐ
1697 206 1825 242 ζήσεται,

190 237 259 265 Cum
273 238 347 266 enim
368 238 498 266 Israelita:
520 239 678 276 Egyptiaea
696 243 830 270 servitute
848 245 984 279 oppressi,

191 284 320 320 falsisque
334 285 456 320 ipsorum
469 287 591 316 cultibus
606 287 717 319 irretiti,
733 289 851 316 humana
874 289 986 318 inventa

189 334 217 357 et
228 337 260 357 ex
275 331 365 366 lapide
379 336 427 359 aut
439 332 491 359 alia
505 333 602 367 quavis
613 334 729 361 materia
744 334 815 362 facta
826 335 983 369 adorarent,

190 377 348 405 miserando
363 387 457 406 errore
480 380 606 412 involuti,
621 380 688 408 adeo
704 386 750 413 ut,
767 381 839 409 sicut
859 382 898 409 ait
918 391 983 418 pro-

189 422 282 456 pheta,
299 434 307 448 ι
323 423 448 451 dicerent
461 424 549 460 ligno:
559 426 631 452 Deus
646 433 723 452 meus
736 433 766 453 es
781 431 824 459 tu;
839 432 868 454 et
880 427 982 463 lapidi:

190 469 230 496 ’l'u
252 477 296 497 me
310 471 428 505 genuisti
447 471 468 487 "
482 480 490 504 ;
504 481 512 496 ι
528 471 632 499 idcirco
652 473 819 505 necessario,
834 480 896 501 cum
911 475 984 503 Deus

188 520 298 544 creator
312 517 393 544 vellet
407 525 455 544 eos
467 525 500 544 ex
513 518 605 552 priore
618 519 670 546 isto
689 523 717 546 et
737 520 840 555 polluto
853 522 928 548 cultu
948 522 982 549 ad

187 563 311 590 veritatis
323 563 508 598 cognitionem
519 564 666 598 adducere,
678 574 713 594 ne
726 566 888 595 viderentur
899 568 982 595 deum

188 608 235 642 qui
247 616 310 636 vere
321 608 393 636 Deus
407 616 462 637 non
473 614 547 637 esset
558 610 649 638 colere
660 611 743 640 Mosis
754 613 848 640 verbis
862 613 981 648 decepti,

188 654 291 682 idcirco
312 663 360 682 eos
374 655 478 682 utiliter
493 655 588 683 divino
604 662 718 692 aspectu
742 659 768 685 in
794 659 864 694 typis
884 659 981 694 digna-

187 705 241 728 tur.
252 701 317 734 Quae
331 702 404 728 enim
418 702 557 736 videntur,
570 712 602 731 ea
618 703 731 732 {iuniori
743 705 796 733 ﬁde
811 706 981 741 apprehendi

186 747 285 774 solent.
303 747 395 776 Palam
413 749 497 784 igitur
521 751 657 785 promittit
678 759 707 778 se
723 751 933 785 descensurum,
952 758 981 782 et

185 793 296 828 quidem
314 795 378 822 cito.
394 795 427 823 At
440 804 518 829 vero,
535 801 565 823 ut
585 803 757 832 compertum
776 799 911 827 haberent
932 808 981 828 eos

184 840 231 874 qui
248 840 281 867 ad
298 845 403 868 tantqu
420 842 553 870 honorem
570 844 660 871 vocati
677 849 779 877 essent,
793 850 823 872 ut
840 846 980 874 auditores

185 886 265 913 simul
287 894 318 914 ac
335 892 505 923 spectatores
525 890 584 923 Dei,
599 890 657 918 sive
672 891 771 918 divinae
793 892 880 926 ipsius
895 897 977 928 atque

184 933 333 962 inelfabilis
352 936 446 970 gloria;
469 935 660 970 edicerentur,
684 938 836 972 gratissima
857 939 977 973 puritate

184 980 313 1014 prmditos
330 989 390 1009 esse
405 982 517 1015 debere,
532 987 560 1011 et
573 991 588 1010 a
601 984 703 1011 carnali
721 985 896 1012 immunditia
907 985 976 1012 libe-

184 1033 245 1059 ros;
260 1031 393 1061 praeterea
410 1028 521 1056 mundis
533 1029 659 1057 vestibus
675 1029 796 1063 indutos,
811 1034 840 1058 ut
856 1035 930 1058 recte
945 1039 978 1059 ac

182 1072 312 1100 (lecenter
333 1073 446 1108 ﬁguram
465 1074 526 1102 festi
543 1075 708 1110 exprimant.
729 1077 835 1104 Revera
848 1077 922 1108 enim
935 1077 976 1105 fe-

183 1121 255 1144 stum
277 1123 305 1145 et
325 1119 436 1153 quidem
458 1128 564 1155 summa
586 1121 768 1149 admiratione
783 1122 895 1157 dignum
916 1127 975 1155 est,

182 1164 256 1198 quod
273 1165 341 1192 istos
352 1169 407 1192 tam
424 1166 566 1201 splendida
579 1167 709 1203 dignatus
720 1169 756 1196 sit
768 1169 881 1196 visione.
894 1169 977 1197 lubet

182 1213 274 1236 autem
295 1211 368 1246 ipsos
385 1212 462 1246 prius
478 1213 623 1246 inundari,
645 1218 673 1241 et
698 1222 713 1241 a
737 1215 882 1242 mulierum
908 1222 975 1242 con-

181 1262 277 1290 gressu
300 1257 448 1290 abstinere,
467 1258 590 1294 adeoque
610 1259 644 1286 ad
667 1261 779 1287 tertium
802 1268 887 1296 usque
902 1261 975 1289 diem

181 1302 379 1330 continentiam
399 1305 482 1331 tueri.
498 1305 580 1333 Ablui
603 1306 677 1333 enim
694 1307 778 1334 etiam
798 1312 887 1335 vestes
903 1308 976 1342 ipsas

182 1349 321 1384 praecepit.
334 1349 394 1383 Quo
410 1351 521 1386 quidem
536 1357 673 1388 praecepto
686 1353 719 1381 ad
736 1353 818 1381 ﬁnem
830 1353 974 1389 perducto,

181 1393 219 1421 ait
233 1403 239 1420 :
259 1405 267 1420 ι
285 1395 397 1423 Factum
410 1402 451 1424 est
462 1402 554 1425 autem
565 1398 610 1426 die
624 1399 706 1427 tertio
717 1407 808 1433 mane,
821 1400 900 1428 facta:
911 1405 976 1428 sunt

182 1447 272 1472 voces,
286 1445 314 1468 et
334 1441 452 1478 fulgura,
464 1447 492 1471 et
505 1444 594 1472 nubes
609 1445 765 1480 caliginosae
779 1446 807 1473 in
821 1450 914 1474 monte
930 1446 974 1474 Si—

181 1486 235 1513 nai.
254 1486 311 1515 Vox
333 1488 404 1516 tubae
425 1490 542 1517 sonabat
556 1490 645 1518 valde.
659 1491 693 1518 Et
712 1491 803 1519 timuit
816 1492 906 1519 omnis
923 1499 974 1527 po-

181 1532 261 1567 pulus
277 1534 324 1568 qui
339 1539 399 1562 erat
411 1535 439 1562 iu
455 1537 561 1564 castris.
580 1537 614 1564 Et
631 1538 727 1565 eduxit
741 1538 829 1566 Moses
841 1538 972 1573 populum

180 1579 207 1606 in
223 1587 367 1608 occursum
384 1581 431 1608 Dei
451 1590 484 1609 ex
497 1584 605 1616 castris,
618 1587 646 1611 ct
656 1584 803 1612 astiterunt
814 1585 866 1612 sub
878 1590 972 1613 monte

180 1626 265 1653 Siuai.
281 1626 315 1653 At
328 1635 406 1655 mons
421 1627 496 1655 Sinai
511 1629 635 1657 fumabat
646 1634 730 1663 totus,
745 1631 810 1666 quia
823 1631 973 1659 descende-

181 1675 222 1697 rat
240 1671 372 1699 Dominus
390 1673 424 1700 ad
446 1673 522 1700 illum
547 1674 574 1701 in
598 1675 669 1710 igne.
692 1676 864 1704 Ascendebat
880 1681 972 1704 autem

179 1715 280 1749 l'unms,
293 1721 422 1751 tanquam
435 1718 527 1746 fumus
541 1719 678 1747 fornacis:
691 1725 719 1747 et
729 1721 872 1756 obstupuit
883 1722 972 1750 omnis

181 1761 298 1796 populus
309 1762 397 1791 valde.
412 1763 500 1791 Facta:
516 1770 581 1792 sunt
593 1771 685 1793 autem
701 1774 781 1794 voces
794 1768 866 1795 tubas
877 1775 973 1802 proce-

179 1809 276 1836 dentes
293 1808 420 1837 fortiores
439 1810 528 1838 valde.
551 1811 639 1839 Moses
653 1812 817 1847 loquebatur
836 1823 841 1840 :
858 1818 886 1840 at
900 1815 972 1842 Deus

179 1855 362 1890 respondebat
378 1856 403 1883 ei
416 1865 482 1884 voce
495 1857 527 1883 ³⁸.
544 1866 553 1882 ι
568 1857 636 1885 Nam
650 1863 741 1886 mente
754 1859 866 1886 vixdum
882 1861 972 1887 cerni-

181 1907 225 1928 tur
239 1909 367 1937 suprema
387 1903 443 1935 illa,
456 1909 483 1930 ct
503 1903 531 1931 in
551 1903 692 1940 altissimis
708 1905 836 1933 habitans
854 1911 970 1938 natura,

178 1954 240 1982 quae
259 1954 367 1975 omnem
391 1953 546 1976 creaturam
566 1949 683 1977 excedit.
709 1950 856 1986 Postquam
878 1956 970 1980 autem

179 2001 229 2028 per
239 2002 284 2022 res
295 1995 498 2022 manifestiores
509 1997 654 2024 commode
667 2005 699 2024 ea
710 2005 772 2033 quae.
787 1998 926 2033 pertinent
937 1999 971 2026 ad

180 2040 227 2067 Dei
246 2040 381 2068 visionem
396 2046 506 2076 paracta
520 2046 593 2075 sunt,
613 2042 717 2070 idcirco
736 2043 865 2079 deinceps
885 2044 971 2073 divini

178 2086 286 2113 consilii
305 2086 375 2114 ratio
395 2095 444 2122 per
465 2087 550 2115 multa
565 2096 626 2122 qua:
641 2093 774 2116 terrorem
796 2089 969 2124 incuterent,

179 2132 320 2167 processit.
329 2133 417 2161 Voces
426 2133 499 2160 enim
512 2138 539 2161 et
549 2134 656 2169 fulgura
669 2135 750 2169 318
758 2137 969 2170 concurrebant,

178 2183 325 2214 coactaque
340 2183 382 2207 est
399 2179 487 2207 nubes
505 2180 664 2215 caliginosa,
681 2185 712 2208 ut
726 2185 753 2208 et
766 2186 890 2209 creatura
905 2183 970 2210 sub-

996 875 1016 902 Β

1039 245 1122 272 Ὅταν
1135 246 1163 272 δὲ
1178 247 1206 273 αἱ
1217 248 1305 281 φωναὶ
1320 247 1366 274 καὶ
1379 247 1530 282 σάλπιγγες
1545 249 1591 276 καὶ
1604 249 1620 285 ὴ
1633 250 1733 286 νεφέλη
1748 251 1829 278 ἁπέλο

1037 291 1069 328 θῃ
1084 292 1114 318 ἐκ
1127 292 1174 319 τοῦ
1192 293 1282 328 ὅρους,
1299 295 1398 321 ἐκεῖνοι
1416 295 1599 330 ἀναϐήσονται
1614 296 1661 322 ἐπὶ
1675 296 1704 323 τὸ
1721 297 1794 333 ὅρος.
1817 307 1826 324 ι

1043 338 1150 374 Ἐπειδὴ
1167 340 1220 375 γὰρ
1236 341 1264 367 ἐν
1278 340 1409 376 Αἰγύπτῳ
1425 341 1585 377 θητεύοντες
1606 343 1655 370 καὶ
1677 344 1738 376 ταῖς
1759 344 1829 371 ὲκεί-

1035 392 1088 411 νων
1115 384 1336 421 ψευδολατρείαις
1363 387 1574 424 ὲνωλισθηκότες
1595 389 1619 415 oi
1645 387 1675 422 ἐξ
1700 389 1827 426 Ἰσραὴλ,

1035 429 1216 466 ἀνθρωπίνοις
1241 432 1291 467 μὲν
1318 433 1505 468 προσεκύνουν
1525 434 1683 470 εὑρήμασι,
1710 436 1827 468 καὶτοῖς

1034 477 1067 503 ἐκ
1081 477 1155 505 λίθου
1169 478 1374 513 πεποιημένοις,
1390 479 1475 514 ἠγουν
1492 480 1522 513 ἐξ
1538 481 1634 515 ἑτέρας
1657 480 1723 517 ὕλης
1742 490 1827 517 προσ-

1034 523 1161 558 εκόμιζον
1181 523 1231 555 τὰς
1254 524 1393 560 λατρείας,
1401 526 1522 561 ἐλεεινὴν
1543 525 1685 558 νοσοῦντες
1697 527 1747 562 τὴν
1762 528 1827 555 πλά-

1033 579 1120 606 νησιν,
1133 572 1191 604 καὶ,
1242 581 1325 608 φησιν
1343 574 1357 600 ὁ
1380 574 1534 610 προφήτης,
1556 584 1566 600 ι
1590 574 1630 610 τῷ
1650 575 1721 611 ξύλῳ
1733 575 1828 610 λέγον-

1032 625 1094 649 τες·
1120 618 1186 649 Θεός
1208 627 1259 653 μου
1278 616 1302 645 εἶ
1317 619 1361 650 σὺ,
1381 620 1430 646 καὶ
1451 619 1491 654 τῷ
1515 619 1599 656 λίθῳ·
1619 621 1655 648 Σὺ
1677 621 1826 657 ἐγέννησας

1034 671 1085 698 με,
1108 673 1117 690 ι
1137 663 1222 700 ταύτῃ
1246 664 1340 691 λοιπὸν
1357 665 1532 699 ἀναγκαίως,
1550 666 1699 702 ἐπειδήπερ
1726 667 1826 698 αὐτοὺς

1032 710 1065 736 ἐκ
1085 711 1134 745 τῆς
1150 710 1268 746 ἀρχαίας
1286 710 1394 746 ἐκείνης
1418 711 1464 738 καὶ
1485 711 1599 747 βεδήλου
1614 711 1826 748 ψευδολατρείας

1032 757 1073 788 είς
1095 756 1243 790 ἐπίγνωσιν
1266 756 1396 792 ἀληθείας
1428 757 1605 793 ἀνακομίζειν
1621 758 1717 793 ἤθελεν
1741 758 1755 784 ὁ
1777 758 1825 793 δη-

1033 802 1173 838 μιουργὸς,
1193 802 1236 828 ἴνα
1251 803 1287 838 μὴ
1298 801 1363 838 δοκῇ
1379 803 1408 829 ἐν
1425 803 1463 838 τῷ
1480 803 1518 839 μὴ
1536 803 1593 830 ὄντι
1606 803 1750 840 λατρεύειν
1764 804 1827 839 Θεῷ

1031 849 1092 879 ταῖς
1113 846 1160 874 τοῦ
1177 848 1299 880 Μωσέως
1316 849 1420 883 φωναῖς
1437 850 1677 885 πεφενακισμένοι,
1694 850 1825 886 ταύτῃτοι

1030 893 1174 928 χρησίμως
1187 893 1234 920 καὶ
1250 893 1301 928 τῆς
1323 894 1353 920 ὲν
1374 894 1472 926 τύποις
1483 895 1582 927 αὐτοὺς
1599 895 1726 928 θεοπτίας
1741 895 1822 929 ἀξιοῖ.

1029 938 1198 974 Βεδαιοτέρᾳ
1214 939 1268 974 γὰρ
1287 940 1377 966 πίστει
1399 941 1531 975 τιμᾶσθαι
1549 941 1622 975 φιλεῖ
1638 942 1672 968 τὰ
1684 941 1823 977 ὁρώμενα,

1029 983 1224 1011 Καθικνεῖσθαι
1242 984 1274 1020 δὴ
1300 982 1346 1011 οὖν
1375 985 1526 1020 ἁναφανδὺν
1547 986 1756 1020 ἐπαγγέλλεται,
1776 987 1824 1014 καὶ

1028 1029 1079 1056 οὐκ
1096 1031 1136 1061 είς
1161 1030 1279 1065 μακράν.
1306 1030 1365 1057 Ἵνα
1385 1031 1412 1057 δὲ
1439 1031 1533 1058 εἰδεῖεν
1554 1032 1594 1058 ὅτι
1617 1033 1674 1063 τοῖς
1688 1034 1728 1063 εἰς
1743 1032 1824 1059 τοῦτο

1027 1076 1110 1111 τιμῆς
1127 1076 1316 1111 κεκλημένοις.
1333 1077 1371 1109 ὡς
1395 1077 1548 1113 κατηκόους
1570 1087 1599 1104 τε
1621 1078 1678 1114 ἃμα
1690 1078 1739 1105 καὶ
1752 1078 1821 1105 θεω-

1028 1123 1092 1158 ροὺς
1105 1122 1232 1156 γενέσθαι
1249 1123 1296 1149 τοῦ
1313 1123 1392 1155 Θεοῦ,
1413 1124 1497 1158 ἧγουν
1517 1125 1566 1158 τῆς
1583 1124 1659 1156 θείας
1673 1124 1756 1151 αὐτοῦ
1773 1125 1821 1151 καὶ

1027 1167 1184 1203 ἀπορρήτου
1199 1167 1290 1202 δόξης,
1306 1168 1360 1194 ἔδει
1377 1169 1486 1200 πάντως
1503 1169 1551 1196 καὶ
1570 1169 1620 1204 τῆς
1636 1169 1710 1204 αὐτῷ
1731 1169 1822 1203 φιλαι-

1026 1214 1113 1247 τάτης
1126 1213 1249 1248 ἁγνείας,
1267 1214 1315 1241 καὶ
1334 1214 1470 1249 σαρκικῆς
1487 1215 1537 1249 μὲν
1551 1214 1723 1250 ἀκαθαρσίας
1733 1215 1822 1241 ἁπαλ-

1027 1260 1172 1287 λάττεσθαι
1191 1260 1318 1296 πρέπειν,
1334 1261 1382 1287 καὶ
1405 1260 1473 1295 πρός
1495 1268 1528 1294 γε
1548 1260 1579 1296 δὴ
1592 1260 1679 1295 τούτῳ
1695 1259 1726 1286 τὸ
1749 1261 1821 1287 εὐει-

1029 1308 1135 1342 ματείν,
1151 1307 1193 1333 ἵνα
1208 1307 1295 1342 ὀρθῶς
1306 1315 1336 1333 τε
1351 1307 1398 1334 καὶ
1413 1307 1589 1342 καθηκόντως
1603 1307 1632 1333 τὸ
1651 1308 1700 1342 τῆς
1723 1307 1820 1343 ἑορτῆς

1026 1353 1226 1380 ὑποπλὰττοιτο
1248 1353 1351 1388 σχῆμα.
1376 1353 1473 1389 Ἐορτὴ
1489 1353 1544 1388 γὰρ
1561 1353 1645 1385 ὖντως
1669 1353 1718 1380 καὶ
1743 1353 1821 1385 ἀξιά-

1026 1408 1125 1434 γαστος
1148 1399 1179 1426 τὸ
1198 1400 1249 1434 τῆς
1261 1399 1333 1426 οὕτω
1349 1399 1517 1435 περιφανοῦς
1532 1398 1674 1431 ἀξιοῦσθαι
1690 1399 1818 1435 θεωρίας.

1029 1445 1088 1472 Ἔτι
1110 1446 1160 1480 μὲν
1188 1445 1234 1472 καὶ
1254 1444 1482 1480 ἁποκαθήρασθαι
1504 1444 1620 1476 κελεύει,
1638 1445 1685 1472 καὶ
1700 1445 1823 1478 γυναίων

1028 1490 1078 1525 μὲν
1100 1489 1210 1525 ὁμιλίας
1234 1489 1402 1525 ἀποφοιτᾴν,
1428 1489 1475 1516 καὶ
1492 1490 1532 1521 είς
1547 1490 1643 1525 τρίτην
1659 1490 1756 1521 αὐτοὺς
1769 1489 1822 1524 τὴν

1026 1536 1189 1571 ἐγκράτειαν
1212 1535 1310 1562 τείνειν
1334 1535 1452 1570 ἡμέραν.
1484 1534 1698 1562 Ἀποπλύνεσθαι
1719 1535 1748 1561 δὲ
1772 1536 1819 1561 καὶ

1025 1582 1094 1609 αὐτὰ
1105 1581 1271 1618 προστέταχε
1286 1581 1319 1608 τὰ
1335 1582 1433 1616 ἄμφισι.
1450 1578 1488 1608 Οὗ
1501 1582 1547 1608 καὶ
1556 1582 1596 1612 είς
1608 1582 1694 1616 πέρας
1707 1582 1820 1616 ἐνηνεγ-

1026 1627 1118 1662 μένου⁶
1143 1636 1152 1652 ι
1184 1626 1317 1660 Ἐγένετο,
1333 1627 1410 1661 φησὶ,
1435 1627 1467 1661 τῇ
1486 1626 1577 1661 ἡμέρᾳ
1591 1627 1624 1662 τῇ
1640 1625 1718 1661 τρίτῃ
1733 1634 1815 1660 γενη-

1025 1673 1118 1705 θέντος
1137 1673 1204 1708 πρὸς
1224 1672 1333 1709 ὄρθρον,
1356 1673 1480 1707 ἐγένοντο
1497 1673 1585 1707 φωναὶ
1599 1673 1648 1699 καὶ
1664 1673 1818 1708 ἀστραπαὶ,

1024 1720 1071 1746 καὶ
1083 1719 1195 1754 νεφέλαι
1217 1719 1366 1754 γνοφώδεις
1393 1719 1436 1745 ἐπ’
1464 1719 1544 1754 ὅρους
1569 1719 1643 1745 Σινᾶ.
1669 1718 1747 1754 Φωνὴ
1767 1719 1817 1753 τῆς

1024 1764 1174 1798 σάλπιγγος
1188 1764 1248 1799 ἤχει
1265 1764 1348 1799 μέγα.
1364 1763 1419 1790 Καὶ
1440 1763 1560 1799 ἐπτοήθη
1579 1765 1632 1795 πᾶς
1646 1765 1660 1790 ὁ
1676 1763 1739 1795 λαὸς
1756 1765 1769 1790 ό
1787 1765 1816 1790 ἐν

1022 1812 1056 1846 τῇ
1076 1810 1248 1846 παρεμϐολῇ.
1278 1809 1334 1836 Καὶ
1357 1808 1475 1843 ἐξήγαγε
1501 1809 1604 1844 Μωσῆς
1623 1809 1669 1836 τὸν
1693 1809 1756 1835 λαὸν
1775 1811 1816 1841 εἰς

1021 1857 1072 1892 τὴν
1099 1856 1261 1890 συνάντησιν
1282 1854 1328 1881 τοῦ
1353 1854 1421 1881 Θεοῦ
1438 1855 1470 1880 ὲκ
1492 1855 1541 1889 τῆς
1562 1854 1749 1890 παρεμϐολῆς,
1767 1857 1816 1882 καὶ

1023 1902 1198 1938 παρέστησαν
1207 1901 1258 1928 ὑπὸ
1267 1900 1297 1928 τδ
1306 1901 1378 1936 ὅρος.
1387 1900 1424 1927 Τὸ
1431 1901 1459 1927 δὲ
1469 1901 1531 1936 ὅρος
1539 1901 1569 1927 τὸ
1578 1901 1642 1928 Σινᾶ
1652 1901 1815 1934 ἐκαπνίζετο

1022 1949 1082 1977 ὅλον
1093 1949 1137 1975 διὰ
1150 1947 1404 1983 τὸκαταϐεϐηκὲναι
1416 1948 1462 1974 τὸν
1475 1947 1541 1974 Θεὸν
1553 1948 1596 1973 ἐπ’
1612 1947 1678 1974 αὖτίι
1688 1949 1717 1974 ἐν
1735 1948 1813 1983 πυρί·

1022 1996 1069 2022 καὶ
1093 1994 1235 2022 ἀνέϐαινεν
1259 1995 1273 2020 ὁ
1295 1994 1408 2026 καπνὸς,
1430 1994 1468 2025 ὡς
1489 1993 1592 2025 καπνὸς
1616 1993 1730 2029 καμίνου
1743 2001 1749 2008 ·
1768 1995 1816 2020 καὶ

1021 2042 1117 2077 ἐξέστη
1137 2042 1191 2073 πᾶς
1206 2041 1221 2067 ὁ
1241 2040 1305 2072 λαὸς
1328 2041 1440 2076 σφόδρα.
1464 2040 1602 2074 Ἐγένοντο
1629 2040 1657 2066 δὲ
1682 2041 1710 2066 αἱ
1726 2041 1813 2075 φωναὶ

1020 2089 1072 2123 τῆς
1098 2088 1247 2122 σάλπιγγος
1271 2086 1468 2122 προϐαίνουσαι
1497 2087 1672 2122 ἰσχυρότεραι
1698 2086 1812 2122 σφόδρα.

1021 2134 1125 2169 Μωσῆς
1141 2133 1242 2166 ἐλάλει,
1257 2133 1271 2159 ὸ
1288 2133 1317 2160 δὲ
1332 2132 1398 2165 Θεὸς
1415 2133 1582 2168 ἀπεκρίνατο
1599 2132 1674 2168 αὐτῷ
1695 2135 1781 2169 φωνῇ.
1801 2142 1810 2158 ι

1022 2181 1069 2217 Νῴ
1085 2181 1134 2216 μὲν
1155 2180 1210 2215 γὰρ
1234 2180 1329 2215 ὁρᾶται
1358 2179 1434 2215 μόλις
1458 2180 1474 2214 ἡ
1502 2179 1642 2214 ὑπερτάτη
1668 2180 1714 2205 καὶ
1743 2179 1813 2213 ἀνῳ-

177 2224 335 2253 ministrare
357 2229 536 2258 cerneretur,
558 2230 639 2260 atque
668 2226 751 2261 hujus
772 2227 894 2255 universi
914 2228 970 2256 Deo

1027 2227 1140 2263 κισμένη
1168 2227 1260 2262 φύσις,
1285 2227 1332 2253 καὶ
1360 2227 1377 2261 ἡ
1405 2225 1506 2257 παντὸς
1532 2226 1661 2252 ἐπέκεινα
1686 2225 1812 2260 γενητοῦ.

177 2271 312 2299 cervicem
334 2271 368 2298 ad
386 2271 560 2299 serviendum
583 2272 755 2300 submittere.
773 2273 860 2301 Moses
877 2274 969 2309 itaque

178 2316 306 2343 lsraelem
328 2317 506 2351 perterritum
528 2316 680 2351 educebat,
702 2322 731 2345 et
752 2319 896 2347 constituit
917 2321 969 2348 sub

178 2367 316 2396 montem;
330 2363 403 2397 quod
416 2367 507 2390 autem
520 2363 588 2390 nihil
600 2364 663 2391 mali
681 2364 788 2399 passuri
805 2371 906 2399 essent,
920 2367 967 2394 sed

179 2409 326 2437 Dominum
345 2410 492 2445 benignum
505 2419 536 2438 ac
547 2411 696 2446 propitium
713 2412 846 2446 habituri,
859 2415 967 2449 praedo—

177 2455 244 2484 cuit.
261 2457 383 2485 Accensa
404 2462 495 2485 autem
517 2462 610 2485 monte
625 2459 716 2486 fumus
731 2467 840 2487 sursum
858 2461 967 2489 fereba-

134 2497 142 2502 ⁷
178 2508 233 2537 tur,
255 2505 381 2538 altusque
402 2504 475 2531 tuba:
496 2504 603 2532 sonitus
622 2505 755 2533 edebatur
769 2516 775 2534 :
788 2507 835 2542 qui
855 2508 966 2543 quidem

177 2549 256 2576 initio
272 2548 421 2581 remissior,
440 2553 534 2584 postea
547 2558 612 2577 vero
628 2550 770 2583 intensior,
786 2560 818 2580 ac
836 2554 966 2588 paulatim

178 2596 206 2622 in
221 2595 411 2622 acutissimum
431 2595 587 2631 clangorem
607 2598 772 2632 procedens.
795 2599 899 2627 Deinde
919 2600 968 2628 de-

131 2657 143 2663 -
177 2642 285 2669 scendit
308 2642 336 2668 in
362 2647 481 2670 montem
509 2643 701 2672 universorum
726 2645 799 2673 Deus
824 2646 851 2673 in
877 2647 968 2681 specie

178 2687 258 2722 ignis.
277 2697 286 2713 ι
309 2687 455 2715 Descendit
474 2689 557 2721 enim,
580 2689 627 2721 ait,
642 2689 774 2717 Dominus
789 2699 872 2726 super
891 2699 969 2718 mon-

179 2738 233 2760 tem
249 2733 335 2765 Sinai,
348 2742 430 2769 super
444 2742 576 2763 cacumen
591 2736 702 2769 montis,
717 2742 745 2764 et
757 2738 863 2764 vocavit
878 2738 970 2765 Domi-

179 2787 231 2806 nus
246 2779 337 2808 Mosen
353 2780 379 2807 in
401 2781 531 2808 verticem
550 2783 659 2809 montis.
678 2782 709 2809 Et
731 2783 854 2810 ascendit
872 2783 969 2814 Moses,

215 2871 237 2885 “
252 2870 337 2900 Exod.
353 2879 406 2905 xux,
429 2867 506 2899 l0—l3
556 2874 574 2886 "
593 2873 693 2900 .lcreni.
713 2874 786 2906 u,i’.7.

1029 2274 1139 2310 Ἐπειδὴ
1161 2274 1190 2300 δὲ
1217 2273 1429 2308 ὲμφανεστέρων
1455 2273 1546 2304 αὐτοῖς
1571 2272 1761 2308 πραγμάτων,
1781 2273 1814 2299 τὰ

1021 2321 1071 2356 τῆς
1088 2320 1216 2351 θεοπτίας
1227 2319 1365 2354 χρειωδῶς
1377 2319 1568 2354 ὲξεπράττετο,
1579 2318 1707 2354 ταύτῃτοι
1721 2318 1815 2344 λοιπὸν

1021 2366 1170 2400 ἀναγκαῖος
1183 2365 1231 2400 τῆς
1251 2364 1407 2399 οἰκονομίας
1423 2365 1436 2391 ὁ
1451 2364 1552 2400 τρόπος
1562 2364 1607 2391 διὰ
1622 2364 1727 2391 πολλῶν
1743 2364 1813 2400 ὲχώ-

1024 2422 1064 2448 ρει
1079 2412 1226 2448 δειμάτων.
1240 2411 1328 2438 Φωναὶ
1340 2410 1394 2447 γὰρ
1411 2409 1480 2446 ἦσαν
1495 2411 1543 2437 καὶ
1562 2410 1704 2446 ἀστραπαὶ
1718 2419 1815 2438 συνεκ-

1022 2458 1181 2488 πίπτουσαι,
1204 2457 1380 2492 σννηγείρετο
1409 2455 1438 2483 δὲ
1466 2457 1513 2482 καὶ
1536 2456 1636 2491 νεφέλη
1651 2456 1792 2491 γνοφώδης
1808 2465 1814 2472 ·

1022 2505 1065 2531 ἵνα
1099 2505 1145 2531 καὶ
1176 2505 1192 2539 ἡ
1221 2503 1310 2534 κτίσις
1338 2502 1512 2538 ὑπηρετοῦσα
1543 2503 1682 2538 φαίνηται,
1705 2503 1753 2529 καὶ
1777 2503 1814 2538 τῷ

1021 2551 1075 2578 τῶν
1088 2551 1156 2578 ὅλων
1174 2550 1232 2585 Θεῷ
1248 2549 1340 2576 δοῦλον
1353 2549 1544 2577 ὑποϐάλλουσα
1562 2550 1607 2576 τὸν
1621 2549 1733 2585 αὐχένα.
1760 2551 1814 2576 Κα-

1022 2597 1211 2632 ταπεφρικότα
1227 2596 1316 2623 τοίνυν
1328 2595 1372 2622 τὸν
1394 2596 1502 2632 Ἰσραὴλ
1512 2595 1671 2631 ἐξεκόμισεν
1681 2597 1696 2622 ὁ
1712 2595 1814 2630 Μωσῆς

1023 2644 1069 2670 καὶ
1086 2643 1251 2678 παρίστησιν
1276 2642 1321 2668 ἐπὶ
1340 2642 1369 2668 τὸ
1391 2641 1470 2677 ὅρος·
1494 2642 1536 2668 ὅτι
1553 2641 1586 2677 δὴ
1602 2642 1741 2669 πείσονται
1762 2641 1818 2668 τῶν

1023 2690 1187 2717 ἀδικούντων
1204 2689 1291 2722 οῢδὲν,
1309 2689 1366 2715 ἀλλ’
1386 2689 1484 2725 ἡμέρῳ
1511 2689 1555 2716 καὶ
1571 2689 1667 2724 ἀγαθῷ
1688 2688 1818 2724 περιτεᾶ-

1024 2736 1112 2768 ξονται
1140 2735 1178 2771 τῷ
1210 2735 1342 2771 Δεσπύτῃ,
1365 2737 1640 2771 προμυστατωγῆσας
1666 2736 1736 2770 τάχα

1024 2791 1115 2817 φησιν.
1151 2782 1361 2816 ’Δνικαιομένου
1390 2782 1416 2808 δὲ
1450 2783 1495 2808 τοῦ
1522 2782 1612 2817 ὅρους,
1641 2782 1739 2809 zzz-4').
1765 2779 1815 2814 μὶν

827 2875 848 2890 ""
861 2874 946 2902 Exod.
965 2883 1018 2908 MS,
1042 2874 1130 2901 lG-l‘J.
