1997 3059
166 136 221 166 505

169 191 216 220 οὖν
227 191 273 219 καὶ
288 192 325 225 ὼς
335 193 464 229 ὶνὴμιρᾳ
476 193 555 229 τρίτῃ
568 193 756 230 καταϐέϐηκεν
764 196 778 221 6
791 195 961 230 Μονογενής.
978 199 999 226 Α

176 238 329 274 Ἀστραπαὶ
352 238 380 265 δὲ
405 235 475 274 ἦσαν
505 239 547 265 ἐπ’
572 239 652 275 ὅρους
677 241 763 273 Σινᾶ,
790 241 837 267 καλ.
863 240 963 275 νεφέλη

172 284 322 319 γνοφώδης.
360 285 414 312 Καὶ
449 286 578 321 ἀστραπὴ
619 286 688 322 μὲν,
728 287 768 317 εἰς
801 286 884 314 τύπον
916 287 963 314 τοῦ

171 329 244 356 θείου
263 330 362 364 φωτὸς,
391 331 438 357 καὶ
477 331 526 367 τῆς
563 332 664 367 νοητῆς
699 332 787 368 αὒγῆς
804 352 811 364 ,
843 332 964 368 δηλονότι

169 375 217 402 τοῦ
239 376 268 402 ὲν
295 376 448 412 πνεύματι,
465 376 510 404 διὰ
533 377 651 413 Χριστοῦ
680 378 911 414 καταλαμπούσης
930 378 964 404 τὰ

175 421 338 456 σύμπαντα,
357 422 404 449 καὶ
433 423 594 458 διαθεούσης
612 423 661 460 τὴν
677 424 723 452 ὑπ’
737 425 862 460 οὐρανόν.
887 423 965 450 Οὕτω

171 467 226 503 γάρ
242 476 292 495 που
314 468 361 494 καὶ
380 469 394 494 6
410 469 552 504 προφήτης
573 469 707 503 ἀνεφώνει
730 469 816 503 λέγων
836 469 902 503 πρὸς
919 469 965 496 τὸν

171 512 225 539 τῶν
247 513 315 539 ὅλων
329 512 394 540 Θεὸν
416 513 463 539 καὶ
485 513 600 549 Σωτῆρα
620 513 747 549 Χριστόν·
780 523 789 539 ι
811 514 929 548 Ἔφανεν
946 513 963 547 ή

172 557 299 592 ἀστραπὴ
315 565 361 584 σου
378 558 410 593 τῇ
424 557 579 594 οἰκουμένῃ.
597 567 606 583 ι
627 558 682 584 Καὶ
701 558 731 584 οὺ
749 558 780 593 δή
796 557 847 585 πού
864 565 964 592 φαμεν,

172 604 213 630 ὅτι
233 603 284 638 τῆς
307 603 337 635 ἐξ
362 603 440 630 ὑετοῦ
465 603 653 639 γεγενημένης
678 603 824 639 ἀστραπῆς
848 604 966 630 ἐποιεῖτο

175 648 296 684 μνήμην·
312 648 380 681 ἀλλ’,
398 649 436 680 ὡς
453 648 520 684 ἔφην
534 649 647 685 ἀρτίως,
666 649 715 684 τὴν
729 649 776 676 τοῦ
792 649 887 684 νοητοῦ
910 657 967 684 φω-

173 694 219 726 τὸς
241 694 397 730 ἀνὰλαμψιν
414 694 453 730 τῷ
475 695 525 730 τῆς
547 696 692 731 ἀστραπῆς
713 696 826 730 ὀνόματι
845 703 966 730 καταση-

176 741 282 773 μαίνειν
294 741 398 777 ἤθελεν.
416 742 476 769 ’Ότι
494 742 522 768 δὲ
537 742 722 769 δυσκάτοπτον
735 741 843 775 ἀληθῶς
859 741 888 768 τὸ
901 741 967 777 Χρι-

175 787 238 814 στοῦ
251 779 409 823 μυστήριον,
424 789 608 824 ὑπεμφήνειεν
621 788 654 815 ἂν
672 789 686 814 6
703 789 811 823 γνόφος.
834 788 889 814 Καὶ
902 787 967 822 γοῦν

175 834 222 859 καὶ
234 834 315 865 αὐτὸς
325 835 339 860 6
352 835 486 870 μακάριος
497 834 590 867 Δαὸὶδ,
604 831 654 861 ὦδέ
664 844 702 870 πη
717 834 827 866 συνιεὶς,
842 833 967 869 καθάπερ

175 877 292 915 ἐγῷμαι,
310 881 549 916 προανακεκράγει
564 881 661 915 λέγων’
681 890 689 906 ι
707 881 762 908 Καὶ
775 880 851 907 ἔθετο
872 880 966 912 σκότος
986 888 1005 916 Β

176 927 336 962 ἁποκρυφὴν
350 927 443 959 αὑτοῦ,
459 927 551 962 κύκλῳ
563 926 646 954 αὑτοῦ
661 928 676 962 ἡ
692 926 779 962 σκηνὴ
792 926 885 953 αὑτοῦ·
907 935 969 953 σκο-

175 972 263 998 τεινὸν
283 971 354 1007 ὕδωρ
369 973 397 998 ἐν
415 971 539 1005 νεφέλαις
558 972 656 1006 ἀέρων.
680 971 746 997 Ἀπὸ
766 972 815 1006 τῆς
831 970 969 1004 τηλαυγή-

178 1027 245 1050 σεως
259 1017 374 1045 ἐνώπιον
389 1017 470 1044 αὑτοῦ
484 1019 511 1044 at!
535 1018 646 1052 νεφέλαι
664 1017 782 1052 διῆλθον.
806 1028 815 1043 ι
839 1018 969 1053 Κεκρυμ-

180 1063 258 1098 μένον
273 1064 327 1098 γὰρ
342 1063 427 1095 οὕτως
441 1063 540 1090 ter-.116
555 1062 673 1098 Χριστοῦ
688 1062 846 1098 μυστήριον.
864 1063 900 1093 ὡς
915 1061 970 1088 δεῖ-

178 1110 240 1135 αυαι
256 1110 450 1144 μυσταγωγῐας
464 1109 512 1144 τῆς
524 1108 638 1140 ἄνωθεν,
652 1108 700 1135 καὶ
713 1108 909 1143 ἀποκαλύψεως
921 1108 970 1143 τῇς

179 1155 253 1190 παρά
265 1155 344 1182 Θεοῦ.
364 1155 465 1182 "limus
486 1155 552 1189 γοῦν
566 1155 580 1182 6
598 1155 702 1190 Πέτρος
716 1152 746 1181 εῦ
765 1154 848 1189 μάλα,
870 1153 971 1185 συνιεὶς

177 1200 222 1226 τὸν
237 1201 265 1227 ὲν
277 1201 359 1236 σαρκὶ
371 1201 510 1236 πεφηνξτα
521 1200 588 1227 Θεὸν
605 1200 701 1235 Λόγον,
715 1199 762 1227 καὶ
775 1199 882 1234 ἀληθῶς
893 1199 968 1225 Υἱόν·

181 1257 189 1272 ι
206 1247 347 1283 Μακάριος
362 1245 397 1279 εἷ,
412 1248 503 1284 Σίμων
520 1247 572 1283 βαρ
592 1248 679 1279 Ἰωνᾶ,
697 1247 738 1273 ὅτι
756 1246 824 1282 σὰρξ
840 1246 887 1274 καὶ
902 1243 971 1281 αἷμα

178 1295 226 1321 οὒκ
241 1294 400 1329 ἀπεκάλυψέ
417 1303 474 1326 σοι,
495 1295 553 1321 ἀλλ’
568 1296 582 1321 ὀ
605 1295 700 1330 Πατήρ
721 1303 770 1329 μου
784 1294 798 1320 6
815 1295 844 1320 ὲν
855 1295 909 1326 τοῖς
924 1293 972 1320 οὗ‹

180 1342 279 1376 ρινοῖς.
294 1351 303 1368 ι
326 1341 505 1377 Ἑγνωρίσοαι
525 1342 554 1368 δὲ
576 1342 623 1369 καὶ
635 1342 648 1368 6
664 1341 769 1373 Παῦλος
788 1339 972 1368 διεῦεδαιοῦτο

178 1387 266 1423 ἐαυτῷ
281 1388 311 1415 τὸ
326 1389 476 1424 μυστήριον
491 1389 563 1415 κατὰ
576 1387 748 1423 ἀποκάλυψιν
760 1387 839 1414 Θεοῦ.
854 1385 969 1418 οὐκοῦν,

177 1433 207 1459 τ’]
223 1434 382 1469 ἀσυμφανὲς
397 1434 446 1469 τῆς
460 1433 586 1469 γνώσεως
599 1434 612 1460 6
631 1433 731 1468 γνόφος
749 1433 834 1469 δηλοῖ.
859 1432 969 1459 ’Λνακέ-

179 1489 265 1515 κραγε
279 1480 307 1506 δὲ
320 1480 367 1507 καὶ
383 1481 396 1515 ἡ
411 1480 539 1515 σάλπιγξ,
553 1479 607 1507 τῶν
620 1478 806 1514 εὑαγγελικῶν
819 1478 971 1513 θεσπισμά-

178 1535 232 1553 των
244 1526 274 1552 τὺ
285 1525 383 1562 εῠηχες
395 1526 593 1561 ἀποφαίνουσα.
614 1526 670 1553 Καὶ
686 1524 751 1560 γοῦν
773 1524 824 1560 ἔφη
842 1533 891 1551 που
905 1523 971 1556 Θεὸς

178 1573 222 1599 διὰ
246 1574 336 1608 φωνῆς
362 1573 415 1599 τῶν
442 1572 587 1608 προφητῶν
609 1574 666 1604 τοῖς
699 1571 834 1598 Ἰουδαίων
857 1571 968 1606 δήμοις’
984 1558 1007 1588 C

181 1628 191 1644 ι
213 1619 377 1654 Καοέστηκα
389 1619 430 1653 ἐτ’
449 1619 520 1654 ὑμᾶς
537 1618 665 1650 σκοπούς.
693 1618 840 1645 Ἀκούσατε
855 1617 904 1652 τῆς
917 1625 972 1650 φω-

178 1664 228 1698 νῆς
249 1664 408 1698 σάλπιγγος.
433 1665 488 1691 Καὶ
515 1662 606 1690 εἶπαν·
634 1664 692 1690 Οὐκ
717 1663 900 1698 ἀκουσόμεθα.
923 1662 972 1688 Διά

179 1709 260 1736 τοῦτο
275 1710 393 1745 ηκουσα-ι
410 1710 443 1736 τὰ
455 1710 518 1745 ἔθνη
529 1730 536 1742 ,
553 1710 601 1737 καὶ
620 1711 644 1736 οἱ
660 1709 847 1744 ποιμαίνοντες
866 1709 901 1735 τὰ
913 1708 972 1734 ποε-

181 1764 246 1790 μνια
257 1756 285 1781 ὲν
298 1755 400 1787 αὐτοῖς.
415 1756 524 1787 Ἀκουε,
539 1756 584 1790 γῆ·
609 1754 675 1781 Ἰδοὺ
689 1755 785 1788 ἐπάγω
797 1753 844 1780 ἐπὶ
856 1753 898 1780 τὸν
910 1753 973 1779 λαὸν

179 1801 274 1828 τοῦτον
285 1801 368 1833 κακὰ,
383 1801 428 1828 τὸν
448 1801 553 1837 καρπὸν
566 1800 744 1836 ἀποστροφῆς
762 1799 863 1832 αὐτῶν,
881 1800 922 1826 ὅτι
934 1799 973 1834 τῷ

180 1847 251 1882 λόγῳ
276 1856 326 1882 μου
348 1848 378 1873 οὐ
400 1847 559 1882 προσέσχον,
583 1847 630 1874 καὶ⁹
650 1847 696 1873 τὸν
720 1846 801 1882 νόμον
825 1855 875 1881 μον
897 1845 973 1872 ἀπὼ-

181 1902 271 1920 σειντο.
295 1903 303 1918 ι
323 1892 471 1928 Πεφώνηκε
490 1893 537 1928 μὲν
557 1893 611 1928 γὰρ
627 1894 690 1928 παρ’
711 1893 802 1924 αὐτοῖς
820 1893 837 1927 ἡ
857 1892 974 1926 σάλπιγξ

180 1939 224 1966 διὰ
244 1939 298 1966 τῶν
320 1940 396 1975 παρά
422 1939 489 1966 Θεοῦ
514 1939 633 1971 σκοπῶν,
655 1939 794 1971 τουτέστι,
816 1938 869 1966 τῶν
889 1938 974 1972 ἁγίων

181 1984 348 2011 ἀποστόλων.
378 1984 619 2019 Κεχειροτόνηνται
639 1983 694 2019 γὰρ
715 1984 756 2018 ἐφ’
776 1984 849 2018 ἡμᾶς
867 1983 973 2009 σκοποί.

185 2040 193 2056 ‹
217 2030 286 2056 Ἀλλ’
305 2029 389 2057 εἶπον·
413 2031 469 2056 Οὐκ
489 2029 671 2065 ἀκουσόμεθα.
690 2029 738 2056 Διὰ
758 2029 836 2056 τοῦτο
855 2030 974 2064 ἤκουσαν

181 2078 216 2104 τὲ.
235 2077 309 2113 ἔθνη.
327 2087 336 2104 ι
358 2078 414 2104 Καὶ
436 2077 534 2108 αὐτοὺς
555 2077 584 2103 δὲ
609 2077 674 2108 τοὺς
697 2076 791 2110 ἁγίους
820 2076 974 2111 εὑρήσομεν

184 2123 307 2159 μαθητὰς
319 2143 326 2155 ,
352 2125 416 2156 τοὺς
426 2123 578 2159 ἀναφανδὸν
595 2123 740 2158 εἰρηκότας
759 2123 815 2153 τοῖς
841 2121 976 2148 Ἰουδαίων

181 2171 256 2202 λαοῖς
268 2179 274 2185 ·
293 2180 303 2197 ι
336 2170 415 2206 Ὑμῖν
439 2171 588 2204 ἀναγκαῖον
608 2169 716 2206 πρῶτον
736 2168 852 2203 λαλῆσαι
871 2168 917 2194 τὸν
934 2168 977 2194 λόο

182 2225 230 2250 γον
249 2215 296 2243 τοῦ
314 2216 393 2244 Θεοῦ.
419 2216 529 2252 Ἐπειδὴ
541 2216 569 2242 δὲ
584 2215 737 2242 ἀπωθεῖσθε
754 2215 844 2246 αὑτὸν,
861 2214 909 2241 καὶ
923 2214 972 2240 οὐκ
991 2231 1010 2257 D

182 2263 274 2295 ἀξίους
290 2263 362 2298 ὑμᾶς
376 2262 474 2293 αὐτοὺς
495 2262 602 2298 κρίνετε
621 2262 670 2297 τῆς
686 2261 795 2288 αἰωνίου
814 2261 897 2295 ζωῆς,
918 2260 972 2287 ιδιιῦ

183 2309 356 2344 στρεφόμεθα
381 2310 421 2340 εἰς
454 2308 488 2335 τὰ
521 2308 596 2343 ἔθνη.
634 2307 711 2334 Οὕτω
739 2308 792 2342 γὰρ
832 2306 975 2333 ὲντέταλκε

183 2356 250 2390 ἡμῖν
285 2356 300 2382 6
330 2355 441 2390 Κύριος.
475 2365 484 2380 ι
517 2354 651 2388 Σάλπιγγι
677 2353 704 2380 δὲ
735 2353 898 2388 παρεικάζει
932 2352 976 2379 διὰ

183 2401 237 2427 τῶν
266 2401 383 2435 Χριστοῦ
411 2401 597 2436 κηρυγμάτων
626 2400 674 2435 τὴν
708 2400 853 2434 εὐφωνίαν,
886 2399 934 2426 καὶ
963 2399 975 2425 6

185 2447 320 2482 μακάριος
343 2447 456 2479 Ἡσαΐας
477 2447 564 2482 λέγων
585 2447 649 2481 περὶ
668 2446 714 2473 τοῦ
732 2445 829 2482 καιροῦ
857 2445 904 2480 τῆς
923 2446 977 2472 ἑπι-

183 2492 284 2527 ὂημὶας
298 2500 303 2506 ·
319 2493 388 2520 «Kal.
399 2493 487 2525 ἔσται,
519 2494 552 2521 ἰν
612 2493 704 2528 ἡμέρᾳ
717 2492 819 2527 ἐκείνῃ,
831 2491 976 2518 σαλπιοῦσι

184 2541 217 2574 τῇ
239 2539 368 2573 σάλπιγγι
382 2541 415 2575 τῇ
438 2540 554 2575 μεγάλῃ.
575 2550 584 2566 ι
608 2539 728 2573 Σάλπιγξ
749 2539 797 2573 μὲν
817 2538 871 2573 γὰρ
893 2538 940 2564 καὶ
964 2539 978 2564 ὀ

184 2586 277 2620 νόμος.
297 2585 354 2611 ἀλλ’
374 2584 407 2621 ἦν
427 2585 600 2621 ἰσχνόφωνος,
622 2587 669 2612 καὶ
690 2585 906 2620 βραδύγλωσσος.
928 2584 977 2610 Διὸ.

185 2632 264 2658 τοῦτο
282 2633 328 2658 καὶ
346 2633 468 2667 Μωσῆς,
489 2633 530 2659 ὅτι
553 2633 600 2659 καὶ
619 2632 693 2667 μόλις
713 2633 753 2663 εἰς
774 2631 858 2666 μόνην
877 2630 975 2664 ἐφώνει

184 2678 235 2712 τὴν
268 2678 409 2710 Ἰουδαίαν,
436 2680 465 2706 ὲν
531 2679 577 2705 καὶ
594 2679 689 2713 γέγονε
715 2678 834 2712 γνωστὸς
858 2677 872 2703 6
899 2676 974 2707 Θεός.

185 2723 307 2758 Σάλπιγξ
325 2725 353 2751 δὲ
371 2725 386 2760 ἡ
415 2725 537 2760 μεγάλη,
556 2725 683 2760 Χριστὸς,
704 2724 763 2759 ἦτοι
781 2723 815 2750 τὰ
841 2723 873 2750 δι’
894 2720 976 2749 αὑτοῦ

239 2828 248 2843 ‘
262 2827 331 2855 Psal.
345 2836 414 2858 xcvi,
433 2829 452 2855 l.
509 2829 518 2843 ³
534 2829 603 2855 Psal.
624 2836 691 2858 xui,
709 2827 759 2859 l2,
777 2826 817 2852 15.

672 139 933 168 GLAPHYRORUM
954 139 988 167 IN
1005 139 1149 168 EXODUM
1169 139 1234 168 LlB.
1253 139 1296 167 Ill.

860 2826 867 2840 ‘
884 2825 979 2852 Matth.
995 2833 1055 2852 xvi.
1080 2824 1120 2850 l7.

1755 139 1806 167 SHB

1014 196 1085 228 luce,
1100 200 1128 223 et
1141 196 1218 231 quasi
1234 195 1316 223 tertio
1330 195 1374 222 die
1385 194 1529 222 descendit
1538 195 1699 230 Unigenitus
1723 197 1807 225 l‘orto

1015 241 1122 277 fulgura
1139 246 1218 269 erant
1233 243 1260 269 in
1278 246 1370 269 monte
1387 241 1473 272 Sinai,
1495 245 1523 268 et
1540 241 1629 269 nubes
1648 242 1806 278 caliginosa.

1015 286 1134 323 Fulgura
1159 292 1223 316 sunt
1250 292 1330 324 typus
1354 287 1455 314 divina:
1481 287 1550 314 lueis
1575 291 1603 314 et.
1628 287 1808 323 intelligibilis

1014 333 1170 368 splendoris
1183 343 1189 361 ε
1202 341 1301 368 nempe
1316 334 1376 368 ejus
1386 341 1445 368 qua:
1458 332 1485 359 in
1494 332 1598 367 Spiritu
1610 339 1658 366 per
1667 332 1806 361 Christum

1016 379 1136 406 illustrat
1160 380 1298 410 universa.
1326 383 1469 413 totumque
1494 377 1588 404 orbem
1617 378 1750 412 pervadit.
1769 378 1808 407 lla

1015 424 1089 451 enim
1104 424 1182 458 321
1204 423 1305 451 alicubi
1322 423 1455 458 propheta
1471 422 1556 449 David
1573 422 1672 449 clamat
1694 423 1729 449 ad
1749 423 1810 450 Sal-

1017 475 1138 497 vatorem
1150 470 1273 496 omnium
1284 469 1378 496 Iesum
1394 468 1545 500 Christum,
1567 477 1575 493 ι
1591 467 1741 494 llluxerunt
1754 467 1809 494 ful-

1016 523 1084 551 gura
1101 517 1160 551 ejus
1174 515 1236 542 orbi
1256 520 1337 542 terra:
1348 515 1368 541 ¹.
1388 524 1396 539 ι
1415 514 1508 549 Neque
1520 521 1585 540 vero
1602 513 1721 540 dicimus
1736 513 1808 547 quod

1016 560 1062 587 hic
1075 560 1156 588 faciat
1175 560 1342 587 mentionem
1359 559 1492 594 fulgetrat,
1509 567 1569 593 qum
1583 567 1616 586 ex
1635 559 1727 593 pluvia
1741 559 1810 586 facta

1016 607 1078 639 fuit,
1093 607 1151 639 sed,
1173 606 1295 634 utmodo
1307 607 1374 639 dixi,
1394 615 1443 641 per
1463 613 1563 633 nomen
1587 605 1709 640 fulgetra:
1724 605 1812 632 voluit

1016 653 1171 689 signiﬁcare
1183 653 1369 688 elfulgentiam
1389 657 1417 680 et
1441 652 1659 680 eoruscationem
1680 652 1750 679 lueis
1768 652 1811 678 in—

1017 698 1169 732 telligibilis
1180 702 1262 732 atque
1278 697 1388 724 dii-inm.
1405 697 1539 725 Caeterum
1555 697 1628 731 quod
1644 704 1739 724 revera
1757 696 1811 723 dif-

1019 745 1126 772 ﬁculter
1152 744 1275 779 conspici
1289 747 1372 779 queat
1384 743 1486 771 Christi
1503 744 1674 779 mysterium,
1685 742 1811 770 subiudi-

1017 791 1120 818 caverit
1137 791 1185 818 tibi
1210 791 1267 818 bree
1287 790 1384 825 caligo.
1406 789 1486 818 Certe
1502 794 1530 816 et
1547 790 1644 817 beatus
1665 789 1750 816 David
1774 789 1812 816 ita

1018 836 1156 872 intelligit.
1172 837 1253 864 sicuti
1277 836 1407 872 equidem
1431 836 1563 867 arbitror,
1590 836 1655 863 dum
1682 835 1720 862 ita
1746 835 1811 862 alibi

1020 882 1174 909 exclamat:
1196 892 1204 907 ι
1223 883 1257 909 Et
1272 882 1363 917 posuit
1375 882 1501 909 tenebras
1512 881 1656 908 latibulum
1673 888 1764 912 suum,
1785 880 1813 906 in

1022 927 1141 955 circuitu
1158 928 1218 962 ejus
1230 927 1439 954 tabernaculum
1451 928 1510 962 ejus
1524 936 1531 954 :
1545 927 1689 954 tenebrosa
1701 934 1772 961 aqua
1786 926 1814 953 in

1021 973 1142 1001 nubibus
1159 973 1240 1000 aeris.
1264 973 1286 1000 Α
1303 972 1407 1008 fulgore
1428 980 1519 1000 coram
1549 980 1582 1000 eo
1601 973 1690 1001 nubes
1724 978 1815 1001 trans«

1022 1019 1116 1046 ierunt
1135 1019 1155 1045 ³.
1179 1029 1188 1044 ι
1203 1019 1269 1045 Nam
1287 1018 1389 1046 Christi
1411 1019 1570 1054 mysterium
1588 1019 1657 1046 adeo
1675 1023 1816 1047 tectumet

1022 1063 1174 1090 involutum
1195 1067 1246 1095 est,
1263 1067 1293 1090 ut
1316 1071 1386 1098 opus
1400 1063 1434 1091 sit
1457 1071 1575 1098 superna
1591 1064 1763 1091 institutione
1784 1072 1816 1091 ac

1022 1109 1188 1136 revelatione
1202 1108 1304 1135 divina.
1326 1109 1395 1136 llinc
1410 1109 1508 1136 Petrus
1523 1109 1637 1142 audivit,
1655 1118 1716 1137 cum
1731 1110 1816 1145 probe

1023 1160 1199 1190 cognosceret
1212 1163 1323 1183 carnem
1334 1155 1435 1183 factum
1447 1156 1533 1183 Deum
1544 1156 1665 1184 Verbum
1677 1164 1709 1184 ac
1721 1164 1817 1184 revera

1024 1202 1122 1229 Filium
1139 1211 1145 1229 :
1164 1212 1172 1228 ‹
1195 1202 1296 1230 Beatus
1313 1210 1353 1234 es,
1374 1202 1467 1230 Simon
1485 1202 1611 1237 Dariona,
1627 1202 1692 1238 quia
1711 1210 1776 1230 caro
1790 1207 1818 1230 et

1023 1249 1133 1284 sanguis
1146 1257 1201 1277 non
1217 1249 1350 1276 revelavit
1367 1249 1428 1281 tibi,
1452 1249 1500 1276 sed
1519 1249 1600 1291 Pater
1619 1257 1696 1277 meus
1714 1250 1761 1285 qui
1776 1254 1818 1277 est

1023 1294 1048 1321 in
1070 1295 1145 1322 ctelis
1165 1298 1184 1321 ⁸.
1211 1304 1220 1319 ι
1241 1294 1274 1321 Ει
1291 1294 1394 1322 Paulus
1407 1295 1518 1330 quidem
1536 1298 1673 1322 asseverat
1693 1295 1746 1322 sibi
1766 1295 1818 1322 hoc

1023 1341 1183 1375 mysterium
1199 1340 1352 1368 innotuisse
1363 1348 1412 1375 per
1425 1340 1619 1368 revelationem
1632 1341 1679 1368 Dei
1690 1341 1710 1374 ἶ.
1724 1341 1818 1375 Caligo

1023 1386 1114 1421 itaque
1138 1386 1273 1422 significat
1294 1387 1504 1414 obscuritatem.
1532 1386 1654 1414 Sonabat
1681 1391 1773 1414 autem
1790 1391 1819 1414 et

1023 1434 1150 1466 buccina,
1164 1442 1225 1470 qua:
1243 1434 1340 1469 pandit
1356 1434 1437 1461 nobis
1447 1441 1578 1461 sonorum
1597 1433 1818 1468 evangelicoruul

1023 1480 1198 1506 oraculorum
1211 1486 1320 1506 sonum.
1335 1478 1404 1506 llinc
1417 1478 1489 1506 Deus
1501 1486 1550 1512 per
1562 1485 1657 1505 vocem
1669 1477 1820 1512 propheta-

1024 1534 1084 1553 rum
1104 1526 1139 1553 ad
1155 1526 1270 1561 populos
1284 1525 1441 1553 Judteorum
1459 1525 1496 1552 ita
1512 1525 1569 1551 ait:
1588 1535 1596 1549 ι
1613 1524 1748 1552 Constitui
1770 1532 1816 1552 su-

1024 1580 1072 1607 per
1085 1580 1134 1599 vos
1149 1572 1345 1606 speculatores.
1362 1570 1461 1598 Audite
1477 1578 1572 1598 vocem
1591 1571 1672 1598 ιυιηο.
1692 1571 1725 1597 Ει
1741 1571 1818 1598 dixe—

1024 1623 1088 1645 runt
1102 1627 1107 1644 :
1123 1618 1182 1645 Non
1195 1617 1349 1645 audiemus.
1365 1617 1471 1644 Idcirco
1486 1616 1654 1643 audiverunt
1670 1621 1774 1651 gentes,
1792 1621 1820 1644 et

1023 1664 1070 1699 qui
1097 1668 1213 1698 pascunt
1229 1671 1325 1699 greges
1345 1663 1416 1690 inter
1432 1662 1515 1697 ipsos.
1539 1662 1621 1694 Audi,
1639 1667 1712 1689 terra
1730 1671 1736 1688 :
1756 1670 1820 1690 ecce

1024 1710 1125 1737 induco
1137 1717 1220 1744 super
1231 1709 1361 1744 populum
1375 1708 1458 1735 istum
1475 1708 1555 1740 mala,
1569 1708 1687 1735 fructum
1701 1708 1821 1735 aversio-

1024 1757 1067 1784 nis
1080 1764 1145 1789 suaa,
1160 1756 1225 1791 quia
1238 1755 1323 1783 verbo
1339 1763 1401 1782 meo
1417 1763 1472 1782 non
1490 1753 1678 1787 attenderunt,
1691 1758 1719 1781 et
1732 1755 1820 1789 legem

1024 1810 1112 1830 meam
1137 1802 1353 1837 repudiarunt“.
1374 1811 1383 1827 ι
1406 1801 1531 1828 Insonuit
1550 1800 1624 1828 enim
1644 1800 1686 1828 eis
1704 1800 1820 1827 buccina

1025 1857 1073 1884 per
1086 1849 1134 1876 Dei
1144 1848 1341 1883 speculatores,
1357 1848 1410 1874 hoc
1421 1851 1472 1879 est,
1489 1855 1538 1882 per
1550 1850 1659 1874 sanctos
1671 1845 1820 1881 apostolos.

1025 1894 1057 1920 lli
1073 1893 1147 1920 enim
1160 1896 1225 1920 sunt
1239 1892 1429 1927 speculatores
1441 1899 1524 1925 super
1539 1898 1589 1917 nos
1603 1889 1684 1917 electi
1712 1893 1740 1916 et
1756 1897 1822 1916 con-

1024 1939 1114 1968 stituti
1128 1940 1149 1966 '.
1170 1949 1178 1964 ι
1191 1939 1225 1966 At
1238 1938 1368 1965 dixerunt
1385 1945 1391 1963 :
1409 1937 1469 1964 Non
1485 1935 1638 1963 audiemus.
1649 1935 1756 1962 Idcirco
1771 1943 1820 1962 au-

1025 1985 1154 2012 diverunt
1166 1987 1270 2019 gentes.
1296 1992 1305 2008 ι
1321 1982 1405 2016 Atqui
1420 1982 1494 2016 ipsos
1508 1988 1618 2015 quoque
1630 1984 1740 2007 sanctos
1755 1988 1821 2014 apo—

1025 2031 1110 2058 stolos
1120 2029 1293 2058 inveniemus
1302 2027 1508 2063 apertedixisse
1522 2026 1680 2054 Judteorum
1695 2025 1821 2060 populis:

1017 2086 1037 2104 ,ι
1056 2075 1139 2103 Vobis
1156 2074 1301 2110 oportebat
1326 2074 1446 2109 primum
1462 2072 1537 2106 loqui
1552 2071 1669 2099 verbum
1687 2071 1746 2098 Dei.
1768 2071 1820 2099 Sed

1025 2121 1157 2156 quoniam
1183 2119 1318 2154 repellitis
1341 2118 1420 2151 illud,
1440 2122 1523 2152 atque
1541 2125 1590 2144 vos
1604 2116 1731 2151 indignos
1745 2116 1820 2151 judi»

1025 2167 1094 2194 catis
1107 2166 1169 2193 vita:
1180 2170 1300 2197 mternze,
1314 2173 1379 2192 ecce
1401 2163 1588 2191 convertimur
1606 2163 1639 2189 ad
1659 2165 1763 2197 gentes.
1783 2162 1812 2189 lt:

1026 2213 1099 2241 enim
1115 2211 1272 2239 mandatum
1287 2210 1367 2238 nobis
1382 2215 1423 2238 est
1435 2219 1450 2237 a
1467 2209 1582 2236 Domino
1597 2209 1617 2235 ³.
1638 2219 1645 2233 ι
1662 2208 1760 2235 Beatus
1773 2215 1812 2234 au.

1027 2263 1080 2287 tem
1100 2258 1183 2285 Isaias
1205 2257 1312 2285 confert
1330 2255 1530 2292 praeconiorum
1547 2254 1648 2282 Christi
1665 2261 1818 2281 consonam--

1025 2304 1090 2330 tiam
1103 2303 1185 2335 tubae,
1198 2303 1244 2330 ubi
1255 2302 1288 2329 dc
1301 2306 1425 2336 tempore
1437 2300 1571 2327 adventus
1581 2299 1649 2326 dicit
1661 2308 1667 2325 :
1683 2309 1691 2324 ι
1707 2299 1817 2326 Eterit:

1027 2351 1054 2377 in
1076 2350 1120 2378 die
1137 2350 1184 2377 illo
1200 2349 1343 2384 clangetur
1361 2348 1387 2375 in
1404 2347 1468 2375 tuba
1490 2354 1587 2382 magna
1598 2347 1618 2372 ⁸³.
1636 2356 1645 2370 ι
1668 2345 1748 2380 322
1775 2345 1820 2372 Si-

1025 2397 1137 2432 quidem
1154 2396 1236 2423 etiam
1261 2395 1304 2422 lex
1328 2394 1393 2420 tuba
1414 2397 1466 2424 est,
1485 2392 1532 2419 sed
1553 2399 1633 2418 rauca
1647 2394 1676 2418 et
1693 2390 1756 2418 exili
1771 2398 1819 2417 vo-

1027 2451 1068 2470 ce.
1081 2442 1122 2468 ()b
1136 2441 1188 2468 hoc
1201 2440 1274 2468 enim
1291 2443 1319 2466 et
1338 2439 1425 2466 Moses
1446 2442 1487 2465 est
1507 2436 1597 2464 tenuis
1613 2440 1641 2464 et
1659 2435 1743 2463 tarda:
1766 2435 1817 2462 lin—

1025 2497 1085 2524 gua:
1103 2488 1134 2519 το,
1153 2486 1217 2522 quia
1232 2485 1275 2512 vix
1288 2485 1316 2512 in
1331 2488 1386 2511 tota
1404 2483 1496 2511 Judaea
1514 2482 1657 2514 clamabat,
1679 2482 1707 2509 in
1724 2489 1777 2517 qua
1792 2485 1819 2508 et

1026 2535 1098 2561 Deus
1110 2532 1234 2568 cognitus
1250 2531 1310 2558 fuit.
1324 2530 1451 2558 Christus
1473 2533 1564 2556 autem
1584 2532 1626 2556 est
1644 2528 1689 2555 illa
1708 2527 1820 2563 grandis

1026 2588 1058 2607 ac
1072 2586 1168 2614 magna
1185 2578 1260 2609 tuba,
1277 2582 1324 2604 aut
1339 2581 1414 2604 certe
1427 2576 1487 2611 ejus
1497 2574 1644 2610 prteeonia,
1659 2582 1719 2609 qum
1734 2579 1819 2602 totum

1028 2627 1123 2654 orbem
1137 2632 1273 2653 terrarum
1288 2628 1446 2660 personant.
1458 2623 1503 2650 Ait
1525 2622 1598 2650 enim
1615 2621 1689 2657 quod
1713 2631 1721 2647 ι
1735 2621 1822 2648 Evan-

1029 2673 1130 2709 gelium
1145 2671 1222 2707 regni
1240 2670 1433 2707 pr:edicabitur
1450 2669 1477 2695 in
1498 2672 1554 2696 toto
1565 2667 1642 2699 orbe,
1656 2667 1683 2694 in
1697 2667 1820 2694 testimo-

1030 2719 1105 2746 nium
1120 2718 1248 2745 omnihus
1261 2716 1429 2753 gentibus“.
1449 2727 1456 2741 ι
1476 2715 1554 2748 Quod
1571 2719 1661 2742 autem
1674 2714 1718 2741 hic
1729 2719 1820 2740 sermo

1171 2823 1278 2850 ’Galat.
1308 2831 1332 2855 ι,
1365 2822 1411 2851 l3.
1446 2821 1485 2848 l6.
1525 2821 1705 2852 “Jeremw‘r,
1729 2820 1755 2847 l7
1778 2818 1813 2846 l9.

195 2857 233 2891 ἸΙ
254 2863 327 2891 Petr.
342 2872 359 2895 ι,
379 2855 420 2892 ιϐ’.
459 2863 468 2877 "
486 2864 545 2891 Act.
571 2872 626 2897 xui,
646 2855 690 2897 4'6,
708 2855 758 2890 Πί
786 2863 795 2878 ³
810 2862 859 2888 Isa.
886 2869 967 2895 xxvu,
992 2861 1033 2888 l5.
1075 2859 1094 2874 "'
1111 2859 1195 2887 Exod.
1217 2867 1251 2893 tv,
1274 2859 1314 2886 l0.
1356 2857 1485 2885 “Matth.
1505 2855 1630 2889 .\xt\',l-l.
