1997 3059
142 115 194 144 5ὖ9

640 174 659 182 -ιη

643 115 902 143 GLAPHYRORUM
922 116 955 143 ΙΝ
976 117 1118 146 EXODUM
1138 118 1200 146 LIB.
1222 119 1265 146 ΠΙ.

1713 122 1765 150 510

141 174 290 208 ὑπέφαινον
305 173 330 200 οἱ
345 173 453 200 καπνοί.
468 174 623 208 Προσετίθει
638 174 676 205 δὲ,
689 175 729 201 ὅτι
747 174 794 200 καὶ
804 175 832 200 αἱ
844 175 931 208 φωναὶ

982 176 1049 206 edit.
1071 180 1101 204 ut
1112 177 1167 212 jam
1184 186 1199 204 a
1213 177 1293 205 nobis
1304 178 1407 206 dictum
1419 183 1470 206 est.
1492 179 1554 207 Haec
1565 180 1643 208 initio
1660 185 1766 209 tantum

141 220 191 255 τῆς
215 220 364 253 σάλπιγγος
386 219 506 254 ἐγίνοντο
524 220 736 255 προϐαίνουσαι,
760 221 930 256 ίσχυρότεραι

125 277 129 282 -
143 265 256 301 σφόδρα·
269 265 306 297 ὡς
321 266 349 291 ὲν
363 265 460 300 ἀρχαῖς
475 265 534 300 μὲν,
550 266 656 300 ὀλίγους
668 267 818 301 ἀκροᾶσθαι
837 267 929 302 μόλις⁸

142 311 256 347 ὕστερον
273 312 300 338 δὲ
316 312 442 343 πολλοὺς,
463 312 561 347 μᾶλλον
579 313 607 338 δὲ
622 313 669 338 καὶ
687 311 795 339 ἃπασαν
810 313 859 347 τὴν
872 323 930 340 συν-

141 360 264 394 αγωγήν.
278 359 399 393 Σάλπιγξ
414 360 463 395 μὲν
477 360 531 395 γὰρ
543 361 590 386 καὶ
602 361 786 396 εὖφωνοτάτη,
801 361 848 387 καὶ
861 362 929 396 ἠχὴν

142 404 219 432 ἰοῦσα
234 406 283 439 τὴν
299 406 472 441 διαπρυσίαν,
485 406 515 432 τὸ
530 406 705 439 εὖαγγελικάν
719 407 777 433 ἐστι
787 408 927 442 κήρυγμα,

103 448 107 451 ’
140 450 268 486 καθάπερ
281 451 329 486 ἤδη
345 451 524 487 προείπομεν.
547 451 615 478 Ἀλλ’
631 452 744 486 ἠκούετο
759 453 818 486 μὲν,
836 453 927 487 φησιν,

140 498 169 524 ὲν
189 497 287 532 ἀρχαῖς
304 497 344 528 εἰς
361 497 444 532 μόνην
462 497 510 532 τὴν
531 498 662 524 Ἰουδαίαν
673 506 681 514 ο
695 498 887 533 προϐαίνοντος
901 498 929 524 δὲ

137 543 185 569 τοῦ
202 543 309 578 καιροῦ,
328 542 374 569 καὶ
394 544 434 575 εἰς
449 544 539 570 πᾶσαν
557 543 606 578 ἤδη
622 543 671 578 τὴν
691 543 737 570 ὑπ’
753 543 868 579 οὐρανὸν
881 553 928 571 πε-

139 590 251 624 ριῄεσαν
268 590 293 615 οἱ
312 589 449 616 θεσπέσιοι
466 589 600 625 μαθηταὶ,
615 591 670 621 τοῖς
690 590 859 624 ἁπανταχόσε
877 598 928 624 κη-

139 635 290 671 ρύττοντες·
305 635 374 662 ὥστε
391 635 438 661 καὶ
449 635 503 662 ἀπὸ
519 635 697 671 Ἰερουσαλὴμ
714 636 795 671 μέχρι
812 635 858 662 τοῦ
881 635 928 662 Ἰλ-

136 680 259 716 λυρωί
276 680 375 715 μᾶλλον
389 681 415 706 δὲ
429 680 476 707 καὶ
494 681 590 716 μέχρις
601 681 689 707 αὐτῶν
706 681 851 715 ἀφικέσθαι
866 690 927 716 τερ-

119 724 126 730 ”
139 726 232 762 μάτων
245 726 294 761 τῆς
307 727 368 761 γῆς·
383 725 431 752 καὶ
445 725 474 758 ἐξ
487 726 552 761 ἠοῦς
566 727 633 761 πρὸς
647 727 776 762 ἑσπέραν,
788 727 838 762 τὴν
854 727 928 762 ἱερὰν

137 773 279 808 ἀπηκῆσαι
299 773 447 806 σάλπιγγα..
466 772 566 804 Τοῦτο,
582 770 670 807 οἶμαι,
685 773 742 799 ἐστι
759 773 789 799 τὸ
806 773 928 807 γίνεσθαι

136 820 187 852 τὰς
209 819 300 854 φωνὰς
323 819 373 853 τῆς
397 818 547 852 σάλπιγγος
566 819 751 854 ἰσχυροτέρας.
776 817 842 845 Εἶτα
859 820 926 852 μετὰ

135 866 214 892 τοῦτο
236 865 328 892 λοιπον
353 865 516 900 ἐπισκήπτει
540 865 605 896 Θεὸς
625 865 664 900 τῷ
687 864 814 900 μακαρίῳ
839 866 925 901 Μωσῇ

135 911 373 947 διαμαρτύρασθαι
391 911 429 946 τῷ
448 911 513 946 λαῷ·
529 912 573 947 Μή
592 920 666 941 ποτε,
686 912 777 948 φησιν,
795 912 926 946 ἐγγίσωσι

136 958 206 992 πρὸς
225 957 270 983 τὸν
282 957 356 983 ’θεὸν
378 959 560 991 κατανοῆσαι,
586 957 633 982 καὶ
652 957 773 983 πέσωσιν
790 957 819 989 ἐξ
838 957 926 984 αὐτῶν

135 1002 248 1038 πλῆθος
269 1002 316 1028 καὶ
330 1003 354 1028 ot
379 1003 461 1038 ἱερεῖς
477 1003 502 1028 οἱ
525 1002 679 1035 ἐγγίζοντες
700 1002 794 1036 Κυρίῳ
810 1001 848 1036 τῷ
867 1002 926 1038 Θεῴ

135 1048 355 1082 ἀγιασθήτωσαν,
370 1048 405 1083 μή
418 1056 482 1074 ποτε
495 1047 636 1083 ἀπαλλάξῃ
650 1048 698 1073 ἀπ’
711 1047 801 1074 αὐτῶν
813 1047 924 1083 Κύριος.

137 1093 233 1128 ’Λθρει
258 1093 290 1128 δὴ
312 1091 368 1126 οὖν,
387 1093 478 1126 ἄθρει,
495 1093 542 1120 καὶ
568 1094 600 1120 ἐκ
616 1092 700 1120 τῶνδε
716 1093 863 1128 δὴλπέιλιν.
888 1094 926 1126 ὠς

135 1139 208 1166 ἔστιν
225 1140 363 1174 ἀμήχανον
381 1139 425 1165 διὰ
440 1140 487 1172 τῆς
507 1139 629 1169 Μωσέως
648 1139 835 1173 παιδαγωγίας
852 1139 926 1174 ἐγγί-

135 1184 191 1216 ξειν
202 1184 269 1220 Θεῷ.
283 1184 426 1219 Προσίεται
441 1184 495 1219 γὰρ
510 1185 560 1211 οὒκ
574 1185 601 1210 ὲν
612 1185 706 1216 τύποις
718 1184 757 1210 ἔτι
773 1184 820 1210 καὶ
837 1185 926 1215 σκιαῖς

136 1230 289 1265 εὐδοκιμεῖν
302 1230 455 1265 ἑλομένους·
469 1230 582 1257 τοιαῦτα
596 1230 650 1265 γὰρ
660 1230 694 1256 τὰ
705 1230 837 1262 Μωσέως·
851 1230 927 1264 ζητεῖ

134 1276 164 1301 δὲ
181 1275 279 1310 μᾶλλον
292 1276 321 1302 ὲν
338 1276 405 1310 ἡμῖν
422 1276 472 1310 τῆς
486 1275 615 1311 ἀληθείας
628 1276 657 1302 τὸ
670 1276 777 1307 κάλλος.
800 1275 926 1311 Ἀλήθεια

134 1322 162 1348 δὲ
176 1323 190 1347 ὁ
205 1321 332 1357 Χριστὸς,
346 1322 379 1348 δι’
394 1318 423 1348 οὗ
437 1321 485 1356 τὴν
496 1321 679 1357 προσαγωγὴν
693 1322 862 1356 ἐσχήκαμεν.
879 1321 926 1348 καὶ

136 1368 220 1402 ἐγγὺς
234 1367 384 1402 γεγόναμεν
399 1367 445 1394 τοῦ
460 1367 577 1402 Πατρὸς,
594 1366 720 1402 καθάπερ
735 1367 775 1398 εἰς
787 1367 849 1402 ὅρος
861 1366 927 1392 ἁνα-

135 1414 313 1448 φοιτήσαντες
323 1433 329 1444 ,
345 1412 393 1447 τὴν
409 1413 473 1448 περὶ
488 1412 569 1439 αὑτοῦ
584 1412 696 1446 γνῶσιν.
724 1411 927 1445 Ἐπεγνωκότες

135 1460 190 1494 γὰρ
205 1459 250 1485 τὸν
267 1458 341 1490 Υῐὺν,
362 1459 522 1492 ἐπέγνωμεν
541 1459 575 1485 δι’
591 1457 673 1484 αὑτοῦ
689 1466 718 1484 τε
736 1457 784 1484 καὶ
802 1458 830 1483 ὲν
852 1456 926 1492 αὐτῷ

981 223 1144 250 audiebatur
1163 223 1190 250 in
1216 223 1327 251 Judata:
1347 232 1495 259 progressu
1517 229 1608 252 autem
1635 228 1766 261 temporis

981 273 1068 296 totum
1086 269 1180 296 orbem
1202 273 1334 296 terrarum
1355 271 1475 304 pervasit
1497 279 1503 297 :
1526 271 1611 298 sancti
1630 271 1702 299 enim
1722 273 1765 300 di-

980 317 1078 352 scipuli
1092 317 1481 355 circumieruntprmdicantes
1503 318 1604 352 ubique
1625 319 1765 353 gentium;

980 363 1048 390 adeo
1061 368 1091 390 ut
1105 364 1139 390 ab
1162 363 1356 398 Hierosolymis
1372 364 1509 398 Illyricum
1531 372 1616 398 usque
1631 372 1767 399 pervene—

981 409 1046 441 rint,
1061 410 1126 444 quin
1140 410 1231 444 potius
1250 418 1336 444 usque
1360 410 1394 437 ad
1410 410 1477 437 ﬁnes
1489 414 1578 442 terrae,
1595 415 1623 437 et
1642 418 1676 437 ex
1703 414 1766 438 ortu

980 454 1008 481 in
1020 462 1146 482 occasum
1158 456 1216 482 hwc
1226 456 1290 482 tuba
1302 456 1434 483 senuerit.
1453 456 1520 489 Hoc,
1535 460 1565 483 ut
1579 457 1709 489 arbitror,
1725 460 1768 485 est

960 493 965 498 ’
979 500 1053 534 quod
1060 508 1141 527 voces
1156 501 1227 528 tubae
1238 500 1366 535 paulatim
1383 501 1459 528 facta;
1472 502 1526 529 sint
1535 502 1766 529 vehementiores.

979 546 1082 574 Deinde
1105 547 1229 582 praecipit
1250 547 1322 574 Deus
1345 547 1425 574 beato
1446 547 1512 575 Mosi
1541 552 1570 574 ut
1598 552 1768 576 contestetur

979 592 1120 626 populum,
1141 600 1175 620 ne
1192 593 1262 619 forte
1287 593 1507 628 appropinquent
1530 593 1564 620 ad
1591 593 1677 620 Deum
1699 601 1766 620 con-

979 637 1161 670 spiciendum,
1176 641 1203 664 et
1217 637 1315 664 cadant
1336 645 1370 663 ex
1383 638 1450 671 ipsis
1463 637 1552 667 multi.
1575 640 1661 672 utque
1675 645 1767 665 sacer-

979 682 1067 714 dotes,
1083 683 1130 717 qui
1144 683 1279 710 accedunt
1309 682 1343 709 ad
1359 682 1504 709 Dominum
1531 683 1628 715 Deum,
1644 682 1767 710 sanctiﬁ—

979 733 1087 760 centur,
1110 736 1144 755 ne
1162 728 1232 756 forte
1256 729 1290 756 ab
1309 728 1374 763 ipsis
1388 728 1511 755 discedat
1534 728 1676 756 Dominus.
1698 728 1767 756 Vide

979 773 1073 807 igitur,
1086 773 1160 805 vide,
1174 774 1301 805 obsecro,
1321 773 1403 800 etiam
1421 781 1454 800 ex
1479 773 1522 800 his
1544 781 1664 806 rursum,
1692 773 1765 808 quod

980 818 1149 853 impossibile
1168 819 1203 846 sit
1227 827 1276 854 per
1301 820 1383 846 Musis
1404 819 1577 853 disciplinam
1589 820 1645 846 Deo
1669 826 1767 854 appro-

977 864 1120 899 pinquare.
1141 865 1234 899 Neque
1247 865 1322 891 enim
1337 865 1457 892 admittit
1473 872 1521 892 eos
1529 865 1575 899 qui
1586 865 1655 900 typis
1667 869 1694 891 et
1704 873 1766 892 um-

977 910 1034 937 bris
1045 910 1233 945 acquiescunt,
1249 911 1307 937 haec
1321 911 1394 937 enim
1418 910 1535 937 Mosaica
1556 914 1634 942 sunt;
1649 910 1697 937 sed
1719 919 1768 945 po-

979 956 1034 983 tius
1046 956 1162 990 requirit
1177 956 1204 982 in
1215 956 1295 982 nobis
1313 955 1547 990 pulchritudinem
1568 955 1702 982 veritatis.
1716 955 1768 983 Ve-

977 1002 1043 1028 ritas
1055 1006 1145 1028 autem
1160 1006 1200 1028 est
1211 1001 1338 1029 Christus
1349 1002 1381 1033 ἐ,
1402 1009 1451 1035 per
1473 1009 1554 1035 quem
1576 1004 1605 1028 et
1628 1008 1767 1028 accessum

977 1045 1111 1073 habemus
1127 1050 1155 1073 et
1168 1047 1420 1082 appropinquamus
1438 1045 1520 1081 324
1544 1046 1618 1072 Patri
1640 1045 1674 1078 ",
1692 1046 1769 1073 velut

977 1093 1073 1124 monti,
1089 1100 1151 1120 cum
1176 1092 1382 1120 ascendet-imus
1403 1092 1437 1119 ad
1467 1092 1553 1126 ipsius
1572 1091 1766 1126 cognitionem.

977 1137 1092 1173 Cognito
1110 1138 1184 1165 enim
1205 1138 1284 1170 Filio,
1305 1138 1483 1173 cognovimus
1502 1145 1550 1172 per
1575 1137 1664 1172 ipsum
1683 1140 1711 1164 et
1739 1137 1768 1165 in

979 1184 1038 1219 ipso
1056 1185 1138 1211 etiam
1152 1185 1270 1212 Patrem.
1285 1184 1356 1219 Ergo
1368 1191 1416 1218 per
1439 1184 1528 1219 ipsum
1547 1191 1687 1211 accessum
1716 1183 1768 1210 ba-

977 1229 1075 1257 bemus
1090 1234 1118 1257 et
1137 1230 1390 1265 appropinquamus
1402 1229 1494 1263 Patri;
1521 1237 1694 1264 nequaquam
1718 1237 1768 1256 au-

978 1279 1032 1302 tem
1054 1283 1103 1310 per
1115 1274 1217 1307 Mosen,
1239 1275 1292 1302 hoc
1308 1279 1359 1306 est,
1382 1282 1431 1309 per
1447 1275 1545 1310 legem.
1567 1275 1652 1302 Porro
1672 1278 1701 1302 et
1723 1281 1768 1302 sa-

977 1319 1138 1348 cerdotibus
1152 1320 1282 1354 praecepit
1302 1324 1332 1347 ut
1356 1319 1611 1347 sanctificarentur:
1629 1327 1684 1355 quo
1703 1326 1769 1347 sane

977 1366 1122 1394 evidenter
1147 1366 1269 1393 ostendit
1301 1366 1486 1394 sacerdotium
1516 1365 1601 1401 legale
1629 1373 1684 1393 non
1708 1372 1769 1393 esse

977 1412 1100 1448 perfecto
1118 1417 1254 1444 sanctum,
1267 1416 1363 1447 utpote
1380 1412 1453 1447 quod
1463 1412 1554 1439 adhuc
1565 1415 1644 1447 egeat
1667 1411 1770 1439 sancti-

978 1459 1103 1486 ﬁcatione
1119 1467 1126 1488 :
1142 1458 1245 1493 alioqui
1257 1466 1312 1486 non
1325 1458 1500 1493 praecepisset
1520 1462 1550 1485 ut
1562 1457 1768 1485 sanctificaren-

135 1506 180 1531 τὸν
195 1505 314 1540 Πατέρα.
329 1505 434 1531 Οὐκοῦν
447 1505 480 1531 δι’
495 1503 577 1530 αὑτοῦ
592 1505 641 1540 τὴν
653 1503 834 1539 προσαγωγὴν
847 1504 926 1538 ἐσχή-

979 1509 1031 1532 tur.
1048 1504 1174 1532 Christus
1184 1509 1276 1532 autem
1292 1509 1333 1532 est
1348 1505 1428 1531 nobis
1440 1504 1568 1532 sacerdos
1582 1504 1767 1539 inculpabilis,

136 1559 234 1585 καμεν,
246 1551 277 1576 οὐ
287 1550 330 1577 διὰ
341 1551 472 1582 Μωσέως,
482 1551 617 1579 τουτέστι.
632 1550 661 1576 οὐ
673 1550 717 1576 διὰ
727 1550 818 1585 νόμου.
838 1549 927 1582 Ἀγιὰ-

135 1595 231 1628 ζεσθαι
242 1596 328 1622 δὲκαὶ
340 1596 438 1627 αὐτοὺς
450 1595 697 1630 προαναφαίνοντος
708 1594 840 1630 ἐναργῶς,
849 1595 926 1622 οὔπω

135 1641 245 1674 τελείως
261 1641 341 1675 ἁγίαν
352 1641 400 1676 τὴν
415 1642 487 1668 κατὰ
502 1642 583 1676 νόμον
596 1640 754 1676 ἱερωσύνην,
772 1640 809 1672 ὡς
820 1640 873 1676 γὰρ
887 1640 926 1667 ἔτι

133 1687 265 1723 δεομένην
282 1687 417 1722 ἀγιασμοῦ
430 1708 437 1719 ,
451 1686 541 1714 ἄλλοθι
560 1687 597 1722 μὴ
618 1686 801 1722 προστέταχεν
817 1686 924 1719 ἁγιάζει

136 1732 208 1759 σθαι.
225 1733 356 1768 ’Λμωμος
367 1732 404 1764 δὲ,
421 1732 468 1758 καὶ
483 1732 568 1766 ἁγίων
582 1732 676 1766 ’Ἄγιος
691 1732 733 1765 ἐφ’
748 1731 822 1766 ἡμᾶς
835 1731 927 1766 ἀρχιε-

137 1778 210 1813 ρεὺς,
222 1778 370 1813 όΧριστὸς,
383 1778 429 1804 καὶ
446 1787 455 1803 ς
472 1777 626 1812 κρείττονος
640 1776 771 1812 διαθήκης
791 1776 898 1811 ἔγγυος,
913 1785 921 1801 ι

135 1824 173 1854 ὡς
199 1822 305 1852 Παῦλος
334 1831 411 1857 φησι.
436 1822 580 1856 Τοιγάρτοι
607 1822 653 1848 καὶ
680 1822 818 1848 πέπαυται
844 1823 925 1857 μὲνὴ

137 1867 243 1902 πρώτη.
265 1867 362 1901 Γέγονε
378 1867 405 1893 δὲ
423 1867 470 1893 καὶ
487 1867 572 1901 αὐτῆς
593 1867 742 1902 ἱερωσύνης
761 1863 924 1902 μετάθεσις,

134 1914 186 1941 οὐκ
201 1914 316 1949 ἐχούσης
330 1914 360 1941 τὸ
378 1913 532 1948 ἄμεμπτον,
548 1913 594 1940 καὶ
609 1914 639 1939 τὸ
660 1912 752 1948 ἄκρως
772 1913 860 1947 ἆγιον.
876 1913 926 1939 Τε-

137 1949 261 1986 τελείωκε
278 1960 327 1994 μὲν
347 1960 401 1995 γὰρ
420 1959 514 1986 οὐδένα
537 1959 607 1985 κατὰ
625 1959 787 1994 συνείδησιν·
805 1959 925 1986 εἶσκεκόη

138 2015 201 2042 μικε
214 2006 242 2033 δὲ
254 2006 352 2041 μᾶλλον
366 2005 525 2041 βαπτισμῶν
538 2005 656 2040 διδαχὰς,
672 2005 821 2040 ὲφηγήσεις
833 2005 927 2040 περιρ-

137 2053 290 2088 ραντηρίων
306 2053 374 2087 προς
389 2051 436 2087 τὴν
453 2051 502 2085 τῆς
516 2051 615 2086 σαρκὸς
629 2050 814 2085 καθαρότητα,
831 2051 925 2077 Κατα-

137 2098 214 2132 λήγει
233 2098 287 2134 γὰρ
304 2099 344 2129 εἰς
360 2097 438 2124 τοῦτο
455 2097 531 2132 μόλις
547 2097 597 2131 τῆς
613 2096 728 2131 νομικῆς
743 2095 891 2131 ἱερωσύνης
909 2096 924 2130 ἡ

135 2144 261 2179 δύναμις.
289 2143 332 2175 Ὠς
357 2144 406 2170 οὐκ
430 2142 529 2177 ἔχουσα
550 2141 639 2168 τοίνυν
657 2142 688 2168 τὸ
706 2141 816 2172 τελείως
838 2141 924 2175 ἅγιον,

977 1554 1004 1576 ct
1018 1550 1134 1577 Sanctus
1159 1555 1328 1582 sanctorum,
1340 1554 1421 1584 atque
1433 1549 1503 1577 adeo
1517 1559 1526 1575 ‹
1539 1550 1661 1577 melioris
1683 1553 1769 1577 testa-

977 1594 1062 1620 menti
1091 1594 1252 1621 conciliator
1265 1594 1308 1626 “,
1331 1603 1340 1618 ι
1373 1593 1444 1620 sicut
1471 1593 1571 1620 Paulus
1599 1593 1646 1620 ait.
1674 1593 1768 1628 Itaque

976 1641 1059 1668 etiam
1076 1641 1196 1675 primum
1210 1640 1302 1667 desiit.
1316 1640 1368 1668 Sed
1382 1644 1409 1668 et
1422 1641 1509 1675 ipsius
1522 1639 1669 1667 sacerdotii
1685 1639 1767 1667 simul

977 1685 1048 1713 facta
1062 1690 1104 1714 est
1117 1686 1271 1718 translatio,
1285 1687 1388 1721 quippe
1416 1685 1488 1721 quod
1515 1693 1570 1713 non
1593 1685 1676 1713 fuerit
1700 1685 1769 1714 irre-

976 1733 1174 1768 prehensibile,
1189 1739 1240 1760 nec
1253 1740 1358 1760 summe
1384 1737 1519 1759 sanctum.
1536 1732 1680 1759 Neminem
1692 1731 1768 1760 enim

977 1779 1092 1814 perfecit
1114 1779 1266 1806 secundum
1294 1777 1504 1809 conscientiam,
1530 1777 1577 1804 sed
1607 1777 1698 1811 potius
1727 1777 1769 1803 in-

978 1824 1198 1852 vexitlotionum
1214 1824 1363 1854 doctrinas,
1383 1827 1410 1850 et
1430 1822 1651 1849 introductiones
1675 1830 1769 1857 asper-

977 1871 1086 1897 sionum
1102 1870 1135 1896 ad
1149 1867 1296 1904 puritatem
1312 1868 1412 1896 carnis.
1429 1868 1470 1895 Ad
1486 1869 1537 1896 hoc
1554 1868 1628 1895 enim
1650 1868 1694 1896 vix
1705 1876 1769 1903 per-

977 1916 1058 1951 tingit
1082 1915 1228 1943 sacerdotii
1255 1914 1350 1949 legalis
1375 1915 1426 1941 vis.
1452 1914 1519 1941 Cum
1544 1914 1636 1948 itaque
1660 1921 1717 1941 non
1732 1914 1769 1941 sit

976 1963 1097 1997 perfecte
1120 1966 1261 1993 sanetum,
1292 1960 1339 1988 sed
1366 1963 1468 1987 statuto
1501 1964 1624 1994 tempore
1646 1959 1767 1987 sanctifi-

976 2008 1092 2036 candum
1120 2008 1155 2034 sit
1178 2015 1192 2034 a
1209 2007 1328 2037 Christo,
1345 2014 1407 2034 cum
1433 2005 1488 2041 typi
1508 2005 1541 2032 ad
1559 2005 1700 2032 veritatem
1710 2005 1769 2032 fue-

977 2054 1033 2081 rint
1066 2052 1199 2084 traducti,
1226 2052 1351 2087 przccipit
1381 2056 1411 2078 ut
1433 2051 1645 2079 sanctificentur-
1689 2049 1767 2084 Quod

976 2105 1068 2128 autem
1093 2101 1262 2128 addiderit:
1295 2100 1354 2128 «Ne
1383 2100 1453 2127 forte
1487 2100 1521 2127 ab
1558 2099 1612 2127 illis
1645 2099 1768 2126 discedat

977 2147 1111 2174 Dominus
1137 2147 1175 2180 “;
1192 2156 1201 2171 ι
1219 2146 1310 2174 innuit
1331 2147 1404 2181 quod
1429 2146 1490 2173 istis
1514 2145 1561 2180 qui
1588 2144 1657 2180 legis
1676 2152 1767 2172 sacer-

139 2189 359 2224 ἁγιασοησομένη
369 2190 397 2216 δὲ
409 2189 479 2215 κατὰ
490 2188 601 2223 καιροὺς
612 2188 639 2214 ὲν
648 2187 758 2222 Χριστῷ
769 2186 822 2215 τῶν
832 2187 863 2213 τύ
869 2196 925 2214 πων

978 2191 1085 2218 dotium
1108 2191 1254 2224 coluerint,
1284 2191 1400 2226 capitale
1425 2189 1591 2224 supplicium
1617 2189 1651 2216 sit
1666 2196 1764 2224 propo-

139 2235 400 2271 μεταπλαττομένων
421 2237 460 2266 είς
484 2235 623 2270 ἀλήθειαν,
644 2233 827 2269 προστέταχεν
851 2233 927 2267 ἁγιά-

137 2282 240 2314 ζεσθαι.
255 2281 414 2316 Προστιθεὶς
424 2282 452 2308 δὲ
465 2281 506 2308 ὅτι
517 2289 523 2295 ⁸
543 2291 552 2306 ι
574 2281 618 2315 Μή
634 2289 698 2306 ποτε
713 2280 856 2315 ἀπαλλάξῃ
878 2280 925 2306 ἀπ’

137 2327 227 2354 αὐτῶν
242 2327 354 2363 Κύριος,
376 2337 385 2353 ι
408 2327 492 2361 ἐφῆκε
512 2327 591 2357 νοεῖν,
615 2326 655 2352 ὅτι
675 2325 790 2357 θάνατος
814 2326 828 2359 ἡ
845 2325 924 2360 δίκη,

136 2375 193 2406 τοῖς
212 2373 262 2408 τὴν
278 2374 306 2400 ὲν
319 2373 393 2407 νόμῳ
412 2372 528 2408 τιμῶσιν
544 2371 702 2406 ἱερωσύνην,
724 2370 926 2406 ἀναδειχθεὶσης

138 2419 167 2445 ὲν
182 2419 276 2454 κόσμῳ
290 2419 340 2453 τῆς
356 2418 399 2444 διὰ
416 2417 545 2453 Χριστοῦ’
560 2417 593 2444 δι’
608 2413 638 2443 οὗ
654 2417 701 2443 καὶ
715 2417 784 2443 λαοὶ.
799 2417 847 2443 καὶ
863 2417 927 2442 αὐτὸ

137 2465 170 2492 τὸ
186 2465 269 2492 πάλαι
284 2464 382 2491 σεπτόν
396 2472 425 2490 τε
439 2464 486 2490 καὶ
503 2463 574 2499 ἱερὸν
590 2463 731 2496 ἁγιάζεται
746 2463 833 2496 γένος·
851 2462 928 2496 βέϐρι-

137 2511 184 2538 λον
203 2511 231 2538 δὲ
249 2510 368 2541 πάντως,
385 2509 430 2535 καὶ
453 2510 481 2535 ἐν
498 2508 690 2544 ἁκαθαρσίειις,
712 2507 726 2534 ὃ
747 2507 783 2542 μὴ
808 2506 927 2542 ἡγιάσθη

139 2557 206 2590 παρ’
218 2555 312 2582 αὐτοῦ.
327 2555 376 2581 Διὰ
386 2553 465 2581 τοῦτο
479 2554 580 2587 ἔφασκε
596 2555 652 2585 τοῖς
673 2553 806 2580 Ἰουδαίων
821 2553 927 2588 δήμοις

142 2611 152 2628 ι
175 2602 273 2637 ’Λμὴν,
286 2601 360 2636 ἀμὴν
370 2601 444 2634 λέγω
459 2601 533 2635 ὑμῖν,
547 2601 588 2627 ὅτι
605 2601 652 2626 ἐὰν
663 2599 700 2635 μὴ
712 2599 875 2634 πιστεύσητε
888 2600 928 2626 ὅτι

139 2648 195 2684 ἐγὼ
215 2650 284 2684 εἰμι.
310 2649 339 2675 ὲν
357 2650 417 2680 ταῖς
437 2649 586 2684 ἁμαρτίαις
606 2647 682 2683 ὑμῶν
706 2648 894 2675 ἀποθανεῖσθε.
917 2658 925 2674 ι

139 2695 202 2722 Ὀτι
216 2695 244 2722 δὲ
256 2695 366 2729 ἔμελλον
380 2695 404 2721 οἱ
414 2695 443 2728 ἐξ
464 2694 572 2730 Ἰσραὴλ
589 2694 689 2729 ὲξήνιοι
707 2694 848 2728 γεγονότες
863 2694 930 2720 ἁπο-

141 2741 300 2776 πὲμπεσθαι
311 2741 381 2767 κατὰ
393 2741 517 2777 καιροὺς,
529 2741 721 2775 ὑποῦοστήσειν
732 2739 758 2766 δὲ
769 2740 818 2775 οὐχ
830 2740 929 2774 ἑτέρως

194 2830 215 2845 ¹¹
232 2829 311 2857 Joan.
326 2837 378 2863 xw,
394 2831 419 2856 6.

459 2830 480 2846 ³⁸
491 2829 587 2864 Ephcs.
612 2828 639 2859 u,
661 2829 700 2855 l8.
739 2831 759 2844 ἰ
778 2829 860 2856 llchr.
879 2829 982 2862 111,22.
1020 2830 1040 2845 ”
1056 2829 1202 2861 Exodxix,
1220 2829 1263 2856 2'2.

980 2238 1074 2270 situm,
1088 2245 1150 2265 cum
1174 2238 1357 2265 sacerdotium
1367 2245 1416 2272 per
1435 2236 1574 2264 Christum
1595 2235 1698 2262 mundo
1725 2242 1765 2262 se~

980 2283 1031 2310 mel
1053 2288 1193 2311 ostensum
1218 2283 1312 2315 fuerit,
1327 2291 1378 2318 per
1391 2290 1472 2318 quem
1496 2287 1523 2309 et
1549 2281 1640 2317 populi
1661 2285 1689 2309 et
1714 2281 1767 2309 hoc

979 2328 1068 2363 ipsum
1081 2328 1146 2355 olim
1159 2332 1282 2355 sanctum
1295 2335 1327 2355 ac
1346 2327 1532 2355 venerandum
1547 2334 1633 2362 genus
1645 2324 1767 2352 sanctiﬁ-

980 2378 1095 2407 cautur;
1109 2374 1255 2408 profanum
1267 2378 1359 2401 autem
1374 2373 1486 2401 omnino
1499 2375 1542 2400 est
1556 2371 1766 2399 etimmundum

978 2419 1163 2454 quodcunque
1190 2427 1245 2446 non
1272 2418 1357 2446 fuerit
1381 2426 1431 2454 per
1456 2419 1531 2446 hunc
1555 2417 1766 2445 sanctiﬁcatum.

977 2467 1082 2494 Idcirco
1106 2466 1188 2494 etiam
1211 2466 1269 2500 ipse
1282 2466 1315 2492 ad
1336 2465 1452 2500 populos
1463 2465 1620 2492 Judteorum
1640 2464 1765 2492 dicebat:

983 2520 991 2536 ι
1002 2511 1099 2543 Amen,
1114 2519 1193 2538 auten
1204 2511 1267 2538 dico
1279 2511 1367 2543 vobis,
1382 2511 1454 2545 quod
1473 2511 1496 2537 si
1521 2518 1575 2538 non
1595 2509 1768 2537 credideritis

979 2557 1050 2592 quod
1062 2565 1112 2591 ego
1135 2564 1206 2588 sum,
1229 2557 1257 2583 in
1282 2557 1404 2592 peccatis
1422 2557 1522 2584 vestris
1537 2556 1693 2584 moriemini
1709 2556 1740 2582 “.
1755 2566 1763 2580 ι

980 2603 1058 2636 Quod
1091 2607 1182 2630 autem
1210 2603 1295 2630 Judmi
1326 2603 1444 2630 eﬂ'renes
1468 2607 1550 2637 atque
1577 2602 1767 2629 inobedientes

981 2650 1056 2681 facti,
1068 2650 1101 2677 ad
1122 2654 1229 2684 tempus
1248 2649 1390 2684 ablegandi
1403 2654 1504 2681 essent,
1519 2649 1768 2677 caatcrumevoluto

982 2701 1106 2731 tempore
1130 2696 1164 2723 ad
1194 2697 1280 2723 Deum
1307 2695 1458 2727 reversuri,
1494 2695 1577 2730 idque
1603 2703 1658 2722 non
1687 2695 1768 2722 aliter

982 2749 1063 2776 quam
1088 2749 1137 2776 per
1159 2741 1309 2773 Christum,
1330 2741 1408 2768 facile
1433 2741 1545 2776 colliges
1564 2748 1597 2768 ex
1621 2741 1672 2767 hoc
1694 2738 1767 2774 quod

1303 2831 1323 2845 “
1338 2829 1414 2857 Joan.
1435 2837 1489 2863 \ul,
1501 2830 1543 2856 “24.
