1997 3059
120 174 173 203 813

625 171 883 200 GLAPIIYRORUI
905 171 936 198 IN
958 171 1099 199 EXODUII
1120 171 1184 199 LIB.
1207 171 1246 199 lll.

1697 173 1748 201 5H

119 231 185 265 ἡμῖν
202 229 216 256 ὁ
235 228 315 264 νόμος
340 227 554 263 αἰνιγματωδῶς.
580 228 775 262 Καταϐἑεὶηκεν
795 229 844 263 μὲν
860 229 914 263 γὰρ

968 234 1089 256 montem
1108 228 1195 260 Sinni,
1212 228 1342 255 lsraclitis
1357 229 1467 256 tradens
1479 236 1510 255 ea
1520 236 1569 263 per
1580 237 1639 264 quae
1651 231 1682 257 ad
1692 232 1750 258 ori-

120 277 150 303 ὲν
160 276 224 302 εῖδει
239 274 324 310 πυρὸς
336 275 350 300 ὁ
364 274 417 300 τῶν
433 273 501 300 ὅλων
514 274 580 305 Θεὸς
598 274 642 301 ἐπὶ
656 274 685 300 τὸ
700 274 763 309 ὅρος
782 274 812 300 τὸ
830 275 894 300 Σινᾶ
904 283 910 289 ·

121 320 325 356 θεσμοθετήσας
341 320 369 346 δὲ
387 320 443 352 τοῖς
456 319 485 352 ἐξ
507 320 616 356 Ἰσραὴλ
633 319 667 346 τὰ
685 320 718 346 δι’
734 317 771 346 ὧν
792 318 826 355 ῆν
841 319 913 351 εἰκὸς

120 367 162 398 εἰς
178 366 263 401 ἀρχὰς
280 365 348 392 ἰέναι
364 365 548 400 δικαιοσύνης.
567 365 733 401 Προεισϐολὴ
749 365 801 402 γὰρ
819 365 912 402 ὥσπερ

119 414 135 439 ὁ
158 413 241 447 νόμος
261 411 316 438 τῶν
333 411 524 446 τελειοτέρων,
544 411 664 446 στοιχεῖά
680 420 709 438 τε
725 412 771 439 καὶ
796 411 913 446 προαγό-

121 466 215 492 ρευσις
233 457 287 484 τῶν
304 456 347 483 διὰ
369 456 487 491 Χριστοῦ
505 456 707 491 παιδευμάτων.
733 457 787 483 Καὶ
808 457 912 492 Μωσῇ,

82 535 90 541 _
121 503 221 538 φησὶν,
238 501 328 535 εἶπεν·
355 511 364 527 ι
395 501 524 537 ’Δνάϐηθι
547 502 614 537 πρὸς
639 502 684 529 τὸν
706 502 788 534 Θεὸν,
814 503 846 529 σὺ
866 502 913 528 καὶ

128 548 232 584 ’Δαρὼν
242 569 249 581 ,
269 548 315 575 καὶ
333 547 427 574 Ναδὰϐ
437 569 444 580 ,
460 548 508 574 καὶ
528 548 634 575 Ἀϐιοὺδ
647 568 654 579 ,
667 548 716 575 καὶ
729 548 913 584 ἐϐδομήκοντα

120 594 176 620 τῶν
190 593 383 630 πρεσϐυτέρων
408 593 532 630 Ἰσραὶῑλ,
555 594 604 621 καὶ
618 595 836 630 προσκυνήσουσι
858 603 912 629 μα-

121 641 218 676 κρόθεν
241 640 280 676 τῷ
307 640 412 676 Κυρίῳ.
439 640 494 666 Καὶ
517 641 605 674 ὲγγιεῖ
621 640 724 675 Μωσῆς
749 640 828 674 μόνος
845 639 913 675 πρὸς

120 687 166 713 τὸν
181 686 257 713 Θεόν.
273 686 354 712 Αὐτοὶ
367 685 395 711 δὲ
411 686 461 712 οὐκ
479 685 627 720 ὲγγιοῦσιν.
644 686 673 712 Ὀ
687 685 714 711 δὲ
726 685 789 717 λαὸς
803 686 834 712 οὐ
850 694 913 712 συν-

121 733 288 769 αναϐὴσεται
316 732 374 768 μετ’
393 731 493 758 αὐτῶν.
513 741 521 757 ι
548 731 765 766 Ἀπηγγελκὸτος
783 731 811 757 δὲ
828 730 914 757 ταῦτα

121 779 169 807 τοῦ
190 779 329 814 πανσόφου
352 779 488 810 Μωσέως,
514 777 651 812 ἀπεκρίθη
677 778 730 808 πᾶς
750 777 814 808 λαὸς
837 778 912 812 φωνῇ

123 825 228 861 μεγάλῃ
242 825 366 858 λέγοντες
376 832 382 838 ·
400 834 410 849 ι
426 824 532 855 Πάντας
548 824 610 855 τοὺς
623 823 718 857 λόγους
740 822 785 854 οὓς
799 823 879 858 ὲλάλῆ
885 831 925 862 τε,

123 871 235 906 Κύριος,
255 871 415 905 ποιήσομεν,
433 869 479 895 καὶ
494 868 676 903 ἀκουσόμεθα.
698 878 707 894 ι
725 868 782 895 Καὶ
801 868 827 894 τί
845 868 914 903 μετὰ

937 290 940 294 ι
963 275 1081 311 ginalcm
1093 275 1228 310 justitiam
1248 275 1416 302 contendere
1439 283 1488 310 par
1505 280 1573 302 erat.
1597 275 1660 302 Lex.
1676 277 1750 304 enim

964 321 1049 349 veluti
1063 321 1188 356 qumdam
1203 321 1366 356 praegressio
1391 326 1433 349 est
1455 321 1663 356 perfectiorum,
1678 323 1752 349 rudi—

964 373 1111 404 mentaque
1142 373 1170 396 et
1198 369 1341 403 praedictio
1374 369 1507 397 doctrina:
1539 370 1652 396 Christi.
1684 370 1752 397 Mosi

963 415 1035 442 enim
1049 415 1137 442 dixit:
1155 425 1164 439 ι
1177 415 1301 442 Ascende
1315 415 1349 442 ad
1368 415 1525 448 Dominum,
1547 419 1576 442 tu
1596 419 1623 442 et
1648 415 1752 447 Aaron,

963 465 991 488 et
1001 460 1106 492 Nadab,
1130 464 1158 486 et
1173 459 1276 492 Abiud,
1303 464 1330 486 et
1342 460 1517 495 septuaginta
1538 460 1571 487 de
1596 460 1754 488 senioribus

964 506 1046 534 Israel
1063 515 1070 532 :
1091 510 1118 532 et
1128 505 1284 532 adorabunt
1299 505 1410 532 eminus
1426 505 1583 532 Dominum.
1605 506 1638 532 Et
1651 513 1752 540 appro-

964 552 1109 587 pinquabit
1131 552 1206 578 solus
1226 552 1314 578 Moses
1337 551 1371 578 ad
1396 552 1493 579 Deum.
1511 551 1565 586 Ipsi
1582 556 1674 578 autem
1698 559 1753 578 non

964 598 1236 633 appropinquabunt.
1253 597 1288 624 At
1302 597 1420 632 populus
1435 606 1490 625 non
1517 598 1598 625 simul
1625 598 1754 625 ascendet

963 650 1027 670 cum
1042 643 1092 670 eis.
1108 652 1116 668 ι
1138 643 1273 670 Narrante
1286 651 1354 670 vero
1363 643 1421 669 haec
1435 642 1639 677 sapientissimo
1651 642 1753 678 Moyse,

964 688 1107 723 respondit
1133 689 1223 715 omnis
1252 689 1372 723 populus
1399 697 1466 716 voce
1496 697 1609 724 magna,
1635 688 1752 716 dicens:

968 743 976 759 ι
988 733 1090 761 Omnes
1101 741 1243 761 sermones
1267 742 1336 768 quos
1360 734 1469 761 locutus
1487 738 1529 761 est
1555 734 1697 766 Dominus,
1713 734 1752 760 fa-

964 780 1068 807 ciemus
1080 783 1107 806 ct
1124 779 1277 807 audiemus.
1291 790 1299 805 )
1320 779 1374 807 Sed
1392 780 1457 814 quid
1474 781 1585 815 postea?
1601 791 1609 806 ι
1621 781 1747 816 Scripsit.

964 826 1064 860 inquit,
1085 826 1174 854 Moses
1191 827 1281 853 omnia
1299 827 1392 853 verba.
1410 826 1531 861 Surgcns
1550 834 1642 855 autem
1663 828 1750 855 aedili-

965 870 1038 896 cavit
1048 870 1134 897 altare
1154 870 1205 897 sub
1217 875 1321 903 monte,
1333 875 1361 897 et
1373 870 1518 898 duodecim
1528 872 1633 906 lapides
1647 873 1674 899 in
1685 873 1753 900 duo-

122 917 219 949 τοῦτο;
236 917 290 943 Καὶ
309 916 423 951 ἔγραψε,
439 916 517 951 φησι,
535 916 637 950 Μωσῆς
652 914 741 940 πάντα
752 913 786 940 τὰ
803 914 913 950 ῥήματα

968 914 1056 942 decim
1082 915 1172 942 tribus
1199 915 1295 942 Israel.
1327 916 1361 943 Et
1388 916 1464 943 misit
1492 918 1608 952 juvenes
1635 918 1753 946 {iiiorum

123 963 238 999 Κυρίου.
264 962 409 998 Ὀρορίσας
431 962 458 988 δὲ
474 962 576 997 Μωσῆς
594 961 623 988 τὸ
643 960 726 996 πρωῒ,
753 960 914 995 ᾠκοδόμησε

122 1008 315 1043 θυσιαστήριον
331 1009 378 1034 ἐπὶ
388 1008 417 1034 τὸ
431 1007 509 1043 ὅρος,
527 1008 572 1034 καὶ
590 1006 692 1034 δώδεκα
709 1007 798 1038 λίθους
815 1007 854 1037 εἰς
866 1006 915 1037 τὰς

122 1054 226 1081 δώδεκα
247 1054 332 1089 φυλὰς
351 1053 399 1081 τοῦ
424 1053 543 1089 Ἰσραήλ.
574 1053 628 1080 Καὶ.
651 1052 825 1086 ἐξαπέστειλε
852 1052 915 1083 τοὺς

122 1102 282 1133 νεανίσκους
292 1101 345 1128 τῶν
357 1101 424 1127 υεῶν
442 1100 552 1136 Ἰσραὴλ
561 1119 568 1131 ,
581 1100 628 1126 καὶ
641 1100 793 1134 ἀνήνεγκαν
803 1099 916 1125 ὁλοκαυ-

122 1149 251 1183 τώματα,
280 1147 327 1175 καὶ
352 1144 451 1173 ἔθυσαν
480 1146 574 1173 θυσίαν
598 1146 731 1182 σωτηρίου
759 1145 853 1180 Κυρίῳ
877 1144 915 1180 τῷ

122 1194 194 1229 Θεῷ,
207 1194 351 1230 μοσχάρια.
365 1192 462 1220 Λαϐὼν
475 1192 503 1218 δὲ
517 1192 620 1226 Μωσῆς
633 1192 663 1218 τὸ
673 1193 757 1227 ἥμισυ
770 1191 816 1218 τοῦ
832 1191 915 1226 αἵμα-

122 1248 170 1271 τος
187 1239 292 1274 ἐνέχεεν
313 1239 352 1270 εἰς
368 1238 414 1264 τὸν
429 1237 570 1273 κρατῆρα’
585 1237 615 1263 τὸ
628 1237 655 1263 δὲ
669 1237 817 1272 immuniti
833 1237 916 1272 αἵμα-

123 1294 170 1317 τος
186 1284 316 1321 προσέχεε
340 1284 407 1319 πρὸς
430 1284 461 1310 τὸ
478 1283 679 1319 θυσιαστήριον,
703 1283 758 1310 Καὶ
774 1282 863 1309 λαϐὼν
886 1282 916 1309 τὸ

125 1331 227 1366 βιϐλίον
242 1332 291 1366 τῆς
303 1331 446 1366 διαθήκης,
466 1330 571 1364 ἀνέγνω
582 1330 622 1361 εἰς
642 1329 676 1356 τὰ
693 1326 750 1355 ὦτα
768 1328 814 1355 τοῦ
828 1327 893 1354 λαοῦ
907 1335 915 1342 ·

124 1378 172 1404 καὶ
194 1375 290 1403 εἶπαν·
312 1377 404 1402 Πάντα
426 1377 476 1403 ὅσα
495 1375 626 1411 ἐλάλησεν
646 1377 659 1402 ὁ
679 1375 781 1410 Κύριος
804 1375 916 1409 ποιήσο-

126 1431 176 1458 μεν
193 1423 240 1449 καὶ
256 1422 440 1457 ἀκουσόμεθα.
458 1422 556 1448 Λαϐὼν
570 1421 597 1448 δὲ
614 1421 717 1456 Μωσῆς
735 1421 766 1447 τὸ
783 1417 852 1455 αἷμα
867 1429 916 1446 κα-

123 1469 288 1496 τεσκέδασεν
310 1469 357 1496 τοῦ
375 1469 450 1501 λαοῦ,
468 1468 515 1495 καὶ
529 1465 622 1495 εἶπεν
643 1468 707 1494 Ἰδοὺ
729 1467 759 1494 τὸ
784 1465 853 1502 αἷμα
868 1467 917 1502 τῆς

124 1515 271 1550 διαθήκης,
286 1512 320 1551 ἦς
331 1514 433 1541 διέθετο
444 1514 547 1550 Κύριος
562 1514 630 1550 πρὸς
642 1514 714 1549 ὑμᾶς
728 1514 793 1549 περὶ
809 1513 917 1540 πάντων

124 1562 179 1589 τῶν
190 1562 277 1595 λόγων
291 1561 402 1588 τούτων.
429 1560 690 1596 Ἐκπεπερασμένης
705 1559 733 1586 δὲ
744 1561 793 1594 τῆς
811 1558 915 1591 Θυσίας,
931 1579 952 1607 c

124 1608 172 1634 καὶ
185 1607 387 1643 κατερῤαμένου
402 1606 500 1637 παντὸς
513 1606 560 1632 τοῦ
573 1605 637 1633 λαοῦ
657 1605 697 1641 τῷ
716 1606 765 1640 τῆς
784 1604 915 1640 διαθήκης

125 1654 231 1689 αἵματι,
248 1653 330 1688 ἀνέϐη
352 1653 389 1684 δὲ,
408 1653 500 1687 φησὶν,
519 1653 532 1679 ὁ
551 1651 653 1686 Μωσῆς
670 1651 717 1677 καὶ
739 1650 853 1686 Ἀαρὼν,
870 1650 916 1676 καὶ

125 1700 231 1731 Ναὸὰὸ,
246 1699 293 1726 καὶ
313 1699 419 1725 ’Δσιοὺδ
431 1718 438 1730 ,
454 1698 501 1726 καὶ
513 1698 698 1734 ἑϐδομήκοντα
712 1697 760 1732 τῆς
772 1696 917 1732 γερουσίας

125 1744 173 1772 τοῦ
192 1744 255 1771 λαοῦ
278 1744 401 1780 Ἰσραὴλ,
418 1745 465 1771 καὶ
484 1742 551 1770 εἶδον
564 1743 610 1770 τὸν
624 1743 706 1769 τόπον
721 1738 751 1769 οὗ
765 1742 885 1777 εἱστήκει
903 1742 917 1768 ὀ

125 1792 192 1823 θεὸς
204 1791 250 1818 τοῦ
270 1790 393 1826 Ἰσραὴλ,
407 1790 456 1817 καὶ
467 1789 561 1817 rixo-1:6
573 1789 637 1820 τοὺς
649 1788 730 1820 πόδας
741 1787 823 1815 αὐτοῦ
831 1808 838 1821 ,
851 1787 917 1813 ὡσεὶ

125 1839 207 1874 ιργον
222 1837 332 1864 πλίνθου
353 1836 516 1872 σαπφείρου,
532 1835 580 1863 καὶ
594 1835 688 1871 ὥσπερ
711 1830 779 1865 εἶδος
802 1832 917 1869 στερεὼ-

128 1892 212 1919 ματος
220 1883 267 1910 τοῦ
279 1882 393 1919 οὐρανοῦ
404 1884 437 1918 τῇ
450 1881 625 1917 καθαρότητι.
639 1881 693 1908 Καὶ
703 1880 756 1907 τῶν
767 1879 917 1907 ἐπιλέκτων

126 1930 174 1957 τοῦ
193 1929 302 1965 Ἰσραὴλ
314 1931 344 1956 οὐ
361 1929 526 1964 διεφώνησεν
539 1928 599 1954 οὐδὲ
612 1925 662 1960 εἷς.
677 1927 731 1953 Καὶ
746 1925 876 1962 ὤφθησαν
889 1926 917 1951 ἐν

126 1976 165 2012 τῷ
179 1976 255 2011 τόπῳ
269 1976 316 2002 τοῦ
330 1975 398 2002 Θεοῦ
409 1995 415 2007 ,
431 1976 476 2002 καὶ
488 1975 588 2009 ἔφαγον
607 1975 654 2001 καὶ
669 1973 755 2000 ἔπιον.
772 1983 782 1998 ι
798 1973 866 2007 Φέρε
884 1971 917 2006 δὴ

127 2021 185 2053 οὖν,
199 2023 265 2057 φέρε
286 2022 328 2056 ἐφ’
347 2021 455 2057 ἑκάστῳ
469 2021 524 2047 τῶν
540 2019 754 2054 ἀνεγνωσμένων
772 2018 807 2045 τὰ
825 2017 918 2044 εἰκότα

127 2070 263 2104 λέγωμεν,
276 2069 324 2096 καὶ
335 2069 384 2104 τῆς
395 2068 449 2094 τῶν
459 2066 645 2103 προκειμένων
658 2064 760 2096 ἐννοίας
773 2064 918 2100 ἀρχόμενοι

128 2115 189 2143 κατ’
199 2115 279 2148 εὐθὺ,
293 2115 327 2142 τὰ
340 2115 380 2146 εἰς
394 2115 466 2150 ἡμᾶς
479 2113 609 2148 γεγονότα
627 2111 702 2147 παρὰ
716 2110 844 2146 Χριστοῦ.
862 2110 920 2136 Κα-

128 2162 218 2197 θάπερ
233 2162 261 2188 ὲν
285 2161 380 2188 πίνακι
401 2159 653 2194 καταγεγραμμένα
671 2157 812 2193 βλέπωμεν
835 2156 863 2182 ὲν
886 2157 918 2192 τῇ

129 2207 301 2242 Θεοτινεύστῳ
322 2207 433 2242 Γραφῇ.
448 2205 495 2233 καὶ
512 2205 560 2241 τὴν
579 2205 636 2232 ἄνω
654 2212 684 2230 τε
703 2204 749 2230 καὶ
764 2204 792 2229 ὲν
805 2205 860 2234 τοῖς
875 2203 920 2229 οὺ-

130 2255 222 2291 ρανοίς
242 2252 420 2287 Ἐκκλησίαν,
435 2252 493 2287 ῆτοι
510 2251 555 2277 τὸν
572 2250 685 2285 οὐρανὸν
696 2271 702 2281 ,
719 2249 767 2275 καὶ
789 2247 873 2283 αὐτὴν
891 2247 919 2273 δὲ

129 2301 180 2333 τὴν
193 2300 238 2326 ἐπὶ
250 2299 362 2341 τῆςθγῆς
373 2298 435 2325 καθ’
446 2297 593 2332 ὁμοιότητα
605 2296 653 2331 τῆς
665 2295 720 2322 ἅνω
731 2315 738 2327 ,
753 2295 800 2321 καὶ
814 2293 918 2329 βουνὸν.

130 2346 179 2373 καὶ
193 2346 256 2382 ὅρος
278 2343 443 2376 ἀποκαλεῖν,
465 2343 550 2370 διάτοι
570 2343 601 2369 τὸ
617 2341 772 2378 ἐπῃρμένον
792 2341 838 2367 καὶ
860 2341 922 2366 ἀνε-

131 2393 232 2428 στηκδς
244 2393 284 2424 εἰς
298 2392 347 2427 τὴν
361 2390 461 2427 ἀρετὴν
478 2389 532 2416 τῶν
550 2388 749 2416 κατοικούντων
772 2389 800 2414 ὲν
813 2387 919 2418 αὑταῖς.

131 2440 170 2466 Οὐ
182 2439 236 2474 γάρ
248 2439 306 2464 ἐστι
321 2436 458 2473 χθαμαλὸς
471 2435 531 2463 οὐδὲ
542 2434 762 2471 κατερριμμένος
772 2433 826 2460 τῶν
837 2433 922 2467 ἁγίων

130 2484 146 2511 ὁ
157 2484 233 2515 νοῦς·
249 2483 317 2510 ἀλλὰ
328 2483 502 2518 φρονήματος
520 2482 567 2517 μὲν
583 2480 766 2517 ὑπερφέρεται
789 2479 836 2516 τοῦ
852 2487 921 2513 γεω-

131 2531 272 2566 δεστέρου,
298 2530 345 2556 καὶ
372 2528 513 2565 σαρκικῶν
536 2526 698 2562 ἐπιθυμιῶν.
729 2525 812 2561 Ὗ·ψοῦ
837 2525 865 2552 δὲ
890 2525 922 2560 δὴ

133 2576 234 2612 μᾶλλον
246 2575 397 2610 ἁναφοιτᾷ·
415 2574 463 2601 καὶ
477 2574 549 2601 ἔστιν
562 2573 660 2608 ἀληθὲς
673 2574 703 2600 τὸ
714 2572 758 2599 διὰ
772 2572 863 2607 φωνῆς
875 2570 922 2597 τοῦ

131 2622 215 2649 Δαϐίδ
223 2631 229 2636 ·
244 2632 252 2648 ι
266 2622 326 2649 Ὅτι
337 2622 361 2648 οἱ
369 2621 426 2647 θεοὶ.
435 2621 460 2647 οἱ
477 2620 603 2655 κραταιοὶ
612 2619 662 2654 τῆς
672 2619 723 2654 γῆς
732 2619 834 2654 σφόδρα
842 2617 924 2652 ἐπῄρ-

132 2669 229 2704 οησαν.
252 2679 260 2695 ι
279 2668 341 2694 ’Ότι
355 2667 383 2694 δὲ
396 2668 451 2698 τοῖς
465 2663 516 2693 ὦδε
528 2665 601 2701 βιοῦν
612 2665 768 2701 ᾑρημένοις,
784 2664 832 2691 καὶ
846 2664 883 2695 εἰς
894 2663 924 2689 τὸ

133 2714 227 2740 λοιπὸν
250 2713 352 2748 ἀρετῆς
375 2710 571 2746 ἀναϐεϐηκόσι,
591 2710 690 2745 πρέποι
707 2709 740 2736 ἂν
759 2709 871 2740 εἰκότως
896 2708 926 2734 τὸ

133 2759 182 2787 καὶ
198 2761 258 2791 ταῖς
280 2759 336 2785 ἄνω
353 2759 447 2794 μοναῖς
466 2756 651 2788 ἐναυλίζεσθαι
673 2756 742 2788 δεῖν,
760 2755 925 2782 πιστώσεται

133 2806 217 2834 πάλιν
233 2807 247 2833 ὁ
262 2805 427 2841 Ψαλμῳδὸς,
444 2804 515 2831 οὕτω
536 2803 636 2838 λέγων’
664 2813 672 2829 ι
691 2803 739 2835 Ti;
759 2802 924 2838 ἀναϐήσεται

165 2890 187 2906 ¹¹
205 2896 292 2926 Exod.
311 2905 381 2931 xxtv,
398 2896 474 2923 l-ll.
514 2896 536 2912 "
556 2895 626 2923 Psal.
649 2902 719 2929 ιιιγι,
735 2894 777 2921 10.

965 961 1060 994 Israel,
1077 964 1105 988 et
1116 961 1460 994 obtuleruntbolocausla,
1483 967 1511 990 et
1531 963 1756 991 sacriﬁcaverunt

965 1007 1104 1034 victimam
1140 1007 1236 1034 salutis
1260 1007 1376 1035 Domino
1399 1008 1466 1040 Deo,
1489 1008 1600 1036 vitulos.
1612 1009 1757 1044 Accipiens

966 1057 1058 1081 autem
1078 1053 1167 1080 Moses
1190 1053 1336 1080 dimidium
1361 1053 1502 1088 sanguinis
1528 1053 1630 1081 infudit
1647 1055 1675 1081 in
1694 1062 1756 1081 cra-

966 1104 1064 1131 terem,
1079 1103 1107 1126 et
1124 1099 1270 1126 dimidium
1291 1099 1432 1134 sanguinis
1449 1107 1533 1134 super
1547 1100 1641 1127 altare.
1663 1100 1697 1127 Et
1710 1109 1757 1128 ac-

966 1145 1072 1180 cipiens
1082 1145 1184 1172 librum
1203 1145 1382 1177 Testamenti,
1410 1145 1476 1181 legit
1490 1146 1519 1172 in
1535 1154 1617 1173 aures
1648 1147 1757 1181 populi.

966 1191 1014 1226 qui
1028 1190 1224 1218 dixit:0mnia
1236 1199 1297 1226 qua:
1322 1191 1432 1218 locutus
1455 1196 1497 1219 est
1520 1192 1652 1220 Donnnus
1673 1192 1758 1219 facie-

967 1244 1039 1269 mus,
1058 1241 1086 1264 et
1113 1236 1275 1264 obediemus
1304 1236 1340 1263 ei.
1371 1237 1518 1272 Accipiens
1547 1242 1641 1264 autem
1670 1238 1759 1265 Moses

967 1283 1129 1318 sanguinem
1149 1282 1268 1317 aspersit
1287 1283 1431 1317 populum,
1446 1287 1474 1310 et
1497 1283 1586 1310 dixit:
1604 1284 1674 1311 Ecce
1693 1291 1757 1311 san-

967 1329 1029 1364 guis
1044 1328 1158 1356 fmderis
1169 1328 1242 1363 quod
1263 1328 1401 1363 disposuit
1414 1329 1547 1366 Dominus
1559 1329 1702 1357 vobiscum
1723 1330 1758 1357 de

968 1375 1097 1402 omnibus
1128 1375 1304 1402 sermonibus
1341 1375 1412 1402 istis.
1443 1375 1558 1402 Peracto
1585 1375 1642 1410 jam
1671 1375 1758 1402 sacri-

968 1421 1040 1454 ﬁcio,
1054 1425 1082 1448 et
1094 1428 1207 1455 asperso
1218 1421 1350 1456 sanguine
1369 1421 1482 1448 l‘omleris
1498 1421 1602 1456 popqu
1615 1420 1757 1452 universo,

968 1465 1155 1493 ascenderunt
1167 1465 1274 1501 Moyses
1291 1471 1319 1493 et
1333 1466 1435 1498 Aaron,
1447 1466 1543 1493 Nadab
1560 1471 1588 1493 et
1613 1466 1715 1498 Abiud,
1730 1471 1759 1492 et

968 1512 1139 1547 septuaginta
1151 1511 1274 1539 seniores
1285 1512 1379 1546 populi
1392 1512 1535 1539 lsraelitici
1547 1521 1553 1539 :
1571 1512 1757 1546 videruntque

969 1555 1059 1586 lecum
1072 1559 1099 1585 in
1112 1566 1167 1593 quo
1185 1563 1299 1586 steterat
1311 1560 1384 1586 Deus
1396 1559 1490 1591 Israel,
1509 1563 1537 1586 et
1557 1567 1617 1594 qua:
1643 1558 1694 1586 sub
1708 1566 1757 1593 pe-

969 1604 1051 1631 dibus
1063 1604 1122 1639 ejus
1132 1604 1251 1636 fuerant,
1267 1610 1396 1639 tanquam
1419 1612 1489 1639 opus
1508 1604 1608 1639 lapidis
1623 1604 1757 1639 sapphiri.

969 1655 997 1679 ct
1013 1651 1084 1679 sicut
1095 1651 1203 1686 species
1225 1650 1390 1678 ﬁrmamenti
1416 1651 1491 1683 caeli,
1517 1658 1579 1678 cum
1596 1650 1696 1678 sudum
1717 1655 1760 1677 est

969 1705 1001 1725 ac
1013 1704 1153 1725 serenum.
1176 1697 1210 1724 Et
1225 1696 1259 1724 de
1271 1696 1368 1724 electis
1388 1697 1470 1724 Israel
1495 1704 1530 1724 ne
1557 1705 1629 1724 unus
1648 1696 1760 1731 quidem

970 1743 1115 1771 dissonuit.
1133 1743 1168 1770 Et
1181 1747 1370 1778 apparuerunt
1382 1743 1410 1770 in
1429 1743 1562 1775 loco~Dei,
1589 1742 1761 1777 ederuntque

970 1798 1001 1818 ac
1013 1789 1144 1818 biberunt
1159 1790 1180 1806 ”
1192 1800 1214 1817 ι.
1231 1790 1286 1825 Age
1299 1790 1402 1825 itaque,
1418 1797 1478 1825 age,
1493 1789 1527 1817 de
1540 1789 1656 1824 singulis
1665 1797 1761 1816 eorum

970 1843 1031 1871 quae
1042 1835 1169 1871 legimus,
1182 1843 1243 1871 quae
1270 1836 1389 1869 lnaxime
1419 1836 1548 1863 convenit
1575 1835 1717 1869 dicamus;
1734 1841 1763 1863 et

970 1882 1175 1916 quamprimum
1190 1881 1223 1909 de
1235 1881 1278 1913 iis,
1293 1889 1355 1916 quae
1366 1880 1400 1909 de
1423 1881 1564 1916 proposita
1577 1881 1693 1908 materia
1716 1889 1763 1909 co-

971 1928 1129 1963 gitavimus,
1149 1928 1333 1962 auspicantes,
1352 1935 1384 1954 ea
1397 1935 1458 1962 qua:
1469 1927 1544 1955 circa
1565 1935 1616 1955 nos
1635 1927 1763 1955 Christus

971 1974 1080 2009 operari
1094 1973 1222 2009 dignatus
1230 1977 1280 2000 est.
1294 1973 1375 2008 327
1390 1972 1481 1999 Veluti
1496 1973 1524 2000 in
1536 1973 1628 2000 tabula
1644 1974 1762 2008 quadam

972 2020 1112 2054 descripta
1127 2019 1303 2054 speculemnr
1328 2019 1355 2045 in
1374 2018 1507 2046 divinitus
1529 2018 1662 2053 inspirata
1686 2019 1762 2046 Scri-

972 2070 1063 2101 plura,
1080 2073 1142 2093 cum
1160 2073 1219 2092 eam
1232 2073 1292 2100 qua:
1307 2072 1418 2092 sursum
1435 2069 1477 2091 est
1494 2071 1526 2091 ac
1551 2065 1692 2092 caelestem
1709 2065 1762 2092 Ec-

972 2111 1094 2143 clesiam,
1109 2119 1157 2139 seu
1171 2111 1270 2138 caelum
1289 2111 1378 2146 ipsum
1389 2131 1396 2142 ,
1416 2118 1532 2145 eamque
1545 2118 1605 2145 quas
1622 2110 1650 2137 in
1667 2111 1761 2142 terris,

973 2158 1037 2193 quia
1051 2157 1200 2185 assimilata
1213 2161 1254 2184 est
1277 2157 1395 2188 caelesti,
1414 2161 1471 2183 tum
1492 2156 1590 2183 collem
1612 2156 1761 2187 nominari,

975 2209 1032 2231 tum
1047 2207 1185 2230 montem:
1204 2202 1277 2238 quod
1289 2207 1316 2229 et
1334 2202 1444 2229 exaltati
1469 2202 1534 2234 sint,
1556 2206 1638 2236 atque
1662 2202 1690 2229 in
1705 2203 1762 2229 vir-

939 2259 960 2286 D
975 2254 1061 2277 tutem
1073 2250 1260 2277 extumucrint
1274 2253 1477 2276 commorantes
1494 2248 1521 2275 in
1534 2248 1598 2275 illis.
1612 2248 1671 2276 Non
1687 2248 1762 2275 enim

974 2295 1088 2322 humilis
1104 2299 1154 2326 est,
1169 2302 1258 2329 neque
1271 2294 1402 2329 depressa
1430 2298 1588 2321 sanctorum
1610 2301 1698 2325 mens,
1715 2293 1762 2321 sed

974 2340 1128 2376 prudentia:
1141 2340 1329 2375 supereminet
1347 2339 1471 2366 terrestri
1487 2339 1588 2371 cuivis,
1604 2343 1687 2374 atque
1699 2347 1762 2367 car-

974 2386 1084 2414 nalibus
1096 2386 1251 2414 desideriis.
1272 2386 1387 2413 Sursum
1404 2385 1478 2412 enim
1494 2385 1581 2420 magis
1600 2385 1706 2418 tendit;
1719 2393 1764 2413 ve-

975 2441 1091 2469 rumque
1112 2437 1154 2460 est
1169 2433 1235 2460 illud
1250 2432 1373 2459 Davidis:
1390 2441 1399 2457 (
1411 2431 1453 2459 Ι)ἰί
1479 2432 1562 2460 fortes
1583 2436 1662 2460 terra:
1678 2433 1764 2460 vehe-

976 2485 1084 2508 menter
1097 2480 1197 2507 elevati
1222 2483 1287 2506 sunt
1300 2479 1330 2504 “.
1346 2487 1354 2503 ι
1367 2477 1445 2511 Quod
1471 2485 1537 2505 vero
1553 2479 1601 2513 qui
1617 2479 1654 2506 ita
1670 2479 1763 2506 vivere

975 2528 1119 2563 elegerint,
1131 2531 1159 2554 et
1176 2526 1209 2553 ad
1226 2530 1326 2553 tantam
1340 2525 1470 2552 virtutem
1492 2525 1678 2558 ascenderint,
1691 2526 1766 2553 solos

975 2572 1256 2608 oporteatincrelesti
1273 2571 1335 2598 aula
1362 2572 1538 2603 commorari,
1566 2571 1637 2598 idem
1659 2571 1765 2599 Psaltcs

976 2627 1086 2647 rursum
1103 2618 1251 2654 persuadet
1264 2618 1338 2645 hisee
1357 2617 1451 2645 verbis
1466 2627 1472 2644 :
1491 2628 1499 2643 ε
1513 2617 1579 2650 Quis
1597 2617 1763 2645 ascendetin

976 2669 1099 2693 montem
1124 2664 1244 2696 Domini,
1270 2667 1318 2690 aut
1345 2663 1408 2698 quis
1438 2663 1522 2690 stabit
1544 2663 1574 2700 in
1586 2663 1647 2690 loco
1669 2667 1765 2689 sancto

980 2712 1199 2750 ejus‘IInnocens
1218 2709 1346 2737 manibus
1360 2714 1387 2736 et
1409 2709 1513 2736 mundo
1529 2709 1623 2741 corde,
1646 2710 1693 2744 qui
1709 2717 1764 2735 non

979 2757 1084 2793 accepit
1095 2758 1123 2784 in
1135 2764 1206 2784 vano
1223 2755 1342 2782 animam
1356 2763 1444 2787 suam,
1457 2763 1508 2782 nec
1528 2755 1630 2790 juravit
1654 2754 1682 2781 in
1701 2753 1765 2780 dolo

979 2804 1104 2839 proximo
1131 2811 1190 2830 suo.
1204 2802 1256 2836 Qui
1279 2801 1422 2837 pecuniam
1450 2809 1527 2829 suam
1549 2809 1604 2828 non
1629 2800 1705 2828 dedit
1730 2800 1764 2827 ad
