1997 3059
237 185 288 214 EilS

751 177 780 205 S.
800 175 936 203 CYRll.l.l
958 172 1191 201 ALEXANDRINI
1211 171 1368 199 ARClllEP.

1817 167 1871 196 5l6

236 249 359 274 usuram,
371 245 399 268 et
410 247 525 268 munera
545 247 628 274 super
639 238 814 264 innocentem
835 243 888 262 non
901 233 1021 269 accepit.

1093 234 1115 265 l;
1136 232 1166 259 τὺ
1180 232 1242 269 ὅρος
1258 232 1379 266 Κυρίου.
1404 231 1419 266 ἢ
1443 229 1483 262 τίς
1508 230 1635 264 στήσεται
1653 230 1681 255 ὲν
1701 228 1776 264 τόπῳ
1799 228 1873 264 ἁγιῳ

237 288 287 316 llic
297 287 415 322 accipiet
442 285 664 314 benedictionem
684 291 699 310 ει
714 281 841 311 Domino.
866 284 895 307 et
918 279 1025 306 miseri-

235 335 358 362 cordiam
373 341 389 361 a
399 334 455 360 Deo
468 332 582 360 salutari
594 339 653 358 suo.
669 329 731 356 Haec
743 332 784 355 est
796 326 936 362 generatio
953 332 1028 360 qua-

236 381 355 409 rentium
372 380 469 407 faciem
481 378 529 405 Dei
543 377 627 405 Jacob
640 376 673 402 ³³.
689 385 697 400 ι

1077 279 1175 311 αὐτοῧ;
1204 278 1305 309 ’Λθῶος
1328 278 1421 312 χερσὶ,
1443 277 1490 303 καὶ
1516 276 1635 312 καθαρὸς
1651 277 1684 311 τῇ
1711 275 1826 311 καρδίᾳ,
1841 275 1873 306 ὃς

1077 325 1127 351 οὐκ
1151 323 1246 350 ἔλαϐεν
1271 323 1318 349 ἐπὶ
1345 323 1450 358 ματαίῳ
1472 323 1522 357 τὴν
1538 322 1626 357 ψυχὴν
1644 321 1743 354 αὑτοῦ,
1759 321 1806 348 καὶ
1823 322 1875 348 οὐκ

1079 370 1244 405 ὤμοσεν-ἐπὶ
1258 369 1326 404 δόλῳ
1339 369 1378 404 τῷ
1393 368 1507 404 πλησίον
1521 367 1613 394 αὑτοῦ.
1629 367 1665 394 Τδ
1680 367 1810 403 ἀργύριον
1825 367 1875 394 αὗ-

236 427 284 454 τοῦ
298 427 348 453 οὐκ
371 426 468 452 ἔδωκεν
484 425 529 450 ἐπὶ
543 424 632 458 τόκῳ,
649 421 694 449 καὶ
716 420 789 455 δῶρα
817 419 860 445 ἐπ’
881 418 979 449 ἀθώοις
1009 417 1059 444 οὐκ
1079 416 1185 443 ελαὸεν.
1200 413 1284 447 Οὗτος
1305 415 1419 450 λήψεται
1440 414 1565 448 εὐλογίαν
1589 413 1664 449 παρὰ
1685 413 1805 449 Κυρίου,
1827 412 1873 441 καὶ

238 471 427 507 ἐλεημοσύνην
437 470 511 505 παρὰ
521 469 588 496 Θεοῦ
601 468 726 502 Σωτῆρος
736 465 829 492 αὑτοῦ.
839 464 938 499 Αὖτηὴ
957 463 1039 497 γενεὰ
1058 462 1210 498 ζητούντων
1225 462 1255 488 τδ
1273 461 1417 496 πρόσωπον
1434 461 1472 497 (l)
1490 461 1536 488 τοῦ
1552 459 1619 486 Θεοῦ
1641 459 1748 486 Ἰακώϐ.
1762 469 1770 485 ι

273 518 350 545 Mons
364 517 447 552 igitur
460 515 563 543 sanctis
574 514 686 550 pervius
696 512 867 544 hominibus,
879 512 977 538 ccelum
991 510 1032 544 ip-

239 570 299 589 Sum
319 566 371 593 est,
386 561 444 588 sive
464 558 585 587 Ecclesia
602 557 859 594 primogenitorum,
877 556 1032 583 inaccessus

239 612 334 636 contra
350 606 482 641 improbis
495 609 576 640 atque
589 604 690 639 impiis.
704 603 790 631 Jussit
807 603 899 637 itaque
911 600 1033 629 universi

239 654 311 680 Deus
332 652 425 679 Mosen
442 651 469 678 in
492 655 613 678 montem
635 648 783 677 ascendere
799 652 827 675 et
840 647 988 679 Aaronem,
1005 650 1034 673 et

239 698 345 730 Nadab.
356 701 384 724 et
393 696 494 729 Abiud,
505 701 534 724 et
544 695 716 731 septuaginta
728 695 762 722 de
772 693 927 721 senioribus
938 691 1031 719 Israel.

239 743 293 770 Sed
307 747 397 769 tamen
410 742 499 769 dixit:
517 752 525 767 ι
544 742 578 768 Ει
595 741 750 768 adorabunt
763 740 871 774 longius
888 739 970 773 positi
982 738 1035 765 Do-

240 789 355 816 minum.
370 788 544 822 Accedetque
556 787 644 814 Moses
659 786 734 814 solus
749 785 782 813 ad
797 785 883 812 Deum
897 794 901 811 :
919 785 956 812 illi
970 793 1035 813 vero

238 842 294 862 non
306 833 576 869 appropinquabunt.
593 832 648 859 Nec
662 832 781 866 populus
794 831 960 858 conscendet
973 839 1035 858 eum

241 881 310 916 ipsis
326 881 358 907 ³⁸.
374 890 383 906 ›
399 880 461 907 Filii
484 880 575 914 itaque
593 878 710 905 Aaronis
730 885 838 904 sacrum
857 877 937 904 nobis
950 885 1036 912 genus

1119 510 1151 544 β’.
1171 509 1252 544 Ὄρος
1274 506 1320 534 οὖν
1333 508 1502 544 ἀναϐάσιμον
1523 508 1578 539 τοῖς
1593 507 1696 540 ἁγίοις,
1716 507 1731 533 ὁ
1745 506 1874 541 οὐρανῦς,

1082 555 1141 590 ἦτοι
1155 555 1208 581 τῶν
1228 554 1409 589 πρωτοτόκων
1430 555 1447 590 ἡ
1470 554 1632 590 Ἐκκλησία·
1650 553 1775 589 βεῦήλοις
1796 553 1824 579 δέ
1843 561 1876 586 γε

1083 599 1131 626 καὶ
1146 599 1274 630 ἀνοσίοις,
1287 599 1406 631 ἀπιὸές.
1425 599 1596 635 Προστέταχε
1612 598 1701 625 τοίνυν
1716 600 1730 625 ὁ
1741 597 1795 624 τῶν
1808 598 1878 625 ὅλων

1084 645 1150 677 Θεὸς
1166 645 1314 680 ἀναφοιτᾷν
1334 646 1372 677 εἰς
1391 645 1421 671 τὸ
1440 645 1501 680 ὄρος
1517 645 1618 672 Μωσέα
1634 653 1663 671 τε
1680 644 1727 671 καὶ
1755 643 1876 680 ’Λαρὼν,

1084 688 1177 716 Ναδέιὸ
1192 698 1221 715 τε
1239 689 1286 716 καὶ
1309 689 1427 720 ’Ᾱϐιοὶιδ,
1452 690 1500 716 καὶ
1515 689 1703 724 ἐϐδομήκοντα
1718 689 1773 715 τῶν
1791 697 1877 725 πρεσ-

1085 735 1207 770 6υτὲρων
1228 735 1274 761 τοῦ
1303 735 1420 770 Ἰσραήλ.
1443 735 1564 769 Ἔφασκέ
1578 744 1606 762 τε
1618 754 1625 767 ,
1639 735 1680 761 ὃτι
1696 744 1705 761 ‹
1727 735 1781 761 Καὶ
1797 743 1879 771 προσ-

1085 782 1233 816 κυνήσουσι
1257 781 1394 816 μακρόθεν
1413 781 1451 816 τῷ
1469 782 1573 816 Κυρίῳ.
1593 781 1647 808 Καὶ
1661 782 1748 815 ἐγγιεί
1776 782 1879 816 Μωσῆς

1087 827 1167 862 μόνος
1181 827 1249 862 πρὸς
1261 827 1306 854 τὸν
1326 827 1406 855 Θεόν·
1431 827 1508 854 αὐτοὶ
1524 827 1551 854 δὲ
1570 828 1619 854 οὐκ
1635 827 1784 861 ὲγγιοῦσιν.
1805 828 1833 854 '0
1849 827 1878 854 δὲ

1086 872 1150 903 λαὸς
1164 873 1194 899 οὺ
1213 872 1429 908 συναναϐήσεται
1446 873 1505 908 μετ’
1522 873 1621 900 αὐτῶν,
1643 883 1652 898 ι
1671 874 1702 900 Ol
1724 873 1772 908 μὲν
1789 870 1835 899 οὖν
1849 873 1878 905 ἐξ

239 914 400 961 designant;
418 932 499 952 senes
512 932 587 956 vero,
605 923 741 951 electione
754 923 929 950 constitutos.
943 923 1033 950 Aaron

1092 919 1198 954 Ἀαρὼν
1221 919 1364 953 γεγονότες
1384 919 1453 951 υἱοὶ,
1478 919 1508 945 ἰδ
1531 919 1603 954 ἱερὸν
1626 919 1692 954 ἡμῖν
1717 918 1878 954 σημαίνουσι

239 976 330 1000 autem
343 971 483 999 Christum
504 971 604 997 lterum
621 970 744 1001 exhibet,
762 973 886 996 sanctum
902 969 1033 996 innocen-

240 1022 350 1052 temque
371 1016 541 1044 sacerdotem
562 1023 699 1043 summum
718 1023 765 1050 per
786 1022 867 1049 quem
885 1015 912 1042 in
930 1015 1033 1049 Spiritu

240 1068 269 1090 et
285 1071 355 1098 aqua
375 1061 540 1097 regenerati,
558 1071 566 1087 ι
585 1069 673 1096 genus
690 1061 820 1092 electum,
838 1061 928 1094 regale
942 1068 1033 1087 sacer-

241 1109 357 1141 dotium,
370 1116 490 1144 gensque
501 1112 594 1135 sancta
605 1107 627 1124 "
639 1116 647 1132 ι
660 1106 838 1141 appellamur.
849 1105 1035 1133 Ascendemus

241 1155 333 1190 itaque
346 1162 395 1181 suo
406 1153 554 1188 aliquando
567 1157 689 1187 tempore
703 1151 785 1179 etiam
798 1159 858 1184 nos,
870 1151 940 1178 sacri
953 1156 1035 1186 atque

241 1201 322 1228 electi
343 1201 370 1227 in
385 1200 524 1227 civitatem
539 1199 689 1230 caelestem,
705 1197 852 1224 comitante
867 1205 918 1224 nos
937 1205 968 1224 ac
982 1198 1034 1224 du-

242 1250 321 1272 cente
335 1245 476 1273 sacerdote
492 1252 591 1280 magno
600 1243 721 1275 Christo,
738 1242 785 1278 qui
799 1251 832 1269 ex
850 1242 930 1270 nobis
948 1242 1036 1270 factus

242 1297 295 1323 est,
306 1291 407 1326 quique
419 1291 562 1318 nobiscum
575 1290 670 1317 adorat
685 1297 737 1316 una
750 1289 859 1315 Patrem
876 1292 974 1315 natura
986 1296 1035 1316 sua

241 1336 329 1364 Deum
341 1336 528 1364 exsistcntem.
543 1336 577 1363 Et
593 1335 796 1370 appropinquat
809 1334 920 1368 quidem
935 1334 1034 1366 Moses,

243 1382 387 1409 nobiscum
399 1389 476 1414 vero,
489 1381 536 1416 qui
552 1381 660 1416 longius
669 1380 762 1415 positi,
775 1379 869 1406 Filius.
883 1379 966 1414 328
981 1380 1036 1407 Suo

242 1427 318 1454 enim
336 1427 417 1454 modo
431 1426 507 1453 venit
530 1426 564 1452 ad
580 1424 742 1461 mysterium
764 1424 962 1451 incarnationis
981 1424 1037 1452 Deo

243 1472 425 1508 propinquior
442 1472 539 1503 Moses,
563 1476 693 1506 tauquam
711 1471 778 1505 legis
801 1470 935 1497 mediator
955 1474 1038 1505 atque

243 1518 356 1546 arbiter.
371 1518 440 1552 Quia
455 1525 520 1545 vero
532 1525 548 1544 e
564 1517 643 1544 nobis
656 1517 741 1544 Filius
753 1516 841 1543 factus
852 1520 903 1548 est,
918 1523 980 1543 cum
992 1523 1037 1543 es-

245 1568 286 1591 set
294 1563 366 1591 Deus
376 1567 484 1595 natura,
494 1562 741 1596 universorumque
752 1561 893 1593 Dominus,
913 1566 1038 1596 propter-

244 1615 276 1635 ca
288 1612 414 1636 nostrum
426 1615 481 1635 non
499 1611 662 1642 aspernatur
672 1614 758 1642 genus
772 1606 950 1642 modumque.
966 1607 1035 1634 Sus—

243 1655 314 1682 tinet
325 1662 391 1682 vero
408 1654 622 1689 dispensationis
639 1653 745 1680 ratione
759 1653 830 1680 infra
845 1653 937 1680 Mosen
956 1653 1039 1680 etiam

244 1700 362 1728 censeri.
377 1700 485 1728 Etenim
500 1699 583 1726 etiam
597 1699 741 1726 nobiscum
760 1698 849 1726 factus
864 1704 907 1726 est
923 1699 975 1726 sub
991 1707 1038 1726 ea-

244 1746 308 1772 dem
329 1746 398 1780 lcge,
422 1745 473 1772 etsi
496 1744 646 1779 legislator,
668 1748 763 1779 utpote
779 1744 862 1775 Deus,
882 1744 1035 1771 exsisteret.

244 1792 323 1824 Quod
344 1798 409 1818 vero
431 1790 482 1817 sub
501 1790 561 1824 lege
577 1789 666 1817 factus
682 1790 717 1816 sit
733 1790 767 1822 ³⁷,
784 1789 929 1824 perspicue
945 1789 1039 1816 videre

245 1837 319 1863 licet.
335 1834 438 1863 Octavo
452 1834 526 1861 enim
542 1833 722 1861 circumcisus
736 1838 778 1860 est
793 1833 847 1860 die.
870 1833 957 1860 Solvit
974 1841 1040 1860 vero

245 1881 330 1908 etiam
344 1887 394 1915 pro
413 1887 441 1907 se
461 1879 634 1911 didrachma,
659 1879 767 1906 tametsi
790 1879 861 1906 liber
876 1883 989 1911 natura,
1012 1883 1040 1906 et

245 1925 387 1957 immunis,
403 1930 433 1953 ut
445 1924 540 1955 Filius,
553 1928 635 1951 esset.
653 1924 724 1951 Satis
736 1932 802 1951 vero
815 1929 843 1951 et
859 1925 910 1952 hoc
926 1933 941 1952 e
955 1925 1039 1953 sacris

228 1970 229 1973 “
246 1971 359 2001 Litteris
370 1971 485 2003 clarum,
497 1969 549 1998 sub
563 1970 623 2005 lege
636 1973 732 1997 natum
744 1977 805 1997 esse
821 1970 1036 1998 Emmanuelem.

247 2017 324 2052 Quod
342 2025 407 2045 vero
422 2024 475 2051 qua
498 2016 581 2044 homo
597 2019 668 2048 erat,
686 2020 713 2043 et
734 2021 870 2050 quatenus
887 2016 1038 2044 secundum

247 2071 298 2091 nos
310 2063 361 2091 sub
372 2063 431 2098 lege
447 2066 528 2090 natus
539 2065 591 2093 est,
605 2061 664 2096 ipso
679 2062 762 2089 etiam
776 2061 847 2089 Mose
865 2062 980 2090 inferior
992 2063 1038 2097 ju-

247 2110 365 2141 dicetur,
381 2113 409 2136 et
418 2116 450 2136 ex
461 2107 641 2143 sequentibus
652 2115 809 2142 cognosces.
822 2108 954 2142 Prtecepit
964 2108 1037 2135 enim

247 2154 439 2181 universorum
452 2152 584 2180 Dominus
598 2151 701 2186 optime
716 2151 793 2183 Mosi,
815 2156 845 2179 ut
857 2152 1038 2181 lsraeliticum

247 2199 379 2235 populum
405 2198 440 2227 ab
456 2197 621 2227 intolerabili
639 2197 790 2225 vindicaret
815 2199 946 2226 servitute
966 2199 1038 2227 Pha-

1086 965 1178 998 γένος·
1200 965 1226 991 οἱ
1246 965 1274 991 δὲ
1295 964 1491 1000 πρεσϐύτεροι,
1509 965 1572 996 τοὺς
1589 964 1744 1000 ἀριστίνδην
1762 964 1880 998 ἐξειλεγ-

1088 1011 1194 1046 μένους.
1222 1011 1327 1046 Ἀαρὼν
1349 1011 1376 1038 δὲ
1392 1011 1474 1038 πάλιν
1488 1011 1570 1038 αὐτὸν
1591 1013 1657 1047 ἡμῖν
1679 1011 1880 1038 ὑποπλάττεται

1085 1058 1130 1084 τὸν
1147 1058 1277 1093 Χριστὸν,
1294 1058 1340 1084 τὸν
1354 1058 1426 1084 ὅσιόν
1440 1066 1469 1084 τε
1489 1058 1537 1084 καὶ
1552 1058 1656 1085 ἄκακον
1674 1057 1821 1093 ἀρχιερέα,
1844 1057 1879 1083 δι’

1085 1100 1116 1129 οὒ
1131 1102 1177 1129 καὶ
1201 1103 1357 1137 ἐσχήκαμεν
1377 1102 1427 1138 τὴν
1441 1102 1484 1129 διὰ
1504 1103 1662 1138 Πνεύματός
1681 1112 1708 1130 τε
1723 1103 1769 1130 καὶ
1784 1103 1880 1135 ὓδατος

1086 1149 1225 1183 γέννησιν,
1254 1159 1263 1174 ι
1290 1148 1440 1175 Ἐκλεκτον
1461 1149 1555 1182 γένος,
1580 1150 1626 1176 καὶ
1648 1149 1783 1184 βασίλειον
1805 1150 1880 1185 ἱερά-

1086 1203 1191 1229 τευμα,
1213 1195 1261 1221 καὶ
1281 1194 1356 1226 ἔθνος
1373 1195 1462 1229 ἅγιον,
1488 1204 1497 1222 ι
1519 1196 1735 1231 χρηματίζομεν.
1763 1196 1880 1231 Ἀναϐη-

1087 1240 1191 1275 enim
1211 1240 1302 1267 τοίνυν
1321 1242 1392 1268 κατὰ
1407 1241 1519 1276 καιροὺς
1537 1242 1584 1268 καὶ
1605 1243 1644 1273 είς
1659 1242 1707 1278 τὴν
1729 1242 1785 1269 ἄνω
1802 1242 1879 1268 πόλιν

1086 1286 1111 1312 οἱ
1125 1286 1268 1313 ἀπόλεκτοί
1279 1295 1307 1312 τε
1323 1287 1372 1313 καὶ
1385 1287 1468 1323 ἱεροὶ,
1484 1288 1608 1319 συνόντος
1621 1289 1684 1323 ἡμῖν
1698 1288 1745 1314 καὶ
1760 1288 1879 1324 ἡγουμέ-

1087 1339 1133 1357 νου
1149 1330 1268 1366 Χριστοῦ
1286 1331 1332 1357 τοῦ
1348 1331 1464 1366 μεγάλου
1481 1332 1576 1367 ἱερέως
1587 1352 1593 1362 ,
1609 1332 1655 1358 τοῦ
1672 1333 1706 1359 δι’
1728 1333 1803 1367 ἡμᾶς
1817 1332 1878 1359 καθ’

1086 1377 1161 1411 ἡμᾶς
1175 1377 1317 1410 γεγονότος
1329 1397 1336 1408 ,
1359 1377 1406 1403 καὶ
1427 1377 1696 1412 συμπροσκυνοῦντος
1713 1379 1778 1413 ἡμῖν
1791 1378 1879 1405 καίτοι

1087 1422 1197 1458 Πατέρα
1211 1423 1274 1449 ὄντα
1288 1423 1359 1449 κατὰ
1377 1423 1458 1458 φύσιν
1480 1423 1525 1450 τὸν
1538 1423 1614 1451 Θεόν.
1630 1424 1685 1450 Καὶ
1701 1423 1806 1458 ἐγγίζει
1831 1424 1879 1459 μὲν

1087 1467 1102 1493 ὁ
1114 1466 1232 1501 Μωσῆς,
1254 1468 1301 1494 σὺν
1316 1468 1381 1502 ἡμῖν
1403 1468 1432 1494 δὲ
1454 1469 1509 1500 τοῖς
1526 1469 1651 1504 μακρὰν,
1674 1470 1688 1495 ό
1704 1470 1780 1501 Υἱός.
1798 1470 1879 1496 Ὅσον

1088 1512 1143 1547 γὰρ
1155 1510 1221 1547 ἧκεν
1233 1513 1273 1544 είς
1288 1512 1319 1539 τὸ
1333 1513 1382 1548 τῆς
1397 1514 1466 1549 μετὰ
1481 1514 1582 1550 σαρκὸς
1601 1515 1757 1550 οἰκονομίας
1779 1515 1881 1551 μυστή-

1091 1567 1148 1593 ριον
1159 1579 1167 1591 ,
1182 1559 1241 1595 Θεῷ
1257 1560 1472 1596 προσεχέστερος
1487 1561 1502 1587 ό
1515 1561 1627 1596 Μωσῆς,
1645 1561 1682 1593 ὡς
1701 1562 1785 1596 νόμου
1805 1568 1881 1597 μεσι-

1090 1613 1140 1638 της
1160 1606 1207 1632 καὶ
1223 1606 1343 1640 ὀριστής.
1373 1606 1481 1642 Ἐπειδὴ
1503 1607 1531 1633 δὲ
1553 1607 1612 1642 μεθ’
1635 1607 1713 1642 ἡμῶν
1733 1608 1845 1642 γέγονεν
1865 1608 1880 1634 ό

1092 1651 1171 1683 Υίὸς,
1192 1651 1280 1678 καίτοι
1301 1651 1368 1682 Θεὸς
1386 1651 1424 1678 ὢν
1441 1651 1520 1686 φύσει
1541 1653 1588 1679 καὶ
1606 1652 1659 1679 τῶν
1682 1653 1750 1679 ὂλων
1767 1653 1878 1687 Κύριος.

1090 1696 1219 1733 ταύτῃτοι
1236 1697 1266 1723 τὸ
1291 1698 1353 1724 καθ’
1375 1698 1449 1733 ἡμᾶς
1465 1698 1516 1724 οὐκ
1534 1699 1659 1734 ἀτιμάζει
1675 1700 1783 1735 μέτρον.
1806 1698 1880 1726 Ἀνέ-

1090 1752 1168 1778 χεται
1187 1744 1214 1770 δὲ
1238 1744 1417 1779 οίκονομικῶς
1442 1745 1489 1771 καὶ
1518 1745 1601 1772 αὐτοῦ
1624 1745 1736 1772 κατόπιν
1761 1745 1880 1772 νοεῖσθαι

1091 1788 1221 1820 Μωσέως.
1240 1789 1296 1815 Καὶ
1311 1788 1376 1823 γοῦν
1401 1789 1449 1816 καὶ
1472 1789 1568 1824 γέγονε
1587 1790 1646 1824 μεθ’
1665 1790 1745 1825 ἡμῶν
1765 1790 1817 1816 ὑπὸ
1835 1790 1881 1815 τὸν

1091 1834 1169 1860 αὑτὸν
1185 1835 1282 1870 νόμον.
1305 1834 1393 1862 καίτοι
1409 1835 1557 1870 νομοθέτης
1572 1835 1610 1862 ὢν
1623 1837 1661 1867 ὡς
1679 1836 1754 1868 Θεός.
1775 1836 1836 1863 Ὅτι
1851 1835 1880 1863 δὲ

1090 1881 1200 1914 γέγονεν
1214 1881 1266 1907 ὑπὸ
1278 1881 1369 1916 νόμον,
1382 1881 1574 1917 ἀταλαίπωρον
1588 1881 1661 1908 ἰδεῖν.
1677 1882 1879 1917 Περιτέτμηται

1090 1927 1144 1962 γὰρ
1162 1927 1345 1962 ὀκταήμερος.
1369 1927 1545 1954 Συντετέλεκε
1566 1928 1593 1956 δὲ
1609 1929 1656 1954 καὶ
1674 1928 1704 1954 τὸ
1722 1928 1878 1963 δίδραχμον,

1089 1973 1178 1999 καίτοι
1195 1974 1266 2000 κατὰ
1285 1973 1366 2008 φύσιν
1384 1973 1524 2010 ἐλεύθερος
1540 1973 1577 2000 ὢν
1599 1973 1637 2005 ὡς
1652 1974 1725 2006 Υἱός.
1755 1974 1880 2010 Ἀρκέσει

1089 2019 1117 2045 δὲ
1139 2019 1187 2046 καὶ
1207 2019 1274 2046 αὐτὸ
1289 2019 1320 2046 τὸ
1336 2019 1456 2055 Γράμμα
1469 2020 1500 2046 τὸ
1514 2019 1594 2055 ἱερὸν,
1611 2020 1662 2046 ὑπὸ
1676 2021 1755 2054 νόμον
1768 2021 1880 2055 γεγενῆ-

1091 2064 1151 2092 σθαι
1166 2065 1243 2099 λέγον
1259 2065 1304 2091 τὸν
1320 2065 1504 2101 Ἐμμανουήλ.
1523 2066 1582 2092 Ὅτι
1597 2066 1625 2092 δὲ
1642 2066 1687 2093 διὰ
1700 2067 1731 2093 τὸ
1741 2066 1879 2102 ἀνθρώπι-

1089 2118 1133 2137 νον
1144 2130 1150 2141 ,
1166 2110 1213 2136 καὶ
1226 2110 1321 2145 ἐπειδὴ
1336 2111 1431 2145 γέγονε
1445 2111 1506 2138 καθ’
1522 2112 1596 2146 ἡμᾶς
1608 2111 1660 2138 ὑπὸ
1671 2112 1753 2147 νόμον
1763 2133 1769 2142 ,
1788 2113 1834 2138 καὶ
1851 2113 1879 2138 ἐν

1087 2156 1222 2192 δευτέροις
1238 2156 1374 2183 τεθεῖσθαι
1389 2158 1510 2189 Μωσέως
1525 2158 1668 2192 νομιεῖται,
1689 2158 1814 2192 συνήσεις
1833 2158 1879 2183 καὶ

1087 2202 1121 2229 δι’
1136 2203 1245 2237 ἐτέρων.
1265 2203 1434 2238 Προσέταττε
1451 2203 1500 2237 μὲν
1513 2202 1568 2238 γὰρ
1584 2203 1599 2229 ὁ
1612 2203 1666 2229 τῶν
1681 2203 1748 2229 ὅλων
1763 2203 1829 2234 Θεὸς
1841 2203 1879 2237 τῷ

249 2252 361 2275 raonem
384 2244 424 2271 sie
436 2243 598 2278 appellando
621 2251 627 2269 :
644 2251 652 2268 ι
669 2243 802 2270 Dominus
822 2243 894 2272 Deus
908 2244 1036 2272 Hebraeo-

1089 2246 1247 2282 παναρίστῳ
1263 2248 1356 2274 Μωσεί
1369 2247 1420 2282 τῆς
1431 2247 1566 2283 ἀφορήτου
1580 2247 1700 2279 δουλείας
1717 2248 1817 2274 ἀνεῖναι
1835 2248 1879 2276 τὸν

247 2298 310 2318 rum
326 2289 433 2321 vocavit
449 2297 499 2316 nos
513 2288 546 2315 "’.
571 2298 580 2314 ι
603 2288 659 2315 Lex
679 2288 753 2315 enim
775 2288 876 2316 fatetur
898 2289 1037 2318 inﬁrmum

248 2335 315 2370 quid
337 2339 419 2370 atque
443 2333 611 2364 imbecillum
637 2341 665 2361 se
690 2342 750 2362 esse
774 2334 808 2362 ad
834 2335 1034 2365 redimendum.

249 2380 320 2408 llnic
341 2380 418 2408 addit
435 2379 624 2415 tergiversanti
641 2384 669 2406 et
688 2381 827 2412 cunctanti
845 2381 968 2409 divinum
982 2383 1035 2410 Aa—

249 2433 356 2457 ronem,
372 2425 419 2460 qui
442 2430 521 2461 typus
541 2429 583 2452 est
604 2425 706 2452 Christi
726 2426 817 2453 omnia
839 2428 968 2461 potentis,
991 2436 1041 2463 per

248 2479 330 2507 quem
356 2471 446 2498 omnis
468 2474 510 2498 est
534 2470 694 2505 redemptio.
722 2471 788 2498 Mosi
810 2472 884 2499 enim
909 2473 948 2500 sic
971 2473 1009 2501 ait
1031 2483 1038 2501 :

252 2527 261 2542 ι
280 2516 360 2548 Ecce,
375 2516 437 2545 dedi
461 2520 486 2544 te
502 2516 587 2543 Deum
604 2516 739 2544 Pharaoni
763 2526 770 2543 :
791 2521 819 2544 et
841 2518 932 2546 Aaron
955 2518 1039 2546 frater

249 2567 313 2590 tuus
327 2562 461 2598 propheta
479 2565 544 2589 tuus
562 2562 625 2589 erit.
644 2562 685 2589 Tu
701 2570 766 2589 vero
779 2563 899 2598 loqueris
911 2563 936 2592 ei
948 2566 1040 2595 omnia

247 2615 308 2643 (ιιιιο
323 2607 451 2643 praecipio
467 2607 515 2634 tibi
531 2616 536 2633 :
551 2607 643 2635 Aaron
664 2612 756 2634 autent
779 2608 864 2636 frater
882 2613 946 2638 tuus
968 2610 1039 2638 Pha-

247 2653 324 2680 raoni
342 2653 471 2688 loquetur
481 2653 531 2680 δν.»
546 2653 629 2680 Vides
644 2658 674 2680 ut
687 2654 774 2682 Aaron
787 2663 894 2682 rursum
905 2656 1039 2684 mediator

248 2696 300 2729 sit,
316 2697 389 2725 Mose
405 2697 570 2732 legislatoris
581 2705 726 2732 personam
745 2699 916 2727 sustinente?
929 2701 998 2729 llinc
1011 2705 1039 2728 ct

249 2741 347 2770 beatus
362 2743 463 2770 Paulus
474 2743 561 2778 legem
578 2743 664 2778 ipsam
676 2743 714 2770 illi
729 2745 841 2779 apponit
853 2745 936 2773 etiam
951 2754 966 2773 a
981 2745 1038 2773 Deo

248 2786 418 2816 dissolutam.
433 2788 471 2816 Ita
484 2789 558 2816 enim
578 2788 675 2815 scribit
690 2798 696 2815 :
711 2798 722 2814 ί
736 2788 845 2817 irritam
861 2790 922 2825 quis
935 2790 1038 2819 faciens

1097 2292 1205 2327 Ἰσραὴλ
1224 2292 1263 2327 τῷ
1284 2292 1383 2328 1ιαραὼ
1402 2292 1529 2327 λέγοντα’
1554 2302 1563 2318 ε
1587 2293 1722 2330 Κύριοςιό
1743 2292 1808 2324 Θεὸς
1826 2292 1879 2318 τῶν

1096 2337 1229 2373 Ἐὄραίων
1245 2338 1445 2374 προσκέκληται
1467 2339 1549 2374 ἡμᾶς.
1577 2348 1586 2364 ι
1610 2339 1640 2365 'U
1660 2339 1689 2365 δὲ
1710 2338 1834 2374 ὁμολογεί
1850 2340 1880 2365 τὺ

1089 2383 1203 2419 ἀδρανὲς
1213 2384 1228 2410 ό
1241 2385 1321 2418 νόμος
1333 2386 1372 2416 είς
1383 2385 1580 2421 ἀπολύτρωσιν.
1594 2383 1660 2412 Εἶτα
1671 2386 1802 2413 συνάπτει
1813 2386 1879 2412 ἁνα‹

1086 2429 1208 2464 δυομένῳ
1222 2430 1269 2457 καὶ
1283 2430 1403 2465 μέλλοντι
1418 2431 1464 2457 τὸν
1477 2430 1619 2458 θεσπέσιον
1627 2430 1731 2466 Ἀαρὼν
1743 2431 1783 2462 εἰς
1796 2430 1879 2457 τύπον

1088 2475 1204 2510 Χριστοῦ
1217 2475 1264 2502 τοῦ
1275 2476 1365 2504 πάντα
1378 2477 1525 2512 ἰσχύοντος,
1537 2477 1569 2503 δι’
1581 2474 1611 2504 οὗ
1622 2478 1695 2504 πᾶσα
1704 2478 1720 2511 ἡ
1734 2476 1877 2512 λύτρωσις.

1089 2521 1162 2556 Ἔφη
1181 2521 1235 2557 γὰρ
1247 2518 1297 2548 ὦδε
1314 2522 1381 2558 πρὸς
1395 2517 1497 2558 Min/xiv
1508 2531 1514 2538 ·
1537 2533 1546 2548 ι
1570 2523 1636 2549 Ἰδοὺ
1650 2523 1754 2550 δέδωκά
1771 2531 1800 2549 σε
1814 2522 1879 2549 Θεὸν

1087 2567 1201 2602 Φαραὼ,
1217 2568 1262 2594 καὶ
1283 2568 1388 2603 Ἀαρὼν
1401 2570 1414 2594 ὀ
1429 2569 1542 2604 ἀδελφός
1558 2578 1604 2596 σου
1620 2569 1695 2596 [erat
1712 2570 1759 2596 σοῦ
1774 2569 1880 2605 προφή-

1088 2621 1146 2648 της.
1164 2613 1199 2639 Σὺ
1216 2613 1243 2639 δὲ
1260 2614 1386 2649 λαλήσεις
1402 2615 1477 2650 αὐτῷ
1490 2615 1579 2641 πάντα
1593 2616 1642 2642 ὅσα
1658 2615 1815 2650 ἐντέλλομαί
1827 2623 1878 2647 σοι,

1088 2658 1102 2684 ὁ
1119 2658 1145 2685 δὲ
1167 2657 1271 2694 Ἀαρὼν
1286 2660 1299 2686 ὁ
1314 2659 1426 2694 ἀδελφός
1450 2668 1496 2686 σου
1521 2660 1631 2695 λαλήσει
1649 2660 1717 2696 πρὸς
1731 2659 1840 2695 Φαραώ.
1866 2668 1876 2685 ι

1094 2702 1175 2738 Ὁρᾷς
1193 2703 1232 2729 ὅτι
1248 2704 1385 2738 μεσιτεύει
1405 2704 1485 2731 πάλιν
1506 2704 1610 2740 ’Λαρὼν
1624 2705 1655 2731 τὸ
1670 2705 1715 2732 τοῦ
1734 2704 1879 2740 νομοθέτου

1089 2748 1233 2782 πρόσωπον
1247 2749 1391 2784 φοροῦντος
1406 2750 1538 2780 Μωσέως.
1554 2749 1690 2786 Ταύτῃτοι
1705 2750 1752 2776 καὶ
1764 2750 1776 2776 ὁ
1790 2749 1879 2785 μακά-

1089 2801 1146 2827 ριος
1162 2794 1268 2827 Παῦλος
1284 2796 1330 2822 καὶ
1347 2796 1428 2822 αὑτὸν
1449 2797 1592 2832 ἀνατίθησι
1618 2796 1664 2823 τὸν
1687 2796 1769 2831 νόμον
1787 2795 1879 2831 αὐτῷ.

283 2842 308 2858 ³⁵
319 2844 389 2871 Psal.
404 2852 479 2877 xxiii,
492 2844 548 2872 3-6.
571 2844 685 2872 "Exod.
704 2845 845 2878 xnv,l,2.
865 2846 887 2861 ³⁸
901 2846 992 2874 lPetr.
1008 2855 1036 2879 ιι,

1101 2848 1122 2865 ³’
1137 2848 1222 2877 Galat.
1237 2859 1272 2884 iv,
1283 2852 1308 2878 5.
1331 2850 1353 2867 ³⁸
1363 2852 1448 2880 Exod.
1460 2860 1499 2886 ιιι,
1514 2851 1573 2880 1-8.
1595 2852 1712 2880 "Exod.
1725 2860 1762 2885 iv,
1778 2852 1822 2886 l5,
1834 2852 1877 2880 M-

284 2890 322 2927 (l)
338 2890 446 2929 LXXet
461 2892 539 2928 Vulg.
556 2892 707 2928 ζητούντων
724 2893 814 2925 αὑτὸν,
832 2892 984 2929 ζητούντων
998 2897 1027 2922 τὸ
1044 2896 1121 2930 πρός.
