1997 3059
175 183 226 211 519

685 180 713 209 S.
735 178 872 209 CYRllJJ
893 176 1127 205 ALEXANDRINI
1143 175 1302 204 ARCHIEP.

1763 169 1812 197 εἰεί)

172 241 217 269 cui
239 245 267 268 et
285 239 398 276 mystice
423 239 500 266 valde
520 238 650 273 imposuit
668 238 756 264 Moses
770 236 877 271 lapides
900 235 969 262 duo-

1027 235 1164 269 κειμένης.
1183 233 1267 268 ’Υψοῦ
1281 233 1339 268 γὰρ,
1351 213 1445 266 ὥσπερ
1460 230 1489 256 ἐν
1501 229 1559 265 ὄρει
1574 227 1622 263 τὴν
1635 226 1731 276 ἑτέραν
1747 225 1815 252 εἶναί

173 286 273 318 decim,
290 286 318 313 iu
332 286 446 314 totidem
473 285 560 312 tribus
582 284 674 319 populi
690 283 772 311 Israel
793 292 799 308 :
815 282 854 309 sic
869 288 970 316 prope-

173 332 284 359 modum
297 332 431 359 accedens
446 331 480 358 iis
496 330 541 366 qui
554 329 588 357 de
611 329 743 365 sanguine
759 327 868 354 lsraelis
885 329 969 358 sunt;

170 379 275 414 quibus
291 379 369 406 locus
386 378 503 405 maxime
521 377 633 408 decens,
652 374 775 402 Ecclesia
791 373 893 401 Christi
909 377 968 404 est;

173 430 205 452 ut
221 424 346 452 fortassis
359 424 526 451 exclamasse
550 421 617 449 illud
637 424 763 456 oporteat
785 428 791 446 ε
810 428 819 444 ι
842 418 970 446 Circum—

173 470 246 498 dabo
268 471 353 497 altare
374 474 461 501 tuum,
477 468 601 500 Domine,
625 471 654 495 ut
670 466 780 494 audiam
797 473 892 493 vocem
909 465 969 492 lau-

174 518 217 547 dis
232 517 265 544 “.
282 527 291 542 ι
305 516 383 549 Quod
399 515 472 543 enim
486 514 552 549 ipsis
565 513 683 540 maxime
703 517 731 540 et
749 516 812 539 ante
825 511 894 538 alios
909 510 969 537 Sal-

174 568 297 591 vator-em
314 570 346 590 ac
363 562 574 596 Redemptorem
587 559 695 587 miserit
709 558 809 585 Filium
823 558 915 589 Pater,
930 556 971 591 ip-

175 614 263 639 semet
278 609 408 640 declarat,
422 615 483 634 cum
498 607 537 634 ait
554 615 560 633 :
579 615 588 631 ι
603 606 663 633 Non
680 613 741 633 sum
758 604 857 632 missus
869 603 923 630 nisi
936 602 970 629 ad

175 663 242 683 oves
261 662 324 689 quae
339 653 481 688 perierunt
501 652 600 679 domus
624 651 706 678 Israel
730 651 763 676 ".
792 659 800 675 ι
822 650 970 684 Postquam

176 708 242 729 vero
264 700 365 735 ingenti
389 703 536 734 pereuntes
552 697 672 725 amentia
687 697 715 724 iu
733 696 809 723 illum
833 699 898 723 sunt
920 694 970 721 de—

178 746 301 775 bacchati
320 745 424 777 Judaei,
450 744 607 772 necessario
623 743 749 771 Christus
772 742 805 769 ad
829 746 925 776 gentes
941 748 970 768 se

177 792 324 820 convertit.
351 789 429 823 Quod
454 789 536 825 igitur
558 789 635 816 locus
665 788 781 815 maxime
803 791 882 821 aptus
905 786 971 821 ipsis

176 842 246 870 crat,
259 842 290 864 ut
303 837 384 864 modo
397 837 534 868 dicebam,
550 835 636 862 altare
648 833 762 865 Christi,
778 833 865 860 Moses
877 832 971 867 prmsi-

177 883 324 919 gnificavit,
345 889 486 917 apponens
503 881 553 916 ipsi
571 880 676 915 lapides
693 878 838 906 duodecim
855 878 882 904 in
907 877 970 903 toti-

177 930 239 957 dem
252 930 341 956 tribus
352 929 445 956 Israel.
459 927 536 961 Quod
552 935 617 954 vero
630 925 793 953 fortitudine
805 923 969 956 admirandi,

177 976 230 1003 hoc
247 980 298 1008 est,
317 974 444 1010 spiritali,
465 981 526 1008 qua:
547 972 698 1000 secundum
715 972 800 999 Deum
816 975 868 1002 est,
886 969 971 996 robu—

178 1025 302 1055 stamque
317 1028 349 1047 ac
372 1019 489 1047 validam
511 1022 631 1045 mentem
650 1017 817 1048 obtinentes,
834 1015 970 1043 sacrifica-

179 1067 234 1095 turi
256 1069 335 1094 eraut
355 1068 508 1102 opportune
528 1063 638 1090 Christo
661 1069 784 1093 sacrum,
801 1069 834 1088 ex
856 1059 890 1087 iis
912 1067 972 1094 quae

178 1116 254 1148 gesta
266 1115 330 1139 sunt
347 1111 425 1138 facile
441 1110 541 1137 discas.
561 1108 635 1136 Missi
651 1107 753 1135 etenim
769 1111 834 1134 sunt
845 1107 970 1142 juvenes,

178 1162 207 1185 et
221 1157 382 1184 obtulerunt
395 1156 564 1183 holocausta.
583 1153 611 1180 1d
626 1157 717 1181 autem
734 1152 892 1188 praestitisse
905 1151 971 1178 bea-

180 1208 223 1232 tos
235 1203 419 1238 comperimus
429 1201 576 1237 apostolos,
589 1200 635 1235 qui
647 1207 767 1231 omnem,
779 1203 809 1225 ut
819 1198 856 1225 ita
871 1198 971 1229 dicam,

180 1255 316 1278 terrarum
337 1249 432 1276 orbem
447 1251 628 1283 peragrarunt
644 1245 840 1278 sacrificantes,
853 1249 881 1272 et
894 1245 971 1271 holo-

180 1300 274 1323 causta
292 1295 348 1322 Deo
363 1294 520 1326 offerentes,
539 1293 591 1320 hoc
605 1296 656 1324 est,
669 1299 717 1319 eos
730 1291 777 1326 qui
795 1291 847 1318 fide
866 1299 931 1317 sana
946 1294 973 1317 et

181 1341 286 1376 integra
308 1340 398 1368 ornati
419 1343 493 1372 sunt,
512 1343 540 1366 et
559 1345 641 1374 quam
663 1338 766 1372 optimc
786 1337 820 1364 ad
842 1337 972 1364 virtutem

180 1387 342 1422 comparati.
357 1386 417 1413 Non
433 1385 507 1412 enim
523 1389 565 1412 est
578 1384 721 1412 imbecillas
741 1382 852 1415 mentis,
864 1382 972 1417 perspi-

181 1442 232 1462 cue
246 1434 314 1461 alios
328 1433 429 1460 docere
445 1439 535 1466 posse,
551 1439 640 1466 neque
657 1429 741 1457 animi
758 1428 871 1460 infirmi,
884 1435 974 1462 neque

181 1479 359 1508 saecularibus
383 1477 529 1505 desideriis
555 1477 674 1508 assueti,
701 1480 729 1503 at
753 1474 897 1510 praeparati
917 1474 972 1506 sic,

181 1529 210 1554 et
231 1525 390 1561 juveniliter
413 1523 542 1554 animati,
568 1527 598 1549 ut
619 1521 728 1549 tandem
751 1520 844 1547 dicere
863 1523 946 1554 queat
966 1527 972 1545 :

185 1580 195 1596 ι
214 1570 279 1598 Mihi
305 1570 398 1596 vivere
421 1569 548 1596 Christus
568 1571 627 1599 cst,
648 1572 676 1594 et
692 1566 761 1593 mori
783 1566 892 1592 lucrum
906 1564 940 1591 ".
962 1573 970 1589 ι

182 1617 233 1650 Qui
250 1617 324 1643 enim
341 1616 402 1642 talis
417 1618 473 1647 est,
491 1621 556 1641 vere
577 1613 684 1649 juvenis
701 1616 744 1639 est
766 1611 868 1643 audax,
892 1614 974 1645 atquc

183 1662 250 1697 ipsis
266 1661 423 1689 fortissimis
437 1659 669 1687 annumerandus.
686 1658 799 1693 Oportet
819 1661 911 1684 autem
933 1657 974 1692 ip-

183 1716 245 1735 sum
261 1708 317 1735 Deo
329 1707 429 1734 ofl‘erre
441 1705 599 1733 holocausta
615 1712 646 1731 ac
661 1703 815 1738 spiritualia
830 1702 974 1733 sacrificia,

183 1759 212 1782 et
233 1762 311 1781 sacra
328 1752 500 1780 insensibilia
520 1755 702 1782 contrectare,
726 1750 843 1777 salutare
867 1756 976 1784 quoque

185 1799 295 1826 adolere
312 1799 477 1826 sacrificium
491 1807 497 1824 :
512 1797 585 1832 quod
600 1804 649 1831 per
661 1796 767 1823 oblatos
782 1795 883 1822 vitulos
894 1795 975 1822 etiam

185 1846 327 1881 aptissime
344 1845 516 1880 designatum
531 1847 582 1870 est.
596 1842 751 1877 Aliquando
772 1842 845 1869 enim
866 1841 976 1876 quidem

185 1891 222 1918 ob
238 1889 331 1922 robur,
350 1893 378 1916 et
400 1889 464 1924 quia
487 1889 559 1915 inter
574 1887 702 1914 animalia
718 1895 778 1921 qua:
795 1891 887 1913 sancta
904 1886 978 1913 dice-

187 1935 299 1966 bautur,
315 1935 475 1970 primarium
491 1935 656 1965 vitulus’est,
668 1934 789 1968 perfecto
802 1933 889 1959 vitulo
900 1932 979 1959 Chri-

187 1987 247 2009 stus
273 1981 438 2008 assimilatur
462 1980 634 2015 :aliquando
655 1980 738 2006 etiam
765 1986 848 2014 parvo
873 1978 977 2013 situlo;

188 2036 270 2063 quam
283 2027 319 2055 ob
332 2034 452 2059 causam,
467 2031 498 2054 ut
513 2027 600 2058 vides,
617 2026 699 2053 homo
715 2025 803 2052 factus
820 2024 897 2059 331
914 2023 979 2052 Uni—

188 2074 307 2109 genitus,
322 2073 373 2100 sub
385 2073 526 2100 servitutis
536 2073 601 2108 jugo
615 2075 694 2098 natus
707 2071 773 2103 fuit;
787 2078 883 2097 verum
895 2069 980 2104 siqui—

189 2119 251 2147 dem
264 2119 387 2154 estquod
406 2119 432 2146 in
448 2119 536 2146 forma
548 2118 619 2145 servi
632 2117 800 2152 apparuerit.
828 2115 881 2143 Sed
895 2123 980 2150 quan-

191 2170 248 2192 tum
268 2165 360 2192 dicere
380 2164 420 2192 fas
435 2168 486 2196 est,
505 2164 532 2190 iu
555 2163 646 2190 carnis
664 2162 739 2189 venit
755 2161 926 2196 mysterium,
939 2160 980 2187 fa-

190 2215 251 2238 ctus
264 2211 407 2238 uobiscum
423 2209 474 2237 sub
494 2210 559 2245 jugo
577 2207 726 2240 servitutis,
743 2207 790 2234 sed
803 2207 859 2242 jugi
874 2207 982 2234 servilis

191 2265 306 2292 expers;
323 2255 547 2291 quandoquidem
564 2254 684 2282 ccelestis
698 2257 757 2280 erat
773 2258 879 2280 natura:
894 2261 926 2280 ac
946 2253 980 2280 li-

192 2291 274 2330 berae.
299 2303 369 2330 l‘linc
393 2302 480 2329 vitulo
501 2304 687 2336 comparatur,
708 2299 781 2334 quod
802 2303 830 2326 et
852 2299 903 2326 sub
916 2291 981 2334 juﬁo

193 2348 285 2381 fuerit,
304 2352 332 2375 et
345 2348 402 2383 jugi
419 2355 527 2383 expers.
552 2347 651 2381 Iugum
674 2345 747 2373 enim
765 2344 853 2372 nescit
868 2345 980 2377 vitulus,

192 2395 245 2422 etsi
255 2395 321 2430 jugo
332 2394 496 2422 destinetur.
513 2392 599 2420 Aliter
614 2402 620 2419 :
632 2393 698 2419 licet
710 2396 791 2419 natus
801 2392 837 2419 sit
850 2391 901 2419 sub
912 2391 982 2427 lege,

194 2440 279 2468 veluti
299 2440 351 2468 sub
369 2440 445 2475 jugo,
464 2444 554 2467 tamen
570 2439 639 2466 liber
651 2439 711 2466 fuit.
729 2439 795 2466 Erat
815 2438 888 2465 enim
905 2446 986 2473 supra

196 2485 294 2520 legem,
312 2485 375 2520 quia
393 2485 531 2520 legislator
544 2492 576 2512 ac
592 2485 674 2512 Deus.
695 2484 732 2511 Ac
749 2483 840 2516 tertio,
865 2483 887 2510 si
910 2483 986 2510 vide-

200 2535 253 2563 tur,
270 2531 387 2566 portavit
401 2538 511 2558 carnem
529 2535 666 2559 terrenam
690 2531 826 2558 infirmam
849 2530 876 2558 in
898 2531 987 2565 seipsa

198 2582 309 2613 propter
329 2578 415 2612 legem
437 2578 559 2612 peccati,
579 2583 610 2605 ut
623 2578 724 2605 Paulus
744 2578 782 2604 ait
802 2577 833 2604 δί’.
849 2576 987 2610 Quantum

198 2622 272 2649 enim
286 2622 319 2649 ad
334 2623 470 2651 carnalem
485 2628 622 2655 naturam,
640 2623 790 2651 incurrisse
804 2627 933 2650 censetur
941 2623 987 2657 ju-

199 2675 263 2703 gum
280 2669 399 2703 peccati;
413 2669 459 2696 sed
473 2670 507 2697 ab
520 2670 593 2697 omni
611 2669 689 2705 culpa
703 2669 755 2696 fuit
770 2676 858 2703 purus
876 2672 903 2694 et
916 2667 988 2694 intc—

200 2722 248 2749 εει·
262 2723 267 2740 :
285 2724 294 2739 ‹
312 2715 454 2743 Damnavit
469 2716 541 2743 enim
558 2720 700 2751 peccatum
716 2715 742 2742 in
758 2723 851 2746 carne,
865 2719 895 2741 ut
906 2714 989 2749 justi-

201 2760 292 2788 ficatio
303 2761 371 2797 legis
386 2762 546 2798 impleretur
559 2763 586 2790 in
605 2763 695 2794 nobis,
708 2763 754 2797 qui
767 2770 822 2789 non
837 2760 989 2788 secundum

202 2814 311 2835 carnem
332 2808 512 2841 ambulamus,
536 2809 582 2838 sed
606 2809 756 2836 secundum
775 2808 903 2843 spiritum
921 2807 954 2832 ⁵ο.
977 2816 986 2831 ι

243 2900 266 2936 ’ἦ
285 2901 353 2930 Psal.
374 2911 435 2937 xxv,
458 2904 483 2931 6.

524 2904 543 2919 ιτ
565 2902 658 2930 Matth.
683 2910 725 2935 xv,
739 2902 765 2928 2.
801 2901 822 2917 “
838 2899 955 2934 Philipp.
977 2899 1052 2933 1,2l.

1024 288 1123 314 φαμεν,
1134 280 1183 314 τὴν
1196 279 1251 305 τῶν
1263 276 1443 314 πρωτοτόκων
1457 272 1633 311 μητρόπολιν,
1645 268 1679 308 ἦς
1692 270 1816 306 τεχνίτης

1021 326 1069 351 καὶ
1088 324 1252 360 δημιουργὸς
1274 324 1287 349 ὁ
1309 323 1384 353 Θεός.
1408 319 1581 354 Ἑξεικονὶζει
1605 316 1751 352 τοιγαροῦν
1767 316 1815 351 τὴν

1028 371 1191 406 Ἐκκλησίαν
1207 372 1272 406 ἡμῖν
1288 369 1318 396 τὸ
1332 369 1540 403 θυσιαστήριον⁷
1557 362 1578 400 ᾧ
1596 364 1642 391 καὶ
1661 363 1722 390 λίαν
1742 363 1816 389 eim-

1021 416 1141 452 νομικῶς
1158 417 1330 451 περιΐστησιν
1345 416 1359 441 ό
1378 415 1481 449 Μωσῆς
1499 412 1562 443 τοὺς
1586 410 1690 437 δώδεκα
1707 408 1815 439 λίθους,

1021 465 1061 495 εἱς
1072 463 1120 494 τὰς
1133 463 1237 490 δώδεκα
1247 461 1333 496 φυλὰς
1346 460 1392 487 τοῦ
1417 458 1524 494 Ἰσραήλ
1534 466 1540 475 ·
1556 455 1697 493 μονονουχὶ
1711 455 1758 481 καὶ
1772 454 1817 480 δια

1021 509 1100 536 τοῦτο
1118 507 1337 544 προπαρεγγυῶν
1357 507 1414 537 τοῖς
1433 505 1463 537 ἐξ
1486 504 1603 539 αἵματος
1631 501 1755 537 Ἰσραὴλ,
1775 501 1816 527 ὅτι

1021 556 1109 592 χῶρος
1129 555 1221 587 αὐτοῖς
1235 555 1249 582 ὁ
1267 554 1386 590 μάλιστα
1408 551 1531 588 πρέπων,
1545 551 1562 585 ἡ
1583 548 1731 583 Ἐκκλησία
1748 547 1815 582 Χρι-

1023 602 1086 630 στοῦ
1097 611 1103 618 ·
1119 601 1243 636 καὶτάχα
1255 609 1307 627 που
1317 597 1527 634 διακεκραγέναι
1537 596 1628 631 δεήσει
1645 603 1652 609 ·
1671 595 1816 620 (Κατακυ-

1023 649 1119 677 κλώσω
1134 649 1164 675 τὸ
1176 646 1368 681 θυσιαστήριω
1391 653 1449 674 σου,
1462 643 1560 679 Κύριε,
1575 641 1623 668 τοῦ
1646 639 1762 668 ἀκοῦσαί
1781 647 1815 674 με

1023 695 1113 731 φωνὴν
1125 694 1282 725 αἰνέσεως.)
1293 693 1354 719 Ὀτι
1369 691 1438 726 πρὸς
1449 689 1503 725 γὰρ
1519 689 1616 719 αὐτοὺς
1635 686 1751 722 μάλιστα
1767 685 1815 710 καὶ

1022 742 1076 778 πρό
1092 749 1124 775 γε
1139 741 1193 767 τῶν
1208 739 1294 766 ἀλλων
1311 737 1426 772 Σωτῆρα
1445 736 1492 762 καὶ
1508 733 1656 769 Λυτρωτὴν
1673 731 1815 759 ἀπέστειλε

1022 789 1068 816 τὸν
1089 787 1154 814 Υἱὺν
1175 788 1188 814 ὁ
1205 785 1319 821 Πατὴρ,
1343 784 1470 818 σαφηνιεϊ
1495 781 1582 816 λέγων
1599 779 1697 811 αὐτός·
1724 787 1733 804 ‹
1758 778 1816 804 Οὐκ

1022 833 1180 868 ἀπεστάλην
1191 852 1197 864 ,
1211 832 1236 858 εί
1254 830 1291 866 μὴ
1306 831 1345 862 εἰς
1358 829 1394 856 τὰ
1408 827 1531 865 πρόϐατα
1547 826 1582 853 τὰ
1599 824 1756 853 ἀπολωλότα
1775 823 1816 851 οἴ-

1024 889 1071 907 κου
1101 878 1220 914 Ἰσραήλ.
1248 887 1258 903 ι
1289 875 1397 911 Ἐπειδὴ
1419 874 1447 901 δὲ
1471 875 1511 905 είς
1534 872 1666 903 ὲκτόπους
1687 870 1816 901 ἀπονοίας

1024 925 1205 961 ὠλισθηκότες
1220 923 1451 958 πεπαρῳνήκασιν
1464 921 1504 952 εἰς
1515 919 1607 952 αὑτὸν,
1622 916 1816 954 μετακεχώρη-

1025 981 1071 1000 κεν
1086 970 1242 1005 ἀναγκαίως
1255 969 1301 996 ἐπὶ
1315 969 1349 995 τὰ
1365 968 1426 1003 ἕῡνη
1441 965 1569 1003 Χριστός.
1585 965 1645 991 Ὀτι
1660 964 1748 990 τοίνυν
1762 963 1814 997 χῶ-

1026 1027 1071 1054 ρος
1089 1019 1103 1045 ὁ
1125 1017 1241 1054 μάλιστα
1267 1016 1381 1052 πρέπων
1404 1013 1437 1050 ἧν
1463 1014 1568 1045 αὐτοῖς,
1595 1011 1722 1046 καθάπερ
1747 1009 1815 1044 ἔφην

1025 1065 1136 1100 ἀρτίως,
1147 1064 1178 1091 τὸ
1187 1063 1233 1090 τοῦ
1246 1061 1365 1097 Χριστοῦ
1379 1061 1581 1095 θυσιαστήριον,
1596 1057 1815 1094 προκατεσήμαι-

1026 1119 1069 1139 νεν
1085 1112 1099 1138 ό
1114 1110 1223 1145 Μωσῆς,
1241 1109 1411 1144 περιστήσας
1431 1106 1505 1140 αὺτῷ
1521 1105 1585 1136 τοὺς
1605 1104 1709 1132 δώδεκα
1725 1102 1816 1133 λίθους

1025 1158 1065 1189 εἰς
1077 1156 1127 1187 τὰς
1140 1156 1242 1182 δώδεκα
1259 1153 1345 1188 φυλὰς
1357 1152 1403 1180 τοῦ
1424 1151 1541 1187 Ἰσραήλ.
1556 1151 1617 1178 Ὅτι
1628 1150 1655 1176 δὲ
1667 1149 1778 1184 ἔμελλον
1791 1147 1816 1174 οἱ

1025 1203 1069 1228 ἐπ’
1081 1200 1190 1236 ἀνδρείᾳ
1205 1198 1434 1234 τεθαυμασμένα,
1449 1197 1529 1231 δῆλον
1545 1195 1573 1222 δὲ
1588 1196 1628 1222 ὃτι
1643 1195 1816 1229 πνευματικῇ

1026 1248 1072 1275 καὶ
1087 1247 1158 1274 κατά
1175 1247 1251 1278 Θεὸν,
1267 1247 1290 1273 ot
1305 1243 1419 1278 εὐσθενῆ
1432 1252 1461 1270 τε
1477 1243 1524 1270 καὶ
1539 1241 1697 1279 ἐρρωμένον
1710 1241 1817 1276 ἔχοντες

1026 1294 1098 1327 νοῦν,
1115 1293 1303 1328 ἱερουργήσειν
1318 1290 1388 1317 κατὰ
1401 1288 1513 1324 καιροὺς
1530 1287 1560 1314 τὸ
1576 1287 1694 1322 Χριστοῦ
1714 1286 1818 1322 μυστή-

1029 1349 1095 1377 ριον,
1113 1339 1268 1375 καταμάὺοι
1282 1347 1322 1370 τις
1338 1337 1371 1364 ἂν
1384 1336 1437 1364 ἀπό
1451 1344 1482 1370 γε
1498 1333 1545 1362 τοῦ
1562 1333 1716 1368 γεγονότος.
1752 1333 1818 1358 Ἀπ-

1028 1386 1186 1413 εστὲλλοντο
1213 1385 1262 1420 μὲν
1282 1384 1336 1420 γὰρ
1355 1384 1379 1410 οἰ
1399 1381 1552 1412 νεανίσκοι,
1571 1380 1618 1407 καὶ
1631 1379 1769 1415 προσῆγον
1783 1378 1818 1404 τὰ

1027 1431 1247 1467 ὁλοκαυτώματα.
1264 1431 1350 1457 Τοῦτο
1371 1428 1534 1464 δεδρακότας
1553 1427 1616 1458 τοὺς
1636 1425 1732 1460 ἁγίους
1749 1425 1817 1450 ἀπο-

1029 1479 1138 1510 στόλους
1153 1477 1332 1513 εὑρίσκομεν,
1347 1475 1371 1502 οἳ
1392 1475 1480 1501 πᾶσαν
1491 1494 1498 1505 ,
1514 1472 1608 1507 ὥσπερ
1623 1472 1720 1502 εἰπεῖν,
1742 1478 1819 1505 περι-

1028 1524 1141 1560 εφοίτων
1157 1523 1206 1559 τὴν
1222 1523 1284 1558 γῆν,
1302 1520 1506 1558 ἱερουργοῦντες
1519 1517 1593 1552 αὺτῷ
1608 1518 1654 1543 καὶ
1669 1515 1819 1551 προσάγον-

1028 1580 1073 1603 τες
1088 1569 1312 1605 ὁλοκαυτώματα,
1320 1567 1453 1599 τουτέστι,
1465 1566 1527 1598 τοὺς
1538 1566 1566 1591 ἐν
1576 1563 1719 1600 ἀμωμήτῳ
1729 1562 1818 1588 πίστει

1029 1617 1199 1651 διαπρεπεῖς,
1211 1615 1258 1642 καὶ
1270 1613 1322 1649 μὴν
1334 1613 1381 1640 καὶ
1393 1612 1583 1646 σπουδάσμασι
1596 1609 1659 1640 τοὺς
1669 1609 1708 1639 εἰς
1720 1606 1819 1642 ἀρετὴν

1027 1661 1056 1690 εὖ
1075 1662 1145 1698 μάλα
1157 1660 1374 1697 διηρτισμένους.
1393 1659 1430 1686 Οὐ
1445 1659 1500 1693 γάρ
1513 1659 1596 1689 ἐστιν,
1609 1655 1659 1682 οὐκ
1678 1654 1746 1686 ἐστι,
1761 1653 1820 1679 δια-

1027 1709 1099 1740 νοίας
1110 1707 1241 1744 ἀδρανοῦς
1253 1708 1282 1733 τὸ
1295 1706 1484 1742 μυσταγωγεῐν
1497 1702 1625 1730 δύνασθαι
1643 1701 1747 1736 σαφῶς,
1757 1699 1819 1726 οὔτε

1027 1755 1073 1781 νοῦ
1090 1754 1232 1785 νοσοῦντος
1247 1753 1277 1779 τὸ
1292 1751 1400 1784 ἀναλκι,
1415 1751 1462 1778 καὶ¹
1480 1749 1626 1785 καταρρεῖν
1642 1746 1766 1777 εἰωθότος
1781 1746 1821 1775 εἰς

1028 1801 1174 1835 ἐπιθυμίας
1189 1799 1324 1834 κοσμικὰς
1334 1807 1341 1813 ⁸
1357 1796 1557 1832 ἐσκευασμένου
1572 1795 1600 1821 δὲ
1614 1793 1686 1820 οὕτω
1699 1792 1746 1819 καὶ
1764 1800 1821 1818 νεα-

1028 1847 1109 1878 νικῶς
1119 1847 1241 1882 ἔχοντος,
1255 1845 1293 1877 ὡς
1304 1845 1351 1871 καὶ
1361 1844 1448 1870 εἰπεῖν
1459 1840 1588 1869 δύνασθαι
1598 1839 1700 1866 λοιπόν·
1715 1848 1723 1864 ι
1745 1835 1821 1872 Ἐμοὶ

1028 1894 1082 1929 γὰρ
1097 1893 1127 1919 τὸ
1144 1892 1210 1927 ζῇν,
1225 1890 1353 1926 Χριστὸς,
1381 1889 1428 1916 καὶ
1446 1888 1476 1915 τὺ
1494 1887 1657 1919 ἀποθανεῖν,
1673 1884 1779 1920 κέρδος.
1810 1893 1818 1908 ι

1029 1940 1146 1970 Νεανίας
1162 1938 1216 1973 γὰρ
1227 1938 1241 1963 ὁ
1254 1936 1390 1969 τοιοῦτος,
1404 1935 1450 1961 καὶ
1462 1934 1517 1960 τῶν
1528 1933 1597 1967 ἄγαν
1611 1930 1820 1966 ἀλκιμωτάτων.

1029 1984 1132 2019 Πρέπει
1145 1983 1166 2009 δ’
1183 1982 1216 2010 ἂν
1233 1981 1319 2016 αὐτῷ,
1331 1980 1362 2007 τὸ
1376 1978 1520 2014 καθιεροῦν
1535 1977 1574 2013 τῷ
1587 1976 1646 2012 Θεῷ
1659 1976 1693 2003 τὰ
1707 1975 1818 2002 ὁλοκαυ-

1029 2028 1160 2063 τώματα,
1186 2026 1233 2054 καὶ
1255 2025 1349 2057 θυσίας
1367 2022 1556 2058 πνευματικὰς
1569 2042 1576 2054 ,
1593 2021 1640 2048 καὶ
1666 2019 1822 2056 ἱερουργίας

1030 2073 1164 2102 ἅπτεσθαι
1181 2073 1231 2107 τῆς
1250 2071 1364 2107 νοητῆς,
1387 2070 1435 2097 καὶ
1449 2069 1498 2103 τὴν
1513 2068 1560 2095 τοῦ
1575 2067 1709 2102 σωτηρίου
1727 2065 1823 2092 Θυσίαν

1031 2118 1216 2155 ἀποπληροῦν·
1231 2117 1248 2153 ἢ
1260 2117 1308 2144 καὶ
1322 2116 1367 2143 διὰ
1381 2116 1437 2142 τῶν
1453 2113 1711 2150 προσενηνεγμένων
1726 2120 1823 2146 μοσχα-

1032 2167 1097 2202 ρίων
1105 2164 1134 2192 εὖ
1146 2165 1218 2201 μάλα
1227 2162 1472 2199 προανεπλάττετο.
1481 2161 1548 2188 [fore
1559 2160 1608 2196 μὲν
1616 2159 1672 2195 γὰρ
1679 2158 1757 2185 διὰτὸ
1764 2157 1824 2185 λίαν

1032 2212 1168 2243 εὐσθενὲς,
1186 2210 1233 2237 καὶ
1248 2210 1289 2237 ὅτι
1302 2209 1356 2236 τῶν
1368 2207 1510 2242 ἀϐεϐήλων
1526 2206 1602 2238 ζώων
1616 2205 1646 2231 τὸ
1664 2204 1823 2240 ὑπέρτατον.

998 2269 1019 2296 υ
1036 2258 1134 2293 μόσχος
1141 2257 1210 2290 ἐστὶ,
1217 2256 1308 2291 μόσχῳ
1316 2253 1411 2288 τελείῳ
1420 2252 1616 2289 παρεικάζεται
1623 2250 1751 2286 Χριστόςο
1759 2248 1824 2275 ποτέ

1034 2303 1063 2329 δὲ
1073 2302 1163 2338 μικρῷ
1172 2300 1322 2337 μοσχαρίῳ,
1332 2299 1378 2326 καὶ
1392 2298 1449 2326 ἀνθ’
1458 2297 1616 2329 ὅτου,πάλιν
1628 2296 1705 2331 ὁρᾷς,
1714 2295 1825 2330 γέγονεν

1036 2347 1083 2374 ἄνθ
1089 2355 1177 2382 ρωπος
1189 2347 1204 2373 ὁ
1214 2344 1381 2380 Μονογενὴς,
1393 2343 1440 2370 καὶ
1449 2343 1501 2369 ὑπὸ
1513 2342 1594 2376 ζυγὸν
1604 2341 1735 2372 δουλείας,
1748 2341 1825 2375 εἴπερ

1037 2394 1109 2420 ἐστὶν
1127 2391 1226 2428 ἀληθὲς
1240 2392 1281 2418 ὅτι
1298 2391 1417 2426 πέφηνεν
1435 2390 1463 2416 ἐν
1480 2388 1571 2415 δούλου
1593 2388 1694 2423 μορφῇ.
1717 2386 1786 2413 Ἀλλ’
1802 2387 1825 2412 εἰ

1036 2439 1082 2465 καὶ
1096 2439 1157 2464 ὅσον
1170 2438 1256 2464 εἰπεῖν
1271 2435 1338 2472 ἧκεν
1348 2458 1355 2469 ,
1374 2436 1413 2467 εἷς
1426 2440 1458 2469 ﬁ
1473 2434 1503 2461 τὸ
1523 2435 1552 2460 ὲν
1568 2434 1648 2469 σαρκὶ
1666 2432 1826 2467 μυστήριον,

1036 2485 1130 2519 γέγονε
1152 2483 1210 2518 μεθ’
1225 2483 1304 2518 ἡμῶν
1320 2482 1372 2509 ὑπὸ
1387 2481 1467 2515 ζυγὸν
1482 2479 1621 2512 δουλείας,
1643 2478 1700 2505 ἀλλ’
1719 2475 1752 2513 ἦν
1770 2478 1825 2504 ὅου·

1036 2530 1110 2561 λείας
1134 2529 1297 2565 ἀπείρατος,
1326 2528 1366 2554 ὅτι
1389 2527 1497 2562 φύσεως
1520 2524 1555 2561 ἦν
1579 2525 1628 2561 τῆς
1650 2524 1753 2552 ἄνωθεν
1782 2525 1827 2550 καὶ

1036 2575 1190 2611 ἐλευθέρας.
1214 2574 1263 2602 Διά
1287 2574 1366 2601 τοῦτο
1392 2573 1532 2609 μοσχοιρίῳ
1550 2571 1763 2606 παρεικάζεται,
1787 2570 1827 2596 ὅτι

1036 2621 1085 2648 καὶ
1101 2622 1153 2648 ὑπὸ
1167 2621 1247 2655 ζυγὸν
1258 2641 1265 2652 ,
1282 2620 1330 2648 καὶ
1344 2620 1396 2653 ἔξω
1413 2619 1509 2654 ζυγοῦ.
1537 2618 1698 2653 Ἀπείρατον
1715 2617 1767 2651 γὰρ
1784 2616 1826 2648 ζυ-

1037 2667 1085 2701 γοῦ
1101 2667 1131 2693 τὸ
1152 2667 1317 2702 μοσχάριον,
1332 2666 1356 2692 εἰ
1373 2666 1420 2692 καὶ
1442 2663 1512 2691 εἶναι
1535 2664 1658 2698 πέφυκεν
1677 2663 1729 2689 ὑπὸ
1748 2661 1828 2696 ζυγὸν

1036 2713 1068 2740 τὸ
1081 2712 1181 2738 τοιόνδε
1196 2712 1284 2746 γένος.
1307 2711 1412 2743 ’Ἄλλως
1427 2719 1466 2741 τε,
1486 2710 1532 2736 καὶ
1553 2710 1578 2736 εἰ
1592 2709 1704 2744 γέγονεν
1719 2707 1770 2735 ὑπὸ
1791 2707 1833 2746 vd:

1041 2767 1100 2794 μον,
1116 2758 1153 2790 ὡς
1174 2739 1225 2784 ὑπὸ
1241 2739 1332 2792 ζυγὸν,
1350 2739 1408 2784 an."
1421 2739 1620 2792 ἧνἺὲλεύϐεροςο
1633 2739 1672 2791 ’ἦν
1691 2755 1744 2790 γὰρ
1761 2739 1839 2784 ὑπὲρ.

1040 2805 1131 2840 νόμον,
1150 2805 1187 2836 ὼς
1201 2803 1237 2830 ὢν
1248 2803 1396 2839 νομοθέτης
1413 2803 1460 2829 καὶ
1477 2802 1553 2834 Θεός.
1570 2802 1625 2829 Καὶ
1641 2802 1741 2837 τρίτως
1758 2799 1830 2833 δὲ,εῐ

1092 2899 1113 2915 θ’
1130 2899 1207 2926 non).
1221 2906 1277 2931 vtu,
1292 2898 1317 2925 5.
1358 2898 1380 2913 "°
1401 2897 1479 2925 Rom.
1499 2904 1540 2930 Ix,
1556 2896 1581 2922 4.
