1997 3059
136 153 184 180 5Ἥ

648 149 906 179 GLAPIIYRORUM
925 150 959 178 IN
980 149 1121 178 EXODUM
1142 150 1207 178 LIB.
1226 149 1270 178 III.

1716 153 1768 181 δη

133 210 217 240 δοκετ,
235 208 374 244 πιφόρηκε
388 207 436 243 τὴν
449 207 501 235 ἀπὸ
513 207 565 242 γῆς
580 209 678 244 σάρκα,
691 209 740 245 τὴν
754 210 883 237 νοσοῦσαν
899 211 926 236 ὲν

978 210 1105 237 Christus
1120 209 1211 244 itaque
1231 209 1344 244 mystice
1365 208 1403 235 sic
1417 213 1459 237 est
1479 210 1581 238 vitulus
1595 213 1768 246 nominatus,

133 257 218 292 ἑαυτῇ
228 255 271 282 διὰ
279 255 329 290 τῆς
336 255 473 289 ἁμαρτίας
481 255 525 281 τὸν
536 256 628 290 νόμον,
639 255 764 291 κατὰτὴν
770 256 816 282 τοῦ
824 257 930 283 Παύλου

135 306 237 337 φωνην.
258 301 343 328 ⁴¹Οσον
367 301 421 335 γὰρ
439 298 506 337 ἧκεν
527 302 566 333 εἰς
581 302 631 336 τὴν
653 303 701 337 τῆς
725 302 825 338 σαρκὸς
840 301 929 337 ιρὸσιν,

133 348 272 375 τεθεῖσθαι
295 347 368 374 δοκεῖ
393 348 440 373 καὶ
466 347 518 374 ὑπὸ
541 347 621 382 ζυγὸν
644 348 796 384 ἁμαρτίας,
821 349 877 375 ἀλλ’
896 347 930 384 ἦν

134 395 299 430 ἀπείρατος’
323 403 333 419 ι
361 393 517 429 Κατὲκρινε
534 394 588 429 γὰρ
612 394 663 430 τὴν
686 394 821 430 ἁμαρτίαν
846 395 875 422 ὲν
897 395 929 430 τῇ

135 441 228 476 σαρκὶ,
249 440 293 467 ἴνα
307 439 338 466 τδ
349 439 490 475 δικαίωμα
505 440 552 466 τοῦ
570 440 654 475 νόμον.»
668 440 798 476 πληρωθῇ
817 441 846 467 ἐν
864 441 930 476 ἡμῖν

134 489 190 519 τοῖς
206 487 243 522 μὴ
260 487 332 514 κατὰ
346 487 436 522 σάρκα
453 487 660 523 περιπατοῦσιν,
678 488 745 514 ἀλλὰ
759 489 829 515 κατὰ
848 489 930 515 πνεῦ-

137 542 184 569 μα.
203 543 211 559 ι
225 533 382 568 Μοσχάριον
395 531 442 558 οὖν
455 534 469 559 ὁ
481 533 598 568 Χριστὸς
612 533 739 570 ταύτῃτοι
751 534 929 569 οἰκονομικῶς

134 580 302 615 ὠνόμασται,
316 579 363 606 καὶ
382 579 423 606 ὅτι
436 579 483 606 νέα
499 579 594 614 γέγονε
614 581 702 612 κτίσις
717 589 723 595 ·
744 581 855 616 ἀπαρχὴ
875 582 929 617 γὰρ

134 626 189 652 τῶν
197 627 237 657 εἰς
246 625 325 652 τοῦτο
335 625 513 661 κεκλημένων
525 625 616 658 αὐτός,
627 627 689 653 Ὂτι
700 627 728 653 δὲ
739 624 771 661 ἦν
781 627 928 661 ἀναγκαῖον

135 672 296 705 ἀγιᾱζεσθαι
310 672 349 707 τῷ
365 672 462 708 αἵματι
479 672 654 708 δράττοντας.
671 673 717 699 καὶ
733 672 852 707 ἐγγίζειν
869 672 928 708 Θεῷ

134 718 322 753 γλιχομένους,
335 718 453 754 δέδειχεν
466 719 480 745 ὁ
494 719 608 754 Μωσῆς.
627 719 817 754 καταρῤαίνων
831 719 927 754 αἵματι

135 764 224 790 πάντα
238 763 284 790 τὸν
295 764 370 796 λαὸν,
385 764 432 790 καὶ
442 764 507 790 αὐτὸ
520 764 550 790 τι
567 763 680 799 βιϐλίον.
695 764 830 799 Εἰσόμεθα
844 764 871 790 δὲ
882 765 928 791 καὶ

134 809 178 836 διὰ
197 809 275 835 τοῦτο
291 809 382 840 πάλιν,
394 810 435 836 ὅτι
452 810 532 841 αὐτὸς
551 811 565 836 ὁ
582 810 660 844 μόνος
681 810 779 845 ἀτελὴς
795 811 834 842 είς
850 811 928 844 ἁγια-

135 854 213 888 σμόν.
232 855 326 889 ’Ᾱθρει
341 854 396 889 γὰρ
406 855 478 886 ὅπως
489 853 528 889 τῷ
539 853 584 880 τοῦ
596 854 712 888 αἵματος
728 853 867 889 ραντισμῷ
880 853 928 879 καὶ

980 261 1007 284 et
1027 257 1090 292 quia
1106 264 1175 284 nova
1191 257 1279 284 factus
1295 260 1337 283 est
1356 261 1483 284 creatura
1497 257 1530 284 ".
1547 257 1677 286 Primitias
1695 261 1769 288 enim

980 303 1038 338 ipse
1054 303 1088 330 ad
1105 303 1157 330 hoc
1170 307 1327 330 vocatorum
1344 303 1403 330 fuit.
1417 303 1494 336 Quod
1506 312 1572 332 vero
1584 312 1696 332 necesse
1711 311 1769 333 erat

980 348 1112 383 sanguine
1124 348 1287 376 sanetilicari
1297 356 1345 376 eos
1355 349 1401 384 qui
1416 349 1663 383 comprehendunt,
1675 354 1704 377 et
1713 349 1770 377 Deo

980 394 1199 429 appropinquare
1225 394 1336 426 volunt,
1353 394 1448 421 'Moses
1479 393 1613 425 ostendit,
1638 394 1771 429 sanguine

981 441 1140 468 universum
1163 448 1310 476 aspergens
1325 440 1473 475 populum.
1496 443 1524 468 et
1545 440 1635 475 ipsum
1651 440 1719 467 adeo
1734 440 1769 467 li-

979 487 1068 514 brum.
1091 487 1130 514 Ex
1151 487 1203 514 hoc
1224 495 1289 514 vero
1310 487 1409 514 iterum
1427 494 1508 514 nosse
1532 487 1678 518 convenit,
1695 486 1769 520 quod

979 533 1037 568 ipse
1054 533 1128 559 solus
1149 532 1182 560 ad
1205 531 1449 559 sanctiﬁcationem
1471 540 1527 569 non
1551 531 1676 559 suliicist.
1701 531 1769 559 Vide

979 579 1081 605 etenim
1094 583 1124 605 ut
1135 578 1275 613 sanguinis
1285 579 1443 612 aspersione
1455 577 1642 605 sanctiﬁcetur
1662 581 1690 604 et
1710 577 1768 612 ipse

980 625 1033 661 (lex
1040 625 1141 660 quippe
1148 629 1260 659 peccata
1268 632 1439 659 nequaquam
1451 624 1560 658 abluit),
1570 624 1694 659 perficiat
1701 630 1769 651 vero

979 670 1031 697 hoc
1052 669 1245 705 mysteriomm
1262 669 1349 704 gratia
1372 676 1421 704 per
1437 668 1587 696 Christum.
1602 667 1686 695 Recte
1702 675 1768 695 vero

977 720 1005 743 et
1028 715 1110 747 illud,
1134 714 1255 742 diluculo
1270 722 1368 750 nempe
1393 718 1551 750 surgentem
1572 722 1649 741 sacra
1666 722 1766 749 procu-

978 770 1051 789 rasse
1075 762 1182 794 Mosen,
1207 765 1288 796 atque
1312 761 1460 796 ipsummet
1484 761 1607 788 divinum
1626 761 1766 788 ordinasse

977 808 1148 843 mysterium,
1166 812 1193 834 et
1215 807 1355 842 appositos
1371 807 1405 834 ab
1422 806 1491 841 ipso,
1514 810 1543 834 ut
1557 807 1612 841 jam
1636 807 1765 839 diximus,

977 854 1081 888 lapides
1101 853 1258 885 duodecim,
1282 853 1384 880 vitulos
1399 860 1465 880 vero
1486 852 1518 879 ad
1544 851 1765 880 sacrificandum.

136 900 215 931 αὐτὸς
238 900 394 934 ἁγιάζεται·
419 899 569 926 ἁποπλύνει
592 900 646 935 γὰρ
668 900 804 935 ἁμαρτίας
826 899 925 934 ἥκιστα

978 900 1035 927 Iam
1049 899 1123 926 enim
1145 899 1223 934 quasi
1246 899 1367 926 diluculo
1390 902 1418 925 et
1435 906 1533 925 aurora
1555 898 1712 931 cxsistente,
1735 906 1767 926 ac

136 946 185 981 μὲν
205 947 220 973 ὁ
243 946 341 981 νόμος,
358 945 487 982 κατορθοῖ
511 946 539 972 δὲ
561 945 640 972 τοῦτο
662 945 715 972 τῶν
739 946 784 972 διὰ
805 945 922 981 Χριστοῦ

135 991 294 1027 μυστηρίων
310 993 326 1026 ὴ
342 992 431 1027 χάρις.
457 988 493 1018 Εὖ
518 991 547 1017 δὲ
570 991 630 1017 λίαν
654 991 701 1018 καὶ
715 991 745 1018 τὸ
760 991 924 1027 ὀρθρίσαντα

135 1036 163 1062 τὸ
179 1037 252 1072 πρωῒ
273 1037 319 1063 τὺν
333 1037 494 1072 ἱεροφάντην
510 1036 622 1068 Μωσέα,
632 1037 697 1063 αὑτό
709 1045 738 1063 τε
755 1037 784 1063 τὺ
795 1036 865 1063 θετον
878 1037 924 1072 ὀρ-

134 1082 219 1110 θῶσαι
242 1083 402 1119 μυστήριον,
422 1083 469 1109 καὶ
488 1084 650 1118 περιστῆσαι
668 1082 717 1116 μὲν
734 1081 824 1118 αὐτῷ,
839 1082 924 1109 καθά-

135 1135 186 1163 περ
202 1128 252 1163 ἤδη
268 1130 406 1163 προεῖπον,
424 1127 593 1154 δυωκαίδεκα
615 1127 716 1160 λίθους,
734 1127 813 1154 θῦσαι
833 1127 861 1154 δὲ
877 1129 924 1154 καὶ

135 1174 281 1208 μοσχάρια.
300 1173 417 1209 Ὀρθρου
431 1173 485 1208 γὰρ
498 1173 592 1209 ὥσπερ
607 1174 654 1200 καὶ
666 1173 771 1209 πρωῖας
782 1173 831 1209 ἤδη
846 1182 924 1208 γενο-

136 1219 230 1255 μένης,
247 1221 385 1255 μονονουχὶ
400 1220 428 1246 δὲ
444 1220 490 1246 καὶ
504 1220 650 1255 Φωσφόρου
662 1219 863 1254 διαυγάζοντος,
877 1220 924 1246 καὶ

135 1268 233 1302 νοητῆς
254 1267 319 1301 ἡμῖν
339 1266 501 1301 ἀνισχούσης
527 1266 651 1302 ἡμέρας,
678 1266 879 1301 παροιχομένης
896 1266 923 1292 δὲ

136 1313 184 1348 ἤδη
211 1313 323 1345 νυκτὸς,
341 1313 387 1340 καὶ
403 1312 596 1348 δαιμονιώδους
613 1313 784 1348 ἁργήσαντος
802 1313 923 1345 σκύτους,

135 1358 261 1394 λαμπρὸν
277 1359 416 1394 ἀνεδείχθη
433 1360 482 1393 τῆς
500 1359 661 1395 Ἐκκλησίας
673 1359 702 1385 τὺ
719 1359 816 1391 κάλλος
833 1359 861 1385 το
881 1367 923 1385 σει

137 1405 202 1430 πτὸν
216 1404 331 1439 ἐχούσης
349 1403 548 1440 θυσιαστήριον,
566 1405 608 1438 ἐφ’
619 1401 650 1431 οὗ
664 1404 694 1430 τι
709 1404 826 1439 Χριστοῦ
839 1404 925 1430 τελεῖ-

136 1457 180 1476 ται
194 1450 351 1485 μυστήριον.
369 1450 549 1485 Παρέστησαν
561 1450 587 1476 δὲ
600 1449 672 1484 αὖτῷ
688 1450 733 1476 καὶ
745 1451 772 1476 αἰ
785 1449 865 1484 φυλαὶ
875 1449 924 1483 τῆς

137 1495 199 1529 γῆς,
222 1495 260 1527 ὡς
283 1496 312 1522 ὲν
329 1495 531 1531 παραδείγμασι
554 1497 609 1527 τοῖς
631 1495 725 1528 λίθοις.
750 1496 805 1522 Καὶ
825 1495 889 1530 γοῦν
911 1498 924 1523 ὁ

137 1542 281 1574 θεσπέσιος
307 1542 422 1574 Παῦλος,
441 1543 490 1577 τὴν
514 1541 560 1568 τοῦ
588 1542 806 1577 παραδείγματος
834 1542 925 1568 εἰκέναι

137 1588 356 1624 παραχαράττων
365 1589 405 1620 είς
417 1587 556 1623 ἀλήθειαν,
566 1588 716 1614 ἐπιστέλλει
728 1590 782 1619 τοῖς
793 1588 926 1623 ήγιασμὲ-
940 1578 962 1608 C

137 1642 191 1666 νοις
206 1636 234 1661 ὲν
251 1634 362 1670 Χριστῷ
373 1642 380 1649 ’
399 1643 408 1660 ι
433 1634 477 1660 Ἐν
491 1631 512 1667 ᾧ
531 1634 578 1660 καὶ
598 1634 675 1668 ὑμεῖς
688 1634 725 1665 ὡς
744 1633 812 1660 λίθοι
826 1633 926 1666 ζῶντες

137 1680 353 1715 ὲπῳκοδομεῖσθε
382 1679 454 1712 οἶκος
489 1680 671 1714 πνευματικὸς
701 1681 741 1710 είς
777 1681 927 1716 ῑερὰτευμα

137 1726 224 1760 ἅγιον.
251 1735 259 1751 ι
279 1726 346 1752 Τότε
366 1727 412 1752 καὶ
436 1726 461 1752 οἱ
480 1726 614 1752 νεανίσκοι
635 1726 869 1761 προσκεκομίκασι
892 1726 927 1753 τὰ

137 1771 360 1807 ὁλοκαυτώματα,
377 1772 423 1798 καὶ
439 1772 573 1807 ἱερουργοὶ
585 1772 712 1805 γεγόνασι
736 1772 924 1806 πνευματικοί.

139 1817 204 1844 Τότε
219 1817 260 1852 δὴ,
279 1818 339 1844 τότε
366 1817 414 1844 καὶ
433 1818 460 1844 ὲν
485 1817 623 1851 προσώπῳ
637 1817 789 1852 γεγόναμεν
804 1817 850 1844 τοῦ
868 1818 924 1845 Πα-

138 1863 209 1895 τρῦς,
228 1864 274 1889 καὶ
295 1856 505 1899 παρέστῄκαμεν
522 1863 596 1898 αὑτῷ
619 1863 649 1889 τὸ
670 1863 718 1897 τῆς
741 1863 859 1895 διανοίας
883 1864 927 1890 εὐ-

139 1906 250 1941 δρινες,
275 1908 322 1933 καὶ
346 1908 414 1943 πρὸς
435 1908 490 1933 πᾶν
509 1907 597 1933 ὁτιοῦν
617 1907 670 1933 τῶν
687 1907 796 1942 ἀγαθῶν
811 1908 926 1944 ἑτοίμως

139 1952 199 1986 ἔχον
209 1972 215 1983 ,
231 1953 260 1978 ἐν
276 1952 351 1984 τάξει
372 1952 528 1987 ποιούμενοι
544 1953 768 1988 παραστήματος.
786 1953 871 1979 Τοῦτό
885 1962 926 1980 τοι

141 1997 233 2031 uagi);
250 1998 297 2025 καὶ
311 1999 391 2030 αὐτὸς
403 2000 417 2025 ό
432 1998 502 2030 θεῖος
515 1999 583 2033 ἡμῖν
594 1997 779 2033 προανεφώνει
792 1998 882 2031 Δαϐὶδ,
895 1999 927 2025 ἐκ

139 2043 286 2079 προσώπου
303 2044 357 2070 τῶν
375 2044 594 2071 πεπιστευκότων
610 2043 680 2070 οὓτω
694 2043 781 2078 λέγων
797 2044 865 2079 πρὸς
881 2044 926 2070 τὸν

139 2088 207 2116 ὅλων
219 2088 285 2115 Θεὸν
295 2096 302 2103 ·
320 2098 330 2114 ‹
350 2089 386 2116 Τὸ
399 2088 471 2125 πρωῒ
486 2089 632 2124 είσακούσῃ
645 2090 695 2125 τῆς
710 2090 800 2125 φωνῆς
813 2097 874 2124 μου.
891 2089 927 2116 Τὸ

138 2132 210 2166 πρωῒ
233 2133 443 2168 παραστήσομαι
464 2141 514 2166 σοι,
540 2133 587 2160 καὶ
612 2134 707 2168 ὲπόψει
730 2142 778 2168 με,
799 2134 840 2160 ὅτι
863 2133 924 2168 οὐχὶ

140 2177 206 2208 Θεὸς
222 2177 307 2205 θέλων
328 2179 444 2214 ἀνομίαν
463 2179 495 2205 σὺ
514 2176 549 2211 εἷ,
566 2178 625 2205 οὐδὲ
644 2179 807 2214 παροικήσει
823 2187 862 2205 σοι
879 2187 927 2205 ποο

139 2223 330 2258 νηρευόμενος.
355 2233 364 2249 t
393 2223 569 2259 Ἠγιασμένοι
585 2223 617 2259 δὴ
634 2221 691 2256 οὖν,
710 2223 758 2250 καὶ
776 2223 813 2255 ὡς
830 2225 858 2250 ἐν
880 2223 926 2250 τύ-

141 2277 200 2300 ποις
217 2268 255 2294 ἐτι
271 2269 481 2304 καθηγνισμένοι
496 2269 534 2304 τῷ
547 2270 653 2305 αἵματι,
674 2279 683 2295 ι
708 2269 869 2304 ’Λνεφοίτων
886 2270 926 2301 εἰς

139 2315 169 2341 τὸ
188 2314 249 2350 ὅρος
269 2315 370 2350 Μωσῆς
388 2324 417 2342 τε
437 2315 485 2342 καὶ
510 2315 628 2352 ’Λαρὼν,
659 2316 706 2343 καὶ
732 2315 826 2343 Ναδὰὸ
838 2335 846 2348 ,
880 2316 927 2343 καὶ

147 2363 268 2396 ’Δὸιοὺδ,
288 2364 336 2391 καὶ
360 2363 546 2400 ἑϐδομήκοντα
561 2364 611 2399 τῆς
629 2363 773 2399 γερουσίας
802 2363 926 2398 Ἰσραὴλ,

140 2409 188 2436 καὶ
197 2407 265 2436 εἶδον
278 2409 313 2436 τὰ
325 2409 377 2436 ὑπὸ
386 2410 448 2441 τοὺς
458 2409 539 2441 πόδας
550 2409 632 2437 αὐτοῦ
648 2409 727 2445 ἔργον
740 2410 806 2436 ὡσεὶ
817 2410 927 2437 πλίνθου

141 2456 301 2490 σαπφείςου,
320 2455 368 2482 καὶ
380 2455 474 2490 ὥσπερ
490 2456 569 2491 ἔργον
585 2455 772 2492 στερεώματος
783 2456 830 2482 τοῦ
843 2456 926 2491 οὐρα-

139 2499 186 2527 νοῦ
200 2501 232 2535 τῇ
245 2500 420 2536 καθαρότητι.
437 2500 494 2527 Καὶ
513 2500 566 2527 τῶν
582 2500 731 2527 ἐπιλέκτων
751 2500 798 2527 τοῦ
822 2500 927 2536 Ἰσραὴλ

140 2547 171 2572 οὑ
185 2545 350 2582 διεφώνησεν
363 2546 461 2578 οὐδείς.
481 2547 537 2574 Καὶ
550 2546 680 2582 ὣψθησαν
696 2548 725 2573 ἐν
742 2546 780 2583 τῷ
793 2547 868 2582 τόπῳ
880 2547 927 2574 τοῦ

141 2592 220 2624 Θεοῦ,
240 2592 287 2619 καὶ
299 2592 400 2628 ἔφαγον
414 2593 460 2620 καὶ
476 2593 563 2620 ἔπιον.
578 2603 586 2619 ι
598 2593 718 2626 ’Δκούεις
732 2594 805 2623 ὅπως
820 2593 928 2620 τεθέαν-

141 2646 185 2664 ται
209 2638 254 2664 τὸν
277 2638 324 2665 τοῦ
356 2638 424 2665 Θεοῦ
454 2639 599 2674 λεγόμενον
621 2639 719 2671 τόπον,
752 2639 788 2670 ὡς
810 2640 839 2665 ἐν
863 2639 927 2665 εῖδει

143 2682 330 2722 στερεώματος
344 2683 469 2719 οὐρανοῦ.
495 2684 627 2719 Ἑναυγὴς
640 2684 694 2720 γὰρ
707 2685 722 2711 ὁ
734 2684 846 2720 οὐρανὸς
855 2703 862 2715 ,
880 2684 928 2710 καὶ

143 2730 286 2766 σαπφείρῳ
300 2731 387 2763 ἐοικὸς
400 2730 431 2757 τὸ
449 2731 580 2758 ἀνωτάτω
608 2730 656 2758 καὶ
677 2731 796 2766 αἰθέριον
816 2730 925 2766 χρῶμα.

143 2777 258 2812 Πρέπων
269 2777 301 2805 δὲ
311 2777 352 2804 ὅτι
368 2777 485 2812 μάλιστα
500 2777 588 2814 χῶρος
603 2779 617 2804 ὸ
637 2777 750 2813 οὐρανὸς
760 2798 766 2810 ,
783 2777 831 2804 καὶ
849 2777 890 2811 ἐφ’
905 2773 926 2811 ᾧ

180 2870 200 2885 ⁸¹
220 2869 241 2897 Il
259 2870 322 2898 Cor.
342 2877 369 2900 ν,
389 2869 431 2896 I7.
470 2869 492 2884 "
507 2868 606 2904 Ephes.
619 2877 649 2901 ιι,
662 2869 707 2901 20.
724 2869 770 2902 2i;
783 2869 793 2896 I
805 2869 879 2897 Petr.
891 2877 921 2902 ιι,

990 2869 1024 2906 ,η
1041 2868 1111 2896 Psal.
1133 2878 1159 2902 ν,
1178 2869 1203 2902 ι,
1216 2870 1242 2896 5.

324 2916 458 2946 PATROI...
481 2916 537 2945 Gn.
560 2916 662 2946 LXIX.

977 945 1105 972 Lucifero
1130 944 1328 980 propemodum
1354 945 1539 977 clarescente,
1568 947 1596 971 et
1619 944 1663 972 die
1686 945 1767 972 nobis

978 991 1093 1025 mystico
1106 991 1263 1024 exoriente;
1286 995 1367 1018 nocte
1384 997 1449 1017 vero
1459 988 1633 1022 discedente,
1646 994 1674 1018 et
1695 991 1766 1019 infe-

977 1037 1076 1065 Iicibus
1094 1037 1230 1072 dissipatis
1247 1036 1379 1068 tenebris,
1401 1037 1474 1064 clara
1493 1036 1622 1064 Ecclesia
1641 1036 1766 1072 pulchri—

978 1084 1045 1111 tudo
1060 1088 1168 1110 ostensa
1186 1087 1238 1115 est,
1261 1083 1446 1109 venerandum
1467 1082 1594 1110 habentis
1618 1083 1714 1115 altare,
1738 1082 1766 1110 in

977 1137 1032 1164 quo
1042 1128 1144 1156 Christi
1158 1128 1317 1164 mysterium
1334 1129 1484 1163 peragitur.
1497 1127 1629 1155 Astabant
1639 1135 1705 1155 vero
1715 1127 1765 1163 ipsi

978 1175 1066 1202 tribus
1082 1178 1172 1206 terrae,
1187 1178 1316 1208 tanquam
1331 1174 1359 1200 in
1373 1173 1533 1208 exemplari,
1549 1173 1686 1208 lapidibus
1696 1174 1766 1201 duo-

977 1220 1076 1247 decim.
1100 1217 1208 1246 Etenim
1231 1218 1341 1246 divinus
1361 1217 1471 1250 Paulus,
1483 1218 1599 1253 exempli
1621 1219 1766 1254 imaginem

977 1273 1040 1292 vere
1052 1265 1220 1295 describens,
1237 1263 1413 1291 sanctillcatis
1425 1263 1452 1290 in
1463 1263 1574 1291 Christo
1586 1264 1625 1291 sic
1643 1264 1698 1292 sit-z
1714 1274 1722 1290 ι
1737 1264 1765 1292 1η

977 1319 1031 1346 quo
1045 1315 1072 1338 et
1087 1311 1139 1346 ipsi
1155 1315 1283 1345 tauquam
1306 1309 1410 1344 lapides
1430 1309 1486 1336 vivi
1510 1310 1765 1345 supertedillcamini

977 1356 1075 1384 domus
1092 1356 1253 1391 spiritualis,
1277 1355 1304 1383 in
1331 1355 1515 1383 sacerdotium
1538 1361 1663 1383 sanctum
1689 1357 1721 1383 ".
1752 1367 1761 1383 ι

978 1402 1055 1430 Tunc
1067 1405 1218 1437 etjuvencs
1232 1403 1391 1430 holocausta
1405 1403 1577 1435 obtulerunt,
1592 1408 1620 1431 et
1635 1403 1764 1431 sacerdo-

979 1454 1020 1476 tes
1035 1449 1097 1476 l'acti
1112 1453 1176 1476 sunt
1188 1449 1335 1484 spiritales.
1351 1449 1431 1484 332
1445 1449 1532 1482 Tunc,
1550 1453 1625 1482 tunc,
1641 1450 1764 1485 inquam,

978 1495 1006 1522 in
1029 1503 1145 1530 persona
1161 1495 1250 1523 Patris
1269 1502 1381 1527 sumus,
1399 1495 1451 1530 ipsi
1473 1495 1624 1530 potentiam
1647 1496 1763 1528 mentis,

978 1549 1038 1576 qum
1054 1541 1087 1569 ad
1105 1549 1184 1568 omne
1200 1542 1301 1569 bonum
1311 1545 1372 1576 apte
1386 1541 1539 1574 conveniat,
1554 1542 1765 1572 constituentes.

978 1587 1005 1615 in
1019 1587 1142 1615 ordinem
1158 1588 1278 1614 collecta:
1291 1587 1379 1622 plebis
1398 1587 1512 1614 redacti.
1527 1588 1556 1615 Id
1571 1588 1643 1616 clare
1656 1588 1766 1616 divinus

977 1641 1085 1668 quoque
1098 1633 1183 1660 David
1203 1632 1379 1665 vociferatur,
1396 1633 1434 1660 ita
1457 1633 1628 1661 credentium
1649 1642 1766 1669 persona

977 1679 1010 1706 ad
1024 1679 1214 1706 universorum
1228 1679 1314 1706 Deum
1326 1679 1421 1706 dicens
1433 1687 1439 1705 :
1457 1689 1466 1704 ι
1484 1679 1560 1706 Mane
1574 1679 1705 1707 exaudies
1717 1688 1765 1708 vo-

977 1731 1036 1751 cem
1053 1731 1151 1751 meam.
1174 1724 1251 1751 Mane
1273 1724 1367 1751 astabo
1384 1724 1443 1756 tibi,
1459 1728 1487 1751 et
1507 1724 1614 1752 videbis
1626 1732 1678 1758 me,
1695 1733 1766 1761 quo-

978 1770 1050 1796 niam
1065 1777 1119 1796 non
1133 1769 1205 1797 Deus
1216 1769 1388 1804 iniquitatem
1403 1770 1497 1797 volens
1513 1774 1541 1797 tu
1552 1777 1582 1797 es
1595 1779 1601 1797 :
1616 1778 1705 1805 neque
1720 1771 1766 1798 ha-

974 1815 1076 1856 }iitabit
1087 1816 1163 1851 juxta
1176 1820 1203 1842 te
1221 1815 1355 1850 malignus
1368 1815 1399 1842 ".
1417 1825 1425 1841 ι
1442 1815 1607 1843 Sanctiﬁcati
1626 1815 1719 1852 igitur,
1735 1825 1767 1844 ac

977 1862 1062 1889 veluti
1075 1861 1102 1888 in
1113 1865 1177 1897 typo
1184 1861 1323 1896 puriﬁcati
1335 1862 1466 1897 sanguine
1477 1867 1504 1889 et
1512 1863 1630 1895 lustrati,
1647 1872 1656 1888 ι
1667 1862 1767 1890 Ascen-

977 1907 1079 1934 derunt
1091 1907 1119 1934 in
1131 1911 1251 1934 montem
1266 1907 1354 1934 Moses
1366 1912 1394 1934 et
1405 1907 1506 1939 Aaron,
1518 1907 1612 1935 Nadab
1623 1912 1651 1935 et
1664 1907 1765 1939 Abiud,

977 1957 1005 1980 ct
1025 1953 1197 1988 septuaginta
1219 1953 1252 1980 de
1274 1952 1429 1980 senioribus
1449 1952 1532 1980 Israel
1554 1961 1561 1979 ι
1582 1953 1766 1988 videruntque

977 1999 1028 2026 sub
1043 1999 1159 2034 pedibus
1174 1999 1234 2034 ejus
1253 2005 1323 2034 opus
1336 1998 1413 2034 quasi
1427 1999 1521 2026 lateris
1535 1999 1667 2034 sapphiri,
1683 2003 1766 2035 atque

978 2048 1008 2072 ut
1022 2051 1091 2079 opus
1107 2043 1271 2071 firmamenti
1288 2044 1316 2071 in
1331 2044 1394 2071 cmli
1410 2044 1567 2072 serenitate.
1578 2045 1611 2072 Et
1622 2045 1656 2072 de
1671 2045 1767 2073 electis

977 2088 1060 2115 Israel
1074 2087 1202 2116 desonuit
1217 2095 1252 2115 ne
1270 2096 1341 2115 unus
1355 2088 1476 2124 quidem.
1492 2089 1526 2116 Et
1539 2094 1724 2124 apparuerunt
1737 2090 1765 2118 in

977 2133 1038 2161 loco
1052 2133 1111 2165 Dei,
1127 2138 1155 2162 et
1170 2133 1349 2161 comederunt
1363 2139 1445 2169 atque
1457 2134 1588 2162 biberunt
1602 2135 1635 2162 “.
1655 2145 1664 2161 ι
1679 2135 1766 2164 Audis

977 2185 1008 2207 ut
1023 2180 1079 2207 Deo
1093 2179 1212 2208 dicatum
1226 2180 1316 2208 locum
1331 2181 1459 2213 viderint,
1474 2181 1548 2208 velut
1566 2181 1593 2208 in
1609 2181 1700 2216 specie
1718 2181 1765 2209 tir-

979 2226 1110 2254 mamenti
1121 2227 1201 2254 cteli?
1214 2226 1319 2254 Caelum
1334 2227 1407 2255 enim
1421 2227 1595 2262 splendidum
1614 2232 1656 2255 est
1674 2235 1707 2255 ac
1722 2227 1766 2255 di-

979 2271 1118 2304 lucidum,
1138 2271 1323 2307 sappliiroque
1343 2272 1482 2308 persimile
1504 2273 1532 2300 in
1553 2273 1724 2305 summitate,
1738 2277 1765 2301 et

979 2318 1079 2345 coloris
1102 2318 1231 2346 caelestis.
1254 2319 1360 2347 Decens
1383 2319 1475 2354 itaque
1500 2324 1528 2347 et
1547 2324 1627 2354 aptus
1650 2320 1766 2347 maxime

979 2363 1056 2391 locus
1069 2364 1170 2392 caelum
1191 2368 1249 2397 est,
1270 2365 1299 2392 in
1320 2373 1375 2400 quo
1389 2366 1507 2400 quiescit
1520 2365 1647 2393 habitans
1669 2363 1697 2394 in
1718 2373 1765 2394 an-

979 2408 1056 2443 gelis.
1072 2409 1189 2436 Sanctus
1203 2409 1276 2436 enim
1294 2409 1321 2436 in
1341 2410 1444 2437 sanctis
1462 2410 1578 2442 habitat,
1593 2415 1622 2438 et
1633 2411 1765 2446 quodam-

979 2455 1061 2482 modo
1078 2455 1224 2482 inclinatur
1244 2455 1279 2483 iis
1297 2456 1344 2491 qui
1368 2463 1495 2491 superam
1513 2456 1638 2485 incolunt
1658 2457 1766 2491 urbem,

981 2501 1018 2528 ob
1032 2501 1204 2534 industriam,
1219 2502 1336 2537 vitaeque
1351 2503 1535 2537 praestantiam
1554 2503 1641 2539 probe
1655 2503 1764 2532 institu—

980 2551 1047 2574 tam.
1067 2546 1212 2575 Credimus
1230 2547 1304 2575 enim
1320 2553 1422 2576 coetum
1446 2555 1608 2584 superorum
1625 2557 1764 2577 sacrosan-

981 2596 1054 2619 ctum
1065 2600 1134 2620 esse.
1147 2593 1193 2620 Ait
1205 2592 1287 2628 igitur
1298 2601 1331 2621 ea
1343 2601 1405 2629 qua:
1417 2594 1469 2622 sub
1481 2595 1529 2622 Dei
1545 2595 1663 2630 pedibus
1677 2601 1767 2626 erant,

981 2639 1015 2666 ab
1037 2639 1080 2666 his
1101 2640 1148 2674 qui
1170 2639 1197 2666 in
1220 2645 1340 2667 montem
1361 2640 1559 2673 ascenderant,
1586 2645 1715 2677 tanquam
1734 2634 1766 2668 in

980 2684 1071 2719 specie
1082 2684 1259 2717 ﬁrmamenti,
1273 2692 1371 2712 sereno
1381 2692 1413 2712 ac
1426 2685 1495 2713 sudo
1508 2686 1590 2719 cisio,
1601 2685 1658 2713 visa
1671 2685 1765 2713 fuisse.

979 2729 1128 2765 Oportebat
1143 2731 1216 2758 enim
1238 2738 1295 2763 eos,
1312 2731 1359 2766 qui
1378 2731 1415 2759 ob
1429 2731 1544 2759 deorum
1560 2726 1765 2760 multitudinem

979 2775 1097 2802 errando
1107 2776 1200 2810 aagroti
1213 2782 1308 2810 erant,
1326 2777 1429 2813 quique
1445 2783 1577 2806 creatum:
1591 2777 1764 2810 serviebant,

1282 2870 1303 2886 "
1320 2870 1411 2899 Exod.
1429 2878 1501 2904 xxxv,
1515 2870 1558 2904 I0,
1583 2871 1628 2899 II.

1550 2915 1582 2948 17
