1997 3059
220 146 273 173 523

217 247 337 276 ecssario
354 246 459 278 videre,
476 245 563 273 Deum
577 245 628 272 sub
644 244 760 279 pedibus
774 244 874 271 omium
890 242 1005 274 habere,

217 295 396 329 omniumque
413 300 472 320 esse
484 292 640 323 Dominum,
656 295 711 318 uta
726 298 781 326 quo
793 290 883 317 omnia
898 293 1007 316 mutua-

199 341 205 369 .’
216 345 312 367 rentur
328 339 485 370 essentiam,
501 338 603 373 quique
618 345 665 364 eos
685 337 720 363 ab
734 336 848 370 antiqua
862 334 958 362 fraude
973 334 1007 360 li—

217 384 330 412 berarit.
353 383 432 417 Quod
455 390 521 410 vero
543 382 644 409 divinis
667 380 877 408 eharismatibus
898 379 1007 406 abunde

217 429 379 465 participem
396 428 465 460 ﬁeri,
480 432 507 455 et
521 431 648 462 oportere
669 426 792 453 deliciari
812 426 840 452 in
855 425 1007 464 spirituali-

218 476 269 503 hus
281 475 383 503 Christi
397 474 486 505 bonis,
499 473 665 500 assimiletur
676 472 775 498 iterum
790 471 823 498 iis
836 472 882 506 qui
898 478 947 497 suo
959 470 1009 497 ali—

217 520 327 556 quando
351 524 472 553 tempore
493 517 644 552 ingressuri
662 521 726 543 sunt
747 524 892 552 supernam
911 516 1007 542 civita-

218 572 284 599 tem,
302 565 422 593 ostendit
443 564 480 596 id,
502 563 575 598 quod
594 563 640 598 qui
657 563 838 590 ascenderant
858 562 890 589 ad
916 563 1008 589 locum

217 613 274 645 Dei,
290 612 469 640 comederunt
492 618 524 637 ac
548 609 688 636 biberunt.
711 609 775 641 Sed,
793 612 822 635 ut
840 608 896 643 jam
920 615 1008 642 nuper

216 659 345 690 diximus,
365 657 411 684 uni
434 656 500 683 lilosi
521 655 555 682 ad
578 655 664 682 Deum
686 654 816 682 accedere
833 653 1006 688 praecipitur;

217 705 323 733 caeteris
344 704 452 738 longius
467 702 565 737 positis
579 702 694 729 adorare
719 710 725 727 :
746 701 847 736 quibus
871 705 898 727 et
918 700 1008 727 Aaron

216 751 320 778 aderat.
338 749 417 784 333
429 748 551 776 Diximus
566 755 642 780 vero,
656 747 800 774 nobiscum
812 746 906 778 fuisse,
919 746 945 773 in
958 754 1007 772 na-

218 801 279 823 tura
292 796 370 831 Iongc
387 798 501 826 semota,
517 793 626 825 Filium,
643 793 690 828 qui
711 792 825 827 propius
841 792 936 819 aderat
952 792 1008 819 Deo

217 843 301 875 Patri,
319 843 492 869 innocentem
513 845 594 875 atque
611 839 815 866 immaculatum
834 838 1005 866 sacerdotem

216 896 364 920 summum,
381 891 411 914 ut
428 894 476 922 per
490 886 578 920 ipsum
599 889 626 912 et
648 893 710 912 cum
733 885 791 919 ipso
808 884 906 911 iterum
924 891 1003 919 repe-

215 935 319 961 riamur
335 937 361 960 et
383 932 434 968 ipsi
457 938 551 967 prope.
569 930 637 957 llinc
658 929 815 956 nominatur
832 928 1003 960 Emmanuel,

215 980 288 1016 quod
309 984 351 1007 est
375 979 594 1012 interpretatum,
617 976 756 1003 Nobiscum
781 975 861 1002 Deus.
884 974 1003 1002 Tametsi

215 1033 278 1052 vero
293 1024 435 1052 nobiscum
452 1022 536 1050 fuerit
549 1026 678 1056 tanquam
693 1021 788 1053 homo;
802 1027 898 1047 cernas
912 1023 1004 1046 tamen

215 1071 290 1103 licet,
307 1070 415 1097 Patrem
437 1075 546 1104 quoque
563 1074 651 1101 neque
668 1066 748 1093 beato
768 1066 834 1093 Mosi
855 1065 1002 1092 accessibi-

215 1118 268 1144 lem
285 1116 402 1148 factum,
424 1115 484 1142 sine
508 1114 595 1149 ipsius
618 1112 824 1140 intercessione.
848 1111 907 1146 Ipse
928 1112 1002 1138 enim

215 1163 258 1190 via
272 1167 323 1194 est,
339 1161 397 1196 ipse
413 1161 523 1193 ostium,
541 1165 572 1188 ut
589 1161 645 1196 jam
665 1159 794 1186 diximus.
813 1158 953 1185 Discemus
975 1160 1003 1184 et

215 1208 267 1236 hoc
283 1215 378 1234 rursus
390 1215 423 1234 ex
441 1207 476 1234 iis
490 1214 550 1241 qum
568 1208 730 1240 sequuntur.
751 1214 760 1230 ‹
779 1204 813 1231 Ει
825 1203 893 1230 dixit
908 1203 1002 1230 Domi—

214 1262 266 1281 nus
283 1254 315 1281 ad
333 1254 445 1281 Mosen:
462 1252 584 1280 Ascende
605 1251 638 1278 ad
660 1259 703 1278 me
720 1250 747 1277 in
770 1254 900 1281 montem,
912 1253 941 1276 et
960 1253 1002 1276 sta

215 1300 262 1332 ibi,
288 1304 316 1327 et
336 1300 408 1328 dabo
426 1299 474 1326 tibi
493 1299 599 1326 tabulas
620 1297 750 1332 lapideas,
768 1297 854 1331 legem
874 1300 903 1324 et
923 1303 1001 1322 man-

213 1347 286 1375 data.
303 1354 364 1381 quze
385 1346 482 1380 scripsi
501 1349 532 1372 ut
552 1345 646 1371 darem
666 1344 753 1378 legem
768 1343 818 1370 eis.
834 1342 868 1369 Et
886 1348 1002 1376 surgens

213 1392 301 1419 Moses
313 1397 341 1419 et
353 1392 433 1419 Josue
446 1391 492 1425 qui
508 1390 625 1421 astabat,
643 1388 826 1416 ascenderunt
839 1387 866 1414 in
879 1391 1000 1413 montem

213 1436 261 1463 Dei
276 1437 309 1463 ³⁸.
327 1447 335 1462 ι
350 1436 432 1464 Vides
445 1440 474 1462 ut
486 1434 574 1462 Moses
586 1434 622 1461 sit
635 1437 747 1460 vocatus
758 1432 785 1459 in
797 1435 927 1463 montem,
942 1439 1002 1457 um-

213 1482 344 1509 braticam
352 1479 623 1508 adhucetlittcralem
631 1478 717 1513 legem
725 1481 898 1511 accepturus,
906 1483 1002 1502 accur-

214 1529 280 1556 rerit
294 1536 358 1555 vero
372 1535 425 1554 una
437 1534 491 1553 non
507 1529 619 1552 vocatus
635 1524 728 1555 Josuc,
741 1523 766 1550 in
780 1522 882 1550 Christi
895 1526 998 1557 typum,

213 1576 258 1610 qui
273 1583 288 1601 a
302 1575 382 1601 Patre
397 1581 451 1600 non
465 1575 590 1602 vocatur,
606 1575 635 1597 ut
652 1568 753 1600 exteri,
768 1575 876 1602 semper
888 1568 960 1594 enim
974 1568 1000 1595 ei

212 1619 299 1646 adest.
314 1618 388 1645 Viam
407 1617 498 1651 itaque
511 1615 610 1643 sternit
624 1613 727 1641 vocatis
743 1613 876 1639 mediator
889 1616 917 1639 et
930 1612 999 1639 assi-

213 1667 298 1689 stens.
322 1662 369 1689 Est
392 1661 466 1689 enim
492 1659 670 1694 impossibile,
688 1661 718 1685 ut
737 1658 872 1689 dicebam,
895 1657 923 1684 in
945 1658 1000 1684 Deo

213 1707 293 1734 Patre
310 1706 363 1733 alio
383 1714 434 1733 nos
452 1713 512 1732 esse
527 1703 618 1734 modo,
633 1711 714 1738 quam
729 1703 785 1729 sola
799 1702 885 1736 ipsius
897 1701 1000 1728 media-

214 1752 286 1779 tione
304 1760 352 1779 seu
372 1750 582 1778 interventione.
599 1749 639 1776 llii
655 1749 747 1783 itaque
768 1747 853 1783 gloria
868 1751 896 1774 et
913 1748 1000 1782 impe-

214 1798 284 1825 rium
301 1798 382 1825 simul
393 1805 455 1824 eum
472 1796 642 1823 sanctissimo
658 1795 737 1822 Patre
752 1799 779 1822 et
789 1794 892 1829 Spiritu
908 1799 1001 1822 sancto

213 1844 240 1871 in
253 1844 350 1872 sarcula
364 1844 535 1871 saeculorum.
551 1842 648 1870 Amen.

718 141 746 169 8.
767 141 904 169 CYRlLLl
923 138 1157 168 ALEXANDIHNI
1177 137 1334 166 ARCHIEP.
1525 171 1529 175 ἢ

218 203 252 231 ad
273 201 321 230 Dei
339 205 434 237 postea
447 200 632 236 cognitionem
655 203 777 230 vocatos,
793 197 898 225 utiliter
914 204 945 224 ac
960 204 1009 223 ne-

1062 195 1276 226 ὲπαναπαύεται,
1290 194 1433 222 καταλύων
1449 195 1478 222 ἐν
1495 196 1630 230 ἀγγέλοις.
1647 196 1739 231 ’Δγιος
1752 198 1808 234 γὰρ
1822 201 1852 226 ἐν

1798 141 1850 169 826

1059 241 1146 275 ἁγίοις
1169 242 1308 273 κατοικεῖ,
1333 241 1380 268 καὶ
1404 241 1543 273 οῐονείπως
1567 243 1777 272 ἐπαναχλίνεται
1795 247 1852 279 τοῖς

1057 287 1106 323 τὴν
1125 287 1180 314 ἄνω
1193 287 1316 323 τρίϐουσι
1331 288 1416 320 πόλιν,
1433 288 1476 315 διὰ
1490 288 1520 314 τὸ
1538 288 1597 316 λίαν
1613 290 1728 325 εὐφυὲς,
1746 292 1793 319 καὶ
1812 293 1853 325 εἰς

1058 334 1204 370 ἀρειότητα
1226 334 1298 370 ζωῆς
1323 332 1352 361 εὗ
1377 335 1449 370 μάλα
1470 334 1649 371 διεξεσμένον.
1680 337 1774 372 Ἀγίαν
1797 339 1853 376 γὰρ

1058 379 1127 407 εἶναι
1144 380 1308 416 πιστεύομεν
1330 381 1379 417 τὴν
1403 381 1457 408 τῶν
1475 382 1532 409 ἄνω
1553 383 1715 418 πνευμάτων
1736 384 1850 420 πληθύν.

1059 427 1148 462 Ὠφθη
1165 426 1197 462 δὴ
1213 424 1259 453 οὖν
1280 427 1315 454 τὰ
1337 427 1388 454 ὑπὸ
1404 427 1468 460 τοὺς
1486 428 1570 460 πόδας
1587 429 1669 456 αὐτοῦ
1689 431 1744 462 τοῖς
1765 432 1804 463 εἰς
1821 431 1854 459 τὸ

1057 470 1121 506 ὅρος
1137 471 1345 506 ἀναϐεϐηκόσιν,
1363 471 1402 503 ὼς
1414 473 1442 498 ἐν
1456 472 1520 498 εῖδει
1533 473 1720 508 στερεώματος
1737 476 1851 511 οὐρανοῦ

1057 517 1090 551 τῇ
1103 516 1271 552 καθαρότητι
1282 537 1289 549 ,
1301 517 1393 553 φησίν.
1411 517 1485 544 Ἔδει
1498 518 1563 554 γὰρ,
1577 520 1641 550 ἔδει,
1659 521 1722 551 τοὺς
1737 521 1785 556 τὴν
1799 530 1851 548 πο-

1057 561 1152 589 λύθεόν
1176 571 1241 589 ποτε
1271 564 1537 598 κατηρῤωστηκότας
1564 565 1717 601 πλάνησιν,
1745 567 1793 593 καὶ
1815 569 1850 604 τῇ

1057 609 1144 636 κτίσει
1159 609 1386 644 λελατρευκότας,
1404 607 1465 636 εἶτα
1478 611 1663 646 κεκλημένους
1677 613 1717 643 είς
1733 613 1850 647 ἐπί-λίνω⁴

1058 663 1101 681 σιν
1114 654 1192 686 Θεοῦ,
1210 655 1352 691 χρησίμως
1368 663 1397 682 τε
1419 656 1467 682 καὶ
1485 656 1638 690 ἀναγκαίως
1655 657 1717 684 ἰδεῖν
1743 658 1783 685 ὅτι
1802 659 1850 686 καὶ

1057 700 1138 728 αὑτὸν
1154 701 1206 727 ὑπὸ
1223 700 1304 732 πόδας
1321 701 1376 736 ἔχει
1392 701 1436 727 τὸν
1453 702 1576 738 οὐρανὸν,
1594 703 1642 729 καὶ
1655 704 1695 729 ὅτι
1713 703 1767 731 τῶν
1780 705 1850 731 πάν-

1057 755 1109 772 των
1127 746 1185 772 ἐστὶ
1198 746 1346 781 Δεσπότης,
1366 747 1404 778 ὡς
1421 746 1600 782 παρενεγκὼν
1616 748 1649 774 τὰ
1667 749 1756 776 πάντα
1780 749 1849 785 πρὸς

1058 791 1190 826 ὕπαρξιν,
1205 792 1219 818 ὁ
1239 791 1289 826 τῆς
1307 792 1424 828 ἀρχαίας
1439 792 1537 824 αὐτοὺς
1555 793 1663 828 ἀπάτης
1682 794 1849 830 ἀπολυτρού-

1059 845 1148 871 μενος.
1164 837 1225 863 Ὂτι
1236 837 1264 863 δὲ
1279 837 1325 863 καὶ
1338 839 1394 869 τοῖς
1405 838 1444 869 εἰς
1459 838 1508 874 τὴν
1518 838 1574 865 ἄνω
1588 839 1658 866 κατά
1670 840 1780 876 καιροὺς
1792 841 1849 866 εἰσ-υ

1058 882 1197 909 ελαὺνουσι
1217 882 1314 914 πόλιν,
1336 883 1538 918 παρεικάζεται
1562 884 1643 911 πάλιν
1668 885 1698 911 τὸ
1725 885 1770 912 καὶ
1792 886 1848 913 τῶν

1057 928 1137 955 θείων
1151 928 1327 964 χαρισμάτων
1340 928 1472 960 πλουσίως
1485 931 1640 965 μετασχεῖν,
1653 930 1699 957 καὶ
1712 930 1740 957 τὸ
1752 931 1842 966 ἐντρυ-

1057 974 1140 1008 φῆσαι
1155 973 1208 1000 δεῖν
1221 975 1277 1005 τοῖς
1291 976 1486 1009 πνευματικοῖς
1499 975 1574 1011 παρὰ
1588 975 1706 1010 Χριστοῦ
1722 976 1845 1009 ἀγαθοῖς,

1055 1019 1179 1052 διαδείξει
1196 1019 1237 1051 τὸ,
1259 1019 1288 1045 ὲν
1309 1019 1384 1054 τόπῳ
1404 1020 1567 1055 γενομένους
1587 1021 1666 1054 Θεοῦ,
1678 1023 1774 1056 φαγεῖν
1799 1023 1846 1049 κοιλΙ

1056 1067 1127 1091 πιεῖν
1143 1066 1205 1096 τοὺς
1221 1065 1435 1101 ἀναϐεόηκὸτας.
1467 1065 1535 1092 Ἀλλ’
1551 1067 1579 1092 ὲν
1602 1067 1650 1101 μὲν
1672 1064 1713 1098 οἷς
1734 1067 1846 1103 ἔναγχος

1055 1111 1134 1147 ἔφην,
1153 1112 1233 1147 μόνος
1251 1112 1449 1147 προσετάττετο
1467 1112 1569 1146 Μωσῆς
1584 1112 1692 1146 ἐγγίσαι
1709 1113 1778 1148 πρὸς
1801 1115 1846 1140 τὸν

1055 1158 1121 1185 Θεόν
1130 1165 1137 1171 ·
1153 1158 1180 1184 οῖ
1193 1167 1223 1192 γε
1239 1158 1292 1194 μὴν
1304 1158 1391 1194 ἕτεροι
1405 1161 1566 1194 προσκυνεῖν
1583 1159 1730 1194 μακρόθεν,
1745 1157 1785 1192 οἷς
1798 1160 1846 1186 καὶ

1056 1203 1138 1238 συνῆν
1165 1203 1279 1239 Ἀαρών.
1303 1203 1448 1238 Ἐλέγομεν
1457 1203 1494 1235 δὲ,
1512 1204 1553 1230 ὃτι
1576 1203 1635 1238 μεθ’
1651 1204 1730 1239 ἡμῶν
1749 1205 1844 1238 γέγονε

1054 1250 1087 1284 τῇ
1103 1247 1182 1283 φύσει
1200 1249 1337 1284 μακρόθεν
1352 1249 1365 1275 ὁ
1381 1249 1462 1283 ἐγγὺς
1477 1249 1524 1275 τοῦ
1540 1249 1607 1276 Θεοῦ
1624 1249 1670 1275 καὶ
1687 1250 1791 1286 Πατρῦς
1807 1249 1845 1276 ὢν

1055 1294 1128 1326 Υἱὸς,
1143 1295 1156 1320 ὁ
1169 1295 1270 1326 ἄκακος
1283 1295 1362 1330 ἡμῶν
1378 1295 1424 1321 καὶ
1438 1294 1567 1330 ἀμίαντος
1580 1295 1738 1330 ἀρχιερεύς·
1753 1296 1795 1322 ἵνα
1811 1296 1844 1322 δι’

1054 1337 1154 1368 αὑτοῦ,
1172 1338 1218 1364 καὶ
1244 1338 1291 1364 σὺν
1315 1337 1390 1373 αὺτῷ
1409 1338 1441 1373 δὴ
1466 1339 1558 1371 πάλιν,
1581 1339 1774 1375 εὑρισκώμεθα
1797 1341 1845 1367 καὶ

1054 1384 1133 1417 ἡμεῖς
1148 1383 1239 1416 ἐγγύς.
1256 1383 1400 1419 Τοιγάρτοι
1418 1384 1548 1418 κέκληται
1566 1385 1613 1411 καὶ
1635 1385 1818 1421 Ἐμμανουὴλ,
1830 1386 1846 1412 ὃ

1055 1428 1111 1454 ἐστι
1126 1427 1407 1464 μεθερμηνευόμενος,
1423 1431 1493 1456 Μεθ’
1507 1429 1591 1464 ἡμῶν
1603 1432 1619 1457 o’
1636 1432 1717 1464 Θείς.
1733 1431 1806 1467 Πλὴν
1820 1433 1844 1459 εί

1054 1474 1099 1500 καὶ
1116 1475 1212 1509 γέγονε
1228 1475 1286 1510 μεθ’
1302 1475 1380 1510 ἡμῶν
1392 1475 1428 1507 ὡς
1444 1476 1603 1511 ἄνθρωπος,
1619 1477 1676 1503 ἀλλ’
1691 1477 1764 1504 ἔστιν
1780 1478 1844 1504 ίδείν

1052 1521 1090 1551 ὡς
1106 1520 1165 1547 οὐδὲ
1181 1521 1255 1557 αὐτῷ
1272 1521 1310 1557 τῷ
1334 1523 1461 1557 μακαρίῳ
1482 1523 1568 1558 Μωσῇ
1585 1523 1711 1558 προσιτὺς
1733 1525 1843 1559 γέγονεν

1015 1552 1036 1580 C
1053 1567 1066 1593 ὁ
1082 1567 1186 1602 Πατὴρ,
1199 1567 1261 1602 δίχα
1275 1568 1322 1601 τῆς
1337 1552 1419 1594 aurati
1436 1552 1584 1602 μεσιτεῐας.
1599 1552 1683 1601 dine;
1770 1552 1843 1596 sum:

1053 1612 1068 1646 ἡ
1084 1611 1151 1643 ὁδὸς,
1168 1612 1249 1644 αὐτὸς
1264 1613 1280 1647 ἠ
1296 1611 1375 1648 θύρα,
1394 1613 1520 1648 καθάπερ
1536 1614 1585 1649 ἤδη
1601 1615 1777 1650 προείπομεν.
1796 1616 1843 1642 Εἰ-

1052 1658 1154 1693 σόμεθα
1167 1658 1194 1684 δὲ
1207 1659 1254 1685 καὶ
1269 1659 1348 1685 τοῦτο
1360 1659 1440 1686 πάλιν
1454 1660 1508 1686 ἀπό
1518 1668 1549 1694 γε
1559 1660 1613 1688 τῶν
1624 1661 1732 1696 ὲψεξῆς
1745 1671 1754 1687 ι
1770 1660 1840 1689 Eine

1049 1705 1114 1740 γὰρ,
1131 1706 1222 1740 φησιν,
1240 1706 1254 1732 ὁ
1270 1706 1371 1741 Κύριος
1391 1706 1460 1742 πρὸς
1480 1707 1582 1742 Μωσῆν
1596 1716 1603 1723 ⁸
1623 1707 1750 1743 Ἀνάϐηθι
1773 1708 1841 1742 1:96;

1052 1760 1085 1786 με
1101 1752 1141 1783 εἰς
1155 1751 1185 1777 τὸ
1197 1751 1269 1787 ὅρος.
1288 1753 1334 1778 καὶ
1350 1752 1404 1778 ἶσοι
1420 1753 1489 1783 ἐκεῖ,
1506 1753 1551 1779 καὶ
1563 1752 1641 1779 δώσω
1657 1761 1697 1780 σοι
1711 1754 1745 1780 τὰ
1758 1753 1841 1786 πυξία

1050 1796 1084 1822 τὰ
1100 1796 1198 1829 λίθινα,
1212 1797 1256 1823 τὸν
1271 1796 1362 1831 νόμον,
1375 1798 1422 1823 καὶ
1437 1796 1486 1828 τὰς
1501 1797 1618 1830 πλάκας,
1630 1797 1662 1829 ἃς
1677 1797 1784 1832 ἔγραψα
1797 1805 1840 1823 νου

1015 1844 1018 1851 ‘
1052 1842 1200 1877 μοθετῆσαι
1219 1842 1321 1873 αὐτοῖς.
1344 1842 1400 1869 Καὶ
1416 1842 1535 1874 ἀναστὰς
1551 1843 1653 1877 Μωσῆς
1673 1843 1719 1869 καὶ
1737 1842 1840 1878 Ἰησοῦς

211 1893 225 1918 ὁ
235 1891 413 1928 παρεστηκὼς
424 1890 509 1926 αὐτῷ,
520 1889 654 1924 ἀνέϐησαν
665 1889 705 1919 είς
718 1888 748 1914 τὸ
775 1887 838 1923 ὅρος
850 1887 896 1915 τοῦ
914 1887 992 1914 Θεοῦ.
1010 1897 1019 1914 ι
1034 1888 1115 1924 Ὁρᾷς
1131 1889 1226 1924 ὅτιπερ
1240 1889 1370 1924 κέκληται
1389 1888 1438 1924 μὲν
1450 1889 1463 1915 ὁ
1476 1889 1577 1924 Μωσῆς
1591 1889 1639 1915 τὸν
1646 1890 1674 1915 ἐν
1691 1891 1778 1920 σκιαῖς
1797 1890 1839 1916 ἔτι

211 1938 257 1965 καὶ
270 1938 430 1973 γράμμασιν
445 1934 642 1970 ὑποδεξάμενος
654 1934 747 1968 νόμον,
764 1934 958 1969 συνανατρέχει
989 1934 1016 1960 δὲ
1036 1934 1110 1969 αὐτῷ
1139 1933 1176 1970 μὴ
1187 1934 1408 1970 συγκεκλημένος
1421 1935 1434 1961 ὁ
1455 1934 1557 1970 Ἰησοῦς
1568 1935 1607 1966 είς
1615 1934 1698 1961 τύπον
1709 1934 1837 1970 Χριστοῦ·

210 1986 239 2018 ὃς
259 1986 289 2012 οὐ
317 1985 442 2012 καλεῖται
468 1983 544 2018 παρὰ
574 1981 696 2017 Πατρός,
726 1981 791 2013 ἴσως
814 1982 871 2013 τοῖς
895 1981 1001 2013 ἄλλοις·
1023 1981 1130 2009 σύνεστι
1148 1982 1201 2016 γὰρ
1217 1981 1269 2009 ἀεί.
1285 1981 1373 2017 Βατὴν
1403 1981 1432 2008 δὲ
1445 1983 1501 2014 τοῖς
1521 1981 1696 2015 καλουμένοις
1710 1981 1758 2016 τὴν
1781 1980 1838 2008 ὁδὸν

210 2032 353 2068 ἐργάζεται
365 2031 511 2067 μεσιτεὺων
523 2030 570 2056 καὶ
583 2028 679 2057 συνών.
695 2029 773 2056 Ἔστι
795 2028 851 2064 γὰρ
877 2029 1029 2065 ἀμήχανον,
1049 2030 1086 2061 ὡς
1101 2029 1168 2064 ἔφην
1178 2050 1186 2063 ,
1201 2029 1276 2061 ἐντὸς
1291 2029 1420 2064 γενέσθαι
1436 2029 1482 2056 τοῦ
1499 2029 1567 2056 Θεοῦ
1587 2030 1634 2056 καὶ
1648 2029 1754 2065 [ἰατρὸς
1776 2029 1838 2055 καθ’

209 2079 302 2114 ἕτερον
320 2079 394 2114 ἡμᾶς
411 2078 527 2113 τρόπον,
544 2075 614 2111 πλὴν
628 2076 669 2102 ὅτι
685 2075 728 2102 διὰ
751 2075 834 2111 μόνης
847 2077 897 2110 τῆς
929 2076 1013 2104 αὑτοῦ
1035 2077 1185 2112 μεσιτείας.
1205 2076 1285 2112 Αὑτῷ
1320 2076 1464 2112 τοιγαροῦν
1484 2077 1501 2112 ἡ
1525 2076 1588 2110 δόξα
1604 2076 1651 2104 καὶ
1671 2077 1702 2103 τὸ
1721 2077 1837 2112 κράτος,

210 2124 276 2160 ἐιμοῦ
291 2123 330 2151 τῶ
344 2123 469 2158 παναγὶῳ
485 2121 574 2157 Πατρὶ
590 2122 638 2148 σὺν
655 2120 694 2156 τῷ
712 2121 781 2156 ἁγίῳ
795 2122 943 2158 Πνεὺματι,
957 2124 996 2154 εἰς
1015 2124 1078 2156 τοὺς
1097 2124 1199 2155 αἰῶνας
1212 2122 1267 2149 τῶν
1280 2121 1398 2149 αἰώνων.
1424 2122 1520 2158 Ἀμήν.

364 2178 403 2206 De
420 2177 500 2205 vitulo
513 2185 590 2213 quem
607 2177 834 2213 conﬂavitlsrael.

243 2236 295 2271 Qui
323 2236 410 2271 legem
427 2243 482 2262 non
506 2234 608 2262 habent
626 2234 653 2260 in
672 2233 826 2260 subsidium
839 2254 846 2266 ,
873 2234 900 2261 hi
925 2243 997 2262 caeco

208 2285 325 2320 quodam
342 2287 370 2310 et
386 2281 482 2310 eﬂ'reni
498 2279 649 2308 voluntatis
663 2279 766 2314 impetu
783 2279 817 2307 ad
832 2280 935 2315 quaevis
947 2288 998 2308 uo-

210 2331 252 2359 xia
267 2330 403 2362 feruntur,
427 2333 456 2355 et
472 2327 608 2362 ingentem
625 2326 734 2361 culpam
758 2325 919 2360 incurrunt,
934 2335 996 2354 cum

208 2376 280 2411 apud
295 2376 391 2406 Deum,
409 2377 466 2400 tum
489 2371 561 2407 apud
576 2371 700 2398 homines
715 2379 722 2398 :
743 2379 775 2399 ac
791 2372 897 2400 tametsi
918 2373 996 2401 valde

209 2420 354 2448 videantur
368 2418 432 2452 azgri
455 2424 515 2444 esse
534 2416 665 2451 inculpati
676 2436 683 2448 ,
707 2416 792 2452 magis
809 2421 900 2444 tamen
912 2418 994 2453 quid-

208 2465 274 2502 quid
295 2464 450 2499 improbum
463 2462 747 2501 absurdissimumque
761 2467 804 2490 est
823 2463 953 2491 admirari
966 2469 995 2491 et

209 2509 320 2537 laudare
336 2508 443 2539 solent;
458 2514 547 2542 neque
563 2506 723 2536 discernere
742 2513 846 2535 norunt
861 2509 992 2544 quidnam

209 2562 302 2583 revera
333 2553 513 2582 admiratione
539 2552 652 2588 dignum
671 2554 724 2587 sit,
743 2554 808 2589 quid
825 2562 841 2582 c
855 2555 994 2582 contrario

209 2607 288 2637 turpe
302 2608 334 2628 ac
343 2599 543 2627 detestandum.
559 2599 796 2633 Quemadmodum
815 2601 888 2628 enim
910 2609 994 2629 naves

207 2653 269 2681 qua
281 2649 389 2673 vastum
410 2650 485 2672 mare
501 2650 694 2681 pervagantur,
716 2645 738 2673 si
759 2651 852 2681 aptum
871 2655 903 2674 ac
922 2647 995 2682 peri-

209 2698 266 2723 tum
279 2691 491 2728 gubernatorem
502 2694 591 2718 nactae
615 2691 686 2724 sint,
709 2691 816 2720 felicem
834 2697 994 2728 rectumque

208 2746 318 2766 cursum
342 2736 507 2770 conﬁciunt;
526 2736 568 2764 sin
590 2741 680 2764 autem
694 2737 777 2765 fuerit
798 2739 820 2765 is
840 2746 935 2773 parum
953 2739 992 2766 rei

192 2783 325 2811 .uautice
336 2782 451 2820 peritus,
469 2789 578 2809 sursum
599 2789 630 2809 ac
640 2782 772 2810 deorsum
785 2783 923 2818 jaculntur
942 2791 994 2818 pro

245 2850 268 2866 ευ
289 2842 373 2877 Exod.
385 2856 457 2882 ων,
476 2847 519 2881 is,
538 2846 581 2874 ιε.

1187 2179 1256 2214 Περὶ
1276 2179 1475 2214 μοσχοποιίας
1491 2179 1543 2206 τοῦ
1561 2178 1695 2213 Ἰσραήλ.

1080 2237 1112 2262 0'.
1128 2236 1209 2271 νόμον
1225 2236 1275 2262 οὐκ
1290 2235 1396 2271 ἔχοντες
1411 2236 1450 2267 είς
1474 2236 1648 2271 ἐπικουρίαν,
1662 2235 1775 2270 τυφλαῖς
1789 2237 1834 2263 καὶ

1045 2281 1264 2313 ἀκατασκέπτοις
1280 2281 1440 2316 θελημάτων
1455 2281 1569 2316 τροπαῖς
1583 2281 1652 2316 πρὸς
1672 2282 1726 2308 πᾶν
1745 2281 1833 2308 ὁτιοῦν

1044 2327 1245 2362 ἀποφέρονται,
1260 2327 1306 2353 καὶ
1324 2326 1384 2353 λίαν
1401 2326 1537 2358 εὐκόλως,
1551 2326 1605 2352 τῶν
1619 2326 1829 2362 ἀπηχθημένων,

1045 2375 1093 2401 καὶ
1107 2375 1136 2401 ὲν
1160 2375 1236 2410 αίτίᾳ
1251 2371 1336 2410 πολλῇ
1360 2373 1436 2409 παρὰ
1457 2373 1496 2409 τῷ
1521 2373 1582 2409 Θεῷ
1602 2374 1649 2400 καὶ
1667 2374 1831 2410 ἀνθρώποις,

1043 2419 1093 2447 κᾶν
1107 2420 1132 2446 εί
1146 2419 1213 2446 πολὺ
1229 2419 1364 2454 φαίνοιντο
1377 2418 1517 2450 νοσοῦντες
1533 2418 1563 2446 τὸ
1577 2419 1735 2454 ἀμωμήτως
1748 2419 1830 2455 ἔχειν*

1045 2465 1144 2501 μᾶλλον
1157 2465 1184 2492 δὲ
1199 2465 1251 2492 κᾶν
1266 2466 1345 2500 εἴπερ
1357 2465 1400 2500 εἴη
1416 2473 1442 2491 τι
1457 2464 1505 2491 καὶ
1519 2464 1572 2491 τῶν
1592 2465 1661 2498 ἄγαν
1677 2464 1831 2492 ὲκτοπωτά-

1042 2518 1106 2542 των,
1129 2509 1208 2537 τοῦτο
1230 2511 1278 2538 καὶ
1302 2510 1453 2546 θαυμάζειν
1468 2510 1514 2536 καὶ
1528 2511 1650 2538 ἐπαινεῖν
1671 2510 1766 2543 ἀξιοῖς,
1782 2511 1830 2538 καὶ

1042 2556 1188 2592 διακρίνειν
1203 2556 1252 2582 οὐκ
1269 2553 1340 2583 οἶδεν
1354 2557 1368 2582 ὃ
1378 2556 1404 2582 τί
1419 2555 1484 2582 ποτέ
1500 2556 1574 2582 ἐστιν
1587 2555 1749 2591 ἀξιόληπτον
1763 2556 1828 2592 ἁλη-

1044 2602 1098 2633 θῶς
1124 2602 1141 2637 ἢ
1161 2602 1192 2628 τὸ
1208 2602 1327 2629 ὶναντίον
1350 2598 1465 2637 αίσχρὸν
1497 2603 1544 2629 καὶ
1574 2601 1707 2630 ὕποπτον.
1726 2603 1830 2638 ὀνπερ

1043 2648 1097 2682 γὰρ
1111 2648 1211 2682 τρόπον
1229 2648 1339 2680 ὁλκάδες
1352 2649 1380 2674 αἱ
1395 2647 1444 2683 τὴν
1465 2647 1585 2683 μεγάλην
1605 2648 1707 2684 ταύτην
1723 2648 1771 2676 καὶ
1785 2648 1830 2674 εὐ-

1045 2692 1167 2729 ρύχωρον
1177 2692 1332 2720 διαθέουσαι
1345 2692 1492 2725 θάλασσαν,
1507 2693 1531 2719 εί
1544 2693 1594 2728 μὲν
1615 2693 1728 2729 εῦχειρά
1740 2702 1768 2720 τε
1782 2693 1828 2720 καὶ

1042 2738 1235 2775 ἀριστοτέχνην
1255 2739 1341 2774 ἔχοιεν
1362 2739 1408 2766 τὸν
1420 2740 1478 2771 τοῖς
1491 2739 1632 2774 πηδαλίοις
1649 2739 1827 2774 ἐφεστηκότα.

1043 2784 1088 2810 τὸν
1099 2785 1141 2810 ἐπ’
1162 2785 1226 2811 εὐθὺ
1246 2785 1382 2820 διᾴττουσι
1398 2785 1508 2821 δρόμον.
1523 2785 1555 2812 Et
1569 2785 1597 2812 δὲ
1611 2785 1643 2820 δή
1659 2793 1700 2817 τις
1716 2784 1760 2820 εἴη
1775 2784 1828 2812 τῶν
