1997 3059
145 157 196 186 525

655 158 912 187 GLAPHYRORUM
934 159 966 185 IN
988 158 1127 186 EXODUM
1149 157 1213 185 LIB.
1235 154 1277 184 IlI.

1721 152 1772 182 516

143 217 175 242 οὐ
198 215 258 242 λίαν
290 217 521 251 εὖτεχνεστάτων.
550 216 771 253 διαρῤιπτοῦνται
794 216 934 251 πανταχῆ,

994 216 1119 243 luctuum
1135 223 1166 243 ac
1182 214 1366 250 procellarum
1395 212 1510 239 arbitrio
1525 232 1531 243 ,
1557 210 1639 247 334
1651 220 1712 247 quae
1727 219 1778 238 cas-

147 261 288 297 μονονουχὶ
311 263 507 298 προσνεύουσαι
533 262 572 297 τῷ
603 261 788 298 προσωϐοῦντι
819 261 933 296 κύματι.

126 304 260 344 ’ὅποιπερ
282 308 315 335 ἂν
337 309 445 336 δύναιτο
468 308 657 344 περιελαύνειν
677 309 771 339 αὐτάς
795 308 864 334 οὕτω
889 308 935 334 καὶ

146 354 163 388 ἡ
178 353 321 388 ἀνθρώπου
334 353 418 389 ψυχὴ.
432 354 513 389 νόμον
528 355 577 381 οὐκ
591 353 690 389 ἔχουσα
697 353 741 380 τὸν
755 353 934 388 ἐφεστηκότα,

147 399 216 433 πρὸς
229 400 283 425 πᾶν
298 400 367 435 αὐτῇ
383 400 478 427 δοκοῦν
493 400 619 427 ἀπονεύει
635 399 742 436 ῥᾳδίως,
757 399 804 426 καὶ
817 401 871 431 τοῖς
882 398 937 425 τῶν

150 446 223 472 [δίων
239 446 342 481 ἡδονῶν
358 446 525 482 καταμεθύει
548 447 661 482 κύμασι.
684 445 769 472 Τοῦτο
785 445 937 472 πεπονθότα

149 491 195 517 τὸν
222 492 331 527 Ἰσραὴλ
356 493 520 528 εὑρήσομεν.
548 493 689 528 Βεϐηκὸτα
713 492 768 528 γὰρ
791 491 866 519 abnuo
893 492 938 518 τὸν

148 537 211 564 νοῦν
238 538 278 569 εἷς
302 538 443 566 εὐσέϐειαν
468 539 552 575 ἔχων,
576 539 637 566 οὔτε
663 539 715 575 μὴν
740 538 938 574 ἐρηρεισμένην

151 584 221 618 μετὰ
236 583 303 610 Θεοῦ
319 585 367 620 τὴν
384 586 509 620 καρδίαν,
526 586 621 612 ἀνόπιν
636 585 731 621 ὥσπερ
753 585 799 611 ίὼν
814 594 940 619 κσιτε;,εω⁴

152 631 216 665 ρᾶτο
233 631 324 663 πάλιν,
341 632 387 657 καὶ
403 632 453 666 τῆς
469 633 608 668 ἐπαράτου
622 633 668 659 καὶ
689 632 818 667 βδελυρᾶς
833 631 940 657 εἰδωλοα

150 676 276 712 λατρείας
293 678 447 713 ἠγαπηκὼς
467 678 501 705 τὰ
522 679 694 713 ἐγκλήματα.
708 679 852 713 Τοιγάρτοι
877 677 940 714 περὶ

137 713 240 749 ἀὐτῶν
264 723 310 749 κα)¹
333 724 414 755 αὐτὸς
438 724 556 757 ἔξασκεν
573 726 586 751 ὁ
603 725 706 760 Σωτήρ·
736 734 744 750 ε
766 725 850 751 Ὅταν
862 724 890 750 δὲ
911 723 941 750 τδ

151 769 307 804 ἀκάθαρτον
322 769 431 804 πνεῦμα
453 770 550 806 ἐξέλθῃ
566 771 620 797 ἀπὸ
634 771 679 797 τοῦ
699 770 853 806 ἀνθρώπου,
867 770 940 805 διέρ-

151 824 229 849 χεται
252 815 287 842 δι’
308 815 431 850 ἀνύδρων
454 817 563 848 τύπων,
584 815 682 852 ζητοῦν
708 817 870 849 ἀνάπαυσιν,
894 814 942 842 καὶ

152 861 200 895 οὐχ
215 861 347 896 εὑρίσκει,
366 862 423 894 καὶ,
446 861 638 898 Ὑποστρέψω,
653 864 745 898 φησιν,
761 864 800 894 εξς
815 863 860 889 τὸν
876 863 942 889 ἴδιον

153 905 245 932 τόπον.
264 906 318 932 Καὶ
331 906 409 933 ἐλθὸν
424 907 547 942 εὑρίσκει
560 907 735 942 σχολάζοντα,
751 907 942 943 σεσαρωμένον

153 951 200 978 καὶ
224 945 442 987 κεκοσμημένον
468 952 528 979 τότε
550 952 713 988 πορεύεται,
742 953 788 979 καὶ
809 953 942 988 λαμῦάνει

153 996 234 1032 ἕτερα
260 998 329 1024 ἑπτὰ
346 998 490 1033 πνεύματα
508 999 677 1035 πονηρότερα
695 998 802 1027 ἑαυτοῦ.
821 999 874 1025 Καὶ
888 999 944 1026 εἱσ-

154 1042 266 1069 ελθόντα
291 1045 416 1070 κατοικεῖ
438 1046 506 1071 ἐκεῖ·
530 1045 576 1071 καὶ
596 1045 699 1079 γίνεται
719 1045 753 1072 τὰ
776 1045 877 1081 ἔσχατα
895 1044 943 1072 τοῦ

153 1088 298 1125 ἀνθρώπου
316 1091 431 1125 ἐκείνου,
447 1091 556 1126 χείρονα
572 1091 627 1118 τῶν
643 1091 768 1127 πρώτων.
784 1101 794 1117 ι
806 1091 871 1119 Εἶτα
882 1092 943 1118 τού-

153 1144 211 1167 τοις
233 1137 399 1170 προστιθεὶς,
418 1147 427 1162 ‹
449 1138 553 1173 Ἀμὴν,
571 1138 656 1173 φησὶ,
675 1137 747 1172 λέγω
766 1139 840 1173 ὑμῖν,
858 1136 944 1170 οὕτως

155 1181 230 1208 ἔσται
253 1183 285 1218 τῇ
313 1184 421 1218 πονηρᾷ
441 1183 529 1220 ταύτῃ
554 1185 645 1220 γενεᾷ.
668 1194 677 1209 ι
708 1184 874 1220 Ἀπελήλατο
895 1185 944 1219 μὲν

155 1227 208 1263 γὰρ
222 1228 250 1254 ὲν
262 1228 360 1263 ἀρχαῖς
373 1229 402 1255 τ’)
422 1229 529 1265 πνεῦμα
549 1231 580 1257 τὸ
603 1231 731 1266 πονηρὸν,
746 1231 791 1257 ὅτε
814 1230 943 1258 τεθὺκασι

155 1273 200 1299 τὸν
215 1274 300 1309 ἀμνὶν
315 1276 353 1306 εἰς
369 1275 453 1301 τύπον
468 1275 514 1302 τοῦ
533 1277 663 1311 Χριστοῦ·
681 1276 899 1313 κατεχρίσθησαν
915 1286 943 1303 τε

155 1319 194 1354 τῷ
207 1321 313 1355 αἵματι,
328 1321 375 1347 καὶ
388 1321 529 1358 διέδρασαν
544 1322 590 1348 τὸν
608 1322 781 1359 ὀλοθρευτήν.
805 1323 871 1349 Ἀλλ’
891 1323 943 1349 ἰδοὺ

156 1367 237 1394 πάλιν
250 1368 409 1399 εἰσπέπεκε,
430 1369 477 1395 καὶ
493 1369 561 1395 πολὺ
576 1370 706 1405 χειρόνως
724 1369 740 1405 ἢ
755 1369 848 1402 πάλαι,
866 1369 944 1406 εἴπερ

157 1413 230 1440 ἐστὶν
244 1413 345 1449 ἀληθὴς
358 1415 372 1440 ὁ
386 1414 472 1448 λέγων
486 1416 550 1451 περὶ
564 1415 617 1441 τῶν
630 1416 663 1442 τὰ
676 1415 766 1442 τοιάδε
780 1416 866 1442 νοσεῖν
881 1415 946 1451 ᾐρησ

159 1459 257 1495 μένων·
295 1469 304 1485 ι
316 1460 451 1495 Κρεῖσσον
472 1461 525 1497 γὰρ
542 1459 576 1496 ἧν
596 1462 687 1493 αὐτοῖς
711 1461 747 1497 μὴ
763 1462 945 1496 ἐπεγνωκέναι

157 1503 206 1540 τὴν
222 1505 280 1531 ὁδὸν
297 1505 346 1540 τῆς
363 1505 571 1542 δικαιοσύνης,ῆ
588 1507 744 1541 ἐπιγνοῦσιν
760 1508 798 1538 εἰς
811 1507 844 1534 τὰ
859 1506 946 1533 ὀπίσω

157 1551 317 1586 ἀνακάμψαι
333 1552 386 1577 ἀπὸ
402 1553 451 1586 τῆς
474 1552 597 1587 δοϐείτης
616 1554 707 1586 αὐτοῖς
726 1553 806 1588 ἁγίας
822 1554 942 1588 ἐντολῆς.

158 1595 333 1630 Συμδέϐηκεν
346 1596 437 1628 αὐτοῖς
450 1597 479 1624 τὸ
487 1597 536 1632 τῆς
546 1597 663 1632 ἀληθοῦς
672 1598 834 1634 Παροιμίας·
850 1598 946 1626 (Κύων

158 1640 323 1675 ἐπιστρέψας
331 1641 376 1668 ἐπὶ
383 1641 414 1667 τὸ
426 1641 489 1668 ἴδιον
499 1641 629 1677 ὲξέραμα⁴
638 1652 646 1668 ι
655 1643 712 1675 καὶ,
721 1640 787 1676 (Ὗς
793 1643 945 1679 λουσαμένη

158 1689 197 1720 εἰς
213 1688 334 1723 κύλισμα
350 1688 492 1724 βορϐόρου.
510 1699 519 1714 ι
544 1690 588 1722 Ἐξ
603 1689 693 1716 αὐτῶν
707 1690 735 1716 δὲ
749 1690 801 1717 τῶν
818 1687 947 1727 τετόλμη-

161 1734 248 1768 μένων
268 1734 468 1770 καταθρήσαιτό
483 1743 524 1767 τις
547 1734 595 1777 ἂν,
614 1735 724 1762 ὅτιτῶν
746 1737 818 1763 ἰδίων
841 1737 946 1774 ἐμέτων

158 1779 275 1814 ἣπτοντο
294 1779 384 1812 πάλιν,
398 1781 445 1807 καὶ
460 1782 516 1813 τοῖς
531 1781 635 1808 ἄνωθεν
649 1782 865 1816 ὲγκυλινδεῖσοαι
883 1783 946 1820 βορ-

159 1825 248 1859 6ὁροις
271 1826 299 1859 ἐξ
325 1826 499 1861 ὑποστροφῆς
524 1828 668 1862 ἐμελέτων.
698 1828 856 1864 Γέγραπται
881 1829 946 1865 γὰρ,

160 1871 199 1898 ὅτι
215 1880 224 1895 ‹
244 1871 298 1897 Καὶ
316 1871 379 1898 ἰδὼν
394 1873 407 1899 ό
421 1872 484 1904 λαὸς
500 1873 540 1900 ὅτι
552 1874 693 1909 κεχρόνικε
707 1875 809 1910 Μωσῆς
824 1875 946 1910 καταΕῆ-

160 1924 203 1942 ναι
220 1916 252 1941 ἐκ
272 1916 318 1942 τοῦ
337 1916 432 1952 ὅρους,
453 1918 567 1953 συνέστη
584 1919 598 1945 ὁ
617 1919 680 1951 λαὸς
699 1919 743 1945 ἐπ’
763 1919 884 1954 Ἀαρὼν,
901 1919 948 1946 καὶ

160 1961 285 1995 λέγουσιν
308 1962 394 1998 αὐτῷ·
412 1963 574 1999 Ἀνάστηθι,
588 1964 634 1990 καὶ
647 1964 759 2000 ποίησον
779 1965 843 2000 ἡμῖν
860 1965 947 1996 θεοὺς,

160 2008 185 2034 οἳ
202 2008 436 2044 προπορεύσονται
452 2009 542 2045 ἡμῶν.
564 2011 592 2037 Ὀ
603 2011 706 2046 Μωσῆς
720 2007 796 2043 οὗτος
815 2013 828 2038 ὁ
843 2010 948 2046 ἄνθρω-

161 2062 210 2085 πος
222 2053 252 2085 ὃς
265 2054 399 2089 ἐξήγαγεν
413 2055 485 2090 ἡμᾶς
498 2057 529 2082 ἐκ
546 2057 596 2091 γῆς
611 2056 760 2089 Αἰγύπτου,
773 2057 823 2084 οὐκ
838 2057 948 2092 οἴδαμεν

159 2100 186 2126 τί
200 2100 311 2134 γέγονεν
328 2101 413 2136 αὐτῷ.
428 2102 483 2128 Καὶ
501 2102 574 2136 λέγει
590 2103 681 2134 αὐτοῖς
701 2103 715 2129 ὁ
733 2102 848 2138 Ἀαρών·
864 2103 947 2138 Περι-

159 2145 253 2172 έλεσθε
268 2146 302 2172 τὰ
316 2145 413 2174 ἐνώτια
425 2147 458 2174 τὰ
471 2148 559 2183 χρυσᾶ
568 2148 602 2174 τὰ
617 2149 646 2175 ὲν
656 2149 711 2180 τοῖς
726 2147 776 2174 ὠσὶ
790 2148 845 2174 τῶν
855 2154 949 2182 γυναι-

145 2182 215 2217 ’κῶν
241 2191 317 2226 ὑμῶν
341 2192 389 2218 καὶ
408 2192 462 2220 τῶν
478 2182 649 2230 Θυγατέρων,
673 2194 719 2220 καὶ
736 2192 866 2228 ὲνέγκατέ
891 2202 946 2229 μοι.

985 269 1040 296 quo
1054 262 1138 289 velint
1147 260 1291 296 impellunt
1301 269 1307 286 ε
1319 260 1356 286 ita
1369 259 1450 286 etiam
1468 258 1586 285 hominis
1599 258 1699 290 anima,
1711 266 1774 285 cum

985 307 1072 341 legem
1090 315 1144 334 non
1161 307 1244 334 habet
1260 305 1419 341 perfectam,
1435 304 1514 331 facile
1527 303 1560 331 ad
1580 303 1688 338 quidvis
1701 304 1774 338 quod

986 353 1011 380 ei
1026 353 1139 381 libuerit
1155 353 1271 388 rapitur,
1290 356 1318 378 et
1331 351 1482 379 carnalium
1497 350 1669 384 voluptatum
1694 349 1777 376 undis

987 398 1189 434 quodammodo
1202 398 1364 425 inebriatur.
1377 396 1454 430 Quod
1476 396 1587 431 quidem
1605 395 1777 431 reperiemus

988 445 1120 472 accidisse
1143 444 1247 472 Israeli.
1265 443 1334 472 Cum
1352 443 1425 471 enim
1445 450 1501 470 non
1525 442 1640 470 haberet
1657 445 1777 469 mentem

988 491 1022 518 ad
1045 491 1174 526 pietatem
1198 498 1379 525 propensam,
1403 497 1493 524 neque
1510 496 1557 515 cor
1577 489 1604 515 in
1628 488 1715 515 Deum
1729 487 1778 514 de-

990 538 1072 564 fixum
1083 558 1090 569 ,
1107 537 1185 572 quasi
1204 536 1380 572 retrogradus
1409 541 1451 564 est
1478 535 1683 571 deprehensus,
1699 543 1780 562 exse-

990 581 1119 609 crandam
1133 581 1316 609 idololatrian]
1346 581 1525 616 amplexatus.
1544 580 1649 608 Idcirco
1664 579 1698 607 de
1719 579 1781 607 istis

991 627 1116 655 Salvator
1131 628 1189 663 ipse
1204 627 1241 654 ait
1261 636 1267 654 :
1291 637 1299 653 ι
1315 627 1384 663 Qum
1399 627 1558 661 immundus
1574 627 1688 661 spiritus
1707 626 1780 653 exie-

991 674 1028 700 rit
1044 673 1078 701 ab
1091 674 1203 700 homine
1215 694 1223 705 ,
1243 677 1371 708 peragrat
1386 673 1491 700 arentia
1519 673 1577 700 loca
1597 680 1723 707 quaerens
1738 679 1781 699 re-

991 720 1094 754 quiem,
1107 724 1134 746 et
1146 727 1202 746 non
1218 719 1370 751 inveniens,
1385 719 1456 746 'dicit
1472 719 1658 746 :Revertarin
1668 718 1780 746 domum

992 773 1080 793 meam
1099 766 1171 793 unde
1186 765 1268 792 exivi.
1284 766 1391 792 Etcum
1406 765 1523 796 venerit,
1542 765 1647 792 invenit
1661 772 1720 791 eam
1732 772 1780 792 va-

992 817 1110 844 cantem,
1128 811 1218 846 scopis
1231 812 1387 839 mundatam
1401 815 1429 838 ct
1444 815 1587 843 ornatam;
1608 816 1673 839 tunc
1689 811 1780 843 vadit,

994 861 1021 884 et
1038 857 1154 884 assumit
1180 861 1284 892 septem
1305 857 1374 885 alios
1393 857 1506 892 spiritus
1525 857 1673 892 nequiores
1695 865 1733 885 se.
1748 857 1782 885 Et

960 893 979 921 Β
995 903 1108 937 ingressi
1137 903 1262 930 habitant
1286 903 1332 930 ibi.
1355 903 1389 930 Et
1408 903 1476 930 fiunt
1489 904 1638 943 novissima
1663 904 1783 932 hominis

994 947 1067 974 illius
1076 947 1168 982 pejora
1185 947 1324 982 prioribus
1333 948 1365 975 ⁵⁸.
1383 958 1392 973 ›
1406 947 1505 975 Subdit
1514 953 1604 976 autem
1616 949 1697 984 paulo
1709 952 1780 984 post:

997 1001 1006 1017 ε
1023 991 1107 1019 Amen
1118 1013 1125 1024 ,
1146 992 1207 1019 dico
1221 992 1311 1024 vobis,
1329 992 1367 1020 sic
1382 992 1427 1020 ﬂet
1443 993 1612 1028 generationi
1636 994 1701 1021 huic
1717 1002 1782 1029 prae

994 1047 1034 1066 vae
1049 1039 1081 1065 ⁵⁷.
1097 1049 1105 1064 ι
1125 1039 1295 1074 Expulerunt
1309 1039 1382 1066 enim
1402 1039 1480 1067 initio
1496 1040 1622 1075 spiritum
1634 1039 1782 1076 malignum

994 1089 1112 1112 mactato
1123 1093 1193 1120 agno
1205 1085 1231 1112 in
1249 1089 1340 1120 typum
1353 1085 1472 1119 Christi,
1493 1086 1624 1121 unctique
1640 1090 1705 1114 sunt
1718 1084 1783 1115 san-

994 1131 1086 1166 guine,
1103 1135 1130 1158 et
1143 1131 1298 1166 etfugcrunt
1312 1132 1563 1160 exterminatorem.
1576 1131 1612 1160 At
1631 1132 1703 1165 vide,
1718 1138 1783 1168 proa

994 1177 1124 1204 labuntur
1152 1185 1281 1210 rursum,
1311 1185 1343 1205 ac
1359 1177 1469 1212 quidem
1491 1179 1520 1206 in
1542 1179 1622 1214 longe
1645 1179 1783 1207 deteriora

995 1223 1133 1258 prioribus
1146 1230 1153 1255 ;
1171 1224 1304 1258 siquidem
1316 1231 1399 1251 verax
1411 1228 1453 1252 est
1463 1224 1507 1252 ille
1521 1224 1567 1260 qui
1583 1225 1616 1253 de
1629 1225 1674 1252 tali
1687 1225 1784 1253 morbo

995 1270 1102 1297 aﬁ'ectis
1116 1270 1184 1297 dicit
1201 1279 1206 1296 :
1226 1280 1234 1295 ε
1254 1270 1350 1298 Melius
1363 1276 1435 1298 esset
1452 1271 1517 1306 ipsis
1530 1277 1670 1307 nunquam
1682 1278 1785 1308 cogno-

995 1316 1067 1343 visse
1080 1316 1152 1343 viam
1172 1317 1295 1352 justitite,
1313 1324 1394 1352 quam
1419 1322 1481 1345 cum
1507 1318 1685 1353 cognoverint
1709 1322 1784 1346 retro

996 1361 1141 1389 deflectere
1153 1369 1168 1389 a
1183 1367 1278 1389 sancto
1292 1362 1436 1395 mandato,
1464 1362 1537 1398 quod
1566 1363 1617 1390 sibi
1639 1366 1682 1391 est
1697 1364 1783 1391 tradi-

997 1409 1064 1432 tum.
1079 1405 1185 1432 Accidit
1196 1406 1269 1433 enim
1281 1406 1331 1439 eis,
1345 1407 1418 1441 quod
1431 1412 1472 1434 est
1484 1407 1511 1434 in
1527 1408 1687 1441 Proverbia,
1702 1409 1785 1437 Canis

996 1458 1123 1478 reversus
1133 1451 1167 1478 ad
1182 1451 1323 1486 proprium
1337 1452 1479 1485 vomitum;
1509 1457 1546 1485 ct,
1560 1452 1611 1480 Sus
1621 1453 1676 1481 lota
1688 1454 1720 1481 ad
1735 1462 1785 1481 vo-

995 1495 1133 1523 lutabrum
1156 1496 1225 1524 coeni
1242 1496 1302 1534 ⁵³.)
1319 1497 1385 1524 Nam
1399 1505 1432 1524 ex
1454 1497 1488 1525 iis
1503 1498 1570 1532 ipsis
1591 1506 1652 1534 qua:
1666 1503 1785 1527 attenta-

998 1544 1071 1573 runt,
1098 1540 1177 1568 facile
1196 1541 1258 1576 quis
1280 1531 1393 1574 viderit,
1414 1543 1486 1578 quod
1511 1531 1544 1570 ad
1561 1531 1641 1571 suum
1662 1544 1785 1579 ipsorum

997 1587 1130 1614 vomitum
1146 1588 1295 1620 redierint,
1317 1592 1345 1615 et
1363 1588 1390 1616 in
1405 1589 1490 1624 priori
1511 1597 1590 1618 coeno
1605 1596 1665 1618 sese
1681 1591 1787 1618 voluta~

998 1633 1097 1660 verint.
1121 1632 1259 1668 Scriptum
1272 1638 1313 1661 est
1331 1634 1404 1662 enim
1421 1643 1427 1662 :
1446 1644 1454 1660 ι
1473 1635 1547 1663 Vidit
1563 1640 1654 1663 autem
1669 1637 1788 1672 populus

998 1679 1071 1714 quod
1088 1680 1205 1707 tardavit
1216 1680 1304 1708 Moses
1316 1680 1482 1709 descendere
1494 1682 1527 1709 de
1542 1685 1634 1710 monte
1651 1691 1657 1709 ι
1671 1691 1787 1719 congre-

998 1729 1131 1760 gatusque
1146 1730 1189 1753 est
1200 1726 1318 1760 populus
1331 1727 1364 1754 ad
1377 1727 1477 1760 Aaron,
1487 1732 1515 1754 et
1524 1727 1654 1755 dicuntei
1669 1737 1675 1755 :
1689 1728 1787 1764 Surge,

997 1775 1025 1798 et
1047 1771 1090 1798 fac
1114 1771 1193 1799 nobis
1206 1771 1272 1799 deos
1283 1792 1289 1804 ,
1310 1772 1356 1807 qui
1370 1773 1525 1807 prmcedant
1539 1778 1599 1801 nos.
1615 1774 1681 1801 Nam
1701 1774 1789 1802 Moses

999 1818 1044 1846 hic
1056 1818 1138 1845 homo
1160 1822 1212 1850 cst,
1228 1818 1275 1853 qui
1295 1819 1389 1846 eduxit
1403 1827 1453 1847 nos
1466 1820 1499 1847 de
1514 1822 1586 1847 terra
1600 1819 1719 1856 Egypti,
1733 1829 1788 1848 non

998 1867 1100 1894 scimus
1118 1867 1184 1902 quid
1206 1866 1308 1894 factum
1331 1871 1373 1895 est
1395 1867 1445 1894 illi.
1460 1866 1495 1895 Et
1515 1867 1582 1895 dicit
1595 1868 1650 1895 illis
1670 1868 1760 1895 Aaron
1780 1878 1786 1894 :

999 1912 1097 1941 Tollite
1112 1914 1221 1941 inaures
1233 1921 1331 1941 aureas
1343 1922 1403 1949 quae
1417 1914 1444 1941 in
1453 1914 1566 1941 auribus
1577 1915 1723 1942 mulierum
1740 1923 1789 1943 ve-

998 1965 1116 1988 strarum
1137 1963 1166 1987 et
1183 1959 1316 1991 ﬁliarum,
1339 1962 1368 1986 et
1384 1959 1480 1986 afferte
1496 1960 1531 1986 ad
1545 1967 1598 1986 me.
1615 1960 1648 1987 Et
1665 1960 1788 1988 abstule-

998 2009 1064 2033 runt
1074 2005 1164 2032 omnis
1178 2005 1295 2040 populus
1308 2005 1420 2032 inaures
1431 2012 1530 2032 aureas
1547 2013 1607 2039 qua:
1625 2005 1653 2031 in
1675 2005 1789 2033 auribus

998 2057 1115 2079 uxorum
1132 2059 1239 2083 eorum,
1255 2053 1283 2079 et
1301 2051 1455 2079 attulerunt
1472 2051 1506 2078 ad
1521 2051 1621 2078 Aaron.
1635 2051 1668 2079 Et
1682 2052 1789 2087 accepit

998 2098 1032 2125 de
1045 2097 1172 2125 manibus
1184 2097 1293 2124 illorum
1308 2097 1387 2132 335
1401 2102 1429 2125 et
1440 2097 1569 2124 formavit
1583 2097 1650 2124 illud
1663 2097 1691 2125 in
1703 2098 1787 2133 stylo,

998 2148 1026 2173 ct
1057 2145 1123 2172 fecit
1151 2143 1218 2171 illud
1241 2142 1359 2171 vitulum
1383 2143 1560 2178 conﬂatilem.
1580 2144 1614 2172 Et
1637 2144 1789 2172 dixerunt:

998 2191 1044 2218 Isti
1061 2190 1098 2218 dii
1121 2191 1171 2222 tui,
1192 2190 1284 2223 Israel,
1301 2191 1348 2225 qui
1370 2191 1524 2218 eduxerunt
1536 2195 1562 2218 te
1574 2190 1608 2218 de
1624 2196 1697 2219 terra
1709 2191 1790 2227 Egy-

160 2237 214 2263 Καὶ
232 2238 400 2272 περιείλοντο
415 2238 467 2269 πᾶς
487 2240 500 2266 ὁ
516 2239 579 2271 λαὸς
595 2240 629 2266 τὰ
647 2238 743 2266 ἐνώτια
758 2240 790 2266 τὰ
808 2240 897 2275 χρυσᾶ
913 2240 943 2267 τὰ

999 2237 1048 2272 pti.
1064 2237 1098 2264 Et
1114 2236 1212 2264 videns
1227 2237 1318 2264 Aaron
1330 2236 1475 2264 aedificavit
1495 2237 1579 2265 altare
1593 2245 1685 2265 coram
1697 2244 1731 2264 eo
1741 2257 1748 2270 ,
1760 2241 1790 2264 et

159 2283 188 2308 ὲν
200 2284 257 2314 τοῖς
271 2283 323 2310 ὼσὶ
338 2283 391 2310 τῶν
406 2285 546 2317 γυναικῶν
563 2284 665 2316 αὐτῶν,
682 2285 728 2312 καὶ
749 2285 869 2320 ἤνεγκαν
880 2285 949 2321 πρὸς

165 2328 281 2364 Ἀαρών.
305 2330 360 2356 Καὶ
383 2330 492 2363 ἐδέξατο
515 2332 547 2357 ἐκ
571 2331 626 2358 τῶν
647 2331 745 2366 χειρῶν
770 2331 877 2361 αὐτῶν.
901 2331 948 2358 καὶ

160 2374 276 2402 ἔπλασεν
295 2376 365 2402 αὐτὰ
383 2377 410 2403 ἐν
430 2378 463 2412 τῇ
485 2375 611 2412 γραιρίδι,
633 2376 681 2404 καὶ
705 2378 832 2413 εποίησεν
856 2378 948 2410 αὐτοῖς

161 2420 261 2456 μόσχον
285 2422 428 2457 χωνευτόν.
458 2421 513 2449 Kal.
540 2420 630 2449 εἷπαψ
657 2420 735 2450 Οὗτοι
759 2425 783 2450 οἱ
807 2423 862 2450 θεοί
888 2431 946 2456 σου,

165 2466 292 2502 Ἰσραὴλ,
314 2467 412 2499 οἵτινες
439 2468 604 2495 ἀνεῦίὸασάν
622 2477 651 2496 σε
666 2467 698 2496 ἐκ
719 2469 770 2505 γῆς
796 2469 946 2504 Αἰγύπτου.

159 2511 214 2538 Καὶ
228 2512 290 2539 ὶόὼν
305 2513 422 2548 Ἀαρὼν,
435 2513 595 2549 ᾠκοδόμησε
612 2515 804 2551 Θυσιαστήριον
818 2515 948 2542 ἀπέναντι

159 2558 261 2592 αὑτοῦ,
286 2558 335 2586 καὶ
357 2559 490 2595 ἐκήρυξεν
518 2559 638 2596 Ἀαρὼν,
662 2561 758 2595 λέγων·
782 2561 878 2597 Ἑορτὴ
901 2561 948 2588 τοῦ

159 2605 263 2640 Κυρίου
275 2604 380 2641 αὔριον.
392 2605 449 2633 Καὶ
458 2605 589 2642 ὀρθρίσας
600 2608 633 2642 τῇ
648 2607 778 2643 ἐπαύριον
789 2608 948 2635 ἀνεϐίϐασεν

159 2649 393 2686 ὁλοκαυτώματα,
419 2651 467 2679 καὶ
490 2654 662 2688 προσήνεγκε
686 2652 781 2680 θυσίαν
803 2654 946 2689 σωτηρίου,

114 2692 118 2697 ’
159 2695 207 2721 καὶ
219 2695 345 2722 ἐκάθισεν
376 2696 391 2723 ὁ
406 2696 470 2728 λαὸς
483 2696 580 2731 φαγεῖν
600 2697 647 2724 κα)¹
668 2699 750 2730 πιεῖν,
771 2698 819 2725 καὶ
833 2699 949 2734 ἀνέστη-

161 2750 209 2768 σαν
229 2741 347 2774 παίζειν.
371 2752 381 2768 ›
401 2743 430 2770 '0
453 2743 502 2778 μὲν
527 2745 671 2777 θεσπέσιος
697 2746 811 2780 Μωσῆς,
835 2745 897 2777 τοὺς
918 2743 947 2772 εὖ

162 2787 234 2823 μάλα
247 2789 511 2825 μυσταγωγούμενος
529 2792 639 2826 νόμους,
654 2792 770 2818 ἐποιεῖτο
784 2792 832 2824 τὰς
848 2792 949 2828 διατρι-

997 2284 1156 2318 praedicavit
1175 2284 1276 2317 Aaron,
1292 2284 1404 2311 dicens:
1417 2284 1527 2312 Festum
1545 2281 1652 2311 Domini
1668 2291 1739 2311 cras.
1753 2284 1789 2311 Et

996 2338 1076 2358 mane
1087 2338 1201 2366 surgens
1211 2330 1239 2358 in
1253 2332 1404 2358 crastinum
1417 2330 1516 2358 deduci
1537 2330 1602 2358 fecit
1617 2330 1788 2362 holocausta,

995 2381 1024 2405 et
1040 2377 1140 2405 obtulit
1166 2376 1330 2404 sacriﬁcium
1355 2376 1484 2409 salutare,
1496 2379 1524 2404 et
1536 2374 1608 2403 sedit
1619 2370 1739 2411 populus
1756 2376 1791 2404 ad

996 2423 1196 2451 comedendum
1227 2427 1255 2451 et
1286 2420 1456 2455 bibendum,
1490 2426 1519 2450 et
1540 2425 1721 2450 surrexerunt
1750 2422 1793 2449 lu-

997 2469 1063 2497 dere
1073 2467 1105 2496 ".
1122 2479 1132 2495 ι
1146 2469 1215 2496 Nam
1233 2468 1331 2495 beatus
1349 2466 1437 2495 Moses
1456 2475 1519 2495 cum
1532 2475 1580 2495 eos
1597 2468 1700 2503 optime
1719 2467 1791 2495 divi-

998 2523 1047 2543 nas
1057 2515 1131 2550 leges
1146 2514 1296 2546 docuisset,
1320 2521 1424 2541 moram
1452 2512 1571 2541 faciebat
1589 2513 1617 2541 in
1632 2517 1726 2541 monte
1747 2512 1790 2540 Si-

998 2559 1053 2587 nai.
1077 2559 1111 2586 At
1132 2559 1177 2586 isti
1198 2566 1260 2586 cum
1272 2562 1365 2586 essent
1396 2558 1581 2586 cunctationis
1594 2558 1677 2586 stulte
1700 2558 1791 2593 impa-

999 2604 1110 2635 tientes,
1125 2611 1159 2630 eo
1170 2603 1315 2631 dementiae
1328 2607 1476 2636 venerunt,
1485 2606 1516 2630 ut
1524 2611 1553 2631 se
1567 2611 1583 2630 a
1594 2603 1651 2631 Deo
1662 2602 1792 2638 omnipo-

999 2655 1074 2678 tente
1090 2650 1177 2677 factos
1187 2649 1318 2685 deinceps
1328 2648 1440 2677 omnino
1454 2649 1628 2685 ignorarent;
1642 2657 1705 2677 cum
1719 2649 1792 2677 alio-

1000 2697 1047 2733 qui
1064 2697 1154 2733 ipsum
1176 2697 1203 2724 in
1223 2697 1314 2731 specie
1335 2696 1456 2732 ignisin
1478 2700 1572 2723 monte
1598 2695 1673 2723 Sinai
1697 2702 1791 2723 essent

999 2741 1159 2779 conspicati.
1173 2750 1206 2770 ac
1228 2742 1298 2770 vivze
1312 2742 1387 2770 vocis
1404 2742 1544 2770 auditores
1556 2741 1745 2773 exstitissent,
1757 2747 1791 2768 ac

1000 2791 1093 2818 Mosen
1117 2788 1294 2816 mediatorem
1310 2793 1404 2816 essent
1418 2788 1569 2824 deprecati.
1588 2787 1669 2822 Atqui
1689 2785 1791 2814 dixerit

197 2845 219 2862 “
232 2845 327 2874 Matth.
345 2856 391 2881 ιιι,
408 2847 505 2876 45-45·
521 2847 588 2876 Luc.
601 2857 637 2876 χι.
658 2848 753 2877 εει-εδ.
792 2849 814 2864 ³⁷
832 2850 943 2879 Μσιιιω

1078 2849 1103 2866 ⁸⁵
1113 2845 1135 2874 II
1151 2846 1224 2873 Petr.
1236 2854 1265 2878 ιι,
1275 2845 1321 2879 21,
1332 2845 1383 2879 22;
1398 2845 1478 2873 Prov.
1491 2852 1586 2877 xxvm,
1597 2843 1639 2872 I2.
1672 2843 1695 2860 ”
1702 2842 1789 2871 Exod;

158 2889 241 2913 nm,
262 2882 317 2908 1-6.
