1997 3059
208 147 259 175 5‘21

715 147 742 175 S.
763 147 900 175 CYBILLI
920 146 1153 174 ALEXANDRINI
1171 146 1330 174 ABClllEl’.

1768 144 1822 174 518

206 203 343 239 quispiam
358 203 417 231 his:
432 202 454 231 Ο
465 211 572 231 summa
581 204 740 239 stupiditate
754 204 826 239 pleni
838 209 923 236 :csto,
935 209 984 231 tar-

1043 203 1093 235 6ὰς
1107 205 1135 230 ὲν
1149 203 1187 238 τῷ
1204 204 1260 238 ὄρει
1272 203 1347 238 Σινᾷ.
1362 203 1393 229 Ol
1409 202 1437 229 δὲ
1451 202 1516 238 πρὸς
1537 203 1585 238 τὴν
1599 201 1727 238 μέλλησιν
1742 203 1824 229 αὐτοῦ

206 249 279 276 darit
294 249 387 276 Moses.
403 248 473 282 Quid
489 249 542 276 hoc
552 249 586 276 ad
597 249 693 282 Deum,
710 250 756 285 qui
769 257 876 284 semper
890 255 992 277 morta-

207 295 278 322 libus
300 295 395 327 adest,
409 295 516 322 etiamsi
532 295 647 323 fortasse
661 303 716 322 non
732 295 878 323 videatur?
893 296 991 323 Excla-

207 345 262 368 mct
274 341 358 376 igitur
370 349 444 368 nunc
467 341 576 368 divinus
596 341 680 368 David
697 350 703 367 :
723 350 733 366 ‹
751 340 898 368 Generatio
909 349 992 376 prava

206 391 234 415 et
249 394 414 422 exasperans
422 387 455 413 θ’.
473 396 482 412 ι
498 386 539 414 Ad
551 387 609 414 haec
623 391 651 413 et
675 386 762 413 Moses
785 394 791 412 :
816 396 825 412 ι
842 385 949 414 Oblitus
961 395 992 414 es

207 433 254 460 Dei
267 433 313 468 qui
327 437 352 460 te
373 433 477 460 enutrit
488 433 521 459 ⁶¹.
536 442 545 458 ›
568 431 673 465 Quibus
696 439 761 459 vero
773 431 826 459 diis
836 432 933 467 egebat
946 433 992 460 ille

205 479 252 514 qui
269 479 336 506 adeo
349 478 545 506 admirabiliter
557 478 715 513 redemptus
722 482 774 510 est,
787 482 899 513 propter
909 486 991 513 quem

205 523 308 558 grando
327 528 354 550 et
367 523 448 550 trium
472 523 578 550 dierum
593 523 712 550 tenebrae
732 523 889 550 universam
908 523 990 559 [Egy-

205 574 282 604 ptnm
294 568 481 596 obsederunt?
494 568 529 595 ob
545 575 626 603 quem
647 569 713 596 item
735 576 787 596 una
808 573 888 596 nocte
903 570 991 604 perie-

205 619 270 641 runt
282 613 371 640 omnia
380 613 562 648 primogenita
572 633 580 644 .
595 618 622 641 et
635 613 678 642 cui
692 621 794 641 szevum
811 618 893 648 atque
905 614 991 641 intra-

204 660 302 688 ctabile
314 667 389 686 mare
404 658 522 686 divisum
542 662 602 691 cst,
620 663 650 686 ut
664 659 784 688 crudelis
805 661 991 701 perseeutoris

204 713 300 733 manus
309 705 464 740 ellugcret?
479 705 514 732 At
525 705 546 732 si
569 705 630 740 quis
643 705 748 740 singula
760 707 885 741 persequi
897 707 988 739 velle‘t,

203 751 310 786 longam
326 751 360 778 de
373 750 502 778 omnibus
511 752 662 779 orationem
674 752 806 779 instituat.
818 752 885 780 Cum
898 753 989 788 itaque

203 797 311 831 sapiens
336 797 423 824 Moses
437 801 614 824 cunctaretur
635 798 663 824 in
675 801 778 830 monte,
791 799 911 833 aggressi
926 802 989 825 sunt

203 842 346 869 Aaronem.
363 841 414 875 Qui
430 850 492 870 cum
510 850 538 869 se
555 842 686 878 imparem
701 851 798 871 eorum
822 843 935 871 iusultui
948 843 988 870 fe-

202 887 287 915 rendo
310 887 415 915 videret
437 887 669 922 (vociferabantur
690 888 764 914 enim
784 896 790 913 :
814 896 823 912 ι
839 887 891 915 Fac
908 887 988 916 nobis

201 931 277 963 deos.
288 932 335 967 qui
350 933 506 968 prtecedant
519 932 590 968 nos).
607 942 616 958 ›
629 933 744 968 iubebat
756 933 856 960 aiTerre
870 941 986 960 uxorum

201 984 232 1004 ac
248 976 365 1004 ﬁliarum
383 977 502 1018 ipaures.
519 977 551 1004 lli
567 982 659 1004 autem
672 978 803 1005 continuo
814 979 986 1011 attulerunt;

201 1026 228 1049 et
247 1023 321 1057 quod
346 1023 374 1050 in
392 1022 580 1059 (Egyptiacum
603 1031 726 1051 errorem
750 1024 849 1059 relapsi
876 1028 985 1053 essent.

201 1067 380 1103 pristinisque
400 1069 601 1108 tcmeritatilbus
614 1077 673 1097 sese
691 1070 937 1101 contaminassent,
957 1077 986 1096 re

202 1114 261 1148 ipsa
280 1114 359 1141 nobis
378 1114 497 1142 ostendit
514 1115 621 1147 Aaron,
651 1115 716 1142 dum
733 1115 791 1149 ipse
812 1115 987 1142 simulacrum

201 1159 228 1186 in
246 1159 336 1194 specie
350 1160 427 1187 vituli
444 1160 612 1188 adorandum
635 1161 773 1188 formavit.
784 1161 892 1188 Vitulus
912 1161 986 1188 enim

201 1205 228 1232 in
240 1205 355 1242 (Egypto
372 1207 524 1239 colebatur,
545 1214 599 1234 non
618 1207 651 1234 ab
667 1207 800 1243 {Egyptiis
825 1207 924 1238 solum.
937 1215 986 1234 ve-

200 1259 261 1278 rum
275 1253 357 1280 etiam
373 1253 406 1279 ab
423 1253 483 1280 aliis
503 1253 600 1280 eodem
613 1261 708 1280 errore
726 1253 924 1280 laborantibus.
941 1253 988 1280 Vi—

200 1297 284 1324 desne
307 1304 361 1332 quo
375 1302 454 1333 pacto
476 1298 620 1325 volvantur
637 1298 670 1325 ad
685 1298 756 1325 istud
777 1298 805 1325 in
827 1306 881 1332 quo
906 1303 986 1326 antea

199 1344 369 1370 exstiterant.
387 1344 454 1377 Quia
467 1344 623 1372 immundus
634 1345 747 1380 spiritus
773 1353 900 1373 reversus
924 1350 984 1372 est:

199 1396 225 1417 et
239 1389 349 1423 accidit,
365 1391 511 1418 sicutdixit
522 1391 655 1423 Salvator,
671 1395 702 1417 ut
716 1401 724 1416 ι
743 1396 880 1426 postrema
893 1395 986 1418 essent

199 1435 337 1463 deteriora
353 1437 434 1472 336
448 1437 544 1471 primis
556 1438 588 1464 ".
615 1447 624 1462 ι
647 1436 782 1464 leerum
806 1437 843 1463 ita
858 1436 986 1463 existimo

199 1481 335 1508 Aaronem
348 1481 478 1517 singulari
491 1482 605 1509 consilio
617 1482 728 1517 petiisse
740 1482 859 1514 inaures,
877 1490 908 1509 ac
919 1490 986 1517 quo-

199 1526 343 1554 dammodo
357 1535 404 1562 per
423 1528 474 1555 hoc
494 1528 671 1563 significasse,
684 1528 757 1563 quod
770 1536 849 1555 suum
863 1528 984 1563 ipsorum

199 1573 322 1600 auditum
339 1574 513 1601 convenienti
528 1579 626 1601 ornatu
640 1574 793 1609 spoliarint,
808 1582 862 1601 non
880 1575 985 1602 haben-

199 1623 240 1645 tes
255 1619 370 1653 amplius
386 1619 508 1646 animum
522 1619 679 1651 obcdiendi,
703 1619 750 1646 sed
770 1620 861 1654 potius
880 1621 986 1648 avocati

200 1662 227 1689 in
244 1664 402 1691 sceleratam
417 1665 527 1699 Deoque
547 1665 662 1692 invisam
682 1666 894 1692 contumaciam.
916 1667 984 1693 Nam

199 1709 250 1735 etsi
271 1709 342 1736 Deus
365 1710 553 1737 mandaverit:
575 1720 583 1736 ι
605 1711 664 1738 Non
687 1715 769 1738 erunt
786 1711 834 1737 tibi
851 1711 888 1738 dii
903 1712 984 1740 alieni

199 1758 296 1788 prmter
308 1761 351 1781 me
359 1754 392 1787 ⁸³,
409 1764 418 1780 ι
442 1754 576 1790 ﬁdemque
589 1755 664 1783 hisce
676 1755 769 1783 verbis
781 1756 939 1789 tribuerint,
954 1764 984 1784 ac

199 1799 336 1826 communi
349 1807 484 1827 consensu
507 1800 686 1836 approbarint
699 1821 706 1833 .
724 1801 899 1836 dixerintquc
911 1801 983 1836 quod

199 1844 290 1871 omnia
305 1852 364 1880 quae
377 1845 486 1873 locutus
499 1851 541 1873 est
553 1846 685 1873 Dominus
697 1847 768 1874 Deus
781 1847 836 1874 sint
850 1847 947 1874 facturi
956 1851 984 1874 et

198 1890 318 1917 audituri
332 1911 340 1923 ,
369 1896 458 1918 tamen
484 1891 551 1919 deos
566 1892 726 1927 quaerebant
740 1892 888 1927 sculptiles.
902 1893 984 1920 Vides

197 1935 250 1970 jam
271 1943 325 1970 quo
340 1941 420 1971 pacto
442 1934 793 1973 abjecerint'obedientiam
804 1939 815 1965 ?
827 1939 916 1974 Atque
931 1939 983 1967 hoc

197 1985 249 2012 est,
261 1985 291 2008 ut
305 1982 432 2014 arbitror,
448 1978 555 2010 aurium
563 1984 775 2019 ornatus.Atqui
785 1985 982 2018 animadverte,

197 2026 332 2059 obsecro,
357 2035 438 2062 quam
461 2029 581 2057 suaviter
606 2030 722 2057 istorum
746 2035 874 2058 conatum
895 2031 983 2059 rideat

197 2072 297 2100 Aaron.
317 2073 384 2101 Cum
401 2074 567 2103 ostendisset
593 2075 661 2110 ipsis
677 2076 856 2104 simulacrum
875 2077 902 2104 in
921 2085 983 2112 spe-

197 2118 238 2144 cie
252 2118 330 2146 vituli
359 2119 460 2146 factum
472 2141 479 2152 ,
501 2120 670 2148 acclamabat
685 2121 745 2148 istis
758 2131 764 2148 :
782 2131 790 2147 ι
804 2122 836 2149 lli
863 2127 927 2149 sunt
942 2123 981 2149 dii

1043 249 1180 280 ἀσυνέτως
1194 249 1410 284 ὀλιγωρήσαντες
1419 268 1426 281 ,
1439 246 1685 284 φρενοϐλαϐεία[ι]ς
1697 248 1736 279 είς
1746 247 1825 274 τοῦτο

1045 293 1263 329 κατωλίσθησαν,
1282 294 1353 320 ὥστε
1373 293 1420 319 καὶ
1434 293 1475 320 ὅτι
1490 293 1632 327 γεγόνασιν
1645 293 1697 319 ὑπὸ
1714 293 1773 328 Θεῷ
1786 293 1826 329 τῷ
1856 296 1864 302 ·

1043 341 1132 367 πάντα
1149 340 1267 375 ἰσχύοντι
1287 341 1358 374 τάχα
1372 348 1423 367 που
1442 340 1535 367 λοιπὸν
1550 340 1617 375 μηδὲ
1637 339 1736 367 εἰδέναι
1755 348 1826 367 παν.

1041 386 1138 418 τελῶς·
1153 386 1240 412 καίτοι
1256 386 1304 412 καὶ
1320 387 1348 412 ὲν
1362 385 1426 411 εἴδει
1443 385 1527 421 πυρὸς
1542 385 1584 412 ἐπ’
1607 385 1686 420 ὅρους
1703 385 1768 412 Σινᾶ
1781 393 1825 412 τε·

1043 431 1168 467 θεαμένοι
1178 452 1185 465 ,
1199 431 1246 458 καὶ
1258 432 1349 466 φωνῆς
1372 431 1500 466 αὐτήκοοι
1515 431 1672 464 γεγονότες,
1684 431 1731 457 καὶ
1747 439 1824 465 μεσι-

1041 476 1130 503 τεύειν
1155 477 1245 508 αὺτοῖς
1267 476 1479 511 λελιπαρηκότες
1495 476 1606 502 Μωσέα.
1629 476 1710 509 Ἀλλ’,
1726 472 1759 502 Ὠ
1774 476 1825 510 τῆς

1042 523 1082 553 είς
1094 521 1170 556 λῆξιν
1182 521 1326 553 ἀσυνεσίας
1340 521 1463 557 ἔμπλεοι,
1476 521 1542 556 φαίη
1557 530 1599 552 τις
1612 520 1644 548 ἂν
1660 521 1760 552 αὐτοῖς·
1775 521 1824 547 καὶ

1041 567 1198 603 κεχρόνικεν
1217 568 1232 594 ὀ
1248 567 1362 602 Μωσῆς.
1381 564 1447 594 Εἶτα
1462 567 1488 593 τί
1509 567 1587 593 τοῦτο
1603 566 1671 601 πρὸς
1694 565 1739 592 τὸν
1756 566 1823 592 θεὸν

1041 614 1085 641 ἀεὶ
1103 614 1217 640 συνόντα
1233 614 1288 644 τοῖς
1304 614 1350 639 ἐπὶ
1365 613 1413 648 τῆς
1433 613 1499 648 γῆς,
1515 612 1567 638 κᾶν
1582 613 1606 638 εί
1622 612 1658 647 μὴ
1674 611 1761 646 ὁρῷτο
1775 620 1819 638 τυ-

1041 660 1104 695 χόνς
1121 658 1343 695 Ἀνακεκραγέτω
1358 658 1446 685 τοίνυν
1458 659 1473 684 ὁ
1489 658 1630 689 θεσπέσιος
1643 658 1733 684 Δαὸιό·
1750 667 1759 682 ι
1775 658 1822 684 Γει

1040 705 1088 732 νεὰ
1113 704 1207 732 σκολιὰ
1228 704 1275 732 καὶ
1298 703 1566 740 παραπικραίνουσα.
1590 713 1599 729 ι
1620 703 1675 730 Καὶ
1698 703 1766 738 πρός
1789 711 1822 737 γε

1039 751 1118 777 τοῦτο
1136 751 1248 786 Μωσῆςσ
1274 759 1283 776 ι
1313 749 1461 776 Ἐπελάθου
1484 749 1552 776 Θεοῦ
1577 749 1722 785 τρέφοντος
1742 757 1781 775 σε.
1809 759 1818 775 ι

1040 796 1127 823 Ποίων
1146 796 1175 822 δὲ
1189 796 1273 822 ἐδεῖτο
1293 795 1361 822 θεῶν
1371 816 1378 828 ,
1398 796 1412 822 ὁ
1428 795 1587 830 παραδόξως
1601 794 1672 821 οὕτω
1687 794 1822 830 λελυτρω-

1041 843 1129 877 μένος,
1146 842 1179 868 δι’
1192 842 1221 868 ὃν
1241 843 1257 877 ἡ
1274 842 1380 877 χάλαζα
1396 842 1443 870 καὶ
1459 843 1473 869 ὁ
1488 843 1635 877 τριήμερος
1657 841 1751 872 σκότος
1771 841 1822 875 τῆς

1039 887 1092 914 τῶν
1109 888 1264 921 Αἰγυπτίων
1279 889 1420 922 κατεχείτο
1441 888 1503 922 γῆς,
1520 887 1554 914 δι’
1571 887 1600 914 ὃν
1621 886 1776 914 ἀπολώλασι
1793 887 1821 912 ἐν

1040 933 1118 960 νυκτὶ
1141 934 1190 969 μιᾷ
1213 934 1247 961 τὰ
1271 930 1380 961 πάντων
1397 934 1571 969 πρωτότοκα;
1592 930 1614 967 ᾧ
1632 934 1649 968 ὴ
1673 932 1756 968 ἀγρία
1774 931 1820 959 καὶ

1038 979 1216 1014 ἁνουθέτητος
1236 980 1358 1007 θάλασσα
1376 979 1425 1015 τὴν
1447 980 1500 1006 τῶν
1520 978 1671 1006 διωκόντων
1693 977 1820 1012 ὡμότητα

1037 1025 1235 1061 διαδιδράσκειν
1257 1026 1359 1058 ἐδίδους
1387 1026 1457 1052 ’Λλλ“
1482 1026 1508 1052 εἴ
1531 1033 1572 1056 τις
1595 1024 1680 1052 ἓλοιτο
1701 1023 1736 1049 τὰ
1760 1022 1821 1049 καθ’

1037 1071 1146 1098 ἕκαστα·
1160 1072 1263 1105 λέγειν,
1278 1072 1383 1107 μακρὸν
1403 1072 1446 1106 ἐφ’
1458 1071 1542 1098 ἆπασι
1561 1070 1712 1105 δαπανήσει
1731 1068 1820 1102 λόγον.

1037 1115 1186 1147 Μέλλοντος
1200 1116 1232 1151 δὴ
1248 1114 1293 1142 οὖν
1308 1116 1353 1142 τοῦ
1369 1116 1505 1150 πανσόφου
1521 1115 1651 1146 Μωσέως,
1674 1113 1820 1148 ἐπεφύοντο

1036 1160 1075 1196 τῷ
1106 1161 1221 1196 Ἀαρών.
1249 1162 1278 1188 '0
1296 1161 1324 1188 δὲ
1349 1161 1485 1197 ἀφόρητον
1505 1161 1554 1196 ἤδη
1580 1169 1638 1192 πως
1660 1159 1819 1194 τεθεαμένος

1036 1207 1085 1242 τὴν
1109 1207 1202 1241 ἔφοδον
1221 1207 1469 1242 (ἀνακεκράγεισαν
1495 1207 1558 1242 γάρ·
1581 1216 1590 1232 ι
1618 1206 1734 1240 Ποίησον
1755 1205 1819 1240 ἡμῖν

1037 1253 1155 1285 θεοὺς,οἳ
1168 1252 1399 1288 προπορεύσονται
1411 1252 1511 1288 ἡμῶν),
1526 1261 1535 1277 ι
1552 1251 1746 1287 προσκομίζειν
1760 1250 1819 1277 ἐκέ-

1035 1298 1113 1324 λευσε
1137 1299 1171 1325 τά
1192 1306 1221 1323 τε
1245 1298 1299 1324 τῶν
1321 1295 1458 1332 γυναικῶν
1472 1298 1519 1324 καὶ
1534 1297 1588 1323 τῶν
1607 1297 1762 1332 θυγατέρων
1777 1297 1818 1322 ὲν-

1035 1342 1113 1370 ώτια,
1132 1343 1162 1369 Ui
1177 1343 1205 1368 δὲ
1217 1343 1355 1378 προσῆγον
1369 1342 1458 1374 εὐθύςυ
1475 1343 1516 1369 ὅτι
1531 1342 1707 1368 πεπτώκασιν
1720 1342 1759 1372 είς
1772 1341 1818 1377 τὴν

1036 1389 1065 1416 ὲν
1079 1388 1209 1424 Αἰγύπτῳ
1224 1388 1366 1424 πλάνησιν,
1384 1390 1431 1415 καὶ
1448 1390 1506 1420 ταῖς
1520 1388 1647 1424 ἀρχαίαις
1667 1387 1818 1423 ὢλίσθησαν

1035 1434 1184 1467 ἀϐουλίαις,
1201 1434 1235 1460 δι’
1250 1434 1332 1461 αὑτοῦ
1343 1434 1390 1461 τοῦ
1406 1435 1568 1470 πράγματος
1583 1434 1736 1466 κατέδειξεν
1756 1434 1818 1459 Ἀα-

1038 1480 1101 1515 ρὼν,
1121 1481 1149 1506 ἐν
1162 1480 1226 1507 εῖδει
1240 1481 1286 1507 τοῦ
1304 1481 1403 1516 μόσχου
1419 1481 1570 1512 διαπλάσας
1591 1481 1682 1511 αὐτοῖς
1695 1479 1727 1505 τὸ
1739 1487 1818 1515 προσο

1037 1526 1202 1561 κυνούμενον
1217 1527 1337 1562 ἄγαλμα.
1356 1526 1461 1562 Μόσχος
1484 1527 1538 1562 γὰρ
1552 1525 1585 1562 ἦν
1605 1527 1632 1552 ὲν
1646 1526 1774 1560 Αἰγύπτῳ
1789 1524 1818 1551 τὸ

1037 1572 1118 1604 σέϐας
1130 1573 1222 1604 αὐτοῖς
1233 1582 1262 1599 τε
1278 1574 1334 1604 τοῖς
1347 1573 1514 1607 Αἰγυπτίοις,
1527 1573 1639 1603 καὶτοῖς
1649 1573 1698 1607 τὴν
1710 1571 1817 1598 ἐκείνων

1036 1618 1144 1652 ἀπάτην
1160 1619 1377 1654 ὴρῤωστηκόσιν.
1403 1619 1482 1654 Ὁρᾷς
1495 1617 1540 1644 οὖν
1553 1618 1626 1650 ὅπως
1640 1618 1817 1653 ὑποφέρονται

1035 1664 1074 1695 εις
1099 1664 1129 1689 τὸ
1155 1665 1184 1690 ὲν
1209 1665 1316 1700 ἀρχαῖς.
1334 1664 1485 1699 Εἱσέφρησε
1512 1663 1592 1690 πάλιν
1612 1663 1642 1689 τὸ
1665 1663 1817 1698 ἀκάθαρτοι

1036 1709 1155 1744 πνεῦμαο
1171 1709 1218 1735 καὶ
1232 1710 1342 1743 γέγονεν
1363 1709 1454 1739 αὐτοῖς
1475 1709 1545 1735 κατὰ
1560 1709 1610 1744 τὴν
1631 1709 1677 1735 τοῦ
1695 1709 1816 1744 Σωτῆρος

1035 1755 1139 1790 φωνὴν,
1162 1765 1171 1781 ι
1191 1755 1300 1790 χείρονα
1318 1754 1371 1781 τῶν
1388 1754 1513 1790 πρώτων,
1525 1755 1560 1781 τὰ
1573 1755 1687 1782 λοίσθια.
1707 1764 1716 1780 1
1734 1754 1816 1789 Uitta:

1034 1801 1062 1828 δὲ
1084 1802 1124 1828 ὅτι
1149 1801 1209 1828 λίαν
1233 1801 1412 1836 οἰκονομικῶς
1431 1801 1445 1826 ὁ
1464 1800 1605 1832 θεσπέσιος
1627 1798 1732 1835 ’Δαρὼν
1755 1799 1816 1834 ἑξή-

1034 1856 1100 1882 τησε
1117 1847 1150 1874 τὰ
1164 1847 1273 1880 ἐνώτια,
1291 1846 1432 1882 μονονουχὶ
1448 1846 1492 1873 διὰ
1505 1846 1598 1873 τούτου
1613 1846 1763 1881 σημαίνων,
1776 1846 1814 1872 ὅτι

1033 1893 1079 1919 τοῦ
1106 1893 1272 1928 καθήκοντος
1295 1893 1398 1928 κόσμου
1427 1893 1478 1927 τὴν
1505 1891 1609 1918 ἑαυτῶν
1638 1891 1818 1926 σεσυλήκασιν

1033 1939 1126 1975 ἀκοήν·
1144 1939 1251 1974 ἔχοντες
1268 1939 1316 1974 μὲν
1336 1939 1428 1965 οὐκέτι
1444 1938 1474 1965 τὸ
1494 1938 1627 1970 εὐπειθὲς,
1647 1947 1814 1974 παρενηνεγ-

1035 1984 1109 2019 μένοι
1124 1984 1151 2011 δὲ
1164 1984 1265 2020 μᾶλλον
1285 1986 1325 2016 είς
1341 1984 1456 2019 θεομισῆ
1472 1985 1518 2011 καὶ
1535 1984 1647 2020 βέϐηλον
1663 1985 1810 2012 ἀπείθειαν.

1032 2030 1099 2057 Θεοῦ
1119 2031 1173 2065 γὰρ
1198 2030 1333 2064 λέγοντος,
1353 2039 1362 2056 ι
1391 2031 1448 2057 Οὐχ
1469 2029 1574 2057 ἔσονταί
1594 2039 1634 2057 σοι
1652 2030 1708 2058 θεοὶ
1727 2031 1813 2066 ἕτερον

1033 2074 1102 2110 πλὴν
1125 2074 1202 2110 ἐμοῦ,
1232 2084 1240 2101 ι
1266 2073 1324 2101 εἶτα
1348 2075 1408 2106 τοὺς
1432 2075 1527 2109 λόγους
1551 2076 1813 2111 κατακροτήσαντες,

1032 2121 1079 2147 καὶ
1098 2122 1130 2156 τῇ
1158 2121 1292 2157 παγκάλῳ
1311 2120 1392 2157 ψήφῳ
1412 2121 1596 2156 τιμήσαντες,
1618 2122 1757 2157 εἰρηκότες
1771 2121 1812 2153 τὸ,

197 2161 247 2194 tui,
259 2162 352 2195 Israel,
383 2164 430 2199 qui
450 2164 606 2192 eduxerunt
626 2169 652 2193 te
671 2173 705 2192 ex
724 2165 850 2201 [Egyptm
873 2176 882 2191 ›
897 2166 980 2200 Atqui

1035 2166 1123 2192 Πάντα
1137 2166 1188 2192 ὅσα
1202 2164 1278 2193 εἶπεν
1292 2166 1307 2192 ὁ
1322 2166 1398 2198 Θεὸς,
1413 2167 1561 2202 ποιήσομεν
1573 2166 1620 2192 καὶ
1631 2166 1812 2201 ἀκουσόμεθα’

196 2214 250 2234 non
263 2215 312 2243 per
328 2208 444 2236 vitulum
455 2209 564 2237 liberati
576 2214 640 2237 sunt
661 2210 809 2246 (quomodo
829 2211 902 2238 enim
928 2211 981 2239 hoc

197 2252 255 2280 ﬁeri
279 2253 385 2290 possit),
403 2254 452 2282 sed
474 2264 484 2280 ι
500 2255 529 2282 in
548 2263 630 2282 manu
653 2255 795 2290 potentiet
806 2256 920 2284 brachio
931 2265 980 2285 ex-

195 2299 307 2333 celso",
325 2311 334 2327 ι
351 2305 433 2337 atque
453 2302 521 2330 adeo
537 2310 587 2338 per
601 2303 686 2330 multa
706 2304 783 2339 signa
803 2309 831 2332 et
844 2304 978 2340 prodigia.

196 2345 230 2372 Ut
243 2345 326 2381 igitur
346 2355 379 2374 ea
401 2355 461 2382 qua:
474 2356 488 2375 a
500 2348 555 2375 Deo
569 2353 644 2384 gesta
668 2354 732 2377 sunt
749 2351 815 2385 ipsis
835 2351 862 2378 in
875 2359 979 2379 memo-

195 2391 263 2418 riam
287 2397 440 2425 revocaret,
455 2393 580 2420 conridet
601 2394 713 2422 dicens:
729 2405 737 2420 ι
753 2395 786 2422 lli
801 2400 866 2423 sunt
876 2396 914 2423 dii
927 2397 977 2430 tui,

196 2436 288 2464 Israel.
301 2447 310 2464 ι
326 2437 507 2466 Adduxerunt
529 2443 619 2466 autem
632 2443 659 2467 et
672 2440 826 2475 victimam,
847 2441 978 2470 ederunt-

195 2489 248 2517 que
258 2488 285 2510 et
297 2484 426 2511 biberunt
435 2505 443 2516 ,
456 2487 585 2520 tanquam
600 2485 627 2512 in
640 2485 684 2513 die
696 2486 776 2519 festo,
791 2497 799 2512 ι
809 2491 837 2514 et
849 2495 979 2516 surrexe-

195 2533 259 2556 runt
270 2529 302 2557 ad
315 2529 464 2557 ludendum
477 2531 509 2557 ".
523 2540 532 2556 ›
545 2530 596 2565 Qui
611 2532 684 2559 enim
698 2540 712 2559 a
724 2533 779 2560 Deo
793 2533 935 2566 deﬁciunt,
948 2534 979 2561 ﬁt

193 2575 322 2602 continuo
335 2579 366 2602 ut
375 2574 459 2602 rebus
470 2576 626 2604 carnalibus
636 2577 807 2611 irretiantur,
817 2583 845 2607 et
857 2579 975 2607 immun-

193 2619 287 2647 ditiem
311 2627 360 2655 pro
376 2620 481 2648 deliciis
497 2621 626 2655 habeant.
651 2622 818 2658 honestaque
833 2629 860 2651 ct
879 2625 973 2652 suavia

192 2671 252 2691 esse
263 2664 365 2693 ducant
389 2673 421 2692 ea
444 2666 481 2693 ob
504 2667 684 2705 quaeqmerito
708 2668 803 2703 lugere
825 2669 971 2696 debebant.

193 2709 309 2745 Ideoque
321 2711 402 2738 etiam
415 2712 446 2738 D.
463 2712 563 2740 Paulus
576 2717 682 2748 turpem
704 2713 886 2742 idololatriam
901 2715 972 2742 inter

1030 2210 1107 2243 θεοὺς
1121 2211 1233 2247 ἐζήτουν
1254 2211 1399 2246 γλυπτούς.
1422 2211 1502 2248 Ὁρᾷς
1519 2212 1593 2243 ὅπως
1609 2212 1811 2247 ἁποὸεϐλήκασι

1028 2258 1059 2285 τὸ
1071 2259 1205 2294 εὑήκοον;
1221 2259 1276 2286 Καὶ
1290 2259 1379 2289 τοῦτο.
1401 2256 1488 2294 οἴμαι,
1503 2259 1557 2285 τῶν
1574 2258 1651 2285 ὢτων
1670 2260 1684 2286 6
1700 2259 1810 2294 κόσμος.

1028 2304 1082 2332 Θέα
1096 2305 1134 2337 δὲ,
1148 2305 1222 2337 ὅπως
1235 2305 1397 2341 καταμειδιᾷ
1415 2305 1469 2332 τῶν
1484 2305 1692 2340 ἐγχειρημάτων
1710 2306 1724 2332 6
1749 2306 1810 2332 ‘Aa-

1030 2350 1093 2386 ρὼν.
1124 2350 1274 2384 Ἐπιδείξας
1295 2351 1348 2386 γὰρ
1365 2351 1456 2382 αὐτοῖς
1472 2350 1501 2376 τὸ
1521 2351 1550 2376 ἐν
1565 2351 1629 2377 εἴδει
1646 2350 1746 2385 μόσχου
1765 2358 1808 2376 πε-

1027 2396 1174 2431 ποιημένον
1190 2395 1314 2431 ἄγαλμα,
1336 2396 1505 2432 προσεφώνει
1527 2395 1638 2422 λοιπόν*
1660 2405 1669 2422 t
1690 2394 1769 2424 Οὗτοι
1785 2395 1813 2422 οἱ

1028 2441 1082 2468 θεοί
1097 2449 1154 2474 σου,
1174 2441 1280 2477 Ἰσραὴλ
1290 2462 1297 2473 ,
1312 2441 1408 2472 οίτινες
1424 2440 1588 2468 ἀνεδίδασάν
1606 2449 1636 2467 σε
1653 2441 1684 2467 ὲκ
1698 2440 1749 2476 γῆς
1764 2441 1807 2467 Αἰ·

1026 2487 1139 2521 γύπτου.
1159 2496 1168 2513 ι
1190 2487 1259 2513 Ἀλλ’
1275 2487 1325 2513 οὔκ
1338 2488 1366 2514 ὲν
1381 2488 1474 2522 μόσχῳ
1489 2486 1656 2522 λελύτρωται
1672 2486 1741 2521 (πῶς
1756 2487 1808 2522 γὰρ

1026 2532 1042 2568 ἦ
1061 2532 1164 2567 πόθεν),
1180 2531 1237 2558 ἀλλ’
1255 2541 1264 2558 ι
1284 2530 1408 2567 ὲν”χειρὶ
1429 2531 1560 2567 κραταιᾷ.
1576 2532 1620 2558 καὶ
1641 2532 1671 2558 ὲν
1687 2531 1808 2566 βραχίονι

1027 2576 1135 2612 ὑψηλῷ,
1153 2586 1162 2602 ι
1178 2577 1224 2603 καὶ
1239 2577 1269 2602 ὲν
1293 2576 1417 2612 σημείοις
1440 2577 1488 2602 καὶ
1509 2576 1630 2611 τέρασιν.
1647 2575 1752 2602 Οὐκοῦν
1774 2575 1808 2607 ὡς

1026 2623 1066 2652 είς
1083 2622 1235 2657 ἀνάμνησιν
1246 2621 1300 2648 τῶν
1314 2622 1391 2657 παρὰ
1407 2621 1474 2648 Θεοῦ
1488 2622 1640 2655 γεγονότων
1649 2642 1657 2653 ,
1674 2617 1806 2657 κατειρωι

1026 2667 1132 2694 νεὺεται
1155 2667 1250 2702 λέγων·
1279 2677 1288 2693 ι
1316 2665 1394 2694 Οὗτοι
1423 2668 1447 2693 οι
1472 2667 1527 2694 θεοί
1553 2676 1617 2700 σου,
1650 2667 1767 2702 Ἰσραήλ.
1799 2675 1807 2691 ι

1026 2713 1167 2749 Προσῆγεν
1187 2713 1214 2739 δὲ
1231 2713 1277 2739 καὶ
1293 2712 1396 2744 θυσίας·
1413 2712 1514 2747 ἔφαγον
1537 2712 1565 2739 δὲ
1585 2713 1630 2739 καὶ
1648 2712 1808 2740 πεπτώκασιν

227 2805 249 2821 ⁸⁸
264 2805 334 2844 Psal.
347 2814 458 2844 prun,
472 2802 510 2844 8..
536 2809 556 2825 "
567 2809 645 2838 Deut.
657 2818 740 2842 xxx",
758 2810 800 2838 l8.
840 2811 862 2827 "
877 2811 972 2838 Matth.

1049 2811 1092 2838 45.
1119 2812 1141 2827 ⁵³
1153 2811 1238 2838 Exod.
1257 2819 1288 2838 xx
1311 2809 1337 2837 5.
1367 2810 1390 2826 ⁸⁸
1409 2811 1478 2840 Psal.
1497 2819 1592 2843 cxxxv,
1608 2810 1651 2838 12.
1680 2809 1701 2827 ⁸⁸
1718 2810 1794 2838 Exod

192 2847 273 2874 mn.
293 2841 328 2874 6;
347 2841 433 2870 lCor.
446 2851 472 2875 χ,
493 2843 519 2870 7.
