  <div class='ocr_page' id='page_1' title='image "/cluster/home/n/w/nwhite01/storage/ocr_20150623/69/njp.32101077772729/306.png"; bbox 0 0 1997 3059; ppageno 0'>
   <div class='ocr_carea' id='block_1_1' title="bbox 163 203 211 231">
    <p class='ocr_par' dir='ltr' id='par_1_1' title="bbox 163 203 211 231">
     <span class='ocr_line' id='line_1_1' title="bbox 163 203 211 231; baseline 0 0"><span class='ocrx_word' id='word_1_1' title='bbox 163 203 211 231; x_wconf 72' lang='lat'><strong>529</strong></span> 
     </span>
    </p>
   </div>
   <div class='ocr_carea' id='block_1_2' title="bbox 675 204 1293 235">
    <p class='ocr_par' dir='ltr' id='par_1_2' title="bbox 675 204 1293 235">
     <span class='ocr_line' id='line_1_2' title="bbox 675 204 1293 235; baseline 0.003 -2"><span class='ocrx_word' id='word_1_2' title='bbox 675 204 933 234; x_wconf 75' lang='lat' dir='ltr'><strong>GLAPHYRORUM</strong></span> <span class='ocrx_word' id='word_1_3' title='bbox 953 206 986 233; x_wconf 77' lang='lat' dir='ltr'><strong>IN</strong></span> <span class='ocrx_word' id='word_1_4' title='bbox 1006 206 1147 234; x_wconf 73' lang='lat' dir='ltr'><strong>EXODUM</strong></span> <span class='ocrx_word' id='word_1_5' title='bbox 1167 207 1231 235; x_wconf 84' lang='lat' dir='ltr'><strong>LIB.</strong></span> <span class='ocrx_word' id='word_1_6' title='bbox 1254 208 1293 235; x_wconf 89' lang='lat' dir='ltr'><strong>lIl.</strong></span> 
     </span>
    </p>
   </div>
   <div class='ocr_carea' id='block_1_3' title="bbox 1735 209 1785 236">
    <p class='ocr_par' dir='ltr' id='par_1_3' title="bbox 1735 209 1785 236">
     <span class='ocr_line' id='line_1_3' title="bbox 1735 209 1785 236; baseline 0 0"><span class='ocrx_word' id='word_1_7' title='bbox 1735 209 1751 236; x_wconf 84' lang='lat'><strong>5</strong></span> <span class='ocrx_word' id='word_1_8' title='bbox 1756 209 1785 236; x_wconf 67' lang='lat'><strong>30</strong></span> 
     </span>
    </p>
   </div>
   <div class='ocr_carea' id='block_1_4' title="bbox 163 263 947 302">
    <p class='ocr_par' dir='ltr' id='par_1_4' title="bbox 163 263 945 302">
     <span class='ocr_line' id='line_1_4' title="bbox 163 263 945 302; baseline 0.006 -13"><span class='ocrx_word' id='word_1_9' title='bbox 163 263 197 296; x_wconf 72' lang='grc' dir='ltr'>ὥς</span> <span class='ocrx_word' id='word_1_10' title='bbox 217 263 246 289; x_wconf 80' lang='grc' dir='ltr'>ὲν</span> <span class='ocrx_word' id='word_1_11' title='bbox 268 264 363 300; x_wconf 75' lang='grc' dir='ltr'>ἑορτῇ,</span> <span class='ocrx_word' id='word_1_12' title='bbox 389 275 398 291; x_wconf 77' lang='grc' dir='ltr'><strong>ι</strong></span> <span class='ocrx_word' id='word_1_13' title='bbox 419 265 464 292; x_wconf 68' lang='grc' dir='ltr'><strong>καὶ</strong></span> <span class='ocrx_word' id='word_1_14' title='bbox 489 265 640 302; x_wconf 80' lang='grc' dir='ltr'>ἀνέστησαν</span> <span class='ocrx_word' id='word_1_15' title='bbox 663 267 780 298; x_wconf 74' lang='grc' dir='ltr'>παίζειν.</span> <span class='ocrx_word' id='word_1_16' title='bbox 804 277 814 293; x_wconf 72' lang='grc' dir='ltr'><strong>ι</strong></span> <span class='ocrx_word' id='word_1_17' title='bbox 831 268 945 302; x_wconf 74' lang='grc' dir='ltr'>’Έψεται</span> 
     </span>
    </p>
   </div>
   <div class='ocr_carea' id='block_1_5' title="bbox 997 263 1784 302">
    <p class='ocr_par' dir='ltr' id='par_1_5' title="bbox 998 267 1784 302">
     <span class='ocr_line' id='line_1_5' title="bbox 998 267 1784 302; baseline 0.003 -8"><span class='ocrx_word' id='word_1_18' title='bbox 998 267 1061 294; x_wconf 81' lang='lat' dir='ltr'><strong>vitia</strong></span> <span class='ocrx_word' id='word_1_19' title='bbox 1077 269 1196 296; x_wconf 76' lang='lat' dir='ltr'><strong>(arnalia</strong></span> <span class='ocrx_word' id='word_1_20' title='bbox 1208 269 1333 296; x_wconf 95' lang='lat' dir='ltr'><strong>collocat.</strong></span> <span class='ocrx_word' id='word_1_21' title='bbox 1351 279 1359 294; x_wconf 80' lang='grc' dir='ltr'><strong>ι</strong></span> <span class='ocrx_word' id='word_1_22' title='bbox 1375 269 1516 296; x_wconf 80' lang='lat' dir='ltr'><strong>Manifesta</strong></span> <span class='ocrx_word' id='word_1_23' title='bbox 1538 269 1611 296; x_wconf 88' lang='lat' dir='ltr'><strong>enim</strong></span> <span class='ocrx_word' id='word_1_24' title='bbox 1630 274 1709 301; x_wconf 79' lang='lat' dir='ltr'><strong>sunt,</strong></span> <span class='ocrx_word' id='word_1_25' title='bbox 1736 271 1784 302; x_wconf 85' lang='lat' dir='ltr'><strong>ait,</strong></span> 
     </span>
    </p>
   </div>
   <div class='ocr_carea' id='block_1_6' title="bbox 163 309 945 348">
    <p class='ocr_par' dir='ltr' id='par_1_6' title="bbox 163 309 945 348">
     <span class='ocr_line' id='line_1_6' title="bbox 163 309 945 348; baseline 0.005 -12"><span class='ocrx_word' id='word_1_26' title='bbox 163 309 214 344; x_wconf 82' lang='grc' dir='ltr'>γὰρ</span> <span class='ocrx_word' id='word_1_27' title='bbox 233 310 381 338; x_wconf 74' lang='grc' dir='ltr'><strong>ἀποστάσει</strong></span> <span class='ocrx_word' id='word_1_28' title='bbox 400 313 433 347; x_wconf 80' lang='grc' dir='ltr'><strong>τῇ</strong></span> <span class='ocrx_word' id='word_1_29' title='bbox 452 312 526 347; x_wconf 79' lang='grc' dir='ltr'><strong>παρά</strong></span> <span class='ocrx_word' id='word_1_30' title='bbox 549 312 616 339; x_wconf 84' lang='grc' dir='ltr'>Θεοῦ</span> <span class='ocrx_word' id='word_1_31' title='bbox 636 312 666 339; x_wconf 78' lang='grc' dir='ltr'>τὸ</span> <span class='ocrx_word' id='word_1_32' title='bbox 683 313 868 348; x_wconf 72' lang='grc' dir='ltr'>ἐνδεσμεῖσθαι</span> <span class='ocrx_word' id='word_1_33' title='bbox 888 314 945 345; x_wconf 83' lang='grc' dir='ltr'>τοῖς</span> 
     </span>
    </p>
   </div>
   <div class='ocr_carea' id='block_1_7' title="bbox 162 356 945 395">
    <p class='ocr_par' dir='ltr' id='par_1_7' title="bbox 162 356 945 395">
     <span class='ocr_line' id='line_1_7' title="bbox 162 356 945 395; baseline 0.006 -14"><span class='ocrx_word' id='word_1_34' title='bbox 162 357 313 390; x_wconf 77' lang='grc' dir='ltr'><strong>σαρκικοῖς,</strong></span> <span class='ocrx_word' id='word_1_35' title='bbox 327 356 373 382; x_wconf 84' lang='grc' dir='ltr'>καὶ</span> <span class='ocrx_word' id='word_1_36' title='bbox 389 357 492 393; x_wconf 73' lang='grc' dir='ltr'>τρυφὴν</span> <span class='ocrx_word' id='word_1_37' title='bbox 506 358 631 392; x_wconf 83' lang='grc' dir='ltr'>ἡγεῖσθαι</span> <span class='ocrx_word' id='word_1_38' title='bbox 645 358 694 393; x_wconf 84' lang='grc' dir='ltr'>τὴν</span> <span class='ocrx_word' id='word_1_39' title='bbox 705 359 886 395; x_wconf 75' lang='grc' dir='ltr'><strong>ἀκαθαρσίαν,</strong></span> <span class='ocrx_word' id='word_1_40' title='bbox 899 359 945 386; x_wconf 78' lang='grc' dir='ltr'>καὶ</span> 
     </span>
    </p>
   </div>
   <div class='ocr_carea' id='block_1_8' title="bbox 162 401 944 441">
    <p class='ocr_par' dir='ltr' id='par_1_8' title="bbox 162 401 944 441">
     <span class='ocr_line' id='line_1_8' title="bbox 162 401 944 441; baseline 0.008 -14"><span class='ocrx_word' id='word_1_41' title='bbox 162 401 255 437; x_wconf 76' lang='grc' dir='ltr'>τέρψιν</span> <span class='ocrx_word' id='word_1_42' title='bbox 270 402 374 429; x_wconf 80' lang='grc' dir='ltr'>οἴεσθαι</span> <span class='ocrx_word' id='word_1_43' title='bbox 395 404 480 438; x_wconf 81' lang='grc' dir='ltr'>καλὴν</span> <span class='ocrx_word' id='word_1_44' title='bbox 499 405 546 431; x_wconf 77' lang='grc' dir='ltr'>καὶ</span> <span class='ocrx_word' id='word_1_45' title='bbox 560 404 666 440; x_wconf 77' lang='grc' dir='ltr'><strong>ἡδεῖαν,</strong></span> <span class='ocrx_word' id='word_1_46' title='bbox 683 405 717 432; x_wconf 71' lang='grc' dir='ltr'><strong>τὰ</strong></span> <span class='ocrx_word' id='word_1_47' title='bbox 731 406 772 440; x_wconf 69' lang='grc' dir='ltr'><strong>ἐφ’</strong></span> <span class='ocrx_word' id='word_1_48' title='bbox 784 403 824 437; x_wconf 72' lang='grc' dir='ltr'>οἷς</span> <span class='ocrx_word' id='word_1_49' title='bbox 839 404 874 441; x_wconf 84' lang='grc' dir='ltr'>ἦν</span> <span class='ocrx_word' id='word_1_50' title='bbox 894 407 944 433; x_wconf 82' lang='grc' dir='ltr'><strong>αὐ-</strong></span> 
     </span>
    </p>
   </div>
   <div class='ocr_carea' id='block_1_9' title="bbox 161 447 946 486">
    <p class='ocr_par' dir='ltr' id='par_1_9' title="bbox 161 447 946 486">
     <span class='ocr_line' id='line_1_9' title="bbox 161 447 946 486; baseline 0.005 -13"><span class='ocrx_word' id='word_1_51' title='bbox 161 447 223 478; x_wconf 77' lang='grc' dir='ltr'>τοὺς</span> <span class='ocrx_word' id='word_1_52' title='bbox 241 447 422 483; x_wconf 78' lang='grc' dir='ltr'><strong>κατοιμώζειν</strong></span> <span class='ocrx_word' id='word_1_53' title='bbox 440 449 524 481; x_wconf 80' lang='grc' dir='ltr'>ἀξιον.</span> <span class='ocrx_word' id='word_1_54' title='bbox 545 450 595 476; x_wconf 76' lang='grc' dir='ltr'>Διὰ</span> <span class='ocrx_word' id='word_1_55' title='bbox 615 450 695 477; x_wconf 80' lang='grc' dir='ltr'>τοῦτο</span> <span class='ocrx_word' id='word_1_56' title='bbox 713 451 761 477; x_wconf 66' lang='grc' dir='ltr'>καὶ</span> <span class='ocrx_word' id='word_1_57' title='bbox 778 452 791 476; x_wconf 75' lang='grc' dir='ltr'>ὁ</span> <span class='ocrx_word' id='word_1_58' title='bbox 812 451 946 486; x_wconf 75' lang='grc' dir='ltr'>μακάριος</span> 
     </span>
    </p>
   </div>
   <div class='ocr_carea' id='block_1_10' title="bbox 162 493 945 532">
    <p class='ocr_par' dir='ltr' id='par_1_10' title="bbox 162 493 945 532">
     <span class='ocr_line' id='line_1_10' title="bbox 162 493 945 532; baseline 0.004 -13"><span class='ocrx_word' id='word_1_59' title='bbox 162 493 276 525; x_wconf 79' lang='grc' dir='ltr'><strong>Παῦλος,</strong></span> <span class='ocrx_word' id='word_1_60' title='bbox 291 495 347 526; x_wconf 81' lang='grc' dir='ltr'>τοῖς</span> <span class='ocrx_word' id='word_1_61' title='bbox 366 497 505 530; x_wconf 73' lang='grc' dir='ltr'><strong>σαρκικοῖς</strong></span> <span class='ocrx_word' id='word_1_62' title='bbox 522 496 694 532; x_wconf 76' lang='grc' dir='ltr'>ἐγκλήμασιν</span> <span class='ocrx_word' id='word_1_63' title='bbox 717 497 874 532; x_wconf 71' lang='grc' dir='ltr'><strong>ἐναρίθμιον</strong></span> <span class='ocrx_word' id='word_1_64' title='bbox 890 496 945 523; x_wconf 69' lang='grc' dir='ltr'>ἐτί-</span> 
     </span>
    </p>
   </div>
   <div class='ocr_carea' id='block_1_11' title="bbox 160 538 946 579">
    <p class='ocr_par' dir='ltr' id='par_1_11' title="bbox 160 538 946 579">
     <span class='ocr_line' id='line_1_11' title="bbox 160 538 946 579; baseline 0.006 -14"><span class='ocrx_word' id='word_1_65' title='bbox 160 538 201 566; x_wconf 87' lang='grc' dir='ltr'><strong>θει</strong></span> <span class='ocrx_word' id='word_1_66' title='bbox 218 539 266 576; x_wconf 87' lang='grc' dir='ltr'>τὴν</span> <span class='ocrx_word' id='word_1_67' title='bbox 291 540 446 576; x_wconf 75' lang='grc' dir='ltr'><strong>ἀκάθαρτον</strong></span> <span class='ocrx_word' id='word_1_68' title='bbox 463 542 695 579; x_wconf 70' lang='grc' dir='ltr'>εἰδωλολατρεὶαν·</span> <span class='ocrx_word' id='word_1_69' title='bbox 724 553 733 569; x_wconf 77' lang='grc' dir='ltr'><strong>ε</strong></span> <span class='ocrx_word' id='word_1_70' title='bbox 763 543 870 578; x_wconf 75' lang='grc' dir='ltr'>Φανερὰ</span> <span class='ocrx_word' id='word_1_71' title='bbox 892 542 946 578; x_wconf 76' lang='grc' dir='ltr'><strong>γάρ</strong></span> 
     </span>
    </p>
   </div>
   <div class='ocr_carea' id='block_1_12' title="bbox 161 586 946 624">
    <p class='ocr_par' dir='ltr' id='par_1_12' title="bbox 161 586 946 624">
     <span class='ocr_line' id='line_1_12' title="bbox 161 586 946 624; baseline 0.004 -12"><span class='ocrx_word' id='word_1_72' title='bbox 161 586 218 613; x_wconf 72' lang='grc' dir='ltr'>ἐστι</span> <span class='ocrx_word' id='word_1_73' title='bbox 233 586 267 613; x_wconf 77' lang='grc' dir='ltr'><strong>τὰ</strong></span> <span class='ocrx_word' id='word_1_74' title='bbox 284 587 352 623; x_wconf 78' lang='grc' dir='ltr'>ἔργα</span> <span class='ocrx_word' id='word_1_75' title='bbox 368 586 418 621; x_wconf 82' lang='grc' dir='ltr'>τῆς</span> <span class='ocrx_word' id='word_1_76' title='bbox 433 587 544 623; x_wconf 73' lang='grc' dir='ltr'>σαρκὸς,</span> <span class='ocrx_word' id='word_1_77' title='bbox 560 588 640 615; x_wconf 78' lang='grc' dir='ltr'>ἅτινά</span> <span class='ocrx_word' id='word_1_78' title='bbox 652 589 722 620; x_wconf 81' lang='grc' dir='ltr'>ἐστι,</span> <span class='ocrx_word' id='word_1_79' title='bbox 740 589 862 624; x_wconf 76' lang='grc' dir='ltr'>πορνεία,</span> <span class='ocrx_word' id='word_1_80' title='bbox 877 589 946 614; x_wconf 85' lang='grc' dir='ltr'>ἀκα-</span> 
     </span>
    </p>
   </div>
   <div class='ocr_carea' id='block_1_13' title="bbox 160 633 947 671">
    <p class='ocr_par' dir='ltr' id='par_1_13' title="bbox 160 633 947 671">
     <span class='ocr_line' id='line_1_13' title="bbox 160 633 947 671; baseline 0.004 -12"><span class='ocrx_word' id='word_1_81' title='bbox 160 633 274 669; x_wconf 71' lang='grc' dir='ltr'>θαρσία,</span> <span class='ocrx_word' id='word_1_82' title='bbox 298 633 440 668; x_wconf 82' lang='grc' dir='ltr'>ἀσέλγεια,</span> <span class='ocrx_word' id='word_1_83' title='bbox 466 634 682 670; x_wconf 82' lang='grc' dir='ltr'>εἰδωλολατρεία.</span> <span class='ocrx_word' id='word_1_84' title='bbox 712 645 721 660; x_wconf 74' lang='grc' dir='ltr'><strong>ι</strong></span> <span class='ocrx_word' id='word_1_85' title='bbox 752 636 947 671; x_wconf 67' lang='grc' dir='ltr'>Προμνήστρια</span> 
     </span>
    </p>
   </div>
   <div class='ocr_carea' id='block_1_14' title="bbox 161 680 947 716">
    <p class='ocr_par' dir='ltr' id='par_1_14' title="bbox 161 680 947 716">
     <span class='ocr_line' id='line_1_14' title="bbox 161 680 947 716; baseline 0.003 -10"><span class='ocrx_word' id='word_1_86' title='bbox 161 680 215 715; x_wconf 73' lang='grc' dir='ltr'>γὰρ</span> <span class='ocrx_word' id='word_1_87' title='bbox 235 680 282 707; x_wconf 74' lang='grc' dir='ltr'>καὶ</span> <span class='ocrx_word' id='word_1_88' title='bbox 304 680 358 706; x_wconf 86' lang='grc' dir='ltr'>τῶν</span> <span class='ocrx_word' id='word_1_89' title='bbox 379 680 419 706; x_wconf 74' lang='grc' dir='ltr'>ἔτι</span> <span class='ocrx_word' id='word_1_90' title='bbox 437 680 596 716; x_wconf 82' lang='grc' dir='ltr'>χειρόνωνή</span> <span class='ocrx_word' id='word_1_91' title='bbox 625 681 767 716; x_wconf 81' lang='grc' dir='ltr'>πλάνησις·</span> <span class='ocrx_word' id='word_1_92' title='bbox 784 682 831 708; x_wconf 75' lang='grc' dir='ltr'>καὶ</span> <span class='ocrx_word' id='word_1_93' title='bbox 851 682 881 708; x_wconf 84' lang='grc' dir='ltr'><strong>τὺ</strong></span> <span class='ocrx_word' id='word_1_94' title='bbox 895 681 947 715; x_wconf 82' lang='grc' dir='ltr'><strong>ἔξω</strong></span> 
     </span>
    </p>
   </div>
   <div class='ocr_carea' id='block_1_15' title="bbox 161 723 946 761">
    <p class='ocr_par' dir='ltr' id='par_1_15' title="bbox 161 723 946 761">
     <span class='ocr_line' id='line_1_15' title="bbox 161 723 946 761; baseline 0.004 -11"><span class='ocrx_word' id='word_1_95' title='bbox 161 724 291 759; x_wconf 77' lang='grc' dir='ltr'>φέρεσθαι</span> <span class='ocrx_word' id='word_1_96' title='bbox 306 723 385 755; x_wconf 84' lang='grc' dir='ltr'>Θεοῦ,</span> <span class='ocrx_word' id='word_1_97' title='bbox 407 726 495 751; x_wconf 86' lang='grc' dir='ltr'>νοσεῖν</span> <span class='ocrx_word' id='word_1_98' title='bbox 515 725 666 759; x_wconf 78' lang='grc' dir='ltr'><strong>ἀναγκάζει</strong></span> <span class='ocrx_word' id='word_1_99' title='bbox 681 726 715 752; x_wconf 79' lang='grc' dir='ltr'>τὰ</span> <span class='ocrx_word' id='word_1_100' title='bbox 730 726 839 753; x_wconf 71' lang='grc' dir='ltr'>πάντων</span> <span class='ocrx_word' id='word_1_101' title='bbox 857 726 946 761; x_wconf 80' lang='grc' dir='ltr'>αἴσχι-</span> 
     </span>
    </p>
   </div>
   <div class='ocr_carea' id='block_1_16' title="bbox 145 767 948 807">
    <p class='ocr_par' dir='ltr' id='par_1_16' title="bbox 145 767 948 807">
     <span class='ocr_line' id='line_1_16' title="bbox 145 767 948 807; baseline 0.001 -12"><span class='ocrx_word' id='word_1_102' title='bbox 145 767 212 807; x_wconf 64' lang='grc' dir='ltr'>ξστα</span> <span class='ocrx_word' id='word_1_103' title='bbox 227 769 282 795; x_wconf 84' lang='grc' dir='ltr'>τῶν</span> <span class='ocrx_word' id='word_1_104' title='bbox 301 769 403 796; x_wconf 73' lang='grc' dir='ltr'>κακῶν.</span> <span class='ocrx_word' id='word_1_105' title='bbox 420 769 450 796; x_wconf 79' lang='lat' dir='ltr'><strong>Ui</strong></span> <span class='ocrx_word' id='word_1_106' title='bbox 465 769 513 804; x_wconf 80' lang='grc' dir='ltr'>μὲν</span> <span class='ocrx_word' id='word_1_107' title='bbox 529 769 583 807; x_wconf 66' lang='grc' dir='ltr'><strong>γάρ</strong></span> <span class='ocrx_word' id='word_1_108' title='bbox 603 769 740 804; x_wconf 76' lang='grc' dir='ltr'>ἐχόρευον,</span> <span class='ocrx_word' id='word_1_109' title='bbox 759 770 894 802; x_wconf 80' lang='grc' dir='ltr'><strong>ἀνιέντες,</strong></span> <span class='ocrx_word' id='word_1_110' title='bbox 908 768 948 796; x_wconf 78' lang='grc' dir='ltr'><strong>οῖ-</strong></span> 
     </span>
    </p>
   </div>
   <div class='ocr_carea' id='block_1_17' title="bbox 162 814 948 851">
    <p class='ocr_par' dir='ltr' id='par_1_17' title="bbox 162 814 948 851">
     <span class='ocr_line' id='line_1_17' title="bbox 162 814 948 851; baseline 0.003 -10"><span class='ocrx_word' id='word_1_111' title='bbox 162 814 211 849; x_wconf 82' lang='grc' dir='ltr'><strong>μαί</strong></span> <span class='ocrx_word' id='word_1_112' title='bbox 241 823 307 846; x_wconf 82' lang='grc' dir='ltr'>που,</span> <span class='ocrx_word' id='word_1_113' title='bbox 330 815 380 847; x_wconf 73' lang='grc' dir='ltr'><strong>τὰς</strong></span> <span class='ocrx_word' id='word_1_114' title='bbox 402 814 573 847; x_wconf 64' lang='grc' dir='ltr'>ἐπιδείπνους</span> <span class='ocrx_word' id='word_1_115' title='bbox 598 815 682 851; x_wconf 65' lang='grc' dir='ltr'>ᾠδὰς.</span> <span class='ocrx_word' id='word_1_116' title='bbox 707 816 825 851; x_wconf 83' lang='grc' dir='ltr'>δρῶντές</span> <span class='ocrx_word' id='word_1_117' title='bbox 847 825 876 842; x_wconf 86' lang='grc' dir='ltr'><strong>τε</strong></span> <span class='ocrx_word' id='word_1_118' title='bbox 902 817 948 843; x_wconf 79' lang='grc' dir='ltr'>καὶ</span> 
     </span>
    </p>
   </div>
   <div class='ocr_carea' id='block_1_18' title="bbox 160 860 948 897">
    <p class='ocr_par' dir='ltr' id='par_1_18' title="bbox 160 860 948 897">
     <span class='ocr_line' id='line_1_18' title="bbox 160 860 948 897; baseline 0.005 -11"><span class='ocrx_word' id='word_1_119' title='bbox 160 860 283 894; x_wconf 81' lang='grc' dir='ltr'>λέγοντες</span> <span class='ocrx_word' id='word_1_120' title='bbox 298 861 316 887; x_wconf 80' lang='grc' dir='ltr'>ἃ</span> <span class='ocrx_word' id='word_1_121' title='bbox 330 861 384 887; x_wconf 87' lang='grc' dir='ltr'>τῶν</span> <span class='ocrx_word' id='word_1_122' title='bbox 398 860 552 896; x_wconf 77' lang='grc' dir='ltr'><strong>μεθυόντων</strong></span> <span class='ocrx_word' id='word_1_123' title='bbox 572 862 646 888; x_wconf 73' lang='grc' dir='ltr'>ἐστὶν</span> <span class='ocrx_word' id='word_1_124' title='bbox 662 862 744 897; x_wconf 75' lang='grc' dir='ltr'>ὲγκλή</span> <span class='ocrx_word' id='word_1_125' title='bbox 751 871 833 897; x_wconf 79' lang='grc' dir='ltr'>ματα.</span> <span class='ocrx_word' id='word_1_126' title='bbox 855 863 948 897; x_wconf 78' lang='grc' dir='ltr'>Ἀγνο-</span> 
     </span>
    </p>
   </div>
   <div class='ocr_carea' id='block_1_19' title="bbox 160 907 948 944">
    <p class='ocr_par' dir='ltr' id='par_1_19' title="bbox 160 907 948 944">
     <span class='ocr_line' id='line_1_19' title="bbox 160 907 948 944; baseline 0.001 -11"><span class='ocrx_word' id='word_1_127' title='bbox 160 907 233 934; x_wconf 82' lang='grc' dir='ltr'>οῦντι</span> <span class='ocrx_word' id='word_1_128' title='bbox 245 907 273 934; x_wconf 75' lang='grc' dir='ltr'>δὲ</span> <span class='ocrx_word' id='word_1_129' title='bbox 285 907 318 934; x_wconf 70' lang='grc' dir='ltr'><strong>τὰ</strong></span> <span class='ocrx_word' id='word_1_130' title='bbox 331 907 520 943; x_wconf 77' lang='grc' dir='ltr'><strong>τετολμημένα</strong></span> <span class='ocrx_word' id='word_1_131' title='bbox 535 908 572 943; x_wconf 70' lang='grc' dir='ltr'>τῷ</span> <span class='ocrx_word' id='word_1_132' title='bbox 584 909 719 943; x_wconf 73' lang='grc' dir='ltr'>θεσπεσίῳ</span> <span class='ocrx_word' id='word_1_133' title='bbox 732 910 816 944; x_wconf 71' lang='grc' dir='ltr'><strong>Μωςῇ</strong></span> <span class='ocrx_word' id='word_1_134' title='bbox 844 909 948 944; x_wconf 63' lang='grc' dir='ltr'>φανερὰ</span> 
     </span>
    </p>
   </div>
   <div class='ocr_carea' id='block_1_20' title="bbox 162 953 947 990">
    <p class='ocr_par' dir='ltr' id='par_1_20' title="bbox 162 953 947 990">
     <span class='ocr_line' id='line_1_20' title="bbox 162 953 947 990; baseline 0.003 -10"><span class='ocrx_word' id='word_1_135' title='bbox 162 953 306 989; x_wconf 73' lang='grc' dir='ltr'><strong>καθίστησι</strong></span> <span class='ocrx_word' id='word_1_136' title='bbox 320 954 397 987; x_wconf 74' lang='grc' dir='ltr'>Θεὸς,</span> <span class='ocrx_word' id='word_1_137' title='bbox 410 954 481 981; x_wconf 77' lang='grc' dir='ltr'>οὕτω</span> <span class='ocrx_word' id='word_1_138' title='bbox 497 955 594 989; x_wconf 77' lang='grc' dir='ltr'>λέγων·</span> <span class='ocrx_word' id='word_1_139' title='bbox 613 965 622 980; x_wconf 74' lang='grc' dir='ltr'><strong>ι</strong></span> <span class='ocrx_word' id='word_1_140' title='bbox 642 955 748 987; x_wconf 46' lang='lat' dir='ltr'><strong>Brige,</strong></span> <span class='ocrx_word' id='word_1_141' title='bbox 761 955 790 982; x_wconf 70' lang='grc' dir='ltr'><strong>τὸ</strong></span> <span class='ocrx_word' id='word_1_142' title='bbox 807 955 888 990; x_wconf 80' lang='grc' dir='ltr'>τάχος</span> <span class='ocrx_word' id='word_1_143' title='bbox 905 958 947 982; x_wconf 79' lang='grc' dir='ltr'><strong>ὲν-</strong></span> 
     </span>
    </p>
   </div>
   <div class='ocr_carea' id='block_1_21' title="bbox 161 999 948 1037">
    <p class='ocr_par' dir='ltr' id='par_1_21' title="bbox 161 999 948 1037">
     <span class='ocr_line' id='line_1_21' title="bbox 161 999 948 1037; baseline 0.003 -11"><span class='ocrx_word' id='word_1_144' title='bbox 161 1000 256 1026; x_wconf 77' lang='grc' dir='ltr'>τεῦθεν</span> <span class='ocrx_word' id='word_1_145' title='bbox 275 999 420 1035; x_wconf 73' lang='grc' dir='ltr'>κατάϐηθι”</span> <span class='ocrx_word' id='word_1_146' title='bbox 436 1001 557 1035; x_wconf 77' lang='grc' dir='ltr'>ὴνὸμησε</span> <span class='ocrx_word' id='word_1_147' title='bbox 577 1001 631 1036; x_wconf 75' lang='grc' dir='ltr'><strong>γὰρ</strong></span> <span class='ocrx_word' id='word_1_148' title='bbox 646 1001 659 1027; x_wconf 85' lang='grc' dir='ltr'><strong>ὁ</strong></span> <span class='ocrx_word' id='word_1_149' title='bbox 680 1001 752 1033; x_wconf 70' lang='grc' dir='ltr'>λαὸς,</span> <span class='ocrx_word' id='word_1_150' title='bbox 770 1001 798 1027; x_wconf 78' lang='grc' dir='ltr'>ὃν</span> <span class='ocrx_word' id='word_1_151' title='bbox 815 1001 948 1037; x_wconf 75' lang='grc' dir='ltr'><strong>ἐξήγαγες</strong></span> 
     </span>
    </p>
   </div>
   <div class='ocr_carea' id='block_1_22' title="bbox 160 1045 948 1083">
    <p class='ocr_par' dir='ltr' id='par_1_22' title="bbox 160 1045 948 1083">
     <span class='ocr_line' id='line_1_22' title="bbox 160 1045 948 1083; baseline 0.003 -11"><span class='ocrx_word' id='word_1_152' title='bbox 160 1046 192 1072; x_wconf 68' lang='grc' dir='ltr'>ὲκ</span> <span class='ocrx_word' id='word_1_153' title='bbox 207 1046 260 1080; x_wconf 74' lang='grc' dir='ltr'>γῆς</span> <span class='ocrx_word' id='word_1_154' title='bbox 283 1046 432 1080; x_wconf 77' lang='grc' dir='ltr'>Αἰγύπτου.</span> <span class='ocrx_word' id='word_1_155' title='bbox 453 1046 616 1082; x_wconf 82' lang='grc' dir='ltr'>Παρέϐησαν</span> <span class='ocrx_word' id='word_1_156' title='bbox 635 1047 703 1082; x_wconf 73' lang='grc' dir='ltr'>ταχὺ</span> <span class='ocrx_word' id='word_1_157' title='bbox 726 1048 757 1074; x_wconf 77' lang='grc' dir='ltr'>ἐκ</span> <span class='ocrx_word' id='word_1_158' title='bbox 772 1048 820 1082; x_wconf 76' lang='grc' dir='ltr'>τῆς</span> <span class='ocrx_word' id='word_1_159' title='bbox 840 1047 900 1074; x_wconf 68' lang='grc' dir='ltr'>ὀδοῦ</span> <span class='ocrx_word' id='word_1_160' title='bbox 915 1045 948 1083; x_wconf 78' lang='grc' dir='ltr'>ἧς</span> 
     </span>
    </p>
   </div>
   <div class='ocr_carea' id='block_1_23' title="bbox 160 1091 948 1129">
    <p class='ocr_par' dir='ltr' id='par_1_23' title="bbox 160 1091 948 1129">
     <span class='ocr_line' id='line_1_23' title="bbox 160 1091 948 1129; baseline 0.004 -12"><span class='ocrx_word' id='word_1_161' title='bbox 160 1091 284 1118; x_wconf 75' lang='grc' dir='ltr'>ινιτείλω</span> <span class='ocrx_word' id='word_1_162' title='bbox 311 1092 413 1123; x_wconf 81' lang='grc' dir='ltr'>αὐτοῖς.</span> <span class='ocrx_word' id='word_1_163' title='bbox 446 1092 593 1127; x_wconf 80' lang='grc' dir='ltr'>Ἐποίησαν</span> <span class='ocrx_word' id='word_1_164' title='bbox 622 1092 728 1125; x_wconf 79' lang='grc' dir='ltr'>ἑαυτοῖς</span> <span class='ocrx_word' id='word_1_165' title='bbox 757 1094 872 1129; x_wconf 79' lang='grc' dir='ltr'>μόσχον,</span> <span class='ocrx_word' id='word_1_166' title='bbox 900 1094 948 1120; x_wconf 70' lang='grc' dir='ltr'>καὶ</span> 
     </span>
    </p>
   </div>
   <div class='ocr_carea' id='block_1_24' title="bbox 161 1138 946 1175">
    <p class='ocr_par' dir='ltr' id='par_1_24' title="bbox 161 1138 946 1175">
     <span class='ocr_line' id='line_1_24' title="bbox 161 1138 946 1175; baseline 0.004 -11"><span class='ocrx_word' id='word_1_167' title='bbox 161 1138 369 1174; x_wconf 71' lang='grc' dir='ltr'><strong>προσεκύνησαν</strong></span> <span class='ocrx_word' id='word_1_168' title='bbox 384 1138 467 1173; x_wconf 80' lang='grc' dir='ltr'>αὐτῷ,</span> <span class='ocrx_word' id='word_1_169' title='bbox 478 1139 526 1165; x_wconf 71' lang='grc' dir='ltr'>καὶ</span> <span class='ocrx_word' id='word_1_170' title='bbox 539 1138 685 1166; x_wconf 83' lang='grc' dir='ltr'>τεθύκασιν</span> <span class='ocrx_word' id='word_1_171' title='bbox 699 1140 784 1175; x_wconf 73' lang='grc' dir='ltr'>αὐτῷ,</span> <span class='ocrx_word' id='word_1_172' title='bbox 794 1140 842 1166; x_wconf 71' lang='grc' dir='ltr'>καὶ</span> <span class='ocrx_word' id='word_1_173' title='bbox 856 1138 946 1167; x_wconf 75' lang='grc' dir='ltr'>εἷπαψ</span> 
     </span>
    </p>
   </div>
   <div class='ocr_carea' id='block_1_25' title="bbox 119 1175 947 1220">
    <p class='ocr_par' dir='ltr' id='par_1_25' title="bbox 119 1175 947 1220">
     <span class='ocr_line' id='line_1_25' title="bbox 119 1175 947 1220; baseline 0.002 -10"><span class='ocrx_word' id='word_1_174' title='bbox 119 1206 125 1210; x_wconf 85' lang='grc'>.</span> <span class='ocrx_word' id='word_1_175' title='bbox 160 1182 240 1211; x_wconf 76' lang='grc' dir='ltr'>Οὗτοι</span> <span class='ocrx_word' id='word_1_176' title='bbox 256 1185 280 1211; x_wconf 81' lang='grc' dir='ltr'>οι</span> <span class='ocrx_word' id='word_1_177' title='bbox 301 1183 356 1211; x_wconf 82' lang='grc' dir='ltr'>θεοί</span> <span class='ocrx_word' id='word_1_178' title='bbox 379 1193 444 1216; x_wconf 88' lang='grc' dir='ltr'>σου,</span> <span class='ocrx_word' id='word_1_179' title='bbox 465 1175 583 1220; x_wconf 60' lang='grc' dir='ltr'>Ἰσραὴλ,</span> <span class='ocrx_word' id='word_1_180' title='bbox 608 1185 705 1217; x_wconf 75' lang='grc' dir='ltr'>οἵτινες</span> <span class='ocrx_word' id='word_1_181' title='bbox 726 1185 892 1212; x_wconf 76' lang='grc' dir='ltr'>ἀνεϐίϐασάν</span> <span class='ocrx_word' id='word_1_182' title='bbox 916 1194 947 1212; x_wconf 88' lang='grc' dir='ltr'><strong>σε</strong></span> 
     </span>
    </p>
   </div>
   <div class='ocr_carea' id='block_1_26' title="bbox 161 1230 948 1267">
    <p class='ocr_par' dir='ltr' id='par_1_26' title="bbox 161 1230 948 1267">
     <span class='ocr_line' id='line_1_26' title="bbox 161 1230 948 1267; baseline 0.003 -10"><span class='ocrx_word' id='word_1_183' title='bbox 161 1232 193 1257; x_wconf 77' lang='grc' dir='ltr'>ὲκ</span> <span class='ocrx_word' id='word_1_184' title='bbox 208 1231 258 1266; x_wconf 87' lang='grc' dir='ltr'>γῆς</span> <span class='ocrx_word' id='word_1_185' title='bbox 275 1230 423 1265; x_wconf 74' lang='grc' dir='ltr'>Δίγύπτου.</span> <span class='ocrx_word' id='word_1_186' title='bbox 438 1230 494 1258; x_wconf 72' lang='grc' dir='ltr'><strong>Καὶ</strong></span> <span class='ocrx_word' id='word_1_187' title='bbox 514 1230 561 1257; x_wconf 66' lang='grc' dir='ltr'><strong>νῦν</strong></span> <span class='ocrx_word' id='word_1_188' title='bbox 585 1231 664 1258; x_wconf 75' lang='grc' dir='ltr'>ἔασόν</span> <span class='ocrx_word' id='word_1_189' title='bbox 681 1241 729 1267; x_wconf 89' lang='grc' dir='ltr'><strong>με,</strong></span> <span class='ocrx_word' id='word_1_190' title='bbox 746 1233 794 1259; x_wconf 78' lang='grc' dir='ltr'>καὶ</span> <span class='ocrx_word' id='word_1_191' title='bbox 811 1232 948 1267; x_wconf 73' lang='grc' dir='ltr'>θυμωθεὶς</span> 
     </span>
    </p>
   </div>
   <div class='ocr_carea' id='block_1_27' title="bbox 159 1277 948 1313">
    <p class='ocr_par' dir='ltr' id='par_1_27' title="bbox 159 1277 948 1313">
     <span class='ocr_line' id='line_1_27' title="bbox 159 1277 948 1313; baseline 0.004 -11"><span class='ocrx_word' id='word_1_192' title='bbox 159 1277 228 1312; x_wconf 82' lang='grc' dir='ltr'>ὀργῇ</span> <span class='ocrx_word' id='word_1_193' title='bbox 259 1277 300 1308; x_wconf 79' lang='grc' dir='ltr'><strong>εἰς</strong></span> <span class='ocrx_word' id='word_1_194' title='bbox 325 1277 440 1310; x_wconf 61' lang='grc' dir='ltr'>αὐτοὺς,</span> <span class='ocrx_word' id='word_1_195' title='bbox 471 1277 592 1312; x_wconf 60' lang='grc' dir='ltr'>ὲκτρίψω</span> <span class='ocrx_word' id='word_1_196' title='bbox 624 1277 738 1310; x_wconf 68' lang='grc' dir='ltr'>αὐτοὺς,</span> <span class='ocrx_word' id='word_1_197' title='bbox 765 1278 813 1304; x_wconf 79' lang='grc' dir='ltr'>καὶ</span> <span class='ocrx_word' id='word_1_198' title='bbox 843 1279 948 1313; x_wconf 83' lang='grc' dir='ltr'>ποιήσω</span> 
     </span>
    </p>
   </div>
   <div class='ocr_carea' id='block_1_28' title="bbox 161 1322 948 1359">
    <p class='ocr_par' dir='ltr' id='par_1_28' title="bbox 161 1322 948 1359">
     <span class='ocr_line' id='line_1_28' title="bbox 161 1322 948 1359; baseline 0.001 -10"><span class='ocrx_word' id='word_1_199' title='bbox 161 1331 190 1349; x_wconf 85' lang='grc' dir='ltr'><strong>σε</strong></span> <span class='ocrx_word' id='word_1_200' title='bbox 220 1324 259 1355; x_wconf 74' lang='grc' dir='ltr'><strong>εἰς</strong></span> <span class='ocrx_word' id='word_1_201' title='bbox 277 1322 351 1354; x_wconf 76' lang='grc' dir='ltr'>ἔθνος</span> <span class='ocrx_word' id='word_1_202' title='bbox 377 1322 532 1358; x_wconf 61' lang='grc' dir='ltr'>μέγακΚώ</span> <span class='ocrx_word' id='word_1_203' title='bbox 565 1323 661 1358; x_wconf 74' lang='grc' dir='ltr'>ἐδεήθη</span> <span class='ocrx_word' id='word_1_204' title='bbox 692 1324 796 1359; x_wconf 84' lang='grc' dir='ltr'>Μωσῆς</span> <span class='ocrx_word' id='word_1_205' title='bbox 828 1324 948 1351; x_wconf 80' lang='grc' dir='ltr'>ὲναντῖον</span> 
     </span>
    </p>
   </div>
   <div class='ocr_carea' id='block_1_29' title="bbox 161 1368 947 1405">
    <p class='ocr_par' dir='ltr' id='par_1_29' title="bbox 161 1368 947 1405">
     <span class='ocr_line' id='line_1_29' title="bbox 161 1368 947 1405; baseline 0.003 -11"><span class='ocrx_word' id='word_1_206' title='bbox 161 1368 263 1403; x_wconf 85' lang='grc' dir='ltr'>Κυρίου</span> <span class='ocrx_word' id='word_1_207' title='bbox 282 1368 327 1395; x_wconf 80' lang='grc' dir='ltr'><strong>τοῦ</strong></span> <span class='ocrx_word' id='word_1_208' title='bbox 349 1368 416 1395; x_wconf 73' lang='grc' dir='ltr'>Θεοῦ</span> <span class='ocrx_word' id='word_1_209' title='bbox 437 1368 528 1395; x_wconf 81' lang='grc' dir='ltr'>αὑτοῦ.</span> <span class='ocrx_word' id='word_1_210' title='bbox 555 1378 563 1394; x_wconf 80' lang='grc' dir='ltr'><strong>ι</strong></span> <span class='ocrx_word' id='word_1_211' title='bbox 589 1368 712 1400; x_wconf 78' lang='grc' dir='ltr'>Ἀκούεις</span> <span class='ocrx_word' id='word_1_212' title='bbox 735 1369 808 1401; x_wconf 76' lang='grc' dir='ltr'>ὅπως</span> <span class='ocrx_word' id='word_1_213' title='bbox 830 1370 947 1405; x_wconf 66' lang='grc' dir='ltr'>ἐλαφρὸν</span> 
     </span>
    </p>
   </div>
   <div class='ocr_carea' id='block_1_30' title="bbox 160 1415 948 1451">
    <p class='ocr_par' dir='ltr' id='par_1_30' title="bbox 160 1415 948 1451">
     <span class='ocr_line' id='line_1_30' title="bbox 160 1415 948 1451; baseline 0.001 -10"><span class='ocrx_word' id='word_1_214' title='bbox 160 1415 207 1441; x_wconf 73' lang='grc' dir='ltr'>καὶ</span> <span class='ocrx_word' id='word_1_215' title='bbox 223 1415 414 1451; x_wconf 59' lang='grc' dir='ltr'>εὐπαράψορον</span> <span class='ocrx_word' id='word_1_216' title='bbox 435 1415 553 1442; x_wconf 79' lang='grc' dir='ltr'>δντατὺν</span> <span class='ocrx_word' id='word_1_217' title='bbox 573 1415 696 1450; x_wconf 70' lang='grc' dir='ltr'>Ἰσραὴλ,</span> <span class='ocrx_word' id='word_1_218' title='bbox 720 1415 767 1442; x_wconf 77' lang='grc' dir='ltr'>καὶ</span> <span class='ocrx_word' id='word_1_219' title='bbox 791 1415 858 1442; x_wconf 79' lang='grc' dir='ltr'>πολὺ</span> <span class='ocrx_word' id='word_1_220' title='bbox 886 1416 948 1442; x_wconf 83' lang='grc' dir='ltr'>λίαν</span> 
     </span>
    </p>
   </div>
   <div class='ocr_carea' id='block_1_31' title="bbox 160 1459 948 1496">
    <p class='ocr_par' dir='ltr' id='par_1_31' title="bbox 160 1459 948 1496">
     <span class='ocr_line' id='line_1_31' title="bbox 160 1459 948 1496; baseline 0.001 -10"><span class='ocrx_word' id='word_1_221' title='bbox 160 1461 262 1496; x_wconf 75' lang='grc' dir='ltr'>εὐπετῆ</span> <span class='ocrx_word' id='word_1_222' title='bbox 285 1462 324 1492; x_wconf 79' lang='grc' dir='ltr'><strong>είς</strong></span> <span class='ocrx_word' id='word_1_223' title='bbox 350 1461 516 1494; x_wconf 67' lang='grc' dir='ltr'>άπόστασινς</span> <span class='ocrx_word' id='word_1_224' title='bbox 536 1460 603 1486; x_wconf 71' lang='grc' dir='ltr'>Οὐδὲ</span> <span class='ocrx_word' id='word_1_225' title='bbox 628 1459 693 1486; x_wconf 73' lang='grc' dir='ltr'>λαὸν</span> <span class='ocrx_word' id='word_1_226' title='bbox 721 1469 730 1485; x_wconf 76' lang='grc' dir='ltr'><strong>ι</strong></span> <span class='ocrx_word' id='word_1_227' title='bbox 760 1459 824 1486; x_wconf 76' lang='grc' dir='ltr'>ἴδιον</span> <span class='ocrx_word' id='word_1_228' title='bbox 852 1470 861 1486; x_wconf 84' lang='grc'><strong>›</strong></span> <span class='ocrx_word' id='word_1_229' title='bbox 890 1461 948 1487; x_wconf 81' lang='grc' dir='ltr'>ὀνο-</span> 
     </span>
    </p>
   </div>
   <div class='ocr_carea' id='block_1_32' title="bbox 163 1507 948 1543">
    <p class='ocr_par' dir='ltr' id='par_1_32' title="bbox 163 1507 948 1543">
     <span class='ocr_line' id='line_1_32' title="bbox 163 1507 948 1543; baseline 0 -10"><span class='ocrx_word' id='word_1_230' title='bbox 163 1507 258 1542; x_wconf 78' lang='grc' dir='ltr'>μάζειν</span> <span class='ocrx_word' id='word_1_231' title='bbox 273 1507 357 1540; x_wconf 80' lang='grc' dir='ltr'>ἁξιοϊ·</span> <span class='ocrx_word' id='word_1_232' title='bbox 377 1507 445 1535; x_wconf 73' lang='grc' dir='ltr'>ἀλλὰ</span> <span class='ocrx_word' id='word_1_233' title='bbox 470 1507 559 1534; x_wconf 88' lang='grc' dir='ltr'>καίτοι</span> <span class='ocrx_word' id='word_1_234' title='bbox 583 1507 771 1543; x_wconf 73' lang='grc' dir='ltr'>διορισάμενος</span> <span class='ocrx_word' id='word_1_235' title='bbox 799 1507 844 1534; x_wconf 83' lang='grc' dir='ltr'>τὸν</span> <span class='ocrx_word' id='word_1_236' title='bbox 867 1507 948 1542; x_wconf 87' lang='grc' dir='ltr'>νόμον</span> 
     </span>
    </p>
   </div>
   <div class='ocr_carea' id='block_1_33' title="bbox 161 1554 945 1590">
    <p class='ocr_par' dir='ltr' id='par_1_33' title="bbox 161 1554 945 1590">
     <span class='ocr_line' id='line_1_33' title="bbox 161 1554 945 1590; baseline 0.001 -10"><span class='ocrx_word' id='word_1_237' title='bbox 161 1554 250 1586; x_wconf 78' lang='grc' dir='ltr'>αὐτὸς,</span> <span class='ocrx_word' id='word_1_238' title='bbox 263 1555 356 1581; x_wconf 83' lang='grc' dir='ltr'>Μωσεϊ</span> <span class='ocrx_word' id='word_1_239' title='bbox 366 1555 396 1581; x_wconf 69' lang='grc' dir='ltr'><strong>τὸ</strong></span> <span class='ocrx_word' id='word_1_240' title='bbox 407 1554 502 1590; x_wconf 79' lang='grc' dir='ltr'>χρῆμα</span> <span class='ocrx_word' id='word_1_241' title='bbox 514 1554 672 1590; x_wconf 81' lang='grc' dir='ltr'>προσνέμει.</span> <span class='ocrx_word' id='word_1_242' title='bbox 685 1564 694 1580; x_wconf 76' lang='grc' dir='ltr'><strong>ι</strong></span> <span class='ocrx_word' id='word_1_243' title='bbox 710 1554 873 1590; x_wconf 75' lang='grc' dir='ltr'>Παρέϐησαν</span> <span class='ocrx_word' id='word_1_244' title='bbox 883 1554 945 1590; x_wconf 80' lang='grc' dir='ltr'>γὰρ,</span> 
     </span>
    </p>
   </div>
   <div class='ocr_carea' id='block_1_34' title="bbox 161 1598 982 1642">
    <p class='ocr_par' dir='ltr' id='par_1_34' title="bbox 161 1598 982 1642">
     <span class='ocr_line' id='line_1_34' title="bbox 161 1598 982 1642; baseline 0 -16"><span class='ocrx_word' id='word_1_245' title='bbox 161 1600 238 1635; x_wconf 65' lang='grc' dir='ltr'>φησι,</span> <span class='ocrx_word' id='word_1_246' title='bbox 251 1601 320 1636; x_wconf 75' lang='grc' dir='ltr'>ταχὺ</span> <span class='ocrx_word' id='word_1_247' title='bbox 335 1601 366 1627; x_wconf 81' lang='grc' dir='ltr'>ἐκ</span> <span class='ocrx_word' id='word_1_248' title='bbox 377 1601 425 1635; x_wconf 77' lang='grc' dir='ltr'>τῆς</span> <span class='ocrx_word' id='word_1_249' title='bbox 441 1599 501 1626; x_wconf 79' lang='grc' dir='ltr'>ὁδοῦ</span> <span class='ocrx_word' id='word_1_250' title='bbox 515 1598 548 1635; x_wconf 76' lang='grc' dir='ltr'>ἧς</span> <span class='ocrx_word' id='word_1_251' title='bbox 557 1600 682 1627; x_wconf 80' lang='grc' dir='ltr'>ὲνετείλω</span> <span class='ocrx_word' id='word_1_252' title='bbox 696 1600 796 1631; x_wconf 74' lang='grc' dir='ltr'>αὐτοῖς.</span> <span class='ocrx_word' id='word_1_253' title='bbox 819 1610 827 1626; x_wconf 77' lang='grc' dir='ltr'><strong>ι</strong></span> <span class='ocrx_word' id='word_1_254' title='bbox 847 1601 948 1636; x_wconf 80' lang='grc' dir='ltr'><strong>Ταύτῃ-</strong></span> <span class='ocrx_word' id='word_1_255' title='bbox 962 1614 982 1642; x_wconf 75' lang='lat' dir='ltr'><strong>C</strong></span> 
     </span>
    </p>
   </div>
   <div class='ocr_carea' id='block_1_35' title="bbox 161 1646 948 1683">
    <p class='ocr_par' dir='ltr' id='par_1_35' title="bbox 161 1646 948 1683">
     <span class='ocr_line' id='line_1_35' title="bbox 161 1646 948 1683; baseline 0.001 -11"><span class='ocrx_word' id='word_1_256' title='bbox 161 1655 202 1672; x_wconf 84' lang='grc' dir='ltr'><strong>τοι</strong></span> <span class='ocrx_word' id='word_1_257' title='bbox 216 1647 263 1672; x_wconf 75' lang='grc' dir='ltr'><strong>καὶ</strong></span> <span class='ocrx_word' id='word_1_258' title='bbox 277 1647 291 1672; x_wconf 81' lang='grc' dir='ltr'><strong>ό</strong></span> <span class='ocrx_word' id='word_1_259' title='bbox 308 1646 424 1682; x_wconf 67' lang='grc' dir='ltr'>Χριστὸς</span> <span class='ocrx_word' id='word_1_260' title='bbox 440 1647 495 1678; x_wconf 82' lang='grc' dir='ltr'>τοῖς</span> <span class='ocrx_word' id='word_1_261' title='bbox 511 1646 544 1672; x_wconf 78' lang='grc' dir='ltr'><strong>τὰ</strong></span> <span class='ocrx_word' id='word_1_262' title='bbox 561 1646 607 1673; x_wconf 73' lang='grc' dir='ltr'>ἴσα</span> <span class='ocrx_word' id='word_1_263' title='bbox 627 1647 818 1683; x_wconf 75' lang='grc' dir='ltr'>πεφρονηκόσι,</span> <span class='ocrx_word' id='word_1_264' title='bbox 836 1647 884 1673; x_wconf 74' lang='grc' dir='ltr'>καὶ</span> <span class='ocrx_word' id='word_1_265' title='bbox 898 1647 948 1681; x_wconf 68' lang='grc' dir='ltr'>τῆς</span> 
     </span>
    </p>
   </div>
   <div class='ocr_carea' id='block_1_36' title="bbox 161 1691 948 1728">
    <p class='ocr_par' dir='ltr' id='par_1_36' title="bbox 161 1691 948 1728">
     <span class='ocr_line' id='line_1_36' title="bbox 161 1691 948 1728; baseline 0 -10"><span class='ocrx_word' id='word_1_266' title='bbox 161 1692 287 1724; x_wconf 82' lang='grc' dir='ltr'>ἀσεϐείας</span> <span class='ocrx_word' id='word_1_267' title='bbox 299 1692 348 1727; x_wconf 79' lang='grc' dir='ltr'>τὴν</span> <span class='ocrx_word' id='word_1_268' title='bbox 361 1692 470 1727; x_wconf 80' lang='grc' dir='ltr'>δόκησιν</span> <span class='ocrx_word' id='word_1_269' title='bbox 485 1691 745 1727; x_wconf 81' lang='grc' dir='ltr'>ὑποπλαττομένοις,</span> <span class='ocrx_word' id='word_1_270' title='bbox 767 1692 948 1728; x_wconf 78' lang='grc' dir='ltr'>ἁγαθουργεϊν</span> 
     </span>
    </p>
   </div>
   <div class='ocr_carea' id='block_1_37' title="bbox 160 1738 947 1774">
    <p class='ocr_par' dir='ltr' id='par_1_37' title="bbox 160 1738 947 1774">
     <span class='ocr_line' id='line_1_37' title="bbox 160 1738 947 1774; baseline 0 -9"><span class='ocrx_word' id='word_1_271' title='bbox 160 1738 189 1765; x_wconf 75' lang='grc' dir='ltr'>δὲ</span> <span class='ocrx_word' id='word_1_272' title='bbox 207 1739 268 1765; x_wconf 76' lang='grc' dir='ltr'>κατ’</span> <span class='ocrx_word' id='word_1_273' title='bbox 288 1738 418 1774; x_wconf 85' lang='grc' dir='ltr'>ἀλήθειαν</span> <span class='ocrx_word' id='word_1_274' title='bbox 438 1739 467 1765; x_wconf 84' lang='grc' dir='ltr'>οὺ</span> <span class='ocrx_word' id='word_1_275' title='bbox 488 1738 714 1774; x_wconf 83' lang='grc' dir='ltr'>μεμελετηκόσιν,</span> <span class='ocrx_word' id='word_1_276' title='bbox 735 1739 782 1766; x_wconf 74' lang='grc' dir='ltr'><strong>ἐπὶ</strong></span> <span class='ocrx_word' id='word_1_277' title='bbox 806 1738 853 1765; x_wconf 82' lang='grc' dir='ltr'><strong>τοῦ</strong></span> <span class='ocrx_word' id='word_1_278' title='bbox 874 1739 947 1765; x_wconf 87' lang='grc' dir='ltr'>θείου</span> 
     </span>
    </p>
   </div>
   <div class='ocr_carea' id='block_1_38' title="bbox 161 1776 965 1820">
    <p class='ocr_par' dir='ltr' id='par_1_38' title="bbox 161 1776 965 1820">
     <span class='ocr_line' id='line_1_38' title="bbox 161 1776 965 1820; baseline 0 -9"><span class='ocrx_word' id='word_1_279' title='bbox 161 1784 282 1820; x_wconf 75' lang='grc' dir='ltr'>βήματος</span> <span class='ocrx_word' id='word_1_280' title='bbox 308 1785 381 1820; x_wconf 78' lang='grc' dir='ltr'>ἐρεῖν</span> <span class='ocrx_word' id='word_1_281' title='bbox 404 1784 456 1820; x_wconf 76' lang='grc' dir='ltr'><strong>ἔφη</strong></span> <span class='ocrx_word' id='word_1_282' title='bbox 481 1785 526 1811; x_wconf 81' lang='grc' dir='ltr'>τὸν</span> <span class='ocrx_word' id='word_1_283' title='bbox 545 1785 664 1820; x_wconf 82' lang='grc' dir='ltr'>Κριτήν·</span> <span class='ocrx_word' id='word_1_284' title='bbox 693 1794 702 1811; x_wconf 78' lang='grc' dir='ltr'><strong>ι</strong></span> <span class='ocrx_word' id='word_1_285' title='bbox 733 1776 881 1820; x_wconf 79' lang='grc' dir='ltr'>Ἀπόστητε</span> <span class='ocrx_word' id='word_1_286' title='bbox 900 1780 965 1811; x_wconf 61' lang='lat' dir='ltr'><strong>dir&quot;</strong></span> 
     </span>
    </p>
   </div>
   <div class='ocr_carea' id='block_1_39' title="bbox 160 1829 948 1866">
    <p class='ocr_par' dir='ltr' id='par_1_39' title="bbox 160 1829 948 1866">
     <span class='ocr_line' id='line_1_39' title="bbox 160 1829 948 1866; baseline 0.001 -10"><span class='ocrx_word' id='word_1_287' title='bbox 160 1831 238 1865; x_wconf 73' lang='grc' dir='ltr'>ἐμοῦ,</span> <span class='ocrx_word' id='word_1_288' title='bbox 258 1831 374 1866; x_wconf 75' lang='grc' dir='ltr'>ἐργάται</span> <span class='ocrx_word' id='word_1_289' title='bbox 395 1831 520 1866; x_wconf 77' lang='grc' dir='ltr'>ἀνομίας,</span> <span class='ocrx_word' id='word_1_290' title='bbox 539 1831 589 1857; x_wconf 80' lang='grc' dir='ltr'>οὐκ</span> <span class='ocrx_word' id='word_1_291' title='bbox 612 1829 670 1857; x_wconf 83' lang='grc' dir='ltr'>οἶδα</span> <span class='ocrx_word' id='word_1_292' title='bbox 693 1832 775 1865; x_wconf 82' lang='grc' dir='ltr'>ὑμᾶς.</span> <span class='ocrx_word' id='word_1_293' title='bbox 801 1840 810 1856; x_wconf 72' lang='grc' dir='ltr'><strong>ι</strong></span> <span class='ocrx_word' id='word_1_294' title='bbox 843 1831 948 1858; x_wconf 77' lang='grc' dir='ltr'><strong>υὺκοῦν</strong></span> 
     </span>
    </p>
   </div>
   <div class='ocr_carea' id='block_1_40' title="bbox 160 1874 948 1912">
    <p class='ocr_par' dir='ltr' id='par_1_40' title="bbox 160 1874 948 1912">
     <span class='ocr_line' id='line_1_40' title="bbox 160 1874 948 1912; baseline 0.001 -10"><span class='ocrx_word' id='word_1_295' title='bbox 160 1875 219 1911; x_wconf 79' lang='grc' dir='ltr'>Θεῴ</span> <span class='ocrx_word' id='word_1_296' title='bbox 234 1875 377 1911; x_wconf 83' lang='grc' dir='ltr'>γνώριμοι,</span> <span class='ocrx_word' id='word_1_297' title='bbox 393 1876 440 1902; x_wconf 74' lang='grc' dir='ltr'>καὶ</span> <span class='ocrx_word' id='word_1_298' title='bbox 462 1875 525 1907; x_wconf 80' lang='grc' dir='ltr'>λαὸς</span> <span class='ocrx_word' id='word_1_299' title='bbox 550 1875 632 1902; x_wconf 82' lang='grc' dir='ltr'>αὑτοῦ</span> <span class='ocrx_word' id='word_1_300' title='bbox 649 1875 719 1902; x_wconf 75' lang='grc' dir='ltr'>κατὰ</span> <span class='ocrx_word' id='word_1_301' title='bbox 742 1875 871 1912; x_wconf 71' lang='grc' dir='ltr'>ἀλήθειαν</span> <span class='ocrx_word' id='word_1_302' title='bbox 893 1874 948 1903; x_wconf 76' lang='grc' dir='ltr'>εἷεν</span> 
     </span>
    </p>
   </div>
   <div class='ocr_carea' id='block_1_41' title="bbox 160 1921 946 1958">
    <p class='ocr_par' dir='ltr' id='par_1_41' title="bbox 160 1921 946 1958">
     <span class='ocr_line' id='line_1_41' title="bbox 160 1921 946 1958; baseline 0 -10"><span class='ocrx_word' id='word_1_303' title='bbox 160 1921 201 1950; x_wconf 87' lang='grc' dir='ltr'>ἃν.</span> <span class='ocrx_word' id='word_1_304' title='bbox 216 1923 240 1948; x_wconf 74' lang='grc' dir='ltr'>οἱ</span> <span class='ocrx_word' id='word_1_305' title='bbox 259 1921 310 1956; x_wconf 76' lang='grc' dir='ltr'>τῆς</span> <span class='ocrx_word' id='word_1_306' title='bbox 323 1922 362 1954; x_wconf 74' lang='grc' dir='ltr'><strong>εἰς</strong></span> <span class='ocrx_word' id='word_1_307' title='bbox 381 1921 460 1948; x_wconf 75' lang='grc' dir='ltr'>αὑτὸν</span> <span class='ocrx_word' id='word_1_308' title='bbox 472 1921 582 1956; x_wconf 74' lang='grc' dir='ltr'>ἀγάπης</span> <span class='ocrx_word' id='word_1_309' title='bbox 599 1921 790 1953; x_wconf 76' lang='grc' dir='ltr'>ἀδιασπάστως</span> <span class='ocrx_word' id='word_1_310' title='bbox 812 1922 946 1958; x_wconf 70' lang='grc' dir='ltr'>ἐχόμενοι,</span> 
     </span>
    </p>
   </div>
   <div class='ocr_carea' id='block_1_42' title="bbox 160 1967 948 2005">
    <p class='ocr_par' dir='ltr' id='par_1_42' title="bbox 160 1967 948 2005">
     <span class='ocr_line' id='line_1_42' title="bbox 160 1967 948 2005; baseline 0 -10"><span class='ocrx_word' id='word_1_311' title='bbox 160 1969 207 1995; x_wconf 74' lang='grc' dir='ltr'>καὶ</span> <span class='ocrx_word' id='word_1_312' title='bbox 218 1969 248 1995; x_wconf 71' lang='grc' dir='ltr'>τὸ</span> <span class='ocrx_word' id='word_1_313' title='bbox 262 1970 290 1995; x_wconf 75' lang='grc' dir='ltr'>ἐν</span> <span class='ocrx_word' id='word_1_314' title='bbox 307 1969 398 1995; x_wconf 81' lang='grc' dir='ltr'>πίστει</span> <span class='ocrx_word' id='word_1_315' title='bbox 418 1969 530 2004; x_wconf 82' lang='grc' dir='ltr'>γνήσιον</span> <span class='ocrx_word' id='word_1_316' title='bbox 550 1967 750 2001; x_wconf 79' lang='grc' dir='ltr'>ἀποσώζοντες,</span> <span class='ocrx_word' id='word_1_317' title='bbox 776 1969 824 1999; x_wconf 68' lang='grc' dir='ltr'>καὶ</span> <span class='ocrx_word' id='word_1_318' title='bbox 840 1970 948 2005; x_wconf 76' lang='grc' dir='ltr'>ἐρηρει-</span> 
     </span>
    </p>
   </div>
   <div class='ocr_carea' id='block_1_43' title="bbox 161 2014 947 2054">
    <p class='ocr_par' dir='ltr' id='par_1_43' title="bbox 161 2014 947 2054">
     <span class='ocr_line' id='line_1_43' title="bbox 161 2014 947 2054; baseline 0.003 -14"><span class='ocrx_word' id='word_1_319' title='bbox 161 2014 254 2050; x_wconf 78' lang='grc' dir='ltr'>σμένοι</span> <span class='ocrx_word' id='word_1_320' title='bbox 272 2015 339 2050; x_wconf 81' lang='grc' dir='ltr'>πρὺς</span> <span class='ocrx_word' id='word_1_321' title='bbox 358 2014 553 2049; x_wconf 61' lang='grc' dir='ltr'>ἀγαθουργίαν,</span> <span class='ocrx_word' id='word_1_322' title='bbox 577 2014 625 2041; x_wconf 73' lang='grc' dir='ltr'>καὶ</span> <span class='ocrx_word' id='word_1_323' title='bbox 642 2014 676 2041; x_wconf 87' lang='grc' dir='ltr'><strong>τὰ</strong></span> <span class='ocrx_word' id='word_1_324' title='bbox 695 2015 727 2041; x_wconf 81' lang='grc' dir='ltr'>ὲκ</span> <span class='ocrx_word' id='word_1_325' title='bbox 748 2015 797 2054; x_wconf 81' lang='grc' dir='ltr'>τῆς</span> <span class='ocrx_word' id='word_1_326' title='bbox 814 2015 947 2050; x_wconf 70' lang='grc' dir='ltr'>ἐλαφρίας</span> 
     </span>
    </p>
   </div>
   <div class='ocr_carea' id='block_1_44' title="bbox 160 2060 947 2096">
    <p class='ocr_par' dir='ltr' id='par_1_44' title="bbox 160 2060 947 2096">
     <span class='ocr_line' id='line_1_44' title="bbox 160 2060 947 2096; baseline 0.003 -10"><span class='ocrx_word' id='word_1_327' title='bbox 160 2060 320 2096; x_wconf 73' lang='grc' dir='ltr'>ἐγκλήματα</span> <span class='ocrx_word' id='word_1_328' title='bbox 341 2060 560 2096; x_wconf 78' lang='grc' dir='ltr'>παρωθούμενοι.</span> <span class='ocrx_word' id='word_1_329' title='bbox 590 2060 665 2096; x_wconf 82' lang='grc' dir='ltr'>Πλὴν</span> <span class='ocrx_word' id='word_1_330' title='bbox 683 2061 808 2096; x_wconf 79' lang='grc' dir='ltr'>ἐλιπάρει</span> <span class='ocrx_word' id='word_1_331' title='bbox 832 2062 947 2096; x_wconf 81' lang='grc' dir='ltr'>Μωσῆς,</span> 
     </span>
    </p>
   </div>
   <div class='ocr_carea' id='block_1_45' title="bbox 161 2107 945 2144">
    <p class='ocr_par' dir='ltr' id='par_1_45' title="bbox 161 2107 945 2144">
     <span class='ocr_line' id='line_1_45' title="bbox 161 2107 945 2144; baseline 0.001 -10"><span class='ocrx_word' id='word_1_332' title='bbox 161 2108 206 2134; x_wconf 66' lang='grc' dir='ltr'>καὶ</span> <span class='ocrx_word' id='word_1_333' title='bbox 222 2107 424 2134; x_wconf 78' lang='grc' dir='ltr'>ἀνακόπτεσθαι</span> <span class='ocrx_word' id='word_1_334' title='bbox 444 2108 492 2143; x_wconf 80' lang='grc' dir='ltr'>τὴν</span> <span class='ocrx_word' id='word_1_335' title='bbox 505 2107 591 2143; x_wconf 75' lang='grc' dir='ltr'>ὀργὴν</span> <span class='ocrx_word' id='word_1_336' title='bbox 603 2108 652 2144; x_wconf 80' lang='grc' dir='ltr'>τὴν</span> <span class='ocrx_word' id='word_1_337' title='bbox 663 2108 732 2134; x_wconf 72' lang='grc' dir='ltr'>κατὰ</span> <span class='ocrx_word' id='word_1_338' title='bbox 742 2109 848 2135; x_wconf 75' lang='grc' dir='ltr'>πάντων</span> <span class='ocrx_word' id='word_1_339' title='bbox 859 2108 945 2143; x_wconf 75' lang='grc' dir='ltr'>ἠξίου.</span> 
     </span>
    </p>
   </div>
   <div class='ocr_carea' id='block_1_46' title="bbox 162 2153 946 2190">
    <p class='ocr_par' dir='ltr' id='par_1_46' title="bbox 162 2153 946 2190">
     <span class='ocr_line' id='line_1_46' title="bbox 162 2153 946 2190; baseline 0.001 -10"><span class='ocrx_word' id='word_1_340' title='bbox 162 2153 235 2180; x_wconf 86' lang='grc' dir='ltr'>Ἐδει</span> <span class='ocrx_word' id='word_1_341' title='bbox 248 2154 312 2188; x_wconf 74' lang='grc' dir='ltr'>γὰρ,</span> <span class='ocrx_word' id='word_1_342' title='bbox 331 2154 383 2180; x_wconf 78' lang='grc' dir='ltr'>ἔδει</span> <span class='ocrx_word' id='word_1_343' title='bbox 397 2154 442 2181; x_wconf 67' lang='grc' dir='ltr'><strong>τὸν</strong></span> <span class='ocrx_word' id='word_1_344' title='bbox 457 2154 634 2189; x_wconf 77' lang='grc' dir='ltr'>μεσιτεύοντα</span> <span class='ocrx_word' id='word_1_345' title='bbox 655 2153 796 2189; x_wconf 82' lang='grc' dir='ltr'>μιμεῖσθαι</span> <span class='ocrx_word' id='word_1_346' title='bbox 817 2154 946 2190; x_wconf 74' lang='grc' dir='ltr'>Χριστὸν,</span> 
     </span>
    </p>
   </div>
   <div class='ocr_carea' id='block_1_47' title="bbox 160 2196 946 2235">
    <p class='ocr_par' dir='ltr' id='par_1_47' title="bbox 160 2196 946 2235">
     <span class='ocr_line' id='line_1_47' title="bbox 160 2196 946 2235; baseline 0.001 -10"><span class='ocrx_word' id='word_1_347' title='bbox 160 2199 187 2230; x_wconf 71' lang='grc' dir='ltr'>ὃς</span> <span class='ocrx_word' id='word_1_348' title='bbox 199 2200 248 2234; x_wconf 79' lang='grc' dir='ltr'>τὴν</span> <span class='ocrx_word' id='word_1_349' title='bbox 271 2198 374 2226; x_wconf 79' lang='grc' dir='ltr'>ἀνωθεν</span> <span class='ocrx_word' id='word_1_350' title='bbox 399 2199 440 2233; x_wconf 79' lang='grc' dir='ltr'><strong>ἐφ’</strong></span> <span class='ocrx_word' id='word_1_351' title='bbox 465 2199 538 2234; x_wconf 77' lang='grc' dir='ltr'>ἡμᾶς</span> <span class='ocrx_word' id='word_1_352' title='bbox 562 2196 645 2225; x_wconf 73' lang='grc' dir='ltr'>οὖσαν</span> <span class='ocrx_word' id='word_1_353' title='bbox 668 2199 753 2234; x_wconf 76' lang='grc' dir='ltr'>ὀργὴν</span> <span class='ocrx_word' id='word_1_354' title='bbox 776 2198 820 2225; x_wconf 78' lang='grc' dir='ltr'><strong>διὰ</strong></span> <span class='ocrx_word' id='word_1_355' title='bbox 847 2198 946 2235; x_wconf 78' lang='grc' dir='ltr'>πολλὴν</span> 
     </span>
    </p>
   </div>
   <div class='ocr_carea' id='block_1_48' title="bbox 162 2244 945 2280">
    <p class='ocr_par' dir='ltr' id='par_1_48' title="bbox 162 2244 945 2280">
     <span class='ocr_line' id='line_1_48' title="bbox 162 2244 945 2280; baseline 0 -9"><span class='ocrx_word' id='word_1_356' title='bbox 162 2245 296 2280; x_wconf 74' lang='grc' dir='ltr'>ἁμαρτίαν</span> <span class='ocrx_word' id='word_1_357' title='bbox 310 2244 490 2280; x_wconf 74' lang='grc' dir='ltr'>ἀπεσόϐησεν,</span> <span class='ocrx_word' id='word_1_358' title='bbox 503 2245 540 2276; x_wconf 84' lang='grc' dir='ltr'>ὠς</span> <span class='ocrx_word' id='word_1_359' title='bbox 551 2244 615 2276; x_wconf 72' lang='grc' dir='ltr'>Υἱὸς</span> <span class='ocrx_word' id='word_1_360' title='bbox 631 2244 680 2280; x_wconf 85' lang='grc' dir='ltr'>τὴν</span> <span class='ocrx_word' id='word_1_361' title='bbox 693 2246 720 2271; x_wconf 82' lang='grc' dir='ltr'>ὲν</span> <span class='ocrx_word' id='word_1_362' title='bbox 735 2244 824 2271; x_wconf 85' lang='grc' dir='ltr'>πίστει</span> <span class='ocrx_word' id='word_1_363' title='bbox 834 2245 945 2272; x_wconf 79' lang='grc' dir='ltr'>δικαίω-</span> 
     </span>
    </p>
   </div>
   <div class='ocr_carea' id='block_1_49' title="bbox 995 313 1785 349">
    <p class='ocr_par' dir='ltr' id='par_1_49' title="bbox 995 313 1785 349">
     <span class='ocr_line' id='line_1_49' title="bbox 995 313 1785 349; baseline 0.004 -10"><span class='ocrx_word' id='word_1_364' title='bbox 995 321 1077 347; x_wconf 83' lang='lat' dir='ltr'><strong>opera</strong></span> <span class='ocrx_word' id='word_1_365' title='bbox 1090 314 1192 345; x_wconf 86' lang='lat' dir='ltr'><strong>carnis.</strong></span> <span class='ocrx_word' id='word_1_366' title='bbox 1204 322 1265 349; x_wconf 62' lang='lat' dir='ltr'><strong>quae</strong></span> <span class='ocrx_word' id='word_1_367' title='bbox 1272 319 1336 342; x_wconf 90' lang='lat' dir='ltr'><strong>sunt</strong></span> <span class='ocrx_word' id='word_1_368' title='bbox 1348 314 1489 347; x_wconf 85' lang='lat' dir='ltr'><strong>scortatio,</strong></span> <span class='ocrx_word' id='word_1_369' title='bbox 1505 313 1690 346; x_wconf 88' lang='lat' dir='ltr'><strong>immunditia,</strong></span> <span class='ocrx_word' id='word_1_370' title='bbox 1703 315 1785 342; x_wconf 87' lang='lat' dir='ltr'><strong>lasci-</strong></span> 
     </span>
    </p>
   </div>
   <div class='ocr_carea' id='block_1_50' title="bbox 996 358 1785 391">
    <p class='ocr_par' dir='ltr' id='par_1_50' title="bbox 996 358 1785 391">
     <span class='ocr_line' id='line_1_50' title="bbox 996 358 1785 391; baseline 0.003 -6"><span class='ocrx_word' id='word_1_371' title='bbox 996 358 1049 391; x_wconf 85' lang='lat' dir='ltr'><strong>via,</strong></span> <span class='ocrx_word' id='word_1_372' title='bbox 1065 359 1219 387; x_wconf 73' lang='lat' dir='ltr'><strong>idololatria</strong></span> <span class='ocrx_word' id='word_1_373' title='bbox 1235 360 1267 387; x_wconf 75' lang='grc'><strong>⁸⁸.</strong></span> <span class='ocrx_word' id='word_1_374' title='bbox 1283 370 1291 386; x_wconf 82' lang='grc' dir='ltr'><strong>ι</strong></span> <span class='ocrx_word' id='word_1_375' title='bbox 1308 360 1390 388; x_wconf 87' lang='lat' dir='ltr'><strong>Error</strong></span> <span class='ocrx_word' id='word_1_376' title='bbox 1402 360 1475 387; x_wconf 92' lang='lat' dir='ltr'><strong>enim</strong></span> <span class='ocrx_word' id='word_1_377' title='bbox 1486 360 1530 388; x_wconf 92' lang='lat' dir='ltr'><strong>hic</strong></span> <span class='ocrx_word' id='word_1_378' title='bbox 1541 360 1669 388; x_wconf 88' lang='lat' dir='ltr'><strong>conciliat</strong></span> <span class='ocrx_word' id='word_1_379' title='bbox 1681 360 1734 388; x_wconf 89' lang='lat' dir='ltr'><strong>alia</strong></span> <span class='ocrx_word' id='word_1_380' title='bbox 1744 359 1785 388; x_wconf 73' lang='lat' dir='ltr'><strong>bis</strong></span> 
     </span>
    </p>
   </div>
   <div class='ocr_carea' id='block_1_51' title="bbox 996 405 1786 442">
    <p class='ocr_par' dir='ltr' id='par_1_51' title="bbox 996 405 1786 442">
     <span class='ocr_line' id='line_1_51' title="bbox 996 405 1786 442; baseline 0.003 -10"><span class='ocrx_word' id='word_1_381' title='bbox 996 405 1134 433; x_wconf 76' lang='lat' dir='ltr'><strong>deteriora</strong></span> <span class='ocrx_word' id='word_1_382' title='bbox 1144 427 1151 439; x_wconf 91' lang='lat'><strong>,</strong></span> <span class='ocrx_word' id='word_1_383' title='bbox 1174 407 1336 442; x_wconf 82' lang='lat' dir='ltr'><strong>aversioque</strong></span> <span class='ocrx_word' id='word_1_384' title='bbox 1352 415 1367 434; x_wconf 87' lang='lat' dir='ltr'><strong>a</strong></span> <span class='ocrx_word' id='word_1_385' title='bbox 1382 407 1438 435; x_wconf 91' lang='lat' dir='ltr'><strong>Deo</strong></span> <span class='ocrx_word' id='word_1_386' title='bbox 1455 407 1489 434; x_wconf 86' lang='lat' dir='ltr'><strong>ad</strong></span> <span class='ocrx_word' id='word_1_387' title='bbox 1502 412 1625 434; x_wconf 80' lang='lat' dir='ltr'><strong>extrema</strong></span> <span class='ocrx_word' id='word_1_388' title='bbox 1636 407 1708 434; x_wconf 86' lang='lat' dir='ltr'><strong>mala</strong></span> <span class='ocrx_word' id='word_1_389' title='bbox 1722 415 1786 442; x_wconf 89' lang='lat' dir='ltr'><strong>pro-</strong></span> 
     </span>
    </p>
   </div>
   <div class='ocr_carea' id='block_1_52' title="bbox 997 447 1786 489">
    <p class='ocr_par' dir='ltr' id='par_1_52' title="bbox 997 447 1786 489">
     <span class='ocr_line' id='line_1_52' title="bbox 997 447 1786 489; baseline 0.001 -10"><span class='ocrx_word' id='word_1_390' title='bbox 997 453 1084 487; x_wconf 80' lang='lat' dir='ltr'><strong>pellit.</strong></span> <span class='ocrx_word' id='word_1_391' title='bbox 1102 453 1245 481; x_wconf 83' lang='lat' dir='ltr'><strong>Ducebant</strong></span> <span class='ocrx_word' id='word_1_392' title='bbox 1268 454 1352 489; x_wconf 77' lang='lat' dir='ltr'><strong>igitur</strong></span> <span class='ocrx_word' id='word_1_393' title='bbox 1374 454 1418 481; x_wconf 89' lang='lat' dir='ltr'><strong>isti</strong></span> <span class='ocrx_word' id='word_1_394' title='bbox 1438 454 1563 486; x_wconf 88' lang='lat' dir='ltr'><strong>choreas,</strong></span> <span class='ocrx_word' id='word_1_395' title='bbox 1576 447 1707 481; x_wconf 82' lang='lat' dir='ltr'><strong>canentes</strong></span> <span class='ocrx_word' id='word_1_396' title='bbox 1719 453 1786 481; x_wconf 87' lang='lat' dir='ltr'><strong>odas</strong></span> 
     </span>
    </p>
   </div>
   <div class='ocr_carea' id='block_1_53' title="bbox 997 498 1786 534">
    <p class='ocr_par' dir='ltr' id='par_1_53' title="bbox 997 498 1786 534">
     <span class='ocr_line' id='line_1_53' title="bbox 997 498 1786 534; baseline 0 -9"><span class='ocrx_word' id='word_1_397' title='bbox 997 498 1163 531; x_wconf 81' lang='lat' dir='ltr'><strong>convivales,</strong></span> <span class='ocrx_word' id='word_1_398' title='bbox 1178 506 1264 533; x_wconf 85' lang='lat' dir='ltr'><strong>eaque</strong></span> <span class='ocrx_word' id='word_1_399' title='bbox 1282 503 1311 526; x_wconf 91' lang='lat' dir='ltr'><strong>et</strong></span> <span class='ocrx_word' id='word_1_400' title='bbox 1326 499 1457 527; x_wconf 72' lang='lat' dir='ltr'><strong>facientes</strong></span> <span class='ocrx_word' id='word_1_401' title='bbox 1470 503 1498 526; x_wconf 88' lang='lat' dir='ltr'><strong>et</strong></span> <span class='ocrx_word' id='word_1_402' title='bbox 1517 499 1651 531; x_wconf 78' lang='lat' dir='ltr'><strong>dicentes,</strong></span> <span class='ocrx_word' id='word_1_403' title='bbox 1665 506 1726 534; x_wconf 68' lang='lat' dir='ltr'><strong>qum</strong></span> <span class='ocrx_word' id='word_1_404' title='bbox 1743 505 1786 525; x_wconf 91' lang='lat' dir='ltr'><strong>so-</strong></span> 
     </span>
    </p>
   </div>
   <div class='ocr_carea' id='block_1_54' title="bbox 997 543 1785 572">
    <p class='ocr_par' dir='ltr' id='par_1_54' title="bbox 997 543 1785 572">
     <span class='ocr_line' id='line_1_54' title="bbox 997 543 1785 572; baseline 0.003 -2"><span class='ocrx_word' id='word_1_405' title='bbox 997 543 1055 571; x_wconf 87' lang='lat' dir='ltr'><strong>lent</strong></span> <span class='ocrx_word' id='word_1_406' title='bbox 1065 543 1191 571; x_wconf 85' lang='lat' dir='ltr'><strong>homines</strong></span> <span class='ocrx_word' id='word_1_407' title='bbox 1203 544 1284 571; x_wconf 85' lang='lat' dir='ltr'><strong>ebrii.</strong></span> <span class='ocrx_word' id='word_1_408' title='bbox 1303 545 1400 572; x_wconf 86' lang='lat' dir='ltr'><strong>Divino</strong></span> <span class='ocrx_word' id='word_1_409' title='bbox 1411 549 1502 572; x_wconf 86' lang='lat' dir='ltr'><strong>autem</strong></span> <span class='ocrx_word' id='word_1_410' title='bbox 1520 545 1588 572; x_wconf 85' lang='lat' dir='ltr'><strong>Mosi</strong></span> <span class='ocrx_word' id='word_1_411' title='bbox 1608 545 1707 572; x_wconf 86' lang='lat' dir='ltr'><strong>horum</strong></span> <span class='ocrx_word' id='word_1_412' title='bbox 1721 544 1785 572; x_wconf 87' lang='lat' dir='ltr'><strong>faci-</strong></span> 
     </span>
    </p>
   </div>
   <div class='ocr_carea' id='block_1_55' title="bbox 997 589 1785 625">
    <p class='ocr_par' dir='ltr' id='par_1_55' title="bbox 997 589 1785 625">
     <span class='ocr_line' id='line_1_55' title="bbox 997 589 1785 625; baseline 0.003 -9"><span class='ocrx_word' id='word_1_413' title='bbox 997 597 1097 616; x_wconf 89' lang='lat' dir='ltr'><strong>norum</strong></span> <span class='ocrx_word' id='word_1_414' title='bbox 1111 589 1199 617; x_wconf 89' lang='lat' dir='ltr'><strong>inscio</strong></span> <span class='ocrx_word' id='word_1_415' title='bbox 1210 590 1282 618; x_wconf 87' lang='lat' dir='ltr'><strong>Deus</strong></span> <span class='ocrx_word' id='word_1_416' title='bbox 1298 590 1435 625; x_wconf 83' lang='lat' dir='ltr'><strong>patefecit,</strong></span> <span class='ocrx_word' id='word_1_417' title='bbox 1451 591 1487 618; x_wconf 88' lang='lat' dir='ltr'><strong>ita</strong></span> <span class='ocrx_word' id='word_1_418' title='bbox 1505 591 1620 619; x_wconf 87' lang='lat' dir='ltr'><strong>dicens:</strong></span> <span class='ocrx_word' id='word_1_419' title='bbox 1638 601 1647 617; x_wconf 75' lang='grc' dir='ltr'><strong>ι</strong></span> <span class='ocrx_word' id='word_1_420' title='bbox 1662 591 1736 619; x_wconf 85' lang='lat' dir='ltr'><strong>Vade</strong></span> <span class='ocrx_word' id='word_1_421' title='bbox 1751 591 1785 618; x_wconf 78' lang='lat' dir='ltr'><strong>il—</strong></span> 
     </span>
    </p>
   </div>
   <div class='ocr_carea' id='block_1_56' title="bbox 998 635 1785 672">
    <p class='ocr_par' dir='ltr' id='par_1_56' title="bbox 998 635 1785 672">
     <span class='ocr_line' id='line_1_56' title="bbox 998 635 1785 672; baseline 0.003 -10"><span class='ocrx_word' id='word_1_422' title='bbox 998 635 1050 662; x_wconf 89' lang='lat' dir='ltr'><strong>lico</strong></span> <span class='ocrx_word' id='word_1_423' title='bbox 1062 635 1136 667; x_wconf 82' lang='lat' dir='ltr'><strong>hinc,</strong></span> <span class='ocrx_word' id='word_1_424' title='bbox 1149 641 1177 663; x_wconf 87' lang='lat' dir='ltr'><strong>et</strong></span> <span class='ocrx_word' id='word_1_425' title='bbox 1196 636 1349 664; x_wconf 78' lang='lat' dir='ltr'><strong>descende:</strong></span> <span class='ocrx_word' id='word_1_426' title='bbox 1373 638 1490 672; x_wconf 87' lang='lat' dir='ltr'><strong>populus</strong></span> <span class='ocrx_word' id='word_1_427' title='bbox 1508 637 1582 665; x_wconf 86' lang='lat' dir='ltr'><strong>enim</strong></span> <span class='ocrx_word' id='word_1_428' title='bbox 1603 642 1683 669; x_wconf 90' lang='lat' dir='ltr'><strong>tuus,</strong></span> <span class='ocrx_word' id='word_1_429' title='bbox 1704 644 1785 672; x_wconf 84' lang='lat' dir='ltr'><strong>quem</strong></span> 
     </span>
    </p>
   </div>
   <div class='ocr_carea' id='block_1_57' title="bbox 997 680 1794 718">
    <p class='ocr_par' dir='ltr' id='par_1_57' title="bbox 997 680 1794 718">
     <span class='ocr_line' id='line_1_57' title="bbox 997 680 1794 718; baseline 0.003 -11"><span class='ocrx_word' id='word_1_430' title='bbox 997 680 1116 708; x_wconf 80' lang='lat' dir='ltr'><strong>eduxisti</strong></span> <span class='ocrx_word' id='word_1_431' title='bbox 1127 681 1161 709; x_wconf 91' lang='lat' dir='ltr'><strong>de</strong></span> <span class='ocrx_word' id='word_1_432' title='bbox 1176 685 1249 710; x_wconf 83' lang='lat' dir='ltr'><strong>terra</strong></span> <span class='ocrx_word' id='word_1_433' title='bbox 1258 682 1376 718; x_wconf 63' lang='lat' dir='ltr'><strong>)Egypti,</strong></span> <span class='ocrx_word' id='word_1_434' title='bbox 1392 687 1434 711; x_wconf 88' lang='lat' dir='ltr'><strong>est</strong></span> <span class='ocrx_word' id='word_1_435' title='bbox 1445 683 1649 718; x_wconf 63' lang='lat' dir='ltr'><strong>pravaricatus.</strong></span> <span class='ocrx_word' id='word_1_436' title='bbox 1663 682 1724 710; x_wconf 84' lang='lat' dir='ltr'><strong>Cito</strong></span> <span class='ocrx_word' id='word_1_437' title='bbox 1740 682 1794 718; x_wconf 16' lang='lat' dir='ltr'><strong>de-A</strong></span> 
     </span>
    </p>
   </div>
   <div class='ocr_carea' id='block_1_58' title="bbox 998 727 1784 764">
    <p class='ocr_par' dir='ltr' id='par_1_58' title="bbox 998 727 1784 764">
     <span class='ocr_line' id='line_1_58' title="bbox 998 727 1784 764; baseline 0.001 -10"><span class='ocrx_word' id='word_1_438' title='bbox 998 727 1170 755; x_wconf 87' lang='lat' dir='ltr'><strong>clinaverunt</strong></span> <span class='ocrx_word' id='word_1_439' title='bbox 1191 737 1207 756; x_wconf 89' lang='lat' dir='ltr'><strong>a</strong></span> <span class='ocrx_word' id='word_1_440' title='bbox 1227 729 1270 756; x_wconf 91' lang='lat' dir='ltr'><strong>via</strong></span> <span class='ocrx_word' id='word_1_441' title='bbox 1286 737 1367 764; x_wconf 84' lang='lat' dir='ltr'><strong>quam</strong></span> <span class='ocrx_word' id='word_1_442' title='bbox 1392 729 1432 756; x_wconf 91' lang='lat' dir='ltr'><strong>eis</strong></span> <span class='ocrx_word' id='word_1_443' title='bbox 1454 728 1630 757; x_wconf 80' lang='lat' dir='ltr'><strong>mandavisti.</strong></span> <span class='ocrx_word' id='word_1_444' title='bbox 1650 728 1784 756; x_wconf 87' lang='lat' dir='ltr'><strong>Fecerunt</strong></span> 
     </span>
    </p>
   </div>
   <div class='ocr_carea' id='block_1_59' title="bbox 998 774 1785 810">
    <p class='ocr_par' dir='ltr' id='par_1_59' title="bbox 998 774 1785 810">
     <span class='ocr_line' id='line_1_59' title="bbox 998 774 1785 810; baseline 0 -8"><span class='ocrx_word' id='word_1_445' title='bbox 998 774 1051 802; x_wconf 83' lang='lat' dir='ltr'><strong>sibi</strong></span> <span class='ocrx_word' id='word_1_446' title='bbox 1066 774 1116 810; x_wconf 86' lang='lat' dir='ltr'><strong>ipsi</strong></span> <span class='ocrx_word' id='word_1_447' title='bbox 1131 775 1259 807; x_wconf 86' lang='lat' dir='ltr'><strong>vitulum,</strong></span> <span class='ocrx_word' id='word_1_448' title='bbox 1278 779 1305 802; x_wconf 87' lang='lat' dir='ltr'><strong>et</strong></span> <span class='ocrx_word' id='word_1_449' title='bbox 1321 775 1506 802; x_wconf 85' lang='lat' dir='ltr'><strong>adoraverunt</strong></span> <span class='ocrx_word' id='word_1_450' title='bbox 1518 783 1592 807; x_wconf 91' lang='lat' dir='ltr'><strong>eum,</strong></span> <span class='ocrx_word' id='word_1_451' title='bbox 1603 780 1631 802; x_wconf 91' lang='lat' dir='ltr'><strong>et</strong></span> <span class='ocrx_word' id='word_1_452' title='bbox 1646 774 1785 802; x_wconf 81' lang='lat' dir='ltr'><strong>sacrifica-</strong></span> 
     </span>
    </p>
   </div>
   <div class='ocr_carea' id='block_1_60' title="bbox 998 821 1784 856">
    <p class='ocr_par' dir='ltr' id='par_1_60' title="bbox 998 821 1784 856">
     <span class='ocr_line' id='line_1_60' title="bbox 998 821 1784 856; baseline 0.001 -9"><span class='ocrx_word' id='word_1_453' title='bbox 998 825 1096 848; x_wconf 87' lang='lat' dir='ltr'><strong>verunt</strong></span> <span class='ocrx_word' id='word_1_454' title='bbox 1110 821 1178 856; x_wconf 87' lang='lat' dir='ltr'><strong>ipsi,</strong></span> <span class='ocrx_word' id='word_1_455' title='bbox 1198 821 1381 856; x_wconf 79' lang='lat' dir='ltr'><strong>dixeruntque</strong></span> <span class='ocrx_word' id='word_1_456' title='bbox 1395 830 1401 848; x_wconf 87' lang='lat'><strong><em>:</em></strong></span> <span class='ocrx_word' id='word_1_457' title='bbox 1419 821 1466 849; x_wconf 85' lang='lat' dir='ltr'><strong>Isti</strong></span> <span class='ocrx_word' id='word_1_458' title='bbox 1482 826 1547 849; x_wconf 90' lang='lat' dir='ltr'><strong>sunt</strong></span> <span class='ocrx_word' id='word_1_459' title='bbox 1570 821 1608 848; x_wconf 89' lang='lat' dir='ltr'><strong>dii</strong></span> <span class='ocrx_word' id='word_1_460' title='bbox 1623 821 1663 848; x_wconf 91' lang='lat' dir='ltr'><strong>tui</strong></span> <span class='ocrx_word' id='word_1_461' title='bbox 1678 821 1763 848; x_wconf 89' lang='lat' dir='ltr'><strong>Israel</strong></span> <span class='ocrx_word' id='word_1_462' title='bbox 1777 842 1784 854; x_wconf 94' lang='lat'><strong>,</strong></span> 
     </span>
    </p>
   </div>
   <div class='ocr_carea' id='block_1_61' title="bbox 998 867 1786 903">
    <p class='ocr_par' dir='ltr' id='par_1_61' title="bbox 998 867 1786 903">
     <span class='ocr_line' id='line_1_61' title="bbox 998 867 1786 903; baseline 0.001 -10"><span class='ocrx_word' id='word_1_463' title='bbox 998 867 1046 901; x_wconf 88' lang='lat' dir='ltr'><strong>qui</strong></span> <span class='ocrx_word' id='word_1_464' title='bbox 1064 870 1090 894; x_wconf 88' lang='lat' dir='ltr'><strong>te</strong></span> <span class='ocrx_word' id='word_1_465' title='bbox 1103 867 1257 894; x_wconf 86' lang='lat' dir='ltr'><strong>eduxerunt</strong></span> <span class='ocrx_word' id='word_1_466' title='bbox 1269 867 1302 895; x_wconf 86' lang='lat' dir='ltr'><strong>de</strong></span> <span class='ocrx_word' id='word_1_467' title='bbox 1323 872 1396 894; x_wconf 86' lang='lat' dir='ltr'><strong>terra</strong></span> <span class='ocrx_word' id='word_1_468' title='bbox 1409 867 1527 903; x_wconf 68' lang='lat' dir='ltr'><strong>Egypti.</strong></span> <span class='ocrx_word' id='word_1_469' title='bbox 1541 868 1575 894; x_wconf 88' lang='lat' dir='ltr'><strong>Et</strong></span> <span class='ocrx_word' id='word_1_470' title='bbox 1588 875 1663 894; x_wconf 92' lang='lat' dir='ltr'><strong>nunc</strong></span> <span class='ocrx_word' id='word_1_471' title='bbox 1679 867 1786 894; x_wconf 81' lang='lat' dir='ltr'><strong>dimitte</strong></span> 
     </span>
    </p>
   </div>
   <div class='ocr_carea' id='block_1_62' title="bbox 999 911 1786 947">
    <p class='ocr_par' dir='ltr' id='par_1_62' title="bbox 999 911 1786 947">
     <span class='ocr_line' id='line_1_62' title="bbox 999 911 1786 947; baseline 0.001 -9"><span class='ocrx_word' id='word_1_472' title='bbox 999 919 1053 943; x_wconf 86' lang='lat' dir='ltr'><strong>me,</strong></span> <span class='ocrx_word' id='word_1_473' title='bbox 1065 916 1094 938; x_wconf 89' lang='lat' dir='ltr'><strong>et</strong></span> <span class='ocrx_word' id='word_1_474' title='bbox 1106 911 1193 939; x_wconf 88' lang='lat' dir='ltr'><strong>iratus</strong></span> <span class='ocrx_word' id='word_1_475' title='bbox 1213 912 1305 939; x_wconf 87' lang='lat' dir='ltr'><strong>furore</strong></span> <span class='ocrx_word' id='word_1_476' title='bbox 1320 913 1347 939; x_wconf 89' lang='lat' dir='ltr'><strong>in</strong></span> <span class='ocrx_word' id='word_1_477' title='bbox 1360 920 1408 939; x_wconf 91' lang='lat' dir='ltr'><strong>eos</strong></span> <span class='ocrx_word' id='word_1_478' title='bbox 1421 912 1520 940; x_wconf 87' lang='lat' dir='ltr'><strong>delebo</strong></span> <span class='ocrx_word' id='word_1_479' title='bbox 1536 913 1619 947; x_wconf 88' lang='lat' dir='ltr'><strong>ipsos,</strong></span> <span class='ocrx_word' id='word_1_480' title='bbox 1633 912 1786 947; x_wconf 87' lang='lat' dir='ltr'><strong>faciamque</strong></span> 
     </span>
    </p>
   </div>
   <div class='ocr_carea' id='block_1_63' title="bbox 1000 958 1785 993">
    <p class='ocr_par' dir='ltr' id='par_1_63' title="bbox 1000 958 1785 993">
     <span class='ocr_line' id='line_1_63' title="bbox 1000 958 1785 993; baseline 0.001 -9"><span class='ocrx_word' id='word_1_481' title='bbox 1000 962 1025 984; x_wconf 90' lang='lat' dir='ltr'><strong>te</strong></span> <span class='ocrx_word' id='word_1_482' title='bbox 1044 958 1071 984; x_wconf 92' lang='lat' dir='ltr'><strong>in</strong></span> <span class='ocrx_word' id='word_1_483' title='bbox 1086 962 1194 992; x_wconf 77' lang='lat' dir='ltr'><strong>gentem</strong></span> <span class='ocrx_word' id='word_1_484' title='bbox 1219 966 1354 993; x_wconf 86' lang='lat' dir='ltr'><strong>magnam.</strong></span> <span class='ocrx_word' id='word_1_485' title='bbox 1367 958 1402 985; x_wconf 85' lang='lat' dir='ltr'><strong>Et</strong></span> <span class='ocrx_word' id='word_1_486' title='bbox 1421 959 1511 986; x_wconf 87' lang='lat' dir='ltr'><strong>oravit</strong></span> <span class='ocrx_word' id='word_1_487' title='bbox 1522 959 1610 986; x_wconf 86' lang='lat' dir='ltr'><strong>Moses</strong></span> <span class='ocrx_word' id='word_1_488' title='bbox 1625 966 1717 986; x_wconf 88' lang='lat' dir='ltr'><strong>coram</strong></span> <span class='ocrx_word' id='word_1_489' title='bbox 1731 959 1785 985; x_wconf 92' lang='lat' dir='ltr'><strong>Do-</strong></span> 
     </span>
    </p>
   </div>
   <div class='ocr_carea' id='block_1_64' title="bbox 999 1001 1785 1037">
    <p class='ocr_par' dir='ltr' id='par_1_64' title="bbox 999 1001 1785 1037">
     <span class='ocr_line' id='line_1_64' title="bbox 999 1001 1785 1037; baseline 0.004 -10"><span class='ocrx_word' id='word_1_490' title='bbox 999 1002 1073 1027; x_wconf 89' lang='lat' dir='ltr'><strong>mino</strong></span> <span class='ocrx_word' id='word_1_491' title='bbox 1090 1001 1146 1029; x_wconf 86' lang='lat' dir='ltr'><strong>Deo</strong></span> <span class='ocrx_word' id='word_1_492' title='bbox 1155 1002 1187 1028; x_wconf 66' lang='lat'><strong>‘7.</strong></span> <span class='ocrx_word' id='word_1_493' title='bbox 1212 1011 1219 1027; x_wconf 73' lang='grc' dir='ltr'><strong>ι</strong></span> <span class='ocrx_word' id='word_1_494' title='bbox 1238 1002 1359 1029; x_wconf 86' lang='lat' dir='ltr'><strong>Audisne</strong></span> <span class='ocrx_word' id='word_1_495' title='bbox 1379 1010 1460 1037; x_wconf 85' lang='lat' dir='ltr'><strong>quam</strong></span> <span class='ocrx_word' id='word_1_496' title='bbox 1477 1002 1558 1037; x_wconf 85' lang='lat'><strong>337</strong></span> <span class='ocrx_word' id='word_1_497' title='bbox 1576 1003 1644 1030; x_wconf 90' lang='lat' dir='ltr'><strong>levis</strong></span> <span class='ocrx_word' id='word_1_498' title='bbox 1658 1007 1685 1030; x_wconf 87' lang='lat' dir='ltr'><strong>et</strong></span> <span class='ocrx_word' id='word_1_499' title='bbox 1699 1008 1785 1031; x_wconf 85' lang='lat' dir='ltr'><strong>teme-</strong></span> 
     </span>
    </p>
   </div>
   <div class='ocr_carea' id='block_1_65' title="bbox 999 1047 1786 1085">
    <p class='ocr_par' dir='ltr' id='par_1_65' title="bbox 999 1047 1786 1085">
     <span class='ocr_line' id='line_1_65' title="bbox 999 1047 1786 1085; baseline 0.003 -11"><span class='ocrx_word' id='word_1_500' title='bbox 999 1047 1088 1074; x_wconf 87' lang='lat' dir='ltr'><strong>rarius</strong></span> <span class='ocrx_word' id='word_1_501' title='bbox 1099 1047 1134 1075; x_wconf 85' lang='lat' dir='ltr'><strong>sit</strong></span> <span class='ocrx_word' id='word_1_502' title='bbox 1145 1048 1239 1081; x_wconf 84' lang='lat' dir='ltr'><strong>Israel,</strong></span> <span class='ocrx_word' id='word_1_503' title='bbox 1253 1052 1281 1076; x_wconf 89' lang='lat' dir='ltr'><strong>et</strong></span> <span class='ocrx_word' id='word_1_504' title='bbox 1294 1049 1373 1076; x_wconf 87' lang='lat' dir='ltr'><strong>valde</strong></span> <span class='ocrx_word' id='word_1_505' title='bbox 1387 1048 1420 1076; x_wconf 85' lang='lat' dir='ltr'><strong>ad</strong></span> <span class='ocrx_word' id='word_1_506' title='bbox 1437 1049 1620 1076; x_wconf 82' lang='lat' dir='ltr'><strong>defectionem</strong></span> <span class='ocrx_word' id='word_1_507' title='bbox 1636 1049 1786 1085; x_wconf 76' lang='lat' dir='ltr'><strong>proclivis!</strong></span> 
     </span>
    </p>
   </div>
   <div class='ocr_carea' id='block_1_66' title="bbox 998 1093 1786 1129">
    <p class='ocr_par' dir='ltr' id='par_1_66' title="bbox 998 1093 1786 1129">
     <span class='ocr_line' id='line_1_66' title="bbox 998 1093 1786 1129; baseline 0.004 -10"><span class='ocrx_word' id='word_1_508' title='bbox 998 1093 1116 1128; x_wconf 91' lang='lat' dir='ltr'><strong>Ideoque</strong></span> <span class='ocrx_word' id='word_1_509' title='bbox 1141 1093 1270 1129; x_wconf 83' lang='lat' dir='ltr'><strong>dignatur</strong></span> <span class='ocrx_word' id='word_1_510' title='bbox 1293 1095 1424 1129; x_wconf 85' lang='lat' dir='ltr'><strong>populum</strong></span> <span class='ocrx_word' id='word_1_511' title='bbox 1452 1104 1461 1120; x_wconf 84' lang='lat'><strong>(</strong></span> <span class='ocrx_word' id='word_1_512' title='bbox 1485 1102 1565 1122; x_wconf 93' lang='lat' dir='ltr'><strong>suum</strong></span> <span class='ocrx_word' id='word_1_513' title='bbox 1587 1104 1596 1118; x_wconf 73' lang='grc' dir='ltr'><strong>ι</strong></span> <span class='ocrx_word' id='word_1_514' title='bbox 1617 1102 1665 1122; x_wconf 89' lang='lat' dir='ltr'><strong>eos</strong></span> <span class='ocrx_word' id='word_1_515' title='bbox 1688 1102 1786 1122; x_wconf 85' lang='lat' dir='ltr'><strong>vocare</strong></span> 
     </span>
    </p>
   </div>
   <div class='ocr_carea' id='block_1_67' title="bbox 998 1139 1786 1176">
    <p class='ocr_par' dir='ltr' id='par_1_67' title="bbox 998 1139 1786 1176">
     <span class='ocr_line' id='line_1_67' title="bbox 998 1139 1786 1176; baseline 0.003 -10"><span class='ocrx_word' id='word_1_516' title='bbox 998 1139 1089 1166; x_wconf 81' lang='lat' dir='ltr'><strong>Deus:</strong></span> <span class='ocrx_word' id='word_1_517' title='bbox 1104 1143 1131 1167; x_wconf 86' lang='lat' dir='ltr'><strong>et</strong></span> <span class='ocrx_word' id='word_1_518' title='bbox 1145 1140 1209 1167; x_wconf 91' lang='lat' dir='ltr'><strong>licet</strong></span> <span class='ocrx_word' id='word_1_519' title='bbox 1223 1140 1278 1175; x_wconf 88' lang='lat' dir='ltr'><strong>ipse</strong></span> <span class='ocrx_word' id='word_1_520' title='bbox 1296 1140 1383 1175; x_wconf 82' lang='lat' dir='ltr'><strong>legem</strong></span> <span class='ocrx_word' id='word_1_521' title='bbox 1396 1141 1500 1173; x_wconf 82' lang='lat' dir='ltr'><strong>tulerit,</strong></span> <span class='ocrx_word' id='word_1_522' title='bbox 1517 1149 1548 1169; x_wconf 89' lang='lat' dir='ltr'><strong>ac</strong></span> <span class='ocrx_word' id='word_1_523' title='bbox 1568 1141 1767 1176; x_wconf 67' lang='lat' dir='ltr'><strong>praescripserit</strong></span> <span class='ocrx_word' id='word_1_524' title='bbox 1778 1161 1786 1173; x_wconf 88' lang='lat'><strong>,</strong></span> 
     </span>
    </p>
   </div>
   <div class='ocr_carea' id='block_1_68' title="bbox 998 1185 1786 1220">
    <p class='ocr_par' dir='ltr' id='par_1_68' title="bbox 998 1185 1786 1220">
     <span class='ocr_line' id='line_1_68' title="bbox 998 1185 1786 1220; baseline 0.003 -9"><span class='ocrx_word' id='word_1_525' title='bbox 998 1189 1090 1212; x_wconf 86' lang='lat' dir='ltr'><strong>tamen</strong></span> <span class='ocrx_word' id='word_1_526' title='bbox 1108 1185 1134 1212; x_wconf 93' lang='lat' dir='ltr'><strong>id</strong></span> <span class='ocrx_word' id='word_1_527' title='bbox 1150 1186 1215 1213; x_wconf 84' lang='lat' dir='ltr'><strong>Mosi</strong></span> <span class='ocrx_word' id='word_1_528' title='bbox 1232 1185 1351 1220; x_wconf 71' lang='lat' dir='ltr'><strong>assignat</strong></span> <span class='ocrx_word' id='word_1_529' title='bbox 1372 1190 1399 1213; x_wconf 86' lang='lat' dir='ltr'><strong>et</strong></span> <span class='ocrx_word' id='word_1_530' title='bbox 1414 1186 1522 1214; x_wconf 87' lang='lat' dir='ltr'><strong>tribuit.</strong></span> <span class='ocrx_word' id='word_1_531' title='bbox 1537 1186 1582 1214; x_wconf 82' lang='lat' dir='ltr'><strong>Ait</strong></span> <span class='ocrx_word' id='word_1_532' title='bbox 1596 1187 1669 1214; x_wconf 90' lang='lat' dir='ltr'><strong>cnim</strong></span> <span class='ocrx_word' id='word_1_533' title='bbox 1683 1195 1689 1212; x_wconf 86' lang='lat'><strong>:</strong></span> <span class='ocrx_word' id='word_1_534' title='bbox 1706 1196 1714 1212; x_wconf 80' lang='grc' dir='ltr'><strong>ι</strong></span> <span class='ocrx_word' id='word_1_535' title='bbox 1733 1186 1786 1213; x_wconf 87' lang='lat' dir='ltr'><strong>De-</strong></span> 
     </span>
    </p>
   </div>
   <div class='ocr_carea' id='block_1_69' title="bbox 998 1231 1786 1268">
    <p class='ocr_par' dir='ltr' id='par_1_69' title="bbox 998 1231 1786 1268">
     <span class='ocr_line' id='line_1_69' title="bbox 998 1231 1786 1268; baseline 0.003 -10"><span class='ocrx_word' id='word_1_536' title='bbox 998 1231 1170 1259; x_wconf 87' lang='lat' dir='ltr'><strong>clinavernnt</strong></span> <span class='ocrx_word' id='word_1_537' title='bbox 1196 1232 1341 1259; x_wconf 80' lang='lat' dir='ltr'><strong>confestim</strong></span> <span class='ocrx_word' id='word_1_538' title='bbox 1366 1232 1400 1260; x_wconf 86' lang='lat' dir='ltr'><strong>de</strong></span> <span class='ocrx_word' id='word_1_539' title='bbox 1419 1233 1473 1264; x_wconf 86' lang='lat' dir='ltr'><strong>via,</strong></span> <span class='ocrx_word' id='word_1_540' title='bbox 1500 1241 1582 1268; x_wconf 88' lang='lat' dir='ltr'><strong>quam</strong></span> <span class='ocrx_word' id='word_1_541' title='bbox 1605 1237 1634 1260; x_wconf 86' lang='lat' dir='ltr'><strong>tu</strong></span> <span class='ocrx_word' id='word_1_542' title='bbox 1652 1231 1786 1260; x_wconf 77' lang='lat' dir='ltr'><strong>mandasti</strong></span> 
     </span>
    </p>
   </div>
   <div class='ocr_carea' id='block_1_70' title="bbox 997 1278 1787 1314">
    <p class='ocr_par' dir='ltr' id='par_1_70' title="bbox 997 1278 1787 1314">
     <span class='ocr_line' id='line_1_70' title="bbox 997 1278 1787 1314; baseline 0.001 -9"><span class='ocrx_word' id='word_1_543' title='bbox 997 1279 1039 1306; x_wconf 85' lang='lat' dir='ltr'><strong>eis</strong></span> <span class='ocrx_word' id='word_1_544' title='bbox 1051 1279 1083 1306; x_wconf 79' lang='grc'><strong>⁸⁸.</strong></span> <span class='ocrx_word' id='word_1_545' title='bbox 1103 1288 1111 1304; x_wconf 73' lang='grc' dir='ltr'><strong>ι</strong></span> <span class='ocrx_word' id='word_1_546' title='bbox 1125 1278 1194 1305; x_wconf 88' lang='lat' dir='ltr'><strong>llinc</strong></span> <span class='ocrx_word' id='word_1_547' title='bbox 1209 1283 1236 1305; x_wconf 87' lang='lat' dir='ltr'><strong>et</strong></span> <span class='ocrx_word' id='word_1_548' title='bbox 1247 1279 1374 1306; x_wconf 85' lang='lat' dir='ltr'><strong>Christus</strong></span> <span class='ocrx_word' id='word_1_549' title='bbox 1387 1279 1436 1311; x_wconf 80' lang='lat' dir='ltr'><strong>ait,</strong></span> <span class='ocrx_word' id='word_1_550' title='bbox 1447 1279 1568 1314; x_wconf 86' lang='lat' dir='ltr'><strong>judicem</strong></span> <span class='ocrx_word' id='word_1_551' title='bbox 1583 1280 1626 1311; x_wconf 90' lang='lat' dir='ltr'><strong>iis,</strong></span> <span class='ocrx_word' id='word_1_552' title='bbox 1644 1279 1691 1314; x_wconf 90' lang='lat' dir='ltr'><strong>qui</strong></span> <span class='ocrx_word' id='word_1_553' title='bbox 1701 1279 1787 1314; x_wconf 58' lang='lat' dir='ltr'><strong>atqui-</strong></span> 
     </span>
    </p>
   </div>
   <div class='ocr_carea' id='block_1_71' title="bbox 999 1324 1787 1359">
    <p class='ocr_par' dir='ltr' id='par_1_71' title="bbox 999 1324 1787 1359">
     <span class='ocr_line' id='line_1_71' title="bbox 999 1324 1787 1359; baseline 0 -7"><span class='ocrx_word' id='word_1_554' title='bbox 999 1329 1082 1352; x_wconf 89' lang='lat' dir='ltr'><strong>tatem</strong></span> <span class='ocrx_word' id='word_1_555' title='bbox 1109 1328 1302 1359; x_wconf 77' lang='lat' dir='ltr'><strong>aspernantur,</strong></span> <span class='ocrx_word' id='word_1_556' title='bbox 1324 1332 1356 1352; x_wconf 89' lang='lat' dir='ltr'><strong>ac</strong></span> <span class='ocrx_word' id='word_1_557' title='bbox 1378 1324 1502 1352; x_wconf 86' lang='lat' dir='ltr'><strong>ﬁetitiam</strong></span> <span class='ocrx_word' id='word_1_558' title='bbox 1525 1324 1668 1351; x_wconf 83' lang='lat' dir='ltr'><strong>veritatem</strong></span> <span class='ocrx_word' id='word_1_559' title='bbox 1686 1332 1742 1359; x_wconf 65' lang='lat' dir='ltr'><strong>pra:</strong></span> <span class='ocrx_word' id='word_1_560' title='bbox 1758 1331 1787 1352; x_wconf 86' lang='lat' dir='ltr'><strong>se</strong></span> 
     </span>
    </p>
   </div>
   <div class='ocr_carea' id='block_1_72' title="bbox 998 1369 1786 1404">
    <p class='ocr_par' dir='ltr' id='par_1_72' title="bbox 998 1369 1786 1404">
     <span class='ocr_line' id='line_1_72' title="bbox 998 1369 1786 1404; baseline 0 -8"><span class='ocrx_word' id='word_1_561' title='bbox 998 1369 1100 1400; x_wconf 80' lang='lat' dir='ltr'><strong>ferunt,</strong></span> <span class='ocrx_word' id='word_1_562' title='bbox 1115 1374 1142 1397; x_wconf 86' lang='lat' dir='ltr'><strong>ct</strong></span> <span class='ocrx_word' id='word_1_563' title='bbox 1155 1369 1188 1396; x_wconf 88' lang='lat' dir='ltr'><strong>de</strong></span> <span class='ocrx_word' id='word_1_564' title='bbox 1203 1369 1282 1396; x_wconf 88' lang='lat' dir='ltr'><strong>bonis</strong></span> <span class='ocrx_word' id='word_1_565' title='bbox 1298 1369 1429 1404; x_wconf 86' lang='lat' dir='ltr'><strong>operibus</strong></span> <span class='ocrx_word' id='word_1_566' title='bbox 1440 1369 1602 1404; x_wconf 69' lang='lat' dir='ltr'><strong>prmstandis</strong></span> <span class='ocrx_word' id='word_1_567' title='bbox 1615 1377 1711 1404; x_wconf 82' lang='lat' dir='ltr'><strong>parum</strong></span> <span class='ocrx_word' id='word_1_568' title='bbox 1723 1373 1786 1397; x_wconf 84' lang='lat' dir='ltr'><strong>sunt</strong></span> 
     </span>
    </p>
   </div>
   <div class='ocr_carea' id='block_1_73' title="bbox 997 1413 1786 1447">
    <p class='ocr_par' dir='ltr' id='par_1_73' title="bbox 997 1413 1786 1447">
     <span class='ocr_line' id='line_1_73' title="bbox 997 1413 1786 1447; baseline -0.001 -4"><span class='ocrx_word' id='word_1_569' title='bbox 997 1415 1120 1447; x_wconf 82' lang='lat' dir='ltr'><strong>solliciti,</strong></span> <span class='ocrx_word' id='word_1_570' title='bbox 1138 1415 1300 1442; x_wconf 81' lang='lat' dir='ltr'><strong>adtribunal</strong></span> <span class='ocrx_word' id='word_1_571' title='bbox 1318 1413 1513 1442; x_wconf 75' lang='lat' dir='ltr'><strong>Deidiéturum</strong></span> <span class='ocrx_word' id='word_1_572' title='bbox 1525 1423 1585 1442; x_wconf 91' lang='lat' dir='ltr'><strong>esse</strong></span> <span class='ocrx_word' id='word_1_573' title='bbox 1601 1424 1606 1441; x_wconf 85' lang='lat'><strong>:</strong></span> <span class='ocrx_word' id='word_1_574' title='bbox 1626 1425 1634 1440; x_wconf 82' lang='grc' dir='ltr'><strong>ι</strong></span> <span class='ocrx_word' id='word_1_575' title='bbox 1652 1414 1786 1442; x_wconf 84' lang='lat' dir='ltr'><strong>Discedite</strong></span> 
     </span>
    </p>
   </div>
   <div class='ocr_carea' id='block_1_74' title="bbox 998 1461 1783 1496">
    <p class='ocr_par' dir='ltr' id='par_1_74' title="bbox 998 1461 1783 1496">
     <span class='ocr_line' id='line_1_74' title="bbox 998 1461 1783 1496; baseline 0 -8"><span class='ocrx_word' id='word_1_576' title='bbox 998 1469 1014 1488; x_wconf 85' lang='lat' dir='ltr'><strong>a</strong></span> <span class='ocrx_word' id='word_1_577' title='bbox 1029 1469 1082 1493; x_wconf 82' lang='lat' dir='ltr'><strong>mc,</strong></span> <span class='ocrx_word' id='word_1_578' title='bbox 1095 1462 1141 1496; x_wconf 89' lang='lat' dir='ltr'><strong>qui</strong></span> <span class='ocrx_word' id='word_1_579' title='bbox 1159 1461 1310 1496; x_wconf 85' lang='lat' dir='ltr'><strong>operamini</strong></span> <span class='ocrx_word' id='word_1_580' title='bbox 1326 1461 1514 1496; x_wconf 74' lang='lat' dir='ltr'><strong>iniquitatem;</strong></span> <span class='ocrx_word' id='word_1_581' title='bbox 1529 1469 1582 1488; x_wconf 90' lang='lat' dir='ltr'><strong>non</strong></span> <span class='ocrx_word' id='word_1_582' title='bbox 1597 1463 1660 1488; x_wconf 93' lang='lat' dir='ltr'><strong>novi</strong></span> <span class='ocrx_word' id='word_1_583' title='bbox 1671 1469 1720 1488; x_wconf 91' lang='lat' dir='ltr'><strong>vos</strong></span> <span class='ocrx_word' id='word_1_584' title='bbox 1729 1462 1761 1488; x_wconf 81' lang='lat'><strong>”.</strong></span> <span class='ocrx_word' id='word_1_585' title='bbox 1775 1471 1783 1487; x_wconf 73' lang='grc' dir='ltr'><strong>ι</strong></span> 
     </span>
    </p>
   </div>
   <div class='ocr_carea' id='block_1_75' title="bbox 998 1507 1786 1543">
    <p class='ocr_par' dir='ltr' id='par_1_75' title="bbox 998 1507 1786 1543">
     <span class='ocr_line' id='line_1_75' title="bbox 998 1507 1786 1543; baseline 0.001 -9"><span class='ocrx_word' id='word_1_586' title='bbox 998 1507 1054 1534; x_wconf 88' lang='lat' dir='ltr'><strong>Deo</strong></span> <span class='ocrx_word' id='word_1_587' title='bbox 1068 1507 1150 1543; x_wconf 82' lang='lat' dir='ltr'><strong>igitur</strong></span> <span class='ocrx_word' id='word_1_588' title='bbox 1167 1507 1222 1535; x_wconf 84' lang='lat' dir='ltr'><strong>noti</strong></span> <span class='ocrx_word' id='word_1_589' title='bbox 1246 1511 1320 1539; x_wconf 88' lang='lat' dir='ltr'><strong>sunt,</strong></span> <span class='ocrx_word' id='word_1_590' title='bbox 1335 1515 1472 1542; x_wconf 81' lang='lat' dir='ltr'><strong>verosque</strong></span> <span class='ocrx_word' id='word_1_591' title='bbox 1490 1507 1576 1542; x_wconf 89' lang='lat' dir='ltr'><strong>ipsius</strong></span> <span class='ocrx_word' id='word_1_592' title='bbox 1592 1515 1624 1533; x_wconf 75' lang='lat' dir='ltr'><strong>ac</strong></span> <span class='ocrx_word' id='word_1_593' title='bbox 1639 1507 1786 1541; x_wconf 78' lang='lat' dir='ltr'><strong>peculiaris</strong></span> 
     </span>
    </p>
   </div>
   <div class='ocr_carea' id='block_1_76' title="bbox 997 1552 1786 1589">
    <p class='ocr_par' dir='ltr' id='par_1_76' title="bbox 997 1552 1786 1589">
     <span class='ocr_line' id='line_1_76' title="bbox 997 1552 1786 1589; baseline 0 -9"><span class='ocrx_word' id='word_1_594' title='bbox 997 1553 1132 1589; x_wconf 87' lang='lat' dir='ltr'><strong>populus,</strong></span> <span class='ocrx_word' id='word_1_595' title='bbox 1150 1553 1196 1588; x_wconf 89' lang='lat' dir='ltr'><strong>qui</strong></span> <span class='ocrx_word' id='word_1_596' title='bbox 1209 1553 1346 1581; x_wconf 88' lang='lat' dir='ltr'><strong>indivnlsa</strong></span> <span class='ocrx_word' id='word_1_597' title='bbox 1357 1554 1384 1580; x_wconf 93' lang='lat' dir='ltr'><strong>in</strong></span> <span class='ocrx_word' id='word_1_598' title='bbox 1396 1553 1485 1588; x_wconf 87' lang='lat' dir='ltr'><strong>ipsum</strong></span> <span class='ocrx_word' id='word_1_599' title='bbox 1496 1552 1643 1580; x_wconf 86' lang='lat' dir='ltr'><strong>dilectione</strong></span> <span class='ocrx_word' id='word_1_600' title='bbox 1661 1553 1786 1589; x_wconf 77' lang='lat' dir='ltr'><strong>flagrant,</strong></span> 
     </span>
    </p>
   </div>
   <div class='ocr_carea' id='block_1_77' title="bbox 998 1599 1786 1634">
    <p class='ocr_par' dir='ltr' id='par_1_77' title="bbox 998 1599 1786 1634">
     <span class='ocr_line' id='line_1_77' title="bbox 998 1599 1786 1634; baseline -0.001 -7"><span class='ocrx_word' id='word_1_601' title='bbox 998 1601 1174 1627; x_wconf 90' lang='lat' dir='ltr'><strong>etsincerum</strong></span> <span class='ocrx_word' id='word_1_602' title='bbox 1190 1600 1252 1627; x_wconf 84' lang='lat' dir='ltr'><strong>fidei</strong></span> <span class='ocrx_word' id='word_1_603' title='bbox 1263 1599 1409 1628; x_wconf 86' lang='lat' dir='ltr'><strong>candorem</strong></span> <span class='ocrx_word' id='word_1_604' title='bbox 1424 1604 1547 1632; x_wconf 86' lang='lat' dir='ltr'><strong>tuentur,</strong></span> <span class='ocrx_word' id='word_1_605' title='bbox 1565 1603 1646 1634; x_wconf 86' lang='lat' dir='ltr'><strong>atque</strong></span> <span class='ocrx_word' id='word_1_606' title='bbox 1658 1599 1692 1626; x_wconf 90' lang='lat' dir='ltr'><strong>ad</strong></span> <span class='ocrx_word' id='word_1_607' title='bbox 1706 1607 1786 1626; x_wconf 83' lang='lat' dir='ltr'><strong>omne</strong></span> 
     </span>
    </p>
   </div>
   <div class='ocr_carea' id='block_1_78' title="bbox 999 1645 1786 1680">
    <p class='ocr_par' dir='ltr' id='par_1_78' title="bbox 999 1645 1786 1680">
     <span class='ocr_line' id='line_1_78' title="bbox 999 1645 1786 1680; baseline 0 -8"><span class='ocrx_word' id='word_1_608' title='bbox 999 1654 1068 1680; x_wconf 88' lang='lat' dir='ltr'><strong>opus</strong></span> <span class='ocrx_word' id='word_1_609' title='bbox 1085 1646 1187 1673; x_wconf 90' lang='lat' dir='ltr'><strong>bonum</strong></span> <span class='ocrx_word' id='word_1_610' title='bbox 1203 1646 1356 1673; x_wconf 84' lang='lat' dir='ltr'><strong>confirmati</strong></span> <span class='ocrx_word' id='word_1_611' title='bbox 1373 1650 1447 1678; x_wconf 87' lang='lat' dir='ltr'><strong>sunt,</strong></span> <span class='ocrx_word' id='word_1_612' title='bbox 1467 1646 1640 1680; x_wconf 81' lang='lat' dir='ltr'><strong>levitatisque</strong></span> <span class='ocrx_word' id='word_1_613' title='bbox 1651 1649 1679 1672; x_wconf 86' lang='lat' dir='ltr'><strong>et</strong></span> <span class='ocrx_word' id='word_1_614' title='bbox 1690 1645 1786 1672; x_wconf 86' lang='lat' dir='ltr'><strong>incon—</strong></span> 
     </span>
    </p>
   </div>
   <div class='ocr_carea' id='block_1_79' title="bbox 999 1690 1786 1727">
    <p class='ocr_par' dir='ltr' id='par_1_79' title="bbox 999 1690 1786 1727">
     <span class='ocr_line' id='line_1_79' title="bbox 999 1690 1786 1727; baseline -0.001 -8"><span class='ocrx_word' id='word_1_615' title='bbox 999 1692 1105 1719; x_wconf 71' lang='lat' dir='ltr'><strong>stantim</strong></span> <span class='ocrx_word' id='word_1_616' title='bbox 1116 1692 1219 1719; x_wconf 82' lang='lat' dir='ltr'><strong>crimen</strong></span> <span class='ocrx_word' id='word_1_617' title='bbox 1235 1692 1391 1727; x_wconf 89' lang='lat' dir='ltr'><strong>promiscue</strong></span> <span class='ocrx_word' id='word_1_618' title='bbox 1409 1701 1423 1718; x_wconf 86' lang='lat' dir='ltr'><strong>a</strong></span> <span class='ocrx_word' id='word_1_619' title='bbox 1443 1700 1471 1719; x_wconf 91' lang='lat' dir='ltr'><strong>se</strong></span> <span class='ocrx_word' id='word_1_620' title='bbox 1485 1691 1632 1726; x_wconf 83' lang='lat' dir='ltr'><strong>repellunt.</strong></span> <span class='ocrx_word' id='word_1_621' title='bbox 1652 1690 1786 1718; x_wconf 67' lang='lat' dir='ltr'><strong>Caeterum</strong></span> 
     </span>
    </p>
   </div>
   <div class='ocr_carea' id='block_1_80' title="bbox 999 1737 1786 1772">
    <p class='ocr_par' dir='ltr' id='par_1_80' title="bbox 999 1737 1786 1772">
     <span class='ocr_line' id='line_1_80' title="bbox 999 1737 1786 1772; baseline -0.001 -7"><span class='ocrx_word' id='word_1_622' title='bbox 999 1738 1088 1765; x_wconf 87' lang='lat' dir='ltr'><strong>Moses</strong></span> <span class='ocrx_word' id='word_1_623' title='bbox 1105 1738 1217 1770; x_wconf 84' lang='lat' dir='ltr'><strong>orabat,</strong></span> <span class='ocrx_word' id='word_1_624' title='bbox 1244 1743 1272 1765; x_wconf 92' lang='lat' dir='ltr'><strong>et</strong></span> <span class='ocrx_word' id='word_1_625' title='bbox 1292 1738 1362 1765; x_wconf 86' lang='lat' dir='ltr'><strong>iram</strong></span> <span class='ocrx_word' id='word_1_626' title='bbox 1374 1746 1435 1772; x_wconf 69' lang='lat' dir='ltr'><strong>qum</strong></span> <span class='ocrx_word' id='word_1_627' title='bbox 1459 1737 1485 1764; x_wconf 91' lang='lat' dir='ltr'><strong>in</strong></span> <span class='ocrx_word' id='word_1_628' title='bbox 1503 1745 1600 1765; x_wconf 83' lang='lat' dir='ltr'><strong>omnes</strong></span> <span class='ocrx_word' id='word_1_629' title='bbox 1623 1742 1763 1764; x_wconf 78' lang='lat' dir='ltr'><strong>exarserat</strong></span> <span class='ocrx_word' id='word_1_630' title='bbox 1778 1757 1786 1770; x_wconf 84' lang='lat'><strong>,</strong></span> 
     </span>
    </p>
   </div>
   <div class='ocr_carea' id='block_1_81' title="bbox 998 1781 1786 1818">
    <p class='ocr_par' dir='ltr' id='par_1_81' title="bbox 998 1781 1786 1818">
     <span class='ocr_line' id='line_1_81' title="bbox 998 1781 1786 1818; baseline -0.003 -8"><span class='ocrx_word' id='word_1_631' title='bbox 998 1791 1124 1810; x_wconf 86' lang='lat' dir='ltr'><strong>amovere</strong></span> <span class='ocrx_word' id='word_1_632' title='bbox 1142 1782 1278 1810; x_wconf 88' lang='lat' dir='ltr'><strong>studebat.</strong></span> <span class='ocrx_word' id='word_1_633' title='bbox 1292 1782 1442 1818; x_wconf 86' lang='lat' dir='ltr'><strong>Oportebat</strong></span> <span class='ocrx_word' id='word_1_634' title='bbox 1455 1781 1528 1809; x_wconf 89' lang='lat' dir='ltr'><strong>enim</strong></span> <span class='ocrx_word' id='word_1_635' title='bbox 1538 1802 1545 1813; x_wconf 88' lang='lat'><strong>,</strong></span> <span class='ocrx_word' id='word_1_636' title='bbox 1562 1782 1717 1816; x_wconf 84' lang='lat' dir='ltr'><strong>oportebat,</strong></span> <span class='ocrx_word' id='word_1_637' title='bbox 1744 1781 1786 1808; x_wconf 85' lang='lat' dir='ltr'><strong>in—</strong></span> 
     </span>
    </p>
   </div>
   <div class='ocr_carea' id='block_1_82' title="bbox 998 1827 1786 1864">
    <p class='ocr_par' dir='ltr' id='par_1_82' title="bbox 998 1827 1786 1864">
     <span class='ocr_line' id='line_1_82' title="bbox 998 1827 1786 1864; baseline -0.003 -8"><span class='ocrx_word' id='word_1_638' title='bbox 998 1837 1080 1864; x_wconf 88' lang='lat' dir='ltr'><strong>quam</strong></span> <span class='ocrx_word' id='word_1_639' title='bbox 1094 1849 1100 1861; x_wconf 86' lang='lat'><strong>,</strong></span> <span class='ocrx_word' id='word_1_640' title='bbox 1125 1829 1207 1856; x_wconf 90' lang='lat' dir='ltr'><strong>etiam</strong></span> <span class='ocrx_word' id='word_1_641' title='bbox 1225 1829 1300 1856; x_wconf 90' lang='lat' dir='ltr'><strong>hunc</strong></span> <span class='ocrx_word' id='word_1_642' title='bbox 1324 1828 1502 1855; x_wconf 88' lang='lat' dir='ltr'><strong>mediatorem</strong></span> <span class='ocrx_word' id='word_1_643' title='bbox 1524 1828 1625 1854; x_wconf 83' lang='lat' dir='ltr'><strong>imitari</strong></span> <span class='ocrx_word' id='word_1_644' title='bbox 1647 1827 1786 1854; x_wconf 85' lang='lat' dir='ltr'><strong>Christum</strong></span> 
     </span>
    </p>
   </div>
   <div class='ocr_carea' id='block_1_83' title="bbox 998 1873 1786 1908">
    <p class='ocr_par' dir='ltr' id='par_1_83' title="bbox 998 1873 1786 1908">
     <span class='ocr_line' id='line_1_83' title="bbox 998 1873 1786 1908; baseline -0.001 -7"><span class='ocrx_word' id='word_1_645' title='bbox 998 1882 1095 1901; x_wconf 93' lang='lat' dir='ltr'><strong>verum</strong></span> <span class='ocrx_word' id='word_1_646' title='bbox 1114 1874 1303 1905; x_wconf 88' lang='lat' dir='ltr'><strong>mediatorem,</strong></span> <span class='ocrx_word' id='word_1_647' title='bbox 1318 1874 1364 1908; x_wconf 92' lang='lat' dir='ltr'><strong>qui</strong></span> <span class='ocrx_word' id='word_1_648' title='bbox 1378 1873 1445 1900; x_wconf 90' lang='lat' dir='ltr'><strong>iram</strong></span> <span class='ocrx_word' id='word_1_649' title='bbox 1461 1873 1572 1901; x_wconf 60' lang='lat' dir='ltr'><strong>coalitus</strong></span> <span class='ocrx_word' id='word_1_650' title='bbox 1584 1873 1665 1900; x_wconf 85' lang='lat' dir='ltr'><strong>nobis</strong></span> <span class='ocrx_word' id='word_1_651' title='bbox 1680 1873 1786 1908; x_wconf 70' lang='lat' dir='ltr'><strong>impcn~</strong></span> 
     </span>
    </p>
   </div>
   <div class='ocr_carea' id='block_1_84' title="bbox 998 1919 1786 1955">
    <p class='ocr_par' dir='ltr' id='par_1_84' title="bbox 998 1919 1786 1955">
     <span class='ocr_line' id='line_1_84' title="bbox 998 1919 1786 1955; baseline -0.001 -8"><span class='ocrx_word' id='word_1_652' title='bbox 998 1920 1107 1947; x_wconf 81' lang='lat' dir='ltr'><strong>dentem</strong></span> <span class='ocrx_word' id='word_1_653' title='bbox 1125 1924 1237 1955; x_wconf 86' lang='lat' dir='ltr'><strong>propter</strong></span> <span class='ocrx_word' id='word_1_654' title='bbox 1256 1919 1398 1953; x_wconf 81' lang='lat' dir='ltr'><strong>multiplex</strong></span> <span class='ocrx_word' id='word_1_655' title='bbox 1422 1923 1565 1953; x_wconf 87' lang='lat' dir='ltr'><strong>peccatum</strong></span> <span class='ocrx_word' id='word_1_656' title='bbox 1577 1938 1584 1950; x_wconf 90' lang='lat'><strong>,</strong></span> <span class='ocrx_word' id='word_1_657' title='bbox 1607 1922 1684 1945; x_wconf 86' lang='lat' dir='ltr'><strong>arcet</strong></span> <span class='ocrx_word' id='word_1_658' title='bbox 1704 1923 1786 1953; x_wconf 82' lang='lat' dir='ltr'><strong>atque</strong></span> 
     </span>
    </p>
   </div>
   <div class='ocr_carea' id='block_1_85' title="bbox 998 1964 1786 2001">
    <p class='ocr_par' dir='ltr' id='par_1_85' title="bbox 998 1964 1786 2001">
     <span class='ocr_line' id='line_1_85' title="bbox 998 1964 1786 2001; baseline -0.001 -9"><span class='ocrx_word' id='word_1_659' title='bbox 998 1967 1150 2001; x_wconf 83' lang='lat' dir='ltr'><strong>propulsat,</strong></span> <span class='ocrx_word' id='word_1_660' title='bbox 1166 1972 1294 2000; x_wconf 84' lang='lat' dir='ltr'><strong>tanquam</strong></span> <span class='ocrx_word' id='word_1_661' title='bbox 1309 1965 1405 1996; x_wconf 89' lang='lat' dir='ltr'><strong>Filius,</strong></span> <span class='ocrx_word' id='word_1_662' title='bbox 1424 1972 1487 1992; x_wconf 91' lang='lat' dir='ltr'><strong>cum</strong></span> <span class='ocrx_word' id='word_1_663' title='bbox 1500 1964 1534 1991; x_wconf 86' lang='lat' dir='ltr'><strong>iis</strong></span> <span class='ocrx_word' id='word_1_664' title='bbox 1549 1964 1595 1998; x_wconf 89' lang='lat' dir='ltr'><strong>qui</strong></span> <span class='ocrx_word' id='word_1_665' title='bbox 1607 1969 1786 1999; x_wconf 85' lang='lat' dir='ltr'><strong>peccaverant</strong></span> 
     </span>
    </p>
   </div>
   <div class='ocr_carea' id='block_1_86' title="bbox 997 2009 1786 2046">
    <p class='ocr_par' dir='ltr' id='par_1_86' title="bbox 997 2009 1786 2046">
     <span class='ocr_line' id='line_1_86' title="bbox 997 2009 1786 2046; baseline 0 -9"><span class='ocrx_word' id='word_1_666' title='bbox 997 2010 1166 2045; x_wconf 80' lang='lat' dir='ltr'><strong>gratiﬁcetur</strong></span> <span class='ocrx_word' id='word_1_667' title='bbox 1177 2010 1401 2046; x_wconf 86' lang='lat' dir='ltr'><strong>justillcationem</strong></span> <span class='ocrx_word' id='word_1_668' title='bbox 1414 2009 1441 2035; x_wconf 92' lang='lat' dir='ltr'><strong>in</strong></span> <span class='ocrx_word' id='word_1_669' title='bbox 1451 2009 1512 2036; x_wconf 88' lang='lat' dir='ltr'><strong>fide.</strong></span> <span class='ocrx_word' id='word_1_670' title='bbox 1526 2009 1597 2044; x_wconf 85' lang='lat' dir='ltr'><strong>Ergo</strong></span> <span class='ocrx_word' id='word_1_671' title='bbox 1606 2009 1688 2036; x_wconf 90' lang='lat' dir='ltr'><strong>etiam</strong></span> <span class='ocrx_word' id='word_1_672' title='bbox 1698 2009 1724 2036; x_wconf 94' lang='lat' dir='ltr'><strong>in</strong></span> <span class='ocrx_word' id='word_1_673' title='bbox 1735 2009 1786 2037; x_wconf 91' lang='lat' dir='ltr'><strong>hoc</strong></span> 
     </span>
    </p>
   </div>
   <div class='ocr_carea' id='block_1_87' title="bbox 997 2055 1785 2091">
    <p class='ocr_par' dir='ltr' id='par_1_87' title="bbox 997 2055 1785 2091">
     <span class='ocr_line' id='line_1_87' title="bbox 997 2055 1785 2091; baseline 0 -9"><span class='ocrx_word' id='word_1_674' title='bbox 997 2056 1094 2083; x_wconf 84' lang='lat' dir='ltr'><strong>rursus</strong></span> <span class='ocrx_word' id='word_1_675' title='bbox 1105 2056 1215 2083; x_wconf 85' lang='lat' dir='ltr'><strong>divinus</strong></span> <span class='ocrx_word' id='word_1_676' title='bbox 1230 2055 1328 2088; x_wconf 80' lang='lat' dir='ltr'><strong>Moses,</strong></span> <span class='ocrx_word' id='word_1_677' title='bbox 1339 2055 1402 2091; x_wconf 88' lang='lat' dir='ltr'><strong>quia</strong></span> <span class='ocrx_word' id='word_1_678' title='bbox 1411 2056 1468 2083; x_wconf 91' lang='lat' dir='ltr'><strong>suis</strong></span> <span class='ocrx_word' id='word_1_679' title='bbox 1479 2055 1608 2090; x_wconf 89' lang='lat' dir='ltr'><strong>precibus</strong></span> <span class='ocrx_word' id='word_1_680' title='bbox 1621 2055 1666 2082; x_wconf 62' lang='lat' dir='ltr'><strong>ira!</strong></span> <span class='ocrx_word' id='word_1_681' title='bbox 1682 2055 1785 2082; x_wconf 87' lang='lat' dir='ltr'><strong>severi-</strong></span> 
     </span>
    </p>
   </div>
   <div class='ocr_carea' id='block_1_88' title="bbox 998 2101 1786 2137">
    <p class='ocr_par' dir='ltr' id='par_1_88' title="bbox 998 2101 1786 2137">
     <span class='ocr_line' id='line_1_88' title="bbox 998 2101 1786 2137; baseline 0 -9"><span class='ocrx_word' id='word_1_682' title='bbox 998 2105 1079 2128; x_wconf 85' lang='lat' dir='ltr'><strong>tatem</strong></span> <span class='ocrx_word' id='word_1_683' title='bbox 1092 2101 1236 2136; x_wconf 82' lang='lat' dir='ltr'><strong>mitigavit,</strong></span> <span class='ocrx_word' id='word_1_684' title='bbox 1250 2105 1330 2137; x_wconf 76' lang='lat' dir='ltr'><strong>typus</strong></span> <span class='ocrx_word' id='word_1_685' title='bbox 1342 2105 1383 2128; x_wconf 91' lang='lat' dir='ltr'><strong>est</strong></span> <span class='ocrx_word' id='word_1_686' title='bbox 1400 2101 1648 2133; x_wconf 83' lang='lat' dir='ltr'><strong>reconciliationis,</strong></span> <span class='ocrx_word' id='word_1_687' title='bbox 1662 2109 1723 2135; x_wconf 76' lang='lat' dir='ltr'><strong>qua:</strong></span> <span class='ocrx_word' id='word_1_688' title='bbox 1737 2108 1786 2136; x_wconf 84' lang='lat' dir='ltr'><strong>per</strong></span> 
     </span>
    </p>
   </div>
   <div class='ocr_carea' id='block_1_89' title="bbox 996 2147 1786 2183">
    <p class='ocr_par' dir='ltr' id='par_1_89' title="bbox 996 2147 1786 2183">
     <span class='ocr_line' id='line_1_89' title="bbox 996 2147 1786 2183; baseline 0.001 -9"><span class='ocrx_word' id='word_1_689' title='bbox 996 2147 1137 2174; x_wconf 86' lang='lat' dir='ltr'><strong>Christum</strong></span> <span class='ocrx_word' id='word_1_690' title='bbox 1169 2147 1312 2183; x_wconf 79' lang='lat' dir='ltr'><strong>contingit.</strong></span> <span class='ocrx_word' id='word_1_691' title='bbox 1341 2147 1444 2175; x_wconf 85' lang='lat' dir='ltr'><strong>Deinde</strong></span> <span class='ocrx_word' id='word_1_692' title='bbox 1481 2155 1546 2175; x_wconf 85' lang='lat' dir='ltr'><strong>vero</strong></span> <span class='ocrx_word' id='word_1_693' title='bbox 1576 2147 1722 2174; x_wconf 79' lang='lat' dir='ltr'><strong>descendit</strong></span> <span class='ocrx_word' id='word_1_694' title='bbox 1752 2148 1786 2175; x_wconf 81' lang='lat' dir='ltr'><strong>de</strong></span> 
     </span>
    </p>
   </div>
   <div class='ocr_carea' id='block_1_90' title="bbox 997 2192 1785 2225">
    <p class='ocr_par' dir='ltr' id='par_1_90' title="bbox 997 2192 1785 2225">
     <span class='ocr_line' id='line_1_90' title="bbox 997 2192 1785 2225; baseline 0 -5"><span class='ocrx_word' id='word_1_695' title='bbox 997 2196 1109 2225; x_wconf 87' lang='lat' dir='ltr'><strong>monte;</strong></span> <span class='ocrx_word' id='word_1_696' title='bbox 1126 2192 1173 2219; x_wconf 93' lang='lat' dir='ltr'><strong>ubi</strong></span> <span class='ocrx_word' id='word_1_697' title='bbox 1191 2197 1283 2220; x_wconf 87' lang='lat' dir='ltr'><strong>autem</strong></span> <span class='ocrx_word' id='word_1_698' title='bbox 1298 2193 1403 2220; x_wconf 88' lang='lat' dir='ltr'><strong>audivit</strong></span> <span class='ocrx_word' id='word_1_699' title='bbox 1429 2193 1560 2220; x_wconf 83' lang='lat' dir='ltr'><strong>saltantes</strong></span> <span class='ocrx_word' id='word_1_700' title='bbox 1571 2212 1578 2225; x_wconf 81' lang='lat'><strong>,</strong></span> <span class='ocrx_word' id='word_1_701' title='bbox 1605 2197 1631 2220; x_wconf 88' lang='lat' dir='ltr'><strong>et</strong></span> <span class='ocrx_word' id='word_1_702' title='bbox 1645 2193 1785 2220; x_wconf 83' lang='lat' dir='ltr'><strong>ebriorum</strong></span> 
     </span>
    </p>
   </div>
   <div class='ocr_carea' id='block_1_91' title="bbox 997 2239 1785 2275">
    <p class='ocr_par' dir='ltr' id='par_1_91' title="bbox 997 2239 1785 2275">
     <span class='ocr_line' id='line_1_91' title="bbox 997 2239 1785 2275; baseline 0.003 -9"><span class='ocrx_word' id='word_1_703' title='bbox 997 2247 1079 2267; x_wconf 84' lang='lat' dir='ltr'><strong>voces</strong></span> <span class='ocrx_word' id='word_1_704' title='bbox 1094 2239 1209 2267; x_wconf 86' lang='lat' dir='ltr'><strong>auribus</strong></span> <span class='ocrx_word' id='word_1_705' title='bbox 1223 2239 1338 2275; x_wconf 89' lang='lat' dir='ltr'><strong>accepit,</strong></span> <span class='ocrx_word' id='word_1_706' title='bbox 1357 2240 1490 2275; x_wconf 80' lang='lat' dir='ltr'><strong>confregit</strong></span> <span class='ocrx_word' id='word_1_707' title='bbox 1510 2240 1627 2271; x_wconf 87' lang='lat' dir='ltr'><strong>tabulas,</strong></span> <span class='ocrx_word' id='word_1_708' title='bbox 1646 2240 1785 2275; x_wconf 82' lang='lat' dir='ltr'><strong>inquibus</strong></span> 
     </span>
    </p>
   </div>
   <div class='ocr_carea' id='block_1_92' title="bbox 160 2283 947 2327">
    <p class='ocr_par' dir='ltr' id='par_1_92' title="bbox 160 2290 946 2327">
     <span class='ocr_line' id='line_1_92' title="bbox 160 2290 946 2327; baseline 0.001 -10"><span class='ocrx_word' id='word_1_709' title='bbox 160 2299 202 2317; x_wconf 77' lang='grc' dir='ltr'><strong>ειν</strong></span> <span class='ocrx_word' id='word_1_710' title='bbox 211 2292 266 2323; x_wconf 80' lang='grc' dir='ltr'>τοῖς</span> <span class='ocrx_word' id='word_1_711' title='bbox 279 2291 453 2327; x_wconf 78' lang='grc' dir='ltr'>ἡμαρτηκόσι</span> <span class='ocrx_word' id='word_1_712' title='bbox 465 2291 646 2326; x_wconf 84' lang='grc' dir='ltr'>δωρούμενος.</span> <span class='ocrx_word' id='word_1_713' title='bbox 667 2291 757 2323; x_wconf 80' lang='grc' dir='ltr'>Τὺπος</span> <span class='ocrx_word' id='word_1_714' title='bbox 769 2290 815 2318; x_wconf 83' lang='grc' dir='ltr'>οὖν</span> <span class='ocrx_word' id='word_1_715' title='bbox 829 2292 882 2327; x_wconf 79' lang='grc' dir='ltr'>ἄρα</span> <span class='ocrx_word' id='word_1_716' title='bbox 898 2292 946 2326; x_wconf 83' lang='grc' dir='ltr'>τῆς</span> 
     </span>
    </p>
   </div>
   <div class='ocr_carea' id='block_1_93' title="bbox 997 2283 1785 2327">
    <p class='ocr_par' dir='ltr' id='par_1_93' title="bbox 1000 2285 1785 2320">
     <span class='ocr_line' id='line_1_93' title="bbox 1000 2285 1785 2320; baseline 0.001 -8"><span class='ocrx_word' id='word_1_717' title='bbox 1000 2286 1073 2320; x_wconf 83' lang='lat' dir='ltr'><strong>leges</strong></span> <span class='ocrx_word' id='word_1_718' title='bbox 1082 2290 1161 2313; x_wconf 88' lang='lat' dir='ltr'><strong>erant</strong></span> <span class='ocrx_word' id='word_1_719' title='bbox 1177 2285 1300 2320; x_wconf 68' lang='lat' dir='ltr'><strong>sculptaa,</strong></span> <span class='ocrx_word' id='word_1_720' title='bbox 1318 2293 1406 2320; x_wconf 91' lang='lat' dir='ltr'><strong>neque</strong></span> <span class='ocrx_word' id='word_1_721' title='bbox 1418 2286 1536 2320; x_wconf 90' lang='lat' dir='ltr'><strong>amplius</strong></span> <span class='ocrx_word' id='word_1_722' title='bbox 1550 2294 1597 2313; x_wconf 89' lang='lat' dir='ltr'><strong>eos</strong></span> <span class='ocrx_word' id='word_1_723' title='bbox 1613 2286 1785 2313; x_wconf 87' lang='lat' dir='ltr'><strong>institutione</strong></span> 
     </span>
    </p>
   </div>
   <div class='ocr_carea' id='block_1_94' title="bbox 160 2336 947 2372">
    <p class='ocr_par' dir='ltr' id='par_1_94' title="bbox 160 2336 947 2372">
     <span class='ocr_line' id='line_1_94' title="bbox 160 2336 947 2372; baseline 0 -9"><span class='ocrx_word' id='word_1_724' title='bbox 160 2337 202 2363; x_wconf 72' lang='grc' dir='ltr'>διὰ</span> <span class='ocrx_word' id='word_1_725' title='bbox 224 2336 342 2372; x_wconf 82' lang='grc' dir='ltr'>Χριστοῦ</span> <span class='ocrx_word' id='word_1_726' title='bbox 367 2336 515 2372; x_wconf 78' lang='grc' dir='ltr'>μεσιτείας,</span> <span class='ocrx_word' id='word_1_727' title='bbox 543 2336 684 2363; x_wconf 74' lang='grc' dir='ltr'>καὶτοῦτο</span> <span class='ocrx_word' id='word_1_728' title='bbox 707 2337 739 2372; x_wconf 86' lang='grc' dir='ltr'>δὴ</span> <span class='ocrx_word' id='word_1_729' title='bbox 759 2336 849 2364; x_wconf 86' lang='grc' dir='ltr'>πάλιν.</span> <span class='ocrx_word' id='word_1_730' title='bbox 864 2337 919 2363; x_wconf 75' lang='grc' dir='ltr'><strong>Καὶ</strong></span> <span class='ocrx_word' id='word_1_731' title='bbox 933 2338 947 2363; x_wconf 84' lang='grc' dir='ltr'><strong>ὸ</strong></span> 
     </span>
    </p>
   </div>
   <div class='ocr_carea' id='block_1_95' title="bbox 161 2381 948 2419">
    <p class='ocr_par' dir='ltr' id='par_1_95' title="bbox 161 2381 948 2419">
     <span class='ocr_line' id='line_1_95' title="bbox 161 2381 948 2419; baseline 0.003 -11"><span class='ocrx_word' id='word_1_732' title='bbox 161 2382 210 2416; x_wconf 79' lang='grc' dir='ltr'>μὲν</span> <span class='ocrx_word' id='word_1_733' title='bbox 227 2381 369 2414; x_wconf 74' lang='grc' dir='ltr'>θεσπέσιος</span> <span class='ocrx_word' id='word_1_734' title='bbox 389 2382 492 2418; x_wconf 77' lang='grc' dir='ltr'>Μωσῆς</span> <span class='ocrx_word' id='word_1_735' title='bbox 508 2383 568 2414; x_wconf 87' lang='grc' dir='ltr'>ταῖς</span> <span class='ocrx_word' id='word_1_736' title='bbox 584 2383 700 2414; x_wconf 82' lang='grc' dir='ltr'>ἱκεσίαις</span> <span class='ocrx_word' id='word_1_737' title='bbox 716 2384 822 2419; x_wconf 80' lang='grc' dir='ltr'>ἀποστᾷ</span> <span class='ocrx_word' id='word_1_738' title='bbox 841 2384 870 2410; x_wconf 82' lang='grc' dir='ltr'>τὸ</span> <span class='ocrx_word' id='word_1_739' title='bbox 884 2383 948 2410; x_wconf 85' lang='grc' dir='ltr'>ἀπό-</span> 
     </span>
    </p>
   </div>
   <div class='ocr_carea' id='block_1_96' title="bbox 158 2427 947 2467">
    <p class='ocr_par' dir='ltr' id='par_1_96' title="bbox 158 2427 947 2467">
     <span class='ocr_line' id='line_1_96' title="bbox 158 2427 947 2467; baseline 0.004 -13"><span class='ocrx_word' id='word_1_740' title='bbox 158 2437 240 2464; x_wconf 81' lang='grc' dir='ltr'>τομον</span> <span class='ocrx_word' id='word_1_741' title='bbox 250 2429 299 2464; x_wconf 82' lang='grc' dir='ltr'>τῆς</span> <span class='ocrx_word' id='word_1_742' title='bbox 307 2429 390 2465; x_wconf 78' lang='grc' dir='ltr'>ὀργῆς</span> <span class='ocrx_word' id='word_1_743' title='bbox 400 2438 407 2444; x_wconf 88' lang='grc'><strong>·</strong></span> <span class='ocrx_word' id='word_1_744' title='bbox 419 2427 477 2456; x_wconf 78' lang='grc' dir='ltr'>εἶτα</span> <span class='ocrx_word' id='word_1_745' title='bbox 489 2429 612 2456; x_wconf 77' lang='grc' dir='ltr'>κάτεισιν</span> <span class='ocrx_word' id='word_1_746' title='bbox 623 2431 654 2457; x_wconf 79' lang='grc' dir='ltr'>ὲκ</span> <span class='ocrx_word' id='word_1_747' title='bbox 665 2429 711 2456; x_wconf 85' lang='grc' dir='ltr'><strong>τοῦ</strong></span> <span class='ocrx_word' id='word_1_748' title='bbox 719 2430 798 2466; x_wconf 74' lang='grc' dir='ltr'>ὅρους</span> <span class='ocrx_word' id='word_1_749' title='bbox 810 2451 818 2459; x_wconf 93' lang='grc'>.</span> <span class='ocrx_word' id='word_1_750' title='bbox 837 2430 947 2467; x_wconf 80' lang='grc' dir='ltr'>Ἐπειδὴ</span> 
     </span>
    </p>
   </div>
   <div class='ocr_carea' id='block_1_97' title="bbox 158 2474 947 2511">
    <p class='ocr_par' dir='ltr' id='par_1_97' title="bbox 158 2474 947 2511">
     <span class='ocr_line' id='line_1_97' title="bbox 158 2474 947 2511; baseline 0.005 -11"><span class='ocrx_word' id='word_1_751' title='bbox 158 2474 185 2501; x_wconf 75' lang='grc' dir='ltr'>δὲ</span> <span class='ocrx_word' id='word_1_752' title='bbox 197 2475 364 2510; x_wconf 76' lang='grc' dir='ltr'>χορευόντων</span> <span class='ocrx_word' id='word_1_753' title='bbox 382 2475 508 2508; x_wconf 74' lang='grc' dir='ltr'>ἐπύθετο,</span> <span class='ocrx_word' id='word_1_754' title='bbox 525 2476 572 2503; x_wconf 77' lang='grc' dir='ltr'>καὶ</span> <span class='ocrx_word' id='word_1_755' title='bbox 591 2476 640 2507; x_wconf 71' lang='grc' dir='ltr'><strong>τὰς</strong></span> <span class='ocrx_word' id='word_1_756' title='bbox 664 2476 717 2502; x_wconf 84' lang='grc' dir='ltr'><strong>τῶν</strong></span> <span class='ocrx_word' id='word_1_757' title='bbox 733 2476 888 2511; x_wconf 80' lang='grc' dir='ltr'>μεθυόντων</span> <span class='ocrx_word' id='word_1_758' title='bbox 907 2478 947 2509; x_wconf 79' lang='grc' dir='ltr'><strong>εἰς</strong></span> 
     </span>
    </p>
   </div>
   <div class='ocr_carea' id='block_1_98' title="bbox 158 2517 946 2555">
    <p class='ocr_par' dir='ltr' id='par_1_98' title="bbox 158 2517 946 2555">
     <span class='ocr_line' id='line_1_98' title="bbox 158 2517 946 2555; baseline 0 -9"><span class='ocrx_word' id='word_1_759' title='bbox 158 2517 204 2551; x_wconf 75' lang='grc' dir='ltr'>οὖς</span> <span class='ocrx_word' id='word_1_760' title='bbox 215 2519 323 2554; x_wconf 74' lang='grc' dir='ltr'>ἐδέχετο</span> <span class='ocrx_word' id='word_1_761' title='bbox 334 2520 437 2554; x_wconf 73' lang='grc' dir='ltr'>φωνὰς,</span> <span class='ocrx_word' id='word_1_762' title='bbox 455 2521 661 2555; x_wconf 70' lang='grc' dir='ltr'>καταρρήγνυσι</span> <span class='ocrx_word' id='word_1_763' title='bbox 676 2520 726 2552; x_wconf 81' lang='grc' dir='ltr'><strong>τὰς</strong></span> <span class='ocrx_word' id='word_1_764' title='bbox 743 2521 850 2552; x_wconf 82' lang='grc' dir='ltr'>πλάκας</span> <span class='ocrx_word' id='word_1_765' title='bbox 871 2522 946 2554; x_wconf 76' lang='grc' dir='ltr'>ἐγκε-</span> 
     </span>
    </p>
   </div>
   <div class='ocr_carea' id='block_1_99' title="bbox 159 2565 946 2601">
    <p class='ocr_par' dir='ltr' id='par_1_99' title="bbox 159 2565 946 2601">
     <span class='ocr_line' id='line_1_99' title="bbox 159 2565 946 2601; baseline 0.003 -10"><span class='ocrx_word' id='word_1_766' title='bbox 159 2565 336 2600; x_wconf 79' lang='grc' dir='ltr'>κολαμμὲνων</span> <span class='ocrx_word' id='word_1_767' title='bbox 350 2566 443 2597; x_wconf 71' lang='grc' dir='ltr'>αὐτοῖς</span> <span class='ocrx_word' id='word_1_768' title='bbox 459 2565 514 2592; x_wconf 83' lang='grc' dir='ltr'><strong>τῶν</strong></span> <span class='ocrx_word' id='word_1_769' title='bbox 527 2566 626 2601; x_wconf 76' lang='grc' dir='ltr'>νόμων,</span> <span class='ocrx_word' id='word_1_770' title='bbox 648 2565 739 2592; x_wconf 69' lang='grc' dir='ltr'>οὐκέτι</span> <span class='ocrx_word' id='word_1_771' title='bbox 757 2566 946 2601; x_wconf 74' lang='grc' dir='ltr'>παιδαγωγίας</span> 
     </span>
    </p>
   </div>
   <div class='ocr_carea' id='block_1_100' title="bbox 158 2611 946 2650">
    <p class='ocr_par' dir='ltr' id='par_1_100' title="bbox 158 2611 946 2650">
     <span class='ocr_line' id='line_1_100' title="bbox 158 2611 946 2650; baseline 0 -13"><span class='ocrx_word' id='word_1_772' title='bbox 158 2611 240 2643; x_wconf 76' lang='grc' dir='ltr'>ἀξιῶν</span> <span class='ocrx_word' id='word_1_773' title='bbox 257 2611 295 2644; x_wconf 85' lang='grc' dir='ltr'>ὡς</span> <span class='ocrx_word' id='word_1_774' title='bbox 311 2612 432 2643; x_wconf 65' lang='grc' dir='ltr'>ἀπειθεῖς</span> <span class='ocrx_word' id='word_1_775' title='bbox 445 2611 492 2639; x_wconf 70' lang='grc' dir='ltr'>καὶ</span> <span class='ocrx_word' id='word_1_776' title='bbox 503 2611 700 2650; x_wconf 78' lang='grc' dir='ltr'>ἀγνῴμονας,ῆ</span> <span class='ocrx_word' id='word_1_777' title='bbox 719 2611 946 2646; x_wconf 83' lang='grc' dir='ltr'>ὀλιγογνώμονας,</span> 
     </span>
    </p>
   </div>
   <div class='ocr_carea' id='block_1_101' title="bbox 158 2657 947 2695">
    <p class='ocr_par' dir='ltr' id='par_1_101' title="bbox 158 2657 947 2695">
     <span class='ocr_line' id='line_1_101' title="bbox 158 2657 947 2695; baseline 0 -11"><span class='ocrx_word' id='word_1_778' title='bbox 158 2658 205 2685; x_wconf 72' lang='grc' dir='ltr'>καὶ</span> <span class='ocrx_word' id='word_1_779' title='bbox 231 2658 329 2695; x_wconf 81' lang='grc' dir='ltr'>κομιδῇ</span> <span class='ocrx_word' id='word_1_780' title='bbox 354 2659 402 2694; x_wconf 72' lang='grc' dir='ltr'><strong>μὲν</strong></span> <span class='ocrx_word' id='word_1_781' title='bbox 430 2658 608 2694; x_wconf 79' lang='grc' dir='ltr'>εὐπάροιστον</span> <span class='ocrx_word' id='word_1_782' title='bbox 633 2659 674 2692; x_wconf 76' lang='grc' dir='ltr'><strong>ἐφ’</strong></span> <span class='ocrx_word' id='word_1_783' title='bbox 703 2657 720 2684; x_wconf 74' lang='grc' dir='ltr'>ἃ</span> <span class='ocrx_word' id='word_1_784' title='bbox 747 2657 783 2693; x_wconf 84' lang='grc' dir='ltr'>μὴ</span> <span class='ocrx_word' id='word_1_785' title='bbox 809 2658 947 2693; x_wconf 78' lang='grc' dir='ltr'>προσῆκεν</span> 
     </span>
    </p>
   </div>
   <div class='ocr_carea' id='block_1_102' title="bbox 158 2703 946 2740">
    <p class='ocr_par' dir='ltr' id='par_1_102' title="bbox 158 2703 946 2740">
     <span class='ocr_line' id='line_1_102' title="bbox 158 2703 946 2740; baseline 0 -11"><span class='ocrx_word' id='word_1_786' title='bbox 158 2703 267 2738; x_wconf 81' lang='grc' dir='ltr'>ἔχοντας</span> <span class='ocrx_word' id='word_1_787' title='bbox 279 2704 352 2736; x_wconf 77' lang='grc' dir='ltr'>νοῦν,</span> <span class='ocrx_word' id='word_1_788' title='bbox 366 2706 477 2740; x_wconf 83' lang='grc' dir='ltr'>ταχεῖαν</span> <span class='ocrx_word' id='word_1_789' title='bbox 489 2704 516 2730; x_wconf 83' lang='grc' dir='ltr'>δὲ</span> <span class='ocrx_word' id='word_1_790' title='bbox 527 2703 599 2730; x_wconf 64' lang='grc' dir='ltr'>οὕτω</span> <span class='ocrx_word' id='word_1_791' title='bbox 607 2704 655 2739; x_wconf 81' lang='grc' dir='ltr'>τὴν</span> <span class='ocrx_word' id='word_1_792' title='bbox 668 2704 818 2731; x_wconf 78' lang='grc' dir='ltr'>ἀπόστασιν</span> <span class='ocrx_word' id='word_1_793' title='bbox 831 2711 946 2737; x_wconf 82' lang='grc' dir='ltr'>πεποιη-</span> 
     </span>
    </p>
   </div>
   <div class='ocr_carea' id='block_1_103' title="bbox 160 2747 946 2786">
    <p class='ocr_par' dir='ltr' id='par_1_103' title="bbox 160 2747 946 2786">
     <span class='ocr_line' id='line_1_103' title="bbox 160 2747 946 2786; baseline -0.001 -10"><span class='ocrx_word' id='word_1_794' title='bbox 160 2749 265 2783; x_wconf 78' lang='grc' dir='ltr'>μένους.</span> <span class='ocrx_word' id='word_1_795' title='bbox 288 2750 396 2786; x_wconf 80' lang='grc' dir='ltr'>Ἐπειδὴ</span> <span class='ocrx_word' id='word_1_796' title='bbox 408 2751 435 2776; x_wconf 84' lang='grc' dir='ltr'>δὲ</span> <span class='ocrx_word' id='word_1_797' title='bbox 447 2747 514 2786; x_wconf 76' lang='grc' dir='ltr'>ἧκεν</span> <span class='ocrx_word' id='word_1_798' title='bbox 535 2751 574 2781; x_wconf 81' lang='grc' dir='ltr'>εἱς</span> <span class='ocrx_word' id='word_1_799' title='bbox 587 2750 634 2785; x_wconf 88' lang='grc' dir='ltr'>τὴν</span> <span class='ocrx_word' id='word_1_800' title='bbox 653 2749 821 2784; x_wconf 84' lang='grc' dir='ltr'>συναγωγὴν,</span> <span class='ocrx_word' id='word_1_801' title='bbox 840 2748 946 2784; x_wconf 79' lang='grc' dir='ltr'>συντρί-</span> 
     </span>
    </p>
   </div>
   <div class='ocr_carea' id='block_1_104' title="bbox 159 2794 946 2830">
    <p class='ocr_par' dir='ltr' id='par_1_104' title="bbox 159 2794 946 2830">
     <span class='ocr_line' id='line_1_104' title="bbox 159 2794 946 2830; baseline -0.001 -9"><span class='ocrx_word' id='word_1_802' title='bbox 159 2795 199 2821; x_wconf 76' lang='grc' dir='ltr'>6ει</span> <span class='ocrx_word' id='word_1_803' title='bbox 220 2795 267 2822; x_wconf 80' lang='grc' dir='ltr'>τὸν</span> <span class='ocrx_word' id='word_1_804' title='bbox 287 2796 397 2830; x_wconf 60' lang='grc' dir='ltr'>μόσχον.</span> <span class='ocrx_word' id='word_1_805' title='bbox 423 2794 488 2822; x_wconf 73' lang='grc' dir='ltr'>Εἶτα</span> <span class='ocrx_word' id='word_1_806' title='bbox 509 2795 612 2827; x_wconf 75' lang='grc' dir='ltr'>καθιεὶς</span> <span class='ocrx_word' id='word_1_807' title='bbox 634 2796 674 2827; x_wconf 85' lang='grc' dir='ltr'><strong>εἰς</strong></span> <span class='ocrx_word' id='word_1_808' title='bbox 696 2795 778 2830; x_wconf 78' lang='grc' dir='ltr'>ὕδωρ,</span> <span class='ocrx_word' id='word_1_809' title='bbox 799 2795 946 2821; x_wconf 71' lang='grc' dir='ltr'>πεπότικεν</span> 
     </span>
    </p>
   </div>
   <div class='ocr_carea' id='block_1_105' title="bbox 158 2840 945 2876">
    <p class='ocr_par' dir='ltr' id='par_1_105' title="bbox 158 2840 945 2876">
     <span class='ocr_line' id='line_1_105' title="bbox 158 2840 945 2876; baseline 0.001 -10"><span class='ocrx_word' id='word_1_810' title='bbox 158 2841 233 2873; x_wconf 73' lang='grc' dir='ltr'>αὐτὸ,</span> <span class='ocrx_word' id='word_1_811' title='bbox 249 2841 327 2876; x_wconf 75' lang='grc' dir='ltr'>φησὶ,</span> <span class='ocrx_word' id='word_1_812' title='bbox 345 2841 407 2873; x_wconf 69' lang='grc' dir='ltr'>τοὺς</span> <span class='ocrx_word' id='word_1_813' title='bbox 424 2842 498 2873; x_wconf 64' lang='grc' dir='ltr'>υἱοὺς</span> <span class='ocrx_word' id='word_1_814' title='bbox 524 2841 648 2876; x_wconf 72' lang='grc' dir='ltr'>Ἰσραήλ”</span> <span class='ocrx_word' id='word_1_815' title='bbox 668 2841 809 2876; x_wconf 71' lang='grc' dir='ltr'>μονονουχὶ</span> <span class='ocrx_word' id='word_1_816' title='bbox 824 2840 868 2868; x_wconf 72' lang='grc' dir='ltr'><strong>διὰ</strong></span> <span class='ocrx_word' id='word_1_817' title='bbox 884 2840 945 2867; x_wconf 70' lang='grc' dir='ltr'><strong>τού-</strong></span> 
     </span>
    </p>
   </div>
   <div class='ocr_carea' id='block_1_106' title="bbox 195 2927 796 2964">
    <p class='ocr_par' dir='ltr' id='par_1_106' title="bbox 195 2927 796 2964">
     <span class='ocr_line' id='line_1_106' title="bbox 195 2927 796 2964; baseline 0.003 -8"><span class='ocrx_word' id='word_1_818' title='bbox 195 2927 217 2944; x_wconf 73' lang='lat'>&quot;</span> <span class='ocrx_word' id='word_1_819' title='bbox 233 2930 320 2957; x_wconf 77' lang='lat' dir='ltr'><strong>Galat.</strong></span> <span class='ocrx_word' id='word_1_820' title='bbox 339 2939 364 2964; x_wconf 81' lang='lat' dir='ltr'><strong>v,</strong></span> <span class='ocrx_word' id='word_1_821' title='bbox 388 2930 429 2958; x_wconf 85' lang='lat' dir='ltr'><strong>l9.</strong></span> <span class='ocrx_word' id='word_1_822' title='bbox 467 2931 488 2944; x_wconf 68' lang='grc'><strong>⁸⁷</strong></span> <span class='ocrx_word' id='word_1_823' title='bbox 507 2930 592 2958; x_wconf 81' lang='lat' dir='ltr'><strong>Exod.</strong></span> <span class='ocrx_word' id='word_1_824' title='bbox 615 2939 697 2964; x_wconf 78' lang='lat' dir='ltr'><strong>xxx&quot;,</strong></span> <span class='ocrx_word' id='word_1_825' title='bbox 723 2932 796 2959; x_wconf 84' lang='lat' dir='ltr'><strong>7—H.</strong></span> 
     </span>
    </p>
   </div>
   <div class='ocr_carea' id='block_1_107' title="bbox 996 2332 1784 2368">
    <p class='ocr_par' dir='ltr' id='par_1_107' title="bbox 996 2332 1784 2368">
     <span class='ocr_line' id='line_1_107' title="bbox 996 2332 1784 2368; baseline 0.001 -9"><span class='ocrx_word' id='word_1_826' title='bbox 996 2332 1160 2368; x_wconf 89' lang='lat' dir='ltr'><strong>dignabatur</strong></span> <span class='ocrx_word' id='word_1_827' title='bbox 1178 2337 1307 2368; x_wconf 87' lang='lat' dir='ltr'><strong>tanquam</strong></span> <span class='ocrx_word' id='word_1_828' title='bbox 1331 2333 1539 2365; x_wconf 88' lang='lat' dir='ltr'><strong>inobedientes,</strong></span> <span class='ocrx_word' id='word_1_829' title='bbox 1555 2333 1680 2366; x_wconf 85' lang='lat' dir='ltr'><strong>desides,</strong></span> <span class='ocrx_word' id='word_1_830' title='bbox 1699 2333 1784 2368; x_wconf 88' lang='lat' dir='ltr'><strong>stupi-</strong></span> 
     </span>
    </p>
   </div>
   <div class='ocr_carea' id='block_1_108' title="bbox 995 2378 1785 2414">
    <p class='ocr_par' dir='ltr' id='par_1_108' title="bbox 995 2378 1785 2414">
     <span class='ocr_line' id='line_1_108' title="bbox 995 2378 1785 2414; baseline 0.001 -9"><span class='ocrx_word' id='word_1_831' title='bbox 995 2378 1085 2413; x_wconf 88' lang='lat' dir='ltr'><strong>doque</strong></span> <span class='ocrx_word' id='word_1_832' title='bbox 1103 2379 1212 2414; x_wconf 88' lang='lat' dir='ltr'><strong>ingenio</strong></span> <span class='ocrx_word' id='word_1_833' title='bbox 1228 2379 1367 2414; x_wconf 74' lang='lat' dir='ltr'><strong>przcditos,</strong></span> <span class='ocrx_word' id='word_1_834' title='bbox 1380 2383 1408 2406; x_wconf 91' lang='lat' dir='ltr'><strong>et</strong></span> <span class='ocrx_word' id='word_1_835' title='bbox 1423 2379 1468 2406; x_wconf 81' lang='lat' dir='ltr'><strong>vix</strong></span> <span class='ocrx_word' id='word_1_836' title='bbox 1480 2383 1570 2414; x_wconf 85' lang='lat' dir='ltr'><strong>aptam</strong></span> <span class='ocrx_word' id='word_1_837' title='bbox 1584 2379 1617 2406; x_wconf 86' lang='lat' dir='ltr'><strong>ad</strong></span> <span class='ocrx_word' id='word_1_838' title='bbox 1634 2387 1694 2414; x_wconf 73' lang='lat' dir='ltr'><strong>qua:</strong></span> <span class='ocrx_word' id='word_1_839' title='bbox 1705 2388 1785 2414; x_wconf 90' lang='lat' dir='ltr'><strong>opor-</strong></span> 
     </span>
    </p>
   </div>
   <div class='ocr_carea' id='block_1_109' title="bbox 995 2425 1784 2461">
    <p class='ocr_par' dir='ltr' id='par_1_109' title="bbox 995 2425 1784 2461">
     <span class='ocr_line' id='line_1_109' title="bbox 995 2425 1784 2461; baseline 0.003 -9"><span class='ocrx_word' id='word_1_840' title='bbox 995 2429 1076 2457; x_wconf 87' lang='lat' dir='ltr'><strong>teret,</strong></span> <span class='ocrx_word' id='word_1_841' title='bbox 1090 2431 1208 2453; x_wconf 86' lang='lat' dir='ltr'><strong>mentem</strong></span> <span class='ocrx_word' id='word_1_842' title='bbox 1220 2425 1359 2457; x_wconf 83' lang='lat' dir='ltr'><strong>habentes,</strong></span> <span class='ocrx_word' id='word_1_843' title='bbox 1375 2425 1460 2460; x_wconf 89' lang='lat' dir='ltr'><strong>utqui</strong></span> <span class='ocrx_word' id='word_1_844' title='bbox 1472 2425 1540 2453; x_wconf 87' lang='lat' dir='ltr'><strong>adeo</strong></span> <span class='ocrx_word' id='word_1_845' title='bbox 1551 2426 1707 2461; x_wconf 54' lang='lat' dir='ltr'><strong>praecipites</strong></span> <span class='ocrx_word' id='word_1_846' title='bbox 1721 2434 1784 2454; x_wconf 81' lang='lat' dir='ltr'><strong>rue-</strong></span> 
     </span>
    </p>
   </div>
   <div class='ocr_carea' id='block_1_110' title="bbox 997 2471 1785 2506">
    <p class='ocr_par' dir='ltr' id='par_1_110' title="bbox 997 2471 1785 2506">
     <span class='ocr_line' id='line_1_110' title="bbox 997 2471 1785 2506; baseline 0 -7"><span class='ocrx_word' id='word_1_847' title='bbox 997 2476 1060 2499; x_wconf 86' lang='lat' dir='ltr'><strong>rent</strong></span> <span class='ocrx_word' id='word_1_848' title='bbox 1077 2471 1111 2499; x_wconf 86' lang='lat' dir='ltr'><strong>ad</strong></span> <span class='ocrx_word' id='word_1_849' title='bbox 1135 2471 1326 2499; x_wconf 89' lang='lat' dir='ltr'><strong>defectionem.</strong></span> <span class='ocrx_word' id='word_1_850' title='bbox 1344 2472 1525 2506; x_wconf 86' lang='lat' dir='ltr'><strong>Posteaquam</strong></span> <span class='ocrx_word' id='word_1_851' title='bbox 1551 2477 1642 2499; x_wconf 86' lang='lat' dir='ltr'><strong>autem</strong></span> <span class='ocrx_word' id='word_1_852' title='bbox 1662 2473 1737 2500; x_wconf 90' lang='lat' dir='ltr'><strong>venit</strong></span> <span class='ocrx_word' id='word_1_853' title='bbox 1752 2472 1785 2499; x_wconf 89' lang='lat' dir='ltr'><strong>ad</strong></span> 
     </span>
    </p>
   </div>
   <div class='ocr_carea' id='block_1_111' title="bbox 996 2517 1785 2553">
    <p class='ocr_par' dir='ltr' id='par_1_111' title="bbox 996 2517 1785 2553">
     <span class='ocr_line' id='line_1_111' title="bbox 996 2517 1785 2553; baseline 0.001 -9"><span class='ocrx_word' id='word_1_854' title='bbox 996 2517 1252 2553; x_wconf 83' lang='lat' dir='ltr'><strong>congregationem,</strong></span> <span class='ocrx_word' id='word_1_855' title='bbox 1281 2518 1399 2545; x_wconf 90' lang='lat' dir='ltr'><strong>conterit</strong></span> <span class='ocrx_word' id='word_1_856' title='bbox 1416 2517 1541 2544; x_wconf 87' lang='lat' dir='ltr'><strong>vitulum.</strong></span> <span class='ocrx_word' id='word_1_857' title='bbox 1573 2517 1632 2551; x_wconf 82' lang='lat' dir='ltr'><strong>Quo</strong></span> <span class='ocrx_word' id='word_1_858' title='bbox 1654 2518 1738 2546; x_wconf 86' lang='lat' dir='ltr'><strong>misso</strong></span> <span class='ocrx_word' id='word_1_859' title='bbox 1758 2519 1785 2545; x_wconf 88' lang='lat' dir='ltr'><strong>in</strong></span> 
     </span>
    </p>
   </div>
   <div class='ocr_carea' id='block_1_112' title="bbox 996 2560 1807 2601">
    <p class='ocr_par' dir='ltr' id='par_1_112' title="bbox 996 2560 1807 2601">
     <span class='ocr_line' id='line_1_112' title="bbox 996 2560 1807 2601; baseline 0.001 -10"><span class='ocrx_word' id='word_1_860' title='bbox 996 2571 1094 2599; x_wconf 82' lang='lat' dir='ltr'><strong>aquam</strong></span> <span class='ocrx_word' id='word_1_861' title='bbox 1110 2565 1214 2599; x_wconf 85' lang='lat' dir='ltr'><strong>potavit</strong></span> <span class='ocrx_word' id='word_1_862' title='bbox 1229 2573 1262 2592; x_wconf 74' lang='lat' dir='ltr'><strong>ex</strong></span> <span class='ocrx_word' id='word_1_863' title='bbox 1279 2573 1310 2592; x_wconf 89' lang='lat' dir='ltr'><strong>ea</strong></span> <span class='ocrx_word' id='word_1_864' title='bbox 1334 2565 1404 2592; x_wconf 89' lang='lat' dir='ltr'><strong>lilios</strong></span> <span class='ocrx_word' id='word_1_865' title='bbox 1418 2565 1518 2598; x_wconf 82' lang='lat' dir='ltr'><strong>Israel;</strong></span> <span class='ocrx_word' id='word_1_866' title='bbox 1541 2573 1590 2600; x_wconf 86' lang='lat' dir='ltr'><strong>per</strong></span> <span class='ocrx_word' id='word_1_867' title='bbox 1604 2566 1662 2594; x_wconf 63' lang='lat' dir='ltr'><strong>haec</strong></span> <span class='ocrx_word' id='word_1_868' title='bbox 1679 2566 1737 2601; x_wconf 88' lang='lat' dir='ltr'><strong>ipsa</strong></span> <span class='ocrx_word' id='word_1_869' title='bbox 1753 2566 1789 2593; x_wconf 75' lang='grc' dir='ltr'><strong>εἰ·</strong></span> <span class='ocrx_word' id='word_1_870' title='bbox 1803 2560 1807 2568; x_wconf 84' lang='grc'><strong>”</strong></span> 
     </span>
    </p>
   </div>
   <div class='ocr_carea' id='block_1_113' title="bbox 995 2610 1785 2646">
    <p class='ocr_par' dir='ltr' id='par_1_113' title="bbox 995 2610 1785 2646">
     <span class='ocr_line' id='line_1_113' title="bbox 995 2610 1785 2646; baseline 0.004 -9"><span class='ocrx_word' id='word_1_871' title='bbox 995 2610 1128 2645; x_wconf 83' lang='lat' dir='ltr'><strong>gnificans</strong></span> <span class='ocrx_word' id='word_1_872' title='bbox 1141 2611 1214 2646; x_wconf 89' lang='lat' dir='ltr'><strong>quod</strong></span> <span class='ocrx_word' id='word_1_873' title='bbox 1233 2611 1260 2638; x_wconf 90' lang='lat' dir='ltr'><strong>in</strong></span> <span class='ocrx_word' id='word_1_874' title='bbox 1281 2612 1403 2646; x_wconf 85' lang='lat' dir='ltr'><strong>ipsorum</strong></span> <span class='ocrx_word' id='word_1_875' title='bbox 1417 2612 1575 2641; x_wconf 69' lang='lat' dir='ltr'><strong>praecordiis</strong></span> <span class='ocrx_word' id='word_1_876' title='bbox 1593 2616 1621 2640; x_wconf 90' lang='lat' dir='ltr'><strong>et</strong></span> <span class='ocrx_word' id='word_1_877' title='bbox 1634 2612 1785 2640; x_wconf 82' lang='lat' dir='ltr'><strong>visceribus</strong></span> 
     </span>
    </p>
   </div>
   <div class='ocr_carea' id='block_1_114' title="bbox 997 2656 1785 2694">
    <p class='ocr_par' dir='ltr' id='par_1_114' title="bbox 997 2656 1785 2694">
     <span class='ocr_line' id='line_1_114' title="bbox 997 2656 1785 2694; baseline 0.005 -11"><span class='ocrx_word' id='word_1_878' title='bbox 997 2656 1129 2684; x_wconf 76' lang='lat' dir='ltr'><strong>inluereat</strong></span> <span class='ocrx_word' id='word_1_879' title='bbox 1146 2657 1282 2692; x_wconf 82' lang='lat' dir='ltr'><strong>impietas.</strong></span> <span class='ocrx_word' id='word_1_880' title='bbox 1300 2657 1437 2685; x_wconf 65' lang='lat' dir='ltr'><strong>Praeterea</strong></span> <span class='ocrx_word' id='word_1_881' title='bbox 1451 2658 1534 2685; x_wconf 86' lang='lat' dir='ltr'><strong>etiam</strong></span> <span class='ocrx_word' id='word_1_882' title='bbox 1548 2659 1600 2686; x_wconf 89' lang='lat' dir='ltr'><strong>hoc</strong></span> <span class='ocrx_word' id='word_1_883' title='bbox 1618 2659 1785 2694; x_wconf 79' lang='lat' dir='ltr'><strong>signiﬁcasse</strong></span> 
     </span>
    </p>
   </div>
   <div class='ocr_carea' id='block_1_115' title="bbox 998 2702 1785 2740">
    <p class='ocr_par' dir='ltr' id='par_1_115' title="bbox 998 2702 1785 2740">
     <span class='ocr_line' id='line_1_115' title="bbox 998 2702 1785 2740; baseline 0.006 -12"><span class='ocrx_word' id='word_1_884' title='bbox 998 2702 1128 2734; x_wconf 81' lang='lat' dir='ltr'><strong>arbitror,</strong></span> <span class='ocrx_word' id='word_1_885' title='bbox 1150 2703 1223 2738; x_wconf 88' lang='lat' dir='ltr'><strong>quod</strong></span> <span class='ocrx_word' id='word_1_886' title='bbox 1240 2711 1287 2731; x_wconf 86' lang='lat' dir='ltr'><strong>cor</strong></span> <span class='ocrx_word' id='word_1_887' title='bbox 1303 2704 1434 2731; x_wconf 87' lang='lat' dir='ltr'><strong>scelerata</strong></span> <span class='ocrx_word' id='word_1_888' title='bbox 1455 2709 1537 2740; x_wconf 85' lang='lat' dir='ltr'><strong>atque</strong></span> <span class='ocrx_word' id='word_1_889' title='bbox 1551 2705 1711 2732; x_wconf 75' lang='lat' dir='ltr'><strong>exsecrabili</strong></span> <span class='ocrx_word' id='word_1_890' title='bbox 1726 2705 1785 2733; x_wconf 52' lang='lat' dir='ltr'><strong>ido-</strong></span> 
     </span>
    </p>
   </div>
   <div class='ocr_carea' id='block_1_116' title="bbox 999 2748 1784 2779">
    <p class='ocr_par' dir='ltr' id='par_1_116' title="bbox 999 2748 1784 2779">
     <span class='ocr_line' id='line_1_116' title="bbox 999 2748 1784 2779; baseline 0.004 -4"><span class='ocrx_word' id='word_1_891' title='bbox 999 2748 1105 2776; x_wconf 87' lang='lat' dir='ltr'><strong>lolatria</strong></span> <span class='ocrx_word' id='word_1_892' title='bbox 1127 2749 1245 2777; x_wconf 88' lang='lat' dir='ltr'><strong>habeant</strong></span> <span class='ocrx_word' id='word_1_893' title='bbox 1261 2749 1402 2777; x_wconf 86' lang='lat' dir='ltr'><strong>refertum.</strong></span> <span class='ocrx_word' id='word_1_894' title='bbox 1416 2749 1578 2778; x_wconf 84' lang='lat' dir='ltr'><strong>Convocatis</strong></span> <span class='ocrx_word' id='word_1_895' title='bbox 1587 2756 1677 2778; x_wconf 87' lang='lat' dir='ltr'><strong>autem</strong></span> <span class='ocrx_word' id='word_1_896' title='bbox 1691 2751 1784 2779; x_wconf 74' lang='lat' dir='ltr'><strong>electis</strong></span> 
     </span>
    </p>
   </div>
   <div class='ocr_carea' id='block_1_117' title="bbox 999 2795 1784 2832">
    <p class='ocr_par' dir='ltr' id='par_1_117' title="bbox 999 2795 1784 2832">
     <span class='ocr_line' id='line_1_117' title="bbox 999 2795 1784 2832; baseline 0.001 -10"><span class='ocrx_word' id='word_1_897' title='bbox 999 2795 1129 2830; x_wconf 79' lang='lat' dir='ltr'><strong>pra-cepit</strong></span> <span class='ocrx_word' id='word_1_898' title='bbox 1154 2799 1185 2823; x_wconf 90' lang='lat' dir='ltr'><strong>ut</strong></span> <span class='ocrx_word' id='word_1_899' title='bbox 1213 2796 1350 2831; x_wconf 58' lang='lat' dir='ltr'><strong>praecipua</strong></span> <span class='ocrx_word' id='word_1_900' title='bbox 1379 2797 1469 2832; x_wconf 85' lang='lat' dir='ltr'><strong>capita</strong></span> <span class='ocrx_word' id='word_1_901' title='bbox 1493 2797 1631 2829; x_wconf 89' lang='lat' dir='ltr'><strong>occidant,</strong></span> <span class='ocrx_word' id='word_1_902' title='bbox 1646 2805 1706 2831; x_wconf 80' lang='lat' dir='ltr'><strong>qua:</strong></span> <span class='ocrx_word' id='word_1_903' title='bbox 1724 2797 1784 2824; x_wconf 78' lang='lat' dir='ltr'><strong>aliis</strong></span> 
     </span>
    </p>
   </div>
   <div class='ocr_carea' id='block_1_118' title="bbox 999 2840 1783 2877">
    <p class='ocr_par' dir='ltr' id='par_1_118' title="bbox 999 2840 1783 2877">
     <span class='ocr_line' id='line_1_118' title="bbox 999 2840 1783 2877; baseline 0.003 -10"><span class='ocrx_word' id='word_1_904' title='bbox 999 2848 1080 2868; x_wconf 85' lang='lat' dir='ltr'><strong>causa</strong></span> <span class='ocrx_word' id='word_1_905' title='bbox 1091 2840 1202 2868; x_wconf 86' lang='lat' dir='ltr'><strong>fuerunt</strong></span> <span class='ocrx_word' id='word_1_906' title='bbox 1216 2845 1243 2868; x_wconf 90' lang='lat' dir='ltr'><strong>et</strong></span> <span class='ocrx_word' id='word_1_907' title='bbox 1260 2846 1388 2869; x_wconf 86' lang='lat' dir='ltr'><strong>auctores</strong></span> <span class='ocrx_word' id='word_1_908' title='bbox 1398 2842 1479 2877; x_wconf 82' lang='lat' dir='ltr'><strong>hujus</strong></span> <span class='ocrx_word' id='word_1_909' title='bbox 1493 2842 1614 2874; x_wconf 83' lang='lat' dir='ltr'><strong>sceleris,</strong></span> <span class='ocrx_word' id='word_1_910' title='bbox 1626 2850 1783 2877; x_wconf 59' lang='lat' dir='ltr'><strong>nequepu-</strong></span> 
     </span>
    </p>
   </div>
   <div class='ocr_carea' id='block_1_119' title="bbox 836 2932 1338 2966">
    <p class='ocr_par' dir='ltr' id='par_1_119' title="bbox 836 2932 1338 2966">
     <span class='ocr_line' id='line_1_119' title="bbox 836 2932 1338 2966; baseline 0.002 -6"><span class='ocrx_word' id='word_1_911' title='bbox 836 2932 857 2948; x_wconf 87' lang='lat'>&quot;</span> <span class='ocrx_word' id='word_1_912' title='bbox 874 2932 943 2960; x_wconf 86' lang='lat' dir='ltr'><strong>Psal.</strong></span> <span class='ocrx_word' id='word_1_913' title='bbox 965 2941 1000 2964; x_wconf 65' lang='grc' dir='ltr'><strong>τι,</strong></span> <span class='ocrx_word' id='word_1_914' title='bbox 1015 2933 1040 2960; x_wconf 72' lang='lat'><strong>9.</strong></span> <span class='ocrx_word' id='word_1_915' title='bbox 1080 2934 1101 2949; x_wconf 83' lang='lat'>&quot;</span> <span class='ocrx_word' id='word_1_916' title='bbox 1122 2933 1215 2962; x_wconf 85' lang='lat' dir='ltr'><strong>Matth.</strong></span> <span class='ocrx_word' id='word_1_917' title='bbox 1236 2942 1282 2966; x_wconf 82' lang='lat' dir='ltr'><strong>vn,</strong></span> <span class='ocrx_word' id='word_1_918' title='bbox 1295 2934 1338 2961; x_wconf 65' lang='lat'><strong>25.</strong></span> 
     </span>
    </p>
   </div>
  </div>
