1997 3059
211 195 259 224 531

723 196 750 224 S.
771 198 910 230 CYRILLI
928 201 1163 232 ALEXANDRINI
1186 202 1344 231 ARCIIIEP.

1789 207 1840 235 εδει

208 258 272 279 cant
291 251 333 279 vel
351 252 447 285 fratri.
465 254 507 281 vel
524 254 625 287 vicino,
640 255 683 283 vel
698 256 837 284 familiari.
858 257 947 293 Atque
962 258 991 285 ἱιι

1051 268 1098 286 του
1110 260 1259 296 σημαίνων,
1278 260 1317 286 ὅτι
1327 259 1374 286 καὶ
1389 258 1477 286 αὐτῶν
1491 259 1602 294 ἠπάτων
1614 259 1661 285 καὶ
1679 258 1841 294 σπλάγχνων

207 297 369 325 ceciderunt
387 299 483 333 viginti
505 299 557 327 tria
577 300 673 328 millia.
695 301 842 337 Postquam
856 311 923 331 vero
936 312 996 332 mo-

206 345 316 372 deratas
331 345 366 372 ab
392 345 427 372 iis
448 346 494 380 qui
512 346 580 374 adeo
600 348 731 376 scelerate
753 354 884 384 egerant,
902 358 997 385 poenas

206 390 333 424 sumpsit,
349 391 498 418 revertitur
514 392 548 418 ad
564 392 662 425 Deum,
680 394 762 429 338
775 400 803 422 et
817 403 866 430 pro
877 397 938 424 aliis
953 397 996 424 in-

207 435 332 462 tercedit.
347 432 424 463 Tunc
443 444 508 464 sane
524 437 550 464 ei
569 437 639 465 Deus
652 438 696 465 vix
712 440 819 473 annuit,
835 441 996 470 adfuturum

204 481 247 509 eis
261 482 366 515 dicens,
384 491 438 511 non
454 483 565 519 quidem
580 485 716 520 seipsum,
740 486 787 513 sed
803 488 895 522 potius
915 497 997 524 ange-

206 527 263 555 lum
280 529 436 563 quempiam
454 530 598 565 praesidem
611 534 640 557 et
657 531 754 559 ducem
770 532 877 562 itineris
888 542 916 562 se
928 536 994 562 mis-

206 580 312 600 surum.
331 573 431 601 Adhzec
449 574 532 609 igitur
554 575 672 610 populus
689 577 799 611 quidem
813 578 942 613 lugebat;
968 583 996 606 at

205 617 278 645 Deus
288 619 417 653 praecepit
427 619 530 646 auferri
541 619 576 647 ab
591 620 632 648 eis
645 621 820 654 vestimenta,
830 630 995 658 omnemque

204 668 350 696 ornatum,
364 669 445 699 atque
462 665 498 693 ita
513 666 634 694 demisso
651 668 728 695 vultu
744 669 838 697 tristes
856 669 993 697 incedere.

204 709 264 742 Quo
277 710 388 744 quidem
410 711 444 738 ad
456 711 536 739 ﬁnem
552 713 696 748 perducto,
717 715 848 743 scribitur
864 715 995 751 deinceps

204 755 297 784 Mosen
315 762 459 793 acceptum
480 759 629 787 tentorium
655 768 735 788 suum
750 762 840 790 ﬁxisse
858 768 934 790 extra
951 771 994 790 ca-

204 806 261 830 stra
282 811 388 831 eorum.
415 804 478 833 llaec
491 805 613 833 breviter
627 806 661 834 de
679 807 802 835 historiae
819 809 906 843 ipsius
922 809 994 836 serie

199 849 277 877 'dicta
293 851 357 878 sint.
377 851 556 886 Reperiemus
569 857 660 880 autem
673 861 720 880 eos
731 854 778 889 qui
789 862 823 881 ex
838 855 919 882 Israel
929 859 994 882 sunt

203 895 344 930 persimile
360 895 466 925 facinus
488 905 569 925 ausos
588 906 660 931 esse,
672 903 700 926 et
713 900 789 934 paria
803 899 904 936 ﬂagitia
917 908 993 928 com-

204 942 320 974 misisse,
341 943 451 977 quando
466 943 560 971 divino
574 945 689 973 consilio
712 946 870 981 unigenilus
883 947 930 974 Dei
947 947 993 974 Fi-
1012 938 1032 965 Β

203 986 344 1023 liusjuxta
357 997 407 1016 nos
421 989 503 1017 homo
525 994 567 1017 est
583 991 679 1018 factus.
694 991 762 1019 Nam
774 992 890 1019 vocabat
902 999 950 1019 eos
965 993 992 1020 in

203 1041 318 1069 regnum
348 1035 479 1063 ctelorum
507 1037 737 1071 quemadmodum
769 1037 835 1064 olim
859 1038 931 1065 Deus
945 1045 994 1072 per

203 1078 295 1106 Mosen
304 1080 412 1107 vocavit
428 1080 455 1107 in
473 1084 573 1108 terram
586 1082 786 1116 promissionis,
800 1082 991 1116 promittebat-

202 1133 256 1160 que
268 1133 297 1153 se
308 1126 489 1154 liberaturum
503 1136 550 1155 eos
563 1129 608 1163 qui
625 1129 653 1156 in
674 1129 763 1164 ipsum
788 1129 944 1157 crederent.
958 1129 992 1157 Et

203 1171 276 1198 Deus
292 1171 420 1199 liberavit
449 1173 527 1206 illos,
545 1173 591 1208 qui
615 1181 649 1201 ex
662 1182 761 1209 genere
776 1174 859 1202 Israel
877 1182 990 1210 recepe—

202 1221 267 1244 runt
280 1225 330 1252 per
345 1217 425 1245 ﬁdem
446 1219 593 1246 salutarem
608 1220 685 1247 illum
708 1220 867 1255 sanguinem
885 1228 918 1247 ex
943 1228 992 1255 op-

202 1262 344 1295 pressione
376 1267 404 1290 et
434 1264 577 1299 tyrannide
615 1264 814 1300 ngyptiorum.
840 1264 991 1292 Mactarunt

200 1307 275 1334 enim
292 1315 391 1343 agnum
414 1309 497 1336 veluti
521 1310 548 1336 in
568 1310 648 1345 typis,
663 1309 753 1337 adhuc
763 1310 873 1337 Christo
888 1315 990 1351 myste-

201 1352 272 1378 rium
289 1353 468 1387 completuro.
486 1354 572 1382 Porro
594 1355 639 1382 isti
655 1355 743 1390 legem
767 1354 910 1387 habentes,
930 1363 990 1390 qua:

200 1405 266 1425 sane
291 1398 408 1426 ﬁdeliter
423 1399 615 1428 introducebat
631 1408 680 1435 per
705 1400 806 1436 ﬁguras
825 1404 852 1428 et
868 1405 945 1436 typos
956 1401 990 1428 ad

200 1443 303 1472 Christi
329 1445 501 1481 mysterium,
521 1446 555 1473 de
579 1447 672 1473 verbis
686 1446 882 1481 sapientissimi
910 1447 991 1474 illosis

201 1491 304 1526 ubique
318 1492 460 1527 magniﬁce
475 1493 583 1528 gloriati
595 1497 669 1525 sunt,
682 1502 744 1521 cum
758 1498 846 1520 tamen
858 1494 989 1529 neipsum

201 1537 310 1570 quidem
334 1537 428 1565 Mosen
453 1546 572 1574 unquam
598 1540 653 1566 sint
674 1539 796 1566 reveriti.
812 1540 990 1567 Dcclinabant

200 1583 273 1610 enim
287 1584 320 1611 ad
331 1584 470 1612 doctrinas
491 1589 520 1612 et
535 1585 660 1613 mandata
674 1584 828 1617 hominum,
846 1587 989 1621 cultusque

199 1628 287 1656 divini
305 1630 401 1665 jugum
424 1631 610 1660 excutiebant.
627 1631 769 1666 Siquidem
793 1640 847 1659 non
864 1639 988 1659 accesse-

201 1678 266 1702 runt
281 1675 315 1702 ad
327 1683 390 1703 eum
406 1684 454 1711 per
471 1685 553 1711 quem
565 1677 638 1705 Deus
656 1677 709 1705 hoc
720 1677 879 1705 universum
891 1679 990 1714 guber-

201 1724 258 1753 nat,
274 1721 328 1748 hoc
348 1726 390 1749 est
410 1722 560 1750 Christum.
577 1723 660 1758 Atqui
673 1732 798 1759 quaenam
814 1723 866 1751 fuit
881 1724 989 1751 occasio

201 1771 229 1793 et
240 1767 338 1794 causa?
350 1767 525 1795 Deﬁexerunt
539 1767 612 1795 enim
625 1769 660 1796 ad
677 1769 856 1804 imposturam
875 1769 990 1797 munda-

201 1820 280 1845 nam;
298 1817 326 1841 et
336 1813 490 1848 voluptates
504 1814 585 1850 hujus
595 1815 658 1843 vita:
669 1816 772 1843 utiliori
784 1815 876 1843 studio
890 1815 988 1851 praefe-

201 1863 311 1891 rentes,
335 1858 408 1886 haud
435 1859 573 1888 immerito
595 1861 682 1896 gratia
698 1862 871 1890 exciderunt.
893 1863 989 1890 Vocati

200 1904 274 1932 cnim
287 1904 319 1931 ad
332 1905 453 1940 nuptias,
468 1905 617 1933 noluerunt
630 1907 736 1939 venire,
751 1916 868 1935 uxorum
884 1908 989 1943 nuptiis

200 1954 230 1978 et
245 1958 372 1986 agrorum
387 1951 573 1986 emptionibus
590 1960 650 1980 sese
674 1958 846 1981 excusantes.
866 1954 899 1981 Et
915 1957 988 1982 certe

201 2001 309 2032 tempus
323 1997 378 2031 jam
391 2001 459 2028 erat,
477 2000 506 2024 ut
516 1997 610 2029 Israel,
628 1998 675 2032 qui
695 2005 729 2025 eo
756 1998 904 2033 impietatis
925 2006 989 2033 pro-

201 2044 293 2078 lapsus
312 2043 416 2075 fuerat,
442 2043 510 2070 iram
537 2043 650 2070 omnino
672 2044 831 2071 sustineret.
853 2045 988 2072 Caeterum

202 2090 330 2124 precibus
338 2094 496 2117 sanctorum
516 2093 630 2116 servata:
640 2093 705 2116 sunt
720 2090 843 2124 reliquiae
855 2091 895 2124 7°;
909 2091 987 2118 multi

202 2141 292 2163 tamen
307 2136 418 2164 luerunt
434 2143 537 2171 poenas.
554 2135 720 2163 Ceciderunt
741 2135 815 2163 enim
832 2136 857 2162 in
871 2136 986 2171 gladiis:

201 2190 318 2217 cumque
331 2190 403 2209 εωνο
419 2182 491 2209 bello
508 2181 727 2213 absumerentur,
743 2181 787 2208 vix
802 2187 989 2216 cognoverunt

201 2236 256 2263 quo
272 2227 336 2255 mali
352 2227 512 2254 devenerint
522 2227 557 2253 ob
567 2226 679 2253 crimina
692 2235 706 2254 a
721 2234 749 2254 sc
762 2227 895 2254 adversus
907 2227 989 2255 Chri-

201 2279 273 2301 stum
285 2273 438 2301 commissa.
454 2272 578 2307 Cumque
599 2272 675 2307 quasi
690 2273 882 2300 vestimentum
893 2273 988 2308 pristi-

202 2326 244 2346 nae
260 2318 333 2345 illius
345 2317 437 2353 gloria:
451 2316 612 2352 abjecerint,
628 2320 773 2344 etomnem
789 2321 916 2344 ornatum
931 2318 988 2352 spi-

202 2364 320 2395 ritalem,
335 2363 438 2398 ingenti
452 2362 579 2391 laborant
595 2363 669 2394 odio,
685 2363 794 2398 spoliati
809 2364 883 2390 omni
902 2363 988 2398 gloria

202 2418 234 2437 ac
258 2409 399 2444 dignitate.
419 2409 497 2442 Quod
521 2413 612 2436 autem
628 2408 755 2436 Christus
781 2409 863 2436 etiam
890 2410 924 2437 ab
948 2410 988 2437 eis

202 2455 370 2487 discesserit,
383 2455 502 2483 ostendit
513 2455 610 2485 Moses,
622 2455 668 2490 qui
683 2455 891 2483 tabernaculum
910 2463 990 2482 suum

203 2505 281 2528 extra
301 2504 390 2527 castra
413 2499 552 2528 transfert.
564 2500 645 2534 339
653 2499 778 2529 Christus
796 2500 870 2527 enim
887 2500 992 2527 relictis

202 2546 359 2574 Judzeorum
380 2545 478 2578 turbis,
499 2549 580 2580 atque
600 2546 710 2578 illorum
724 2546 901 2574 multitudine
921 2554 992 2581 quo-

203 2592 348 2621 dammodo
366 2592 472 2620 deserta
486 2613 493 2625 ,
515 2592 672 2627 longissime
699 2592 734 2620 ab
749 2592 789 2619 eis
810 2592 967 2627 demigrans
983 2613 990 2624 ,

204 2640 397 2666 inconcussum
414 2638 619 2666 tabernaculum
645 2637 795 2665 Ecclesium
807 2638 930 2673 gentium
944 2637 991 2665 de-

203 2686 320 2721 signavit
340 2694 346 2711 :
371 2693 452 2720 quam
476 2685 558 2712 etiam
581 2692 658 2712 suam
674 2683 811 2716 alIirmans
828 2692 877 2719 per
894 2691 990 2711 vocem

204 2732 353 2762 Psalmislze
369 2733 419 2760 ista
433 2733 470 2760 ait
485 2743 491 2759 :
511 2742 520 2757 ‹
547 2731 597 2759 llic
611 2731 751 2762 habitabo,
772 2731 902 2766 quoniam
921 2730 990 2765 elegi

203 2777 307 2804 eam“.
327 2787 334 2802 ι
353 2777 502 2812 Oportebat
515 2777 598 2812 igitur
613 2783 660 2803 cos
685 2775 732 2810 qui
746 2783 801 2802 non
817 2775 919 2802 habent
929 2775 992 2801 Em-

204 2823 358 2854 manuelem
377 2823 452 2850 illum
467 2823 560 2858 gloriae
572 2822 729 2852 Dominum,
746 2821 861 2856 posthac
870 2821 990 2856 conspici

241 2887 328 2918 "15a.
349 2897 376 2921 κ,
396 2888 451 2921 22;
474 2887 554 2915 Rom.
577 2895 612 2918 ix,
633 2887 681 2914 26.
705 2887 726 2901 ”
748 2886 924 2917 Psal.cuxi,
947 2885 988 2912 14.

1049 305 1104 331 τῶν
1124 306 1152 332 ὲν
1173 306 1263 337 αὐτοῖς
1289 305 1386 340 ἅψεται
1410 305 1440 332 τὺ
1459 304 1618 340 δυσσέϐημα
1635 313 1642 320 ·
1659 302 1736 340 οἶμαι
1755 305 1783 331 δὲ
1799 305 1840 332 ὅτι

1049 351 1162 378 κάκεῖνο
1176 351 1246 386 τάχα
1258 359 1310 377 που
1327 350 1509 386 καταμηνύων
1525 350 1625 382 αὐτοῖς.
1643 350 1685 377 ὃτι
1695 351 1744 386 τῆς
1758 350 1838 386 βεϐή-

1048 396 1094 422 λου
1115 396 1162 423 καὶ
1188 396 1316 431 βδελυρᾶς
1345 395 1567 430 είδωλολατρείας
1590 396 1839 431 ὲκμεμεστωμέιην

1048 441 1140 477 ἔχουσι
1159 442 1207 477 τὴν
1230 442 1354 477 καρδίαν.
1374 441 1634 477 Προσκαλεσάμενος
1647 442 1675 468 δὲ
1689 442 1751 473 τοὺς
1770 442 1840 475 ἐξει-

1048 486 1206 522 λεγμένους,
1228 488 1350 522 ἀναιρεῖν
1365 487 1473 513 ἐκέλευε
1491 487 1554 518 τοὺς
1580 487 1620 513 ὃτι
1646 487 1763 522 μάλιστα
1783 487 1838 513 τῶν

1047 532 1135 559 ἄλλων
1152 533 1340 566 αἰτιωτάτους,
1361 533 1409 559 καὶ
1435 532 1562 567 ἀδελφοῦ,
1579 532 1626 558 καὶ
1643 533 1772 567 γείτονος⁹
1789 533 1838 560 καὶ

1046 579 1192 614 γνωρίμων
1209 579 1401 613 ὴφειδηκότας.
1420 578 1475 605 Kal
1497 578 1529 614 δὴ
1550 578 1598 604 καὶ
1615 577 1775 605 πεπτώκασι
1794 587 1837 613 χι-

1046 624 1135 656 λιάδες
1162 626 1236 661 τρεῖς
1262 625 1309 652 καὶ
1334 624 1445 652 εἴκοσιν.
1476 624 1585 659 Ἐπειδὴ
1606 624 1634 651 δὲ
1663 624 1838 660 συμμέτρους

1046 670 1162 706 ἐζήτησε
1179 671 1256 702 δίκας
1279 672 1342 702 τοὺς
1363 671 1475 705 ἀναίδην
1494 670 1570 697 ὀὕτω
1592 670 1835 706 δεδυσσεϐηκότσς.

1046 717 1189 743 ὑπονοστεῖ
1200 717 1267 752 πρὸς
1280 717 1356 750 Θεὸν,
1366 717 1414 743 καὶ
1425 716 1474 748 τὰς
1489 716 1558 752 ὑπὲρ
1571 717 1625 742 τῶν
1638 717 1738 751 ἐτέρων
1751 716 1836 742 ποιεῖ-

1045 771 1090 789 ται
1108 762 1193 795 λιτάς.
1210 763 1276 789 Τότε
1292 763 1323 798 δὴ
1345 763 1421 798 μόλις
1436 762 1510 797 αὑτῷ
1524 762 1668 789 κατανεύει
1681 762 1756 793 Θεὸς,
1772 770 1831 788 συν-

1045 808 1154 834 έσεσθαι
1182 808 1268 842 λέγων
1284 809 1384 844 ἥκιστα
1407 809 1455 844 μὲν
1473 809 1563 840 αὐτὸς,
1586 808 1793 835 συναποστελείν
1808 808 1835 835 δὲ

1047 854 1146 888 μᾶλλον
1162 854 1252 886 αὐτοῖς
1264 854 1378 889 ἄγγελον
1388 855 1536 890 ἐπιστάτην
1550 853 1596 881 καὶ
1611 853 1834 889 καθηγησάμενον

1044 901 1094 936 τῆς
1111 900 1181 927 ὀδοῦ.
1200 901 1255 926 Kal
1276 901 1344 935 πρός
1358 908 1389 934 γε
1410 900 1442 935 δὴ
1458 899 1545 935 τούτῳ
1571 899 1737 934 κατοιμώζει
1758 898 1807 933 μὶν
1820 899 1834 925 ό

1047 946 1110 978 λαός
1121 956 1127 962 -
1143 947 1309 982 προσέταττε
1325 946 1353 973 δὲ
1364 946 1438 978 Θεὸς,
1458 945 1605 981 ἀφελέσθαι
1618 945 1668 977 τὰς
1680 945 1774 977 στολὰς
1786 944 1834 972 καὶ

1047 993 1136 1018 πάντα
1155 992 1200 1018 τὸν
1220 993 1332 1027 κόσμον,
1356 992 1423 1019 ξέναι
1437 1001 1467 1018 τε
1487 991 1573 1023 οὕτως
1592 992 1622 1018 ὲν
1636 990 1781 1026 κατηφείᾳ.
1796 987 1833 1017 Ob

1047 1038 1095 1064 καὶ
1110 1039 1148 1069 είς
1159 1037 1245 1074 πέρας
1263 1038 1452 1073 ὲνηνεγμένου,
1467 1037 1566 1069 λαϐὼν,
1578 1038 1655 1072 φησὶ,
1672 1036 1774 1071 Μωσῆς
1784 1036 1833 1072 τὴν

1047 1083 1149 1119 σκηνὴν
1177 1083 1270 1115 αὑτοῦ,
1295 1084 1393 1118 ἔπηξεν
1417 1083 1470 1116 ἐξω
1492 1083 1540 1117 τῆς
1564 1082 1748 1118 παρεμϐολῆς.
1777 1081 1833 1108 Καὶ

1045 1129 1116 1156 οὕτω
1133 1129 1183 1164 μὲν
1200 1129 1250 1165 τῆς
1268 1129 1387 1165 ἱστορίας
1408 1129 1446 1161 ὡς
1463 1129 1492 1155 ὲν
1507 1129 1636 1164 βραχέσιν
1651 1129 1665 1154 ὁ
1679 1128 1767 1162 λόγος.
1783 1127 1832 1155 Εὑ-

1047 1177 1166 1210 ρήσ’›μεν
1179 1175 1206 1201 δὲ
1221 1177 1285 1206 τοὺς
1293 1175 1322 1207 ἐξ
1339 1175 1446 1209 Ἰσραὴλ
1462 1175 1496 1201 τὰ
1507 1174 1552 1200 ἶσα
1564 1173 1762 1208 τετολμηκότας
1777 1171 1826 1206 (1),

1042 1221 1086 1248 ὅτε
1096 1220 1155 1247 καθ’
1165 1221 1237 1255 ἡμᾶς
1248 1221 1358 1255 γέγονεν
1369 1220 1510 1254 ἄνθρωπος
1521 1219 1535 1245 ὁ
1544 1218 1709 1253 Μονογενής.
1722 1216 1828 1243 Ἐκάλει

1047 1266 1096 1301 μὲν
1112 1266 1163 1301 γὰρ
1178 1267 1217 1296 είς
1230 1265 1367 1300 βασιλείαν
1378 1264 1510 1300 οὐρανῶν,
1528 1265 1599 1291 καθὰ
1617 1264 1700 1290 πάλαι
1714 1263 1755 1290 διὰ
1768 1263 1831 1289 Μω-

1045 1312 1113 1343 σέως
1140 1312 1179 1342 είς
1199 1311 1248 1346 τὴν
1258 1311 1308 1346 γῆν
1319 1310 1369 1345 τῆς
1380 1310 1555 1344 ἐπαγγελίας,
1569 1309 1760 1344 ἐλευθερώσειν
1778 1307 1830 1344 [δὲ]

1044 1357 1226 1393 ἐπηγγέλλετο
1242 1359 1304 1387 τοὺς
1319 1358 1358 1386 εὶς
1371 1355 1450 1382 αὑτὸν
1467 1356 1651 1387 πιστεύοντας.
1669 1354 1830 1389 Ὴλευθέρου

1043 1403 1097 1438 γὰρ
1127 1403 1174 1430 καὶ
1197 1403 1260 1434 τοὺς
1285 1402 1314 1434 ἐξ
1338 1402 1454 1437 αἵματος
1485 1401 1591 1437 Ἰσραὴλ
1619 1401 1668 1436 τῆς
1693 1399 1830 1434 Αἰγύπτου

1044 1449 1198 1481 πλεονεξίας
1214 1447 1448 1482 καταδεξαμένους
1464 1449 1492 1474 ὲν
1508 1447 1596 1474 πίστει
1610 1446 1658 1481 τὴν
1669 1446 1701 1472 δι’
1716 1445 1830 1480 αἵματος

1044 1496 1192 1532 σωτηρίαν.
1210 1495 1347 1521 Τεθὺκασι
1363 1494 1417 1529 γὰρ
1432 1494 1477 1520 τὸν
1502 1493 1598 1528 ἀμνὸν,
1619 1494 1657 1524 ὡς
1676 1493 1704 1518 ἐν
1718 1491 1829 1522 κτύποις,

1043 1542 1082 1569 ἔτι
1100 1542 1147 1568 τοῦ
1169 1541 1288 1577 Χριστοῦ
1314 1541 1480 1576 πληροῦντος
1495 1540 1524 1566 τὸ
1544 1539 1702 1574 μυστήριον.
1725 1536 1793 1564 Ἀλλ’
1807 1537 1831 1564 οἱ

1043 1588 1124 1622 νόμον
1142 1587 1248 1622 ἔχοντες
1263 1588 1308 1613 τὸν
1328 1586 1554 1621 παιδαγωγοῦντα.
1575 1584 1664 1616 καλῶς
1680 1583 1725 1610 διὰ
1750 1583 1831 1614 σκιᾶς

1043 1633 1091 1660 καὶ
1105 1633 1198 1660 τύπων
1215 1633 1261 1659 ἐπὶ
1273 1633 1400 1668 Χριστὸν,
1417 1633 1432 1667 ἢ
1447 1633 1509 1663 τοὺς
1527 1631 1574 1658 τοῦ
1592 1630 1712 1660 Μωσέως
1731 1630 1786 1656 ἀνω
1801 1637 1830 1656 τε

1043 1679 1091 1706 καὶ
1107 1679 1183 1706 κάτω
1200 1679 1391 1714 προϊσχόμενοι
1412 1678 1518 1712 λόγους,
1542 1677 1590 1703 καὶ
1612 1675 1693 1702 αὐτοῦ
1710 1674 1830 1705 Μωσέως

1042 1725 1219 1760 ἡφειδηκὸτες
1253 1724 1422 1759 (ἐτράποντο
1444 1723 1499 1759 γὰρ
1521 1724 1560 1754 είς
1586 1721 1760 1754 διδασκαλίαν
1781 1719 1830 1746 καὶ

1043 1766 1200 1805 ἐντάλματα
1222 1769 1396 1804 ἀνθρώπων),
1419 1770 1467 1804 τῆς
1484 1769 1536 1795 ὑπὸ
1553 1768 1613 1803 Θεῷ
1635 1768 1762 1802 λατρείας
1777 1767 1832 1792 ὰπ-

1043 1814 1161 1841 εσείοντο
1177 1816 1222 1840 τὸν
1238 1813 1330 1847 ζυγόν.
1340 1814 1516 1849 Προσήκαντο
1531 1813 1584 1848 γὰρ
1601 1812 1725 1846 οὐδαμῶς
1737 1811 1782 1837 τδν
1796 1810 1831 1837 δι’

1043 1855 1074 1886 οὗ
1098 1858 1152 1885 τῶν
1171 1858 1239 1885 ὅλων
1256 1859 1360 1893 κρατεῖ,
1384 1859 1506 1884 τουτέστι
1528 1858 1654 1893 Χριστόν.
1676 1857 1730 1883 Kal
1747 1856 1789 1888 τίς
1813 1857 1830 1891 ἡ

1031 1905 1195 1940 ,πρόφασις
1218 1903 1426 1930 Ἀπονενεύκασι
1439 1904 1493 1939 γὰρ
1508 1904 1547 1935 είς
1561 1904 1668 1938 ἀπάτην
1685 1901 1829 1937 κοσμικὴν,

1043 1951 1090 1978 καὶ
1103 1950 1152 1981 τὰς
1169 1950 1198 1977 ἐν
1212 1949 1278 1985 τῷδε
1295 1949 1333 1984 τῷ
1349 1949 1397 1984 βίῳ
1414 1949 1522 1985 τέρψεις
1535 1949 1583 1983 τῆς
1599 1947 1830 1984 προὺργιεστέρας

1043 1997 1181 2024 ποιοῦνται
1204 1996 1334 2031 σπουδῆς,
1359 1995 1613 2033 προσκεκρούκασιν
1639 1995 1760 2025 εἰκότως.
1777 1994 1831 2019 Κε-

1043 2044 1172 2079 κλημένοι
1192 2043 1245 2078 γὰρ
1263 2043 1302 2074 εἰς
1320 2043 1383 2074 τοὺς
1405 2043 1521 2077 γάμους,
1545 2042 1594 2069 οὐκ
1617 2040 1711 2076 ἤθελον
1730 2039 1829 2069 ἐλθεῖν,

1043 2089 1161 2123 γυναίων
1174 2096 1204 2114 τε
1217 2088 1262 2114 καὶ
1275 2088 1367 2124 ἀγρῶν
1381 2088 1573 2124 προϊσχόμενοι
1588 2087 1710 2122 κτήσεις.
1727 2086 1781 2112 Kal
1795 2082 1831 2120 ἦν

1045 2134 1094 2170 μὲν
1102 2133 1151 2169 ἤδη
1162 2133 1267 2168 καιρὸς,
1279 2133 1437 2165 δυσσεὸείας
1447 2135 1485 2165 εις
1499 2133 1558 2160 τόδε
1573 2131 1829 2166 κατολισθήσαντες,

1043 2178 1091 2214 τὴν
1105 2179 1145 2209 εἰς
1161 2179 1233 2206 ἆπαν
1255 2178 1339 2214 ὀργὴν
1355 2179 1500 2214 ὑπομεῖναι
1524 2179 1569 2205 τὸν
1602 2176 1721 2212 Ἰσραήλ.
1751 2175 1829 2202 Ἀλλὰ

1043 2224 1097 2250 τῶν
1111 2224 1194 2257 ἁγίων
1211 2224 1283 2252 λιταὶ
1299 2223 1434 2250 σεσώκασι
1449 2224 1479 2251 τδ
1494 2223 1683 2258 κατάλειμμα·
1707 2222 1774 2257 πλὴν
1790 2222 1829 2252 εἰς

1044 2269 1158 2301 πολλοὺς
1174 2271 1190 2305 ἡ
1205 2270 1277 2305 δίκη.
1297 2269 1460 2296 Πεπτώκασι
1483 2270 1547 2305 γὰρ,
1563 2269 1708 2304 μαχαίραις
1720 2269 1766 2294 καὶ
1781 2276 1828 2293 πο-

1043 2315 1118 2351 λέμῳ
1140 2314 1232 2350 πικρῷ
1256 2315 1457 2350 δαπανώμενοι,
1481 2315 1615 2349 ἐγνώκασι
1639 2314 1716 2350 μόλις
1737 2314 1776 2340 ὅτι
1802 2315 1828 2340 ἐν

1043 2362 1133 2392 αὐτοῖς
1146 2361 1279 2395 ὲκὸέὸηκε
1294 2361 1379 2388 κακοῦ
1398 2361 1447 2397 τῆς
1457 2363 1497 2392 εἰς
1510 2360 1627 2396 Χριστδν
1639 2359 1782 2394 παροινίας
1796 2359 1828 2385 τὰ

1043 2406 1212 2442 ἐγκλήματα.
1235 2406 1467 2441 Ἀποῦεὸληκότες
1485 2406 1512 2433 δὲ
1529 2406 1624 2441 ὥσπερ
1643 2406 1691 2440 τῆς
1714 2404 1828 2440 ἀρχαίας

1041 2453 1149 2488 ἐκείνης
1163 2453 1288 2485 εὐκλείας
1302 2455 1351 2488 τὴν
1371 2452 1544 2488 περιστολὴν,
1557 2452 1603 2480 καὶ
1624 2452 1714 2480 πάντα
1729 2450 1832 2485 κόσμον

1041 2498 1235 2533 πνευματικὸν,
1252 2498 1318 2525 πολὺ
1333 2498 1441 2524 νοσοῦσι
1451 2498 1481 2524 τὸ
1492 2497 1584 2532 ἄχαρι,
1599 2500 1646 2523 καί
1666 2496 1765 2531 γυμνοὶ
1781 2495 1830 2530 μὲν

1040 2544 1148 2578 ἁπάσης
1169 2543 1318 2581 διατελουσι
1340 2544 1430 2579 δόξης.
1453 2545 1514 2571 Ὅτι
1534 2544 1561 2570 δὲ
1580 2544 1626 2571 καὶ
1642 2543 1722 2575 αὑτὸς
1742 2542 1830 2569 αὐτῶν

1041 2592 1260 2630 ἀπο-πεφοίτηκεν
1269 2593 1283 2618 ὁ
1293 2592 1420 2628 Χριστὸς,
1434 2591 1708 2627 ὑπέφηνενὸΜωσ-ἦς,
1722 2590 1831 2626 μακρὰν

1041 2638 1091 2673 τῆς
1109 2638 1285 2674 παρεμϐολῆς
1302 2637 1432 2672 μεθιστὰς
1450 2638 1498 2673 τὴν
1517 2637 1613 2664 ἑαυτοῦ
1629 2637 1731 2672 σκηνὴν
1747 2644 1825 2663 κατα-

1042 2683 1259 2719 λελειμ[ιι.]ἑνην.
1272 2684 1333 2715 Πῶς
1342 2684 1396 2719 γὰρ
1412 2686 1425 2710 ὸ
1434 2684 1550 2719 Χριστὸς
1566 2684 1613 2715 τὰς
1626 2683 1680 2710 τῶν
1695 2683 1829 2710 Ἰουδαίων

1042 2730 1151 2763 ἀγέλας,
1167 2730 1225 2764 ἤτοι
1244 2729 1293 2761 τὰς
1307 2730 1491 2765 παρεμϐολὰς,
1508 2731 1555 2757 καὶ
1570 2730 1618 2764 τῆς
1635 2729 1746 2755 ἐκείνων
1763 2728 1824 2763 πλη⁸

1042 2775 1104 2807 θύος
1111 2775 1341 2810 ἁποδεδραμηκὼς
1353 2776 1452 2812 τρόπον
1461 2777 1519 2802 τινὰ
1532 2777 1576 2802 καί
1584 2776 1712 2802 ἀποτάτω
1723 2775 1832 2810 χωρῶν,

1043 2821 1145 2856 σκηνὴν
1167 2821 1365 2848 ἀκατάσειστον
1389 2822 1438 2856 τὴν
1453 2821 1480 2854 ἐξ
1500 2821 1583 2847 ἐθνῶν
1607 2821 1753 2853 ἀνέδειξεν.
1774 2821 1836 2848 Ἐκ-

238 2935 275 2969 il)
292 2935 381 2967 Codex
402 2935 558 2968 llariacanus
572 2934 653 2967 addit,
675 2934 719 2961 καί
734 2931 834 2965 ἀδελφᾶ
854 2932 991 2965 πεπλημμι

1044 2931 1127 2964 vitam,
1149 2940 1207 2966 qua:
1228 2931 1308 2958 cliam
1325 2930 1436 2959 reddidit
1453 2930 1596 2964 interpres.
