1997 3059
158 194 209 224 553

663 197 921 226 GLAPllYRORUM
941 198 974 225 IN
994 197 1136 225 ΕΧΟῡυΜ
1159 196 1221 224 [.lll.
1243 197 1285 224 lll.

1729 196 1781 224 ἔξω,

160 253 288 288 κλησίαν*
303 254 336 289 ἢν
351 254 397 281 καὶ
415 254 482 281 ἰδίαν
493 253 572 286 αὐτος
588 253 754 288 ἀποφαίνων,
772 253 815 280 διὰ
833 255 882 288 τῆς
897 252 944 279 τοῦ

1003 253 1080 288 gloria
1102 257 1129 279 et
1142 252 1240 280 decore
1261 251 1406 285 spoliatos;
1431 257 1478 277 eos
1493 253 1584 277 autem
1601 250 1647 284 qui
1664 250 1782 285 diligunt

161 298 314 330 Ψάλλοντος
332 299 425 334 φωνῆς
441 296 492 326 ὧδὲ
507 298 557 325 πού
573 306 653 334 φησι·
674 308 682 324 ι
698 296 762 324 Ὧδε
779 298 944 333 κατοικήσω,

159 343 199 371 ὅτι
215 344 385 379 ᾑρετισάμην
401 345 495 379 αὑτήν.
509 353 518 370 ι
534 345 608 371 Ἔδει
622 344 710 371 τοίνυν
723 344 768 371 καὶ
783 343 884 378 κόσμου
899 343 946 370 καὶ

159 388 237 423 δόξης
271 389 386 424 ὁρᾶσθαι
411 389 503 416 λοιπον
528 389 780 425 ἀπημφιεσμένους,
807 390 869 420 τοὺς
896 389 946 415 οὐκ

160 432 268 467 ἔχοντας
284 433 330 459 τὸν
351 434 535 469 Ἐμμανουήλ,
546 433 592 460 τὸν
613 434 662 468 τῆς
677 433 754 468 δόξης
774 433 885 469 Κύριον,
901 433 946 459 τὸν

161 480 215 509 τοῖς
235 478 379 512 ἀγαπῶσιν
395 479 485 509 αὑτὸν,
507 479 553 505 τὸν
573 479 605 505 ὲκ
631 479 747 510 πίστεως
773 479 820 505 καὶ
842 478 946 513 ἀρετῶν

162 523 333 557 περιτιθέντα
347 523 458 558 κόσμον·
476 524 512 555 ὡς
528 524 574 553 ἐπὶ
593 523 680 559 τούτῳ
698 524 729 558 δὴ
742 524 802 550 λίαν
816 523 947 559 ήσθὲντας

162 570 261 596 εἰπεῖν·
284 579 293 595 1
323 569 538 605 Ἀγαλλιάσθωὴ
557 570 628 605 ψυχή
655 579 704 605 μου
722 570 768 596 ἐπὶ
786 569 824 605 τῷ
841 569 942 605 Κυρίῳ.

168 616 290 643 Ἐνὲδυσε
309 617 363 651 γάρ
380 626 414 652 με
429 617 534 652 ἱμάτιον
552 618 695 653 σωτηρίου,
710 619 757 644 καὶ
778 618 878 653 χιτῶνα
899 618 945 644 εὐ-

162 662 306 698 φροσύνης.
329 664 371 694 Ὠς
391 664 499 699 νυμφίῳ
521 663 667 700 περιέθηκέ
690 672 734 699 μοι
763 664 871 699 μίτραν,
896 664 942 690 καὶ

993 298 1093 333 ipsum,
1109 297 1277 324 ornamentis
1292 295 1354 322 tidoi
1367 299 1395 323 et
1408 295 1515 323 virtutis
1529 295 1639 322 indutos
1653 299 1780 330 tauquam

993 344 1027 371 de
1043 351 1076 371 eo
1097 343 1275 370 vehementer
1294 342 1402 377 gavisos
1420 346 1529 376 oportet
1549 341 1641 368 dicere
1659 349 1665 367 ε
1694 350 1702 366 ι
1728 341 1781 367 Ev-

993 390 1073 420 sulta.
1093 389 1183 415 anima
1196 395 1266 420 mea,
1281 387 1440 414 iubomiuo.
1451 386 1542 413 Induit
1552 385 1624 412 enim
1638 393 1680 412 me
1696 385 1782 411 resti-

994 439 1085 462 mento
1114 434 1209 461 salutis
1239 438 1265 460 et
1298 432 1465 460 indumentis
1505 431 1615 458 laetitiae.
1641 431 1781 465 Tanquam

996 488 1095 514 sponso
1107 479 1236 514 imposuit
1248 479 1314 505 mihi
1329 485 1468 509 coronam,
1477 481 1505 504 et
1517 482 1645 511 tanquam
1654 483 1781 510 sponsam

995 525 1139 553 exornavit
1166 533 1209 552 me
1223 525 1245 540 ⁷³
1270 535 1278 550 ι
1310 523 1488 551 Pulehritudo
1512 523 1585 550 enim
1606 522 1662 549 bzee
1681 521 1781 549 eximia

993 576 1074 606 atque
1087 571 1200 606 insignis
1207 575 1258 602 est,
1272 570 1451 605 iutelligibilis
1459 569 1590 596 nimirum
1602 569 1657 600 illa,
1667 575 1728 602 qua:
1739 571 1780 594 est

993 618 1020 645 in
1032 617 1152 648 Christo,
1165 625 1215 651 per
1225 623 1306 651 quem
1327 620 1355 643 et
1368 623 1429 642 cum
1445 623 1500 651 quo
1515 620 1558 643 est
1576 614 1661 650 gloria
1675 615 1731 641 Deo
1752 617 1780 640 et

993 663 1066 691 Patri
1077 671 1138 691 cum
1149 663 1251 698 Spiritu
1260 663 1386 690 sanctoiu
1396 663 1492 690 saecula
1500 663 1672 690 sznculorum.
1684 661 1780 689 Amen.

160 708 197 739 ὼς
207 707 315 742 νύμφην
331 709 519 744 κατεκόσμησὲ
540 718 573 744 με
592 709 697 744 κόσμῳ.
714 718 723 735 ι
745 709 898 745 Ἐκπρεπὲς
925 710 980 745 γὰρ
998 709 1029 744 δὴ
1043 709 1103 736 λίαν
1119 711 1148 736 τὸ
1163 709 1269 741 κάλλος,
1284 709 1361 744 δῆλον
1378 708 1406 735 δὲ
1419 709 1458 735 ὃτι
1472 708 1500 734 τὸ
1515 709 1544 734 ἐν
1561 708 1673 744 Χριστῷ
1681 708 1711 735 τδ
1722 715 1783 742 νοη-

161 753 222 780 τόψ
237 753 269 780 δι’
287 751 317 781 οὗ
331 754 378 780 καὶ
392 754 449 788 μεθ’
462 751 492 781 οὗ
506 754 544 789 τῷ
556 754 615 789 θεῷ
624 755 670 780 καὶ
686 754 771 790 Πατρὶ
789 755 804 789 ή
821 755 884 787 δόξα
894 755 941 781 σὺν
961 755 1030 790 ἁγίῳ
1048 753 1185 790 Πνεύματι
1198 753 1245 780 νῦν
1261 754 1308 780 καὶ
1337 755 1390 784 ἀεὶ,
1404 754 1449 780 καὶ
1470 754 1509 785 είς
1522 752 1585 784 τοὺς
1599 753 1699 784 αἰῶνας
1728 753 1782 779 τῶν

161 798 276 826 αἰώνων.
297 799 325 825 ’Δ
330 799 392 834 μήν.

162 856 231 890 Περὶ
246 855 300 882 τοῦ
321 856 515 891 παλύμματος
535 857 587 894 τοῦ
603 858 638 884 ἐν
659 858 698 891 τῷ
717 859 864 894 προσώπῳ
879 861 945 887 Μω-
961 853 981 880 Β

509 892 596 925 σέως.

200 955 209 971 1
230 943 302 980 Ἆρά
316 954 348 980 τε
363 946 505 980 γινώσκεις
519 947 537 974 δ.
548 948 759 989 ἀναγινώσκεις)
771 959 780 975 ι
796 950 898 985 Πρέποι
913 951 946 978 ἂν

162 991 274 1019 εἰκότως
283 992 340 1022 τοῖς
357 991 488 1018 Ἰουδαίων
499 992 710 1027 ἐπιφθέγγεσθαι
727 994 832 1029 δήμοις.
844 995 868 1021 οἳ
878 995 947 1030 πρὸς

163 1036 241 1063 τοῦτο
256 1036 334 1071 ἣκειν
359 1037 528 1072 ἀποπληξίας
545 1039 664 1074 νοηθεῖεν
686 1039 728 1071 ἂν,
750 1040 787 1072 ὡς
804 1041 946 1076 ἁκαρδίους

162 1082 255 1109 λοιπον
279 1082 355 1116 παρά
384 1091 415 1116 γε
441 1084 497 1115 τοῖς
530 1084 612 1119 ἱεροῖς
639 1085 819 1120 ὀνομάζεσθαι
845 1086 945 1121 λόγοις.

166 1137 174 1153 1
186 1128 252 1154 ’ἰδοὺ
267 1127 331 1163 γὰρ,
344 1128 420 1163 φησὶ.
436 1128 499 1160 λαὸς
515 1130 605 1164 μωρὸς
617 1130 664 1157 καὶ
679 1131 818 1166 ἀκάρδιος.
831 1132 946 1165 Ὀφθαλ-

165 1173 215 1208 μος
229 1174 330 1206 αὐτοῖς,
347 1175 393 1201 καὶ
408 1175 437 1201 οὺ
453 1175 596 1209 βλέπουσιν
609 1173 689 1203 ’.ὦτα
710 1177 811 1209 αὐτοῖς,
828 1178 875 1205 καὶ
897 1179 946 1205 οὐκ

164 1217 317 1246 ἀκούονται.
341 1229 349 1244 ι
365 1219 426 1246 ’Ότι
437 1219 465 1246 δὲ
479 1221 606 1255 ἀνόνητος
621 1222 759 1254 παντελῶς
773 1222 820 1250 καὶ
834 1225 847 1249 ὁ
866 1223 947 1258 νόμος

163 1264 254 1295 αὐτοῖς
272 1264 384 1298 γέγονεν
399 1265 476 1292 όνδιὰ
500 1267 632 1299 Μωσέως,
656 1268 699 1294 διὰ
715 1268 746 1295 τὸ
764 1269 812 1303 τῆς
834 1269 947 1304 ἐνούσης

165 1309 256 1340 αὐτοῖς
272 1309 416 1342 ἀσυνεσίας
431 1311 544 1346 μέγεθος
570 1312 615 1338 καὶ
630 1313 710 1345 αὐτὸς
724 1314 788 1348 ἡμῖν
802 1314 817 1340 ό
831 1314 947 1350 Χριστὸς

165 1353 306 1389 παρέδειξε
323 1354 409 1389 λέγων
419 1364 426 1371 ·
441 1365 450 1381 ι
462 1357 604 1391 Ἐρευνᾱτε
617 1357 665 1389 τὰς
678 1358 799 1393 Γραφὰς,
817 1358 888 1395 [καὶ]
906 1360 947 1386 ὅτι

165 1400 245 1434 ὑμεῖς
265 1399 367 1426 δοκεῖτε
389 1402 417 1428 ὲν
439 1402 535 1435 αὑταῖς
556 1403 627 1439 ζωήν
653 1403 760 1431 αἰώνιον
787 1404 867 1440 ἔχειν.
892 1405 947 1431 Καὶ

165 1445 268 1480 ἐκεῖναί
280 1447 348 1473 εἰσιν
361 1447 388 1473 αί
409 1448 593 1484 μαρτυροῦσαι
610 1449 673 1484 περὶ
696 1449 774 1484 ἐμοῦ.
790 1449 846 1476 Καὶ
860 1450 890 1476 οὑ
902 1449 947 1476 Θέ-

165 1490 223 1517 λετε
235 1491 322 1518 ἐλθεῖν
335 1492 401 1527 πρός
419 1501 462 1528 με,
480 1493 523 1519 ἵνα
536 1494 607 1529 ζωὴν
623 1494 713 1529 ἔχητε.
728 1504 737 1520 ι
756 1494 886 1530 Πώρωσις
897 1495 946 1529 μὲν

165 1537 220 1573 γὰρ
242 1537 296 1564 ἀπὸ
316 1538 415 1573 μέρους
438 1538 545 1572 ἐγένετο
567 1538 605 1574 τῷ
629 1540 745 1575 Ἰσραὴλ,
772 1541 818 1567 καὶ
838 1540 881 1567 διὰ
902 1540 950 1567 τοῦ

167 1583 321 1619 πνεύματος
337 1584 475 1619 φωτισμὸν
493 1585 542 1611 οὐκ
557 1584 673 1619 ἔχοντες,
688 1586 799 1621 όκνηροὶ
820 1586 868 1621 μὲν
881 1584 950 1622 ἦσαν

167 1629 230 1663 περὶ
247 1629 295 1664 τὴν
318 1629 421 1662 πίστιν,
440 1630 687 1665 δυσμετακόμιστοι
715 1631 742 1657 δὲ
762 1631 858 1667 κομιδῇ
883 1631 951 1666 πρὸς

167 1674 197 1700 τὸ
209 1673 263 1700 δεῖν
274 1673 383 1700 ἑλέσθαι
396 1674 443 1701 καὶ
455 1676 563 1710 φρονεῖν
577 1675 611 1702 τὰ
620 1676 659 1707 είς
672 1676 808 1711 σωτηρίαν
819 1676 951 1712 χρήσιμα.

175 1719 243 1746 Ἀλλ’
259 1719 309 1746 οὐκ
324 1719 376 1765 ἔξω
388 1720 465 1755 δίκης
479 1719 534 1747 εἷεν
551 1721 594 1752 ἂν,
612 1721 660 1750 ὅτι,
682 1721 750 1756 μετὰ
764 1722 793 1748 τὺ
802 1721 907 1748 ἑλέσθαι
922 1721 953 1748 τὸ

169 1764 299 1799 ὠφελοῦν,
307 1765 455 1801 ἐτράποντο
465 1766 563 1800 μᾶλλον
572 1767 610 1798 εἰς
619 1766 794 1801 ἀνουθέτητον
803 1766 952 1793 ἀπείθειαν·

170 1811 216 1837 καὶ
230 1811 260 1837 τὺ
275 1811 332 1845 φῶς
344 1811 450 1845 ἔχοντες
461 1812 491 1837 τδ
503 1812 532 1844 ἐξ
543 1811 658 1847 οὐρανοῦ
670 1812 716 1838 καὶ
727 1811 838 1843 ἄνωθεν,
847 1812 955 1848 ἠγάπη-

172 1863 221 1882 σαν
235 1855 333 1891 μᾶλλον
347 1856 378 1882 τὺ
392 1855 429 1887 ὡς
443 1857 471 1883 ἐν
482 1857 560 1882 νυκτὶ
576 1855 691 1891 βαδίζειν
702 1856 749 1883 καὶ
758 1857 855 1892 σκότῳ.
870 1857 955 1884 Τοῦτο

171 1901 219 1927 καὶ
245 1901 260 1927 ό
282 1902 423 1936 προφήτης
449 1901 627 1937 ὑπεσήμηνεν
650 1902 736 1936 λέγων
763 1903 826 1938 περὶ
850 1902 952 1929 αὐτῶν·

174 1957 183 1973 ι
207 1947 424 1983 ’Υπομεινὰντων
436 1947 524 1974 αὐτῶν
539 1948 607 1982 φῶς,
619 1948 727 1983 ἐγένετο
739 1948 829 1980 αὐτοῖς
844 1948 953 1981 σκότος’

143 1991 149 1995 ’
174 1993 312 2029 μείναντες
329 1993 424 2028 αὐγὴν,
442 1994 470 2020 ἐν
487 1994 576 2029 ἀωρίᾳ
593 1994 809 2029 περιεπάτησαν.
832 2003 840 2019 t
862 1994 956 2028 Μεμε-

173 2040 334 2076 νήκασιγάρ
345 2042 455 2076 τραχεῖς
468 2041 513 2067 καὶ
529 2040 641 2076 ἐξήνιοι,
656 2041 703 2067 καὶ
714 2041 802 2074 ὀλίγου
818 2039 956 2072 παντελῶς

173 2085 311 2117 ἀξιοῦντες
327 2085 405 2120 λόγου
431 2086 465 2112 τὰ
488 2085 625 2121 λυσιτελῆ.
644 2086 691 2112 καὶ
705 2086 739 2112 δι’
760 2082 798 2112 ὧν
819 2085 892 2117 εξκίς
910 2085 956 2111 καὶ

173 2129 231 2158 λίαν
246 2130 364 2165 ἀμογητὶ
385 2130 524 2166 διαδρᾶναι
545 2130 574 2157 τὺ
599 2130 718 2158 ἀδικοῦν.
743 2129 892 2164 Ἐπεφώνει
907 2129 957 2165 μὲν

172 2178 227 2211 γάρ
245 2177 259 2203 ὁ
278 2176 411 2224 Χριστός-³
430 2185 439 2202 1
463 2176 533 2210 Ἐγώ
555 2177 613 2211 εἰμι
635 2177 666 2203 τὸ
682 2176 739 2211 φῶς
754 2176 800 2203 τοῦ
816 2176 930 2208 κόσμου.
943 2184 953 2201 ι
973 2196 994 2224 D

175 2224 240 2255 Καὶ,
261 2233 269 2249 ι
286 2223 358 2255 Ἕως
378 2219 408 2250 οὗ
423 2223 453 2249 τὸ
474 2223 532 2255 φῶς
551 2223 638 2258 ἔχετε,
665 2223 838 2258 περιπατεῖτε
867 2223 895 2248 ὲν
918 2221 955 2257 τῷ

175 2269 254 2303 φωτὶ,
271 2269 314 2296 ἴνα
327 2269 364 2304 μὴ
383 2269 399 2303 ή
414 2269 507 2296 σκοτία
519 2269 590 2304 ὑμᾶς
607 2268 755 2303 καταλάϐῃ.
771 2277 779 2292 1
796 2268 826 2294 οι
841 2267 870 2293 δὲ
886 2264 956 2302 ἦσαν

175 2315 203 2341 ἒν
219 2315 269 2349 ἴσῳ
283 2317 337 2346 τοῖς
353 2315 403 2341 οὐκ
424 2315 516 2349 ἔχουσι
536 2314 607 2345 νοῦν,
636 2314 652 2349 ἢ
675 2314 786 2349 φρένας.
814 2313 957 2348 Τοιγάρτοι

176 2360 223 2387 καὶ
233 2360 442 2395 κατελήφθησαν
456 2360 508 2386 ὑπὸ
524 2360 575 2394 τῆς
596 2359 717 2390 σκοτίας,
730 2359 777 2385 καὶ
790 2358 957 2385 διατελοῦσιν

176 2404 212 2436 15.:
237 2406 265 2432 ὲν
287 2406 374 2436 νυκτὶ,
398 2404 525 2440 ὰμὲτοχοι
541 2403 677 2435 παντελῶς
692 2404 742 2438 τῆς
764 2403 838 2435 Θείας
858 2402 955 2437 αὐγῆς,

177 2450 222 2476 καὶ
237 2450 267 2477 τὺ
289 2450 346 2485 φῶς
364 2450 395 2476 τὸ
413 2450 484 2476 θεῖον
508 2450 558 2476 οὐκ
578 2449 702 2484 ἕχοντες’
717 2450 748 2476 οὐ
772 2449 877 2475 συνιᾶσι
905 2448 959 2483 γὰρ

177 2494 314 2526 παντελῶς
338 2494 387 2529 τὴν
405 2494 580 2520 θεόπνευστον
600 2494 720 2528 Γραφήν.
744 2493 799 2520 Καὶ
815 2493 858 2519 διὰ
880 2492 959 2519 ποίαν

176 2541 276 2572 αἰτίαν,
300 2541 427 2575 σαφηνιεῖ
441 2539 527 2574 λέγων
551 2541 617 2575 ἡμῖν
639 2541 653 2566 ὁ
669 2539 810 2570 θεσπέσιος
836 2539 958 2570 Παῦλοςο

179 2596 188 2612 ι
208 2587 289 2622 ’Δχρι
303 2587 357 2621 γὰρ
367 2586 416 2620 τῆς
434 2586 553 2621 σήμερον
571 2585 676 2620 ἡμέρας
695 2585 725 2612 τὸ
744 2585 808 2612 αὐτὸ
829 2585 960 2620 κάλυμμα

177 2632 223 2660 ἰπὶ
242 2633 274 2668 τῇ
295 2631 445 2666 ἀναγνώσει
463 2631 646 2667 τῆςμΠαλαιᾶς
665 2631 801 2666 Διαθήκης
826 2630 899 2664 μένει
923 2629 959 2665 μὴ

177 2677 433 2712 ἀνακαλυπτόμενον
443 2697 451 2709 ,
466 2677 509 2703 ὅτι
519 2677 547 2703 ἐν
558 2676 667 2711 Χριστῷ
684 2676 870 2710 καταργεῖται.
881 2675 959 2701 ’Ἀλλ’

177 2723 230 2755 ἕως
247 2724 365 2758 σήμερον
381 2723 462 2758 ἡνίκα
474 2721 690 2755 ἀναγινώσκεται
701 2721 814 2755 Μωσῆς.
829 2721 959 2755 κάλυμμα

179 2769 223 2795 ἐπὶ
242 2769 290 2804 τήν
312 2768 425 2803 καρδίαν
445 2768 535 2795 αὐτῶν
555 2769 652 2794 κεῖται.
679 2760 774 2793 ’ίΙνίκα
798 2767 820 2794 δ’
843 2766 875 2793 ἆν
900 2767 959 2792 ἐπι-

216 2862 237 2876 ⁷¹
258 2860 375 2888 lsa.1.x1.
397 2860 436 2891 l0.
453 2861 494 2886 ll.

181 2904 219 2923 tu.
240 2896 270 2923 l9

534 2860 556 2887 7.‘
572 2859 629 2886 .\c.t.
652 2867 706 2889 vm.
725 2859 768 2885 50.

336 2896 358 2910 τ’
384 2896 432 2922 Isa.
458 2904 508 2923 1.1x.
525 2895 550 2921 9.
599 2894 712 2920 "Joan.
728 2902 783 2927 vm,
808 2894 847 2920 l2.

807 2859 829 2873 ⁷⁸
853 2859 952 2886 Jerem.
979 2868 1004 2890 ν,
1031 2859 1074 2886 21.

1180 857 1217 884 De
1231 856 1359 884 velamine
1374 858 1400 884 in
1417 857 1483 891 [acie
1500 857 1577 883 Mosi:

1036 958 1044 973 1
1055 948 1173 976 Putasne
1187 955 1246 983 qua:
1257 948 1335 984 legis,
1352 948 1546 984 intelligis"?1
1561 949 1717 976 Judaeorum
1733 958 1782 984 po-

996 994 1068 1027 pulis
1085 993 1281 1021 convenienter
1294 993 1347 1021 dici
1364 998 1463 1028 potest,
1483 993 1528 1028 qui
1547 1002 1580 1020 eo
1596 994 1716 1028 stuporis
1734 1002 1783 1021 ve-

996 1039 1069 1066 uisse
1085 1043 1249 1071 cernuntur,
1266 1043 1296 1065 ut
1309 1039 1441 1066 excordes
1459 1039 1485 1066 in
1505 1039 1590 1066 sacris
1603 1039 1715 1066 Litteris
1734 1048 1783 1067 uo-

997 1084 1146 1111 minentur.
1166 1094 1175 1110 1
1199 1084 1268 1111 Ecce
1285 1084 1369 1116 enim,
1382 1085 1481 1120 inquit,
1502 1085 1620 1119 populus
1635 1085 1737 1112 stultus
1757 1090 1785 1112 ct

996 1137 1102 1157 excors.
1123 1129 1199 1157 Oculi
1223 1130 1305 1165 ipsis,
1319 1134 1346 1157 et
1361 1138 1415 1157 non
1440 1130 1550 1163 vident;
1571 1138 1652 1157 aures
1668 1131 1743 1165 ipsis,
1758 1135 1786 1158 et

997 1183 1051 1202 non
1064 1175 1177 1203 audiunt
1187 1175 1221 1202 ⁷⁵.
1243 1185 1251 1201 ι
1269 1175 1346 1208 Quod
1355 1180 1445 1203 autem
1465 1176 1507 1203 lex
1522 1175 1604 1203 Mosis
1618 1183 1730 1210 prorsus
1744 1176 1785 1210 ip.

997 1221 1035 1248 sis
1053 1220 1134 1248 fuerit
1157 1220 1262 1247 inutilis
1282 1225 1394 1255 propter
1411 1228 1470 1248 eam
1486 1228 1547 1256 quze
1566 1220 1606 1247 eis
1634 1221 1705 1248 inest
1719 1219 1786 1248 insi-

997 1266 1106 1301 pientire
1121 1265 1346 1301 magnitudinem,
1361 1266 1503 1300 ipsenobis
1515 1266 1641 1294 Christus
1655 1266 1785 1299 ostendit,

997 1311 1091 1338 dicens
1107 1319 1114 1337 τ
1142 1321 1151 1336 ι
1170 1311 1333 1338 Scrutamini
1353 1311 1527 1346 Scripturas,
1541 1312 1603 1346 quia
1620 1319 1668 1339 vos
1685 1311 1788 1347 putatis

998 1356 1025 1383 in
1042 1356 1109 1391 ipsis
1124 1357 1206 1384 vitam
1231 1361 1361 1384 aeternam
1385 1356 1498 1383 habere.
1516 1356 1549 1383 Et
1567 1357 1619 1383 illae
1645 1361 1710 1384 sunt
1727 1364 1788 1391 qua:

999 1402 1184 1428 testimonium
1197 1401 1344 1435 perhibent
1361 1401 1394 1429 de
1409 1409 1463 1428 me.
1479 1401 1573 1436 Neque
1585 1401 1667 1428 vultis
1694 1402 1788 1428 venire

998 1445 1031 1473 ad
1045 1453 1099 1478 me,
1115 1450 1145 1472 ut
1163 1445 1287 1473 habeatis
1300 1445 1383 1472 vitam
1392 1446 1425 1473 ⁷⁵.
1447 1456 1456 1472 ι
1478 1444 1636 1474 Excrecatus
1651 1447 1725 1474 enim
1745 1451 1789 1474 est

998 1498 1032 1517 ex
1048 1495 1126 1525 parte
1143 1490 1237 1523 Israel,
1248 1495 1277 1518 et.
1297 1490 1525 1518 illuminationem
1537 1491 1651 1526 spiritus
1668 1499 1722 1519 non
1741 1491 1791 1518 ha-

1004 1536 1110 1569 bentes,
1123 1537 1255 1564 tardiores
1264 1542 1327 1564 sunt
1340 1537 1373 1564 ad
1391 1537 1568 1570 credendum,
1578 1536 1790 1572 ditlicillimeque

1010 1575 1155 1603 ﬂectuntur
1172 1583 1202 1603 ut
1217 1578 1318 1612 eligant
1333 1583 1360 1605 et
1378 1579 1486 1612 sapiant
1505 1587 1566 1613 quae
1583 1578 1740 1605 conducunt
1756 1577 1791 1604 ad

1010 1623 1125 1650 salutem
1140 1624 1174 1650 ".
1190 1623 1323 1651 Caeterum
1338 1625 1410 1651 haud
1427 1625 1548 1660 impune,
1579 1632 1641 1652 cum
1658 1624 1741 1658 aliqui
1764 1624 1790 1651 id

1009 1670 1082 1704 quod
1092 1671 1158 1698 utile
1170 1675 1212 1698 est
1226 1671 1351 1706 amplecti
1368 1671 1539 1704 debuissent,
1567 1672 1599 1697 ad
1617 1670 1793 1705 ineorrigibi-

1009 1715 1060 1743 lem
1079 1715 1298 1743 incredulitatem
1315 1709 1538 1749 declinaverunt;
1553 1721 1580 1743 et
1607 1715 1738 1742 habentes
1751 1715 1792 1742 lu-

1009 1772 1070 1791 men
1089 1764 1210 1796 cmleste,
1229 1763 1316 1798 magis
1330 1768 1493 1790 amaverunt
1505 1762 1687 1790 ambulare-iu
1713 1765 1792 1790 nocte

1009 1810 1071 1838 etin
1101 1810 1220 1837 tenebris
1242 1810 1275 1837 "".
1297 1810 1375 1842 Quod
1397 1814 1424 1837 et
1449 1810 1582 1844 propheta
1608 1807 1793 1836 subindicavit

1011 1857 1103 1884 dicens
1117 1865 1124 1884 τ
1136 1856 1218 1892 340
1234 1866 1242 1882 1
1259 1857 1327 1884 Cum
1344 1859 1548 1889 exspectassent
1563 1855 1660 1887 lucem,
1676 1854 1793 1882 tenebras

1010 1904 1049 1931 eis
1066 1903 1144 1930 facta:
1163 1907 1236 1934 sunt,
1253 1907 1442 1937 exspectantes
1455 1902 1640 1936 splendorem,
1667 1901 1694 1928 in
1712 1905 1792 1927 nocte

1009 1950 1219 1977 ambulaverunt
1233 1949 1265 1976 ⁷⁸.
1287 1958 1295 1974 ι
1313 1948 1526 1975 I’ermanserunt
1545 1948 1619 1974 enim
1636 1947 1697 1974 duri
1711 1950 1792 1979 atque

1009 1996 1136 2028 etl‘reues,
1149 2002 1237 2030 neque
1257 1995 1339 2021 ullam
1369 1995 1483 2022 omnino
1506 1993 1630 2020 utilitatis
1657 1992 1791 2019 rationem

1010 2041 1175 2073 habuerunt,
1191 2044 1238 2068 aut
1251 2047 1344 2067 eorum
1358 2046 1406 2072 per
1418 2047 1478 2074 qu:e
1492 2038 1617 2066 licuisset
1632 2037 1700 2072 ipsis
1712 2035 1792 2064 noxia

1010 2087 1137 2122 effugere.
1148 2085 1315 2114 lnelamabat
1327 2085 1399 2112 enim
1413 2084 1538 2112 Christus
1557 2093 1564 2116 ;
1579 2093 1588 2110 1
1606 2082 1662 2117 Ego
1675 2089 1736 2109 sum
1747 2081 1792 2108 lux

1010 2133 1105 2161 mundi
1122 2133 1156 2160 "’.
1180 2142 1188 2158 ι
1205 2132 1237 2159 Ει
1255 2140 1262 2159 :
1283 2141 1292 2158 1
1313 2132 1381 2158 Dum
1409 2130 1496 2158 lucem
1511 2130 1629 2161 habetis,
1654 2127 1792 2155 ambulate

1011 2181 1037 2208 in
1059 2181 1131 2212 luce,
1146 2186 1179 2206 ne
1208 2186 1257 2205 vos
1289 2178 1406 2205 tenebrae
1425 2174 1704 2209 comprehendant".
1723 2183 1732 2200 ι
1757 2173 1793 2201 At

1010 2233 1072 2253 vero
1084 2226 1128 2254 isti
1146 2233 1207 2253 cum
1224 2224 1328 2252 similes
1339 2226 1431 2251 essent
1456 2221 1610 2249 amentibus
1621 2228 1651 2248 ac
1664 2219 1791 2255 stupidis.

1009 2267 1044 2294 ab
1058 2267 1122 2302 ipsis
1140 2266 1261 2294 tenebris
1279 2266 1441 2301 apprehensi
1458 2271 1537 2298 sunt,
1564 2270 1592 2293 et
1614 2271 1740 2301 tanquam
1767 2267 1793 2293 in

1010 2317 1089 2340 nocte
1101 2317 1249 2343 versantes,
1263 2312 1336 2338 nulla
1348 2319 1379 2338 ex
1393 2316 1468 2346 parte
1477 2311 1624 2346 participes
1635 2312 1795 2346 suntsplen-

1009 2357 1085 2385 doris
1101 2357 1196 2389 divini,
1215 2365 1264 2384 nec
1277 2357 1302 2384 in
1315 2365 1343 2384 se
1355 2357 1475 2383 divinam
1488 2357 1575 2384 lucem
1587 2357 1689 2384 habent
1702 2365 1708 2383 :
1722 2357 1796 2384 nullo

1009 2403 1176 2431 enimmodo
1187 2403 1354 2437 Seripturam
1366 2402 1498 2429 divinitus
1515 2402 1673 2437 inspiratam
1693 2403 1795 2431 intelli—

1007 2453 1084 2483 gunt.
1101 2448 1218 2475 Causam
1231 2456 1296 2475 vero
1310 2447 1406 2475 beatus
1420 2448 1499 2475 nobis
1510 2448 1609 2475 Paulus
1627 2448 1794 2475 declarabit:

1012 2502 1020 2518 1
1043 2492 1132 2527 Usque
1154 2492 1188 2519 ad
1202 2492 1375 2523 hodiernum,
1395 2492 1532 2526 inquiens,
1559 2491 1643 2524 diem,
1672 2492 1796 2519 velamen

1009 2539 1035 2565 in
1049 2538 1164 2565 lectione
1175 2538 1278 2565 Veteris
1286 2537 1307 2564 'l'
1309 2537 1451 2565 estamenti
1462 2542 1553 2565 manet
1568 2545 1622 2565 non
1635 2538 1796 2570 revelatum,

1008 2584 1071 2619 quia
1099 2583 1208 2611 Christo
1233 2584 1367 2611 aboletur.
1404 2584 1457 2611 Sed
1476 2591 1562 2619 usque
1583 2584 1610 2611 in
1634 2584 1796 2612 hodiernum

1013 2629 1086 2656 diem
1107 2629 1217 2663 quando
1240 2629 1338 2665 legitur
1355 2630 1456 2662 Moses,
1479 2630 1602 2657 velamen
1624 2629 1650 2657 in
1667 2630 1798 2658 cordibus

1013 2675 1134 2710 ipsorum
1150 2675 1266 2708 positum
1287 2681 1338 2703 est.
1357 2676 1424 2703 Cum
1446 2681 1538 2703 autem
1561 2684 1590 2704 se
1613 2676 1797 2710 converterint

1013 2720 1046 2747 ad
1058 2720 1207 2750 Christum,
1221 2721 1331 2748 tolletur
1348 2721 1480 2749 velamen.
1498 2721 1628 2749 Dominus
1638 2727 1729 2749 autem
1743 2721 1796 2756 spi-

1014 2765 1084 2792 ritus
1105 2771 1155 2793 cst.
1173 2766 1221 2793 Ubi
1239 2772 1329 2793 autem
1349 2767 1464 2802 spiritus
1478 2767 1594 2799 Domini.
1617 2767 1653 2794 ibi
1673 2773 1699 2794 et
1713 2767 1796 2794 Iiber—

1114 2860 1135 2875 τ’
1163 2859 1238 2886 Jnan.
1269 2866 1292 2889 γ,
1319 2859 1361 2885 59.

1415 2859 1436 2872 τί
1458 2858 1535 2885 Ιιωιιι.
1553 2867 1588 2892 χι,
1619 2859 1645 2885 7.
1683 2858 1794 2885 "Joan.

887 2894 908 2908 9°
926 2893 1003 2921 J-tan.
1020 2903 1065 2926 x11,
1081 2895 1124 2921 51'}.
