1997 3059
151 181 197 209 5M

652 176 909 206 GLAPllYRORUM
929 176 962 204 IN
982 175 1174 206 LEVITICUM
1192 178 1301 207 LIBER.

1719 183 1769 210 5H

151 238 200 266 ’τού
217 246 299 273 φησιν
323 238 336 265 6
361 237 443 264 Δειῆιδ
461 238 489 264 ὲν
514 235 597 272 βίϐλῳ
615 235 738 271 Ψαλμῶν
755 234 822 270 πρὸς
845 234 891 261 τὸν
906 235 934 261 ὲν

989 244 998 260 ι
1016 234 1186 263 Sacriﬁcium
1201 240 1229 264 et
1240 236 1407 264 oblationem
1420 237 1532 265 noluisti
1546 246 1552 264 :
1567 245 1667 273 carpus
1675 244 1766 267 autem

151 284 273 320 οὗρανοῖς
290 283 399 319 Πατέρα
413 282 458 309 καὶ
472 281 554 308 Θεόν·
574 290 583 307 ι
604 281 705 308 Θυσίαν
719 280 766 307 καὶ
776 279 936 315 προσφορὰν

151 331 197 357 οὐκ
213 330 343 363 ἑθέλησας
358 337 364 344 ·
381 328 459 363 σῶμα
472 328 500 355 δὲ
521 327 677 362 κατηρτίσω
692 336 745 362 μοι.
770 325 936 353 Ὀλοκαυτώ-

151 383 224 410 ματα
239 375 285 402 καὶ
301 375 364 411 περὶ
377 374 514 410 ἁμαρτίας
526 373 576 400 οὐκ
587 373 748 408 ηὑδόκησας.
763 373 829 399 Τότε
841 370 917 399 εἶπον
926 378 934 386 '

155 421 219 448 Ἰδοὺ
241 421 301 456 ἥκω
314 441 321 454 ,
338 421 385 448 τοῦ
407 422 536 456 ποιῆσαι,
560 421 574 446 ὸ
587 419 653 450 Θεὸς
667 437 675 450 ,
693 419 722 445 τὺ
739 418 846 454 θέλημά
867 426 913 444 σου
927 437 935 450 ,

150 467 315 502 ἠϐουλήθην.
338 477 348 493 ι
365 467 421 493 Καὶ
439 467 520 493 ταυτὶ
542 466 574 502 δὴ
588 465 669 492 πάλιν
686 465 774 497 ἔξεστι
791 463 936 499 καταθρεῖν

151 513 199 539 καὶ
214 514 245 539 ἐκ
262 512 314 539 τῶν
329 513 531 548 γεγραμμένων
546 513 575 538 ὲν
591 511 630 546 τῷ
644 510 786 545 Λευῖτικῷ.
810 510 886 544 Ἔχει
908 509 936 535 δὲ

150 558 247 590 οὕτως’
254 568 262 584 ι
275 558 337 584 Ἐὰν
343 558 370 585 δὲ
379 557 536 594 προσφέρῃς
542 557 636 583 θυσίαν
642 554 841 592 πρωτογεν[ν]η
845 556 938 590 μάτων

151 603 189 638 τῷ
203 604 296 639 Κυρίῳ
306 604 352 630 νέα
362 604 541 639 πεφρυγμένα
555 603 634 638 χίδρα
651 602 760 637 ὲρεικτὰ
771 601 809 636 τῷ
825 601 919 636 Κυρίῳ
929 620 936 632 ,

150 651 199 677 καὶ
220 650 373 684 προσοίσεις
386 649 434 685 τὴν
453 649 547 676 θυσίαν
561 649 615 675 τῶν
628 647 935 683 πρωτογεν[ν]ημάτων,

151 696 197 721 καὶ
217 696 341 730 ὲπιχεεῖς
364 695 408 721 ἐπ’
432 694 516 730 αὐτὴν
537 695 641 726 ἔλαιον,
661 694 706 720 καὶ
730 693 870 727 ἐπιθήσεις
893 692 936 719 ἐπ’

150 740 234 776 αὐτὴν
258 740 378 768 λίϐανον.
405 740 490 767 Θυσία
512 740 580 766 ἐστί.
605 739 661 766 Καὶ
683 739 784 766 ἀνοίσει
805 738 892 772 ἱερεὺς
907 737 937 764 τὸ

151 786 324 822 μνημόσυνον
337 786 422 821 αὑτῆς
437 785 491 812 ἀπὺ
500 785 554 812 τῶν
569 785 667 821 χίδρων
676 784 723 811 σὺν
740 783 778 819 τῷ
789 783 878 818 ἐλαίῳ,
891 783 938 809 καὶ

151 833 239 860 πάντα
249 832 294 858 τὸν
306 832 413 858 λίῦανον
425 831 520 866 αὐτῆς,
534 830 673 866 κάρπωμά
686 830 743 856 ἐστι
758 828 796 864 τῷ
804 827 909 862 Κυρίῳ.
924 836 934 854 ι

186 879 218 913 β’.
239 878 371 914 Ἐναργὴς
386 876 434 905 οὖν
450 878 510 904 λίαν
529 878 544 904 ό
557 877 604 903 τοῦ
619 877 781 911 γράμματος
795 874 872 906 νοῦς,
889 870 936 900 καὶ

150 925 199 951 οὐκ
214 924 246 951 ἂν
262 924 348 951 δέοιτό
359 933 440 955 τινος,
455 923 580 958 καθάπερ
596 919 713 956 ὲγῷμαι,
726 920 806 947 πόνου
823 919 890 955 πρός
902 927 934 952 γε

150 971 180 997 τὸ
203 970 352 999 δύνασθαι.
373 969 455 1005 φημὶ,
474 968 593 995 συνιέναι
611 966 726 998 λεπτῶς.
757 966 830 1001 Πλὴν
846 966 936 991 ἐκεῖνο

150 1018 204 1054 ὲρῶ
218 1026 224 1032 ·
246 1015 332 1053 Χίδρα
345 1017 454 1051 λέγεται
470 1016 516 1054 τὰ.
527 1015 555 1048 ἐξ
570 1015 690 1050 ὀσπρίων
703 1014 816 1048 ἄλευρα.
840 1012 885 1039 Ἐν
905 1011 934 1038 δέ

150 1049 181 1099 γε
195 1065 252 1095 τοῖς
265 1049 361 1094 τύποις
376 1049 407 1089 τὸ
419 1049 536 1097 Χριστοῦ
552 1049 683 1096 λαμϐάνει
700 1060 859 1095 μυστήριον.
882 1058 937 1085 Καὶ

150 1109 224 1137 ἔστιν
241 1108 320 1141 αὐτὸς
333 1110 349 1144 ὴ
360 1107 514 1143 ὑπὲρὴμῶν
522 1107 610 1138 θυσία,
619 1106 649 1133 τὸ
662 1104 900 1142 πρωτογένῐν]ημα
907 1103 937 1130 τὸ

153 1155 344 1191 πνευματικὸν,
354 1154 502 1185 τουτέστιν,
514 1153 531 1188 ἡ
539 1153 588 1187 τῆς
598 1152 805 1188 ἀνθρωπότητος
813 1150 935 1185 ἀπαρχὴ,

149 1201 164 1227 ὁ
179 1200 348 1236 πρωτότοκος
361 1200 392 1226 ὲκ
403 1197 518 1234 νεκρῶν,
534 1197 548 1223 ό
559 1197 665 1232 πρῶτος
678 1196 717 1228 εἰς
731 1194 895 1230 ἀφθαρσίαν,
908 1193 938 1220 τὸ

149 1247 232 1273 οἱονεὶ
256 1245 420 1280 πρωτόλειον
434 1243 488 1270 τῶν
504 1243 723 1278 κεκοιμημένων.
750 1241 794 1273 Ὡς
811 1250 820 1266 ι
839 1240 938 1271 κόκκος

154 1293 204 1327 μὲν
216 1291 263 1318 τοῦ
281 1292 355 1317 σίτου
377 1300 385 1316 ι
409 1289 500 1316 πεσὼν
519 1289 566 1315 ἐπὶ
584 1289 632 1322 τὴν
654 1288 706 1322 γῆν
719 1287 767 1314 καὶ
781 1285 936 1317 ἀποθανὼν,

153 1338 286 1372 ἀστάχυος
299 1337 326 1363 δὲ
337 1336 413 1371 δίκην
427 1335 570 1366 πολλοστὸς
581 1333 694 1368 ἁναφύς.
708 1332 793 1359 Τοῦτο
805 1332 859 1367 γὰρ
872 1332 938 1367 ἡμῖν

154 1383 233 1415 αὐτὸς
246 1383 376 1417 ἀφηγεῖτο
387 1382 473 1415 λέγων
483 1389 489 1396 ·
503 1390 512 1406 ι
536 1380 597 1406 Ἐὰν
610 1379 646 1415 μὴ
658 1380 672 1405 ό
686 1378 785 1410 κόκκος
796 1378 843 1405 τοῦ
865 1378 937 1404 σίτου

154 1428 244 1456 πεσὼν
267 1429 306 1459 εἰς
331 1428 380 1462 τὴν
396 1427 448 1462 γῆν
471 1426 594 1462 ἀποθάνῃ
608 1446 615 1457 ,
634 1425 715 1456 αὐτὸς
739 1425 820 1460 μόνος
847 1423 937 1459 μένει,

154 1475 200 1502 ἐὰν
217 1475 245 1502 δὲ
261 1473 401 1509 ἀποθάνῃ,
422 1473 505 1500 πολὺν
526 1471 632 1507 καρπὸν
649 1471 736 1506 φέρει.
766 1480 776 1496 ι
794 1470 866 1505 Πλὴν
886 1471 939 1496 ἀπ-

152 1522 259 1553 έθανεν,
274 1521 303 1547 οὐ
319 1520 351 1546 δι’
364 1519 469 1550 ἐαυτῑν,
484 1518 539 1545 ἀλλ’
551 1519 626 1553 ἡμῖν.
638 1518 675 1553 (1)
693 1516 760 1544 Ἀλλ’
777 1517 842 1552 ἡμῖν
851 1517 938 1551 ὑπεμ-

952 905 972 931 Β

986 281 1120 316 adaptasti
1131 282 1208 309 mihi.
1221 282 1384 310 Holocausta
1394 287 1422 310 et
1435 291 1484 318 pro
1497 283 1616 318 peccatis
1629 291 1683 311 non
1698 293 1772 320 qua:-

986 327 1084 354 sivisti.
1107 328 1185 355 Tunc
1203 328 1279 355 dixi:
1305 327 1375 356 Ecce
1388 329 1479 361 venio,
1509 333 1539 356 ut
1563 329 1672 362 faciam,
1688 330 1770 363 Deus,

986 373 1154 401 voluntatem
1169 377 1255 406 tuam,
1268 375 1340 402 volui
1356 375 1389 401 οε.
1409 385 1418 400 ι
1432 375 1533 402 Eadem
1548 375 1631 410 igitur
1647 376 1729 403 etiam
1745 377 1770 403 in

987 418 1020 445 iis
1033 427 1094 453 quae
1105 419 1132 446 in
1142 419 1263 447 Levitico
1276 421 1377 455 scripta
1390 426 1464 452 sunt.
1480 421 1544 448 licet
1555 421 1636 448 nobis
1646 429 1770 449 cernere.

987 464 1095 491 Habent
1110 471 1202 492 autem
1218 465 1257 492 ita
1271 475 1277 492 ε
1293 475 1302 491 ι
1315 466 1343 493 Si
1357 466 1586 493 autemobtuleris
1608 467 1773 494 sacriﬁcium

987 510 1170 544 primitiarum
1182 515 1290 538 tuarum
1305 511 1420 538 Domino
1442 519 1513 539 nova
1528 511 1673 539 torrefacta
1701 513 1773 540 farra

987 555 1153 582 comminuta
1162 556 1287 588 Domino,
1303 561 1330 583 et
1356 557 1472 584 oﬂerres
1494 556 1657 585 sacriﬁcium
1678 558 1774 592 primi-

987 601 1086 628 tiarum
1112 605 1230 634 tuarum,
1248 607 1277 630 et
1300 602 1425 630 eﬂ'undes
1453 611 1531 638 super
1561 604 1650 638 ipsum
1668 605 1770 636 oleum,

986 651 1014 673 et
1031 647 1154 681 impones
1171 655 1253 682 super
1270 648 1337 675 illud
1368 649 1439 676 thus.
1471 649 1643 676 Sacriﬁcium
1666 653 1717 677 est.
1738 650 1772 677 Et

987 691 1084 719 olTeret
1097 693 1224 721 sacerdos
1251 695 1412 722 memoriale
1435 696 1496 730 ejus
1515 695 1549 722 de
1567 695 1688 724 farribus
1708 704 1771 724 cum

986 737 1058 770 oleo,
1072 743 1099 766 ct
1120 746 1200 766 omne
1230 740 1294 767 thus
1323 741 1392 775 ejus,
1408 740 1497 769 hostia
1519 745 1560 769 est
1575 742 1691 770 Domino
1706 742 1738 768 ³⁷.
1758 752 1767 768 ι

1022 877 1049 904 2.
1061 877 1145 905 Porro
1155 879 1318 913 perspicuus
1332 879 1478 906 admodum
1490 883 1532 906 cst
1545 879 1643 906 litterae
1660 888 1768 912 sensus,

986 930 1046 955 nec,
1067 923 1139 950 sicut
1151 930 1201 958 ego
1220 923 1349 956 arbitror,
1365 925 1481 951 multum
1507 925 1535 952 in
1552 925 1626 952 illius
1646 925 1769 953 declara-

986 968 1060 996 tione
1077 969 1258 996 laborandum
1269 969 1363 997 fuerit.
1377 970 1434 997 Hoc
1452 974 1558 997 tantum
1570 971 1671 1003 dicam,
1695 970 1770 1006 quod

985 1008 1071 1049 Χίδρα
1081 1014 1208 1042 dicantur
1226 1014 1321 1042 farinae
1333 1023 1368 1042 ex
1382 1016 1577 1050 leguminibus.
1591 1016 1673 1052 Atqui
1689 1016 1716 1044 in
1727 1016 1770 1044 his

986 1061 1057 1096 typis
1079 1061 1151 1095 capit
1179 1060 1281 1088 Christi
1296 1061 1464 1096 mysterium.
1488 1061 1549 1096 Ipse
1568 1062 1640 1089 enim
1661 1066 1702 1089 est
1721 1070 1771 1097 pro

987 1106 1067 1134 nobis
1092 1106 1194 1133 oblatio
1205 1106 1356 1141 primarum
1368 1107 1476 1142 frugum
1495 1107 1707 1142 spiritalis,'hoc
1718 1112 1770 1140 est,

986 1151 1114 1186 primitiae
1125 1151 1251 1179 humanae
1265 1157 1380 1183 naturae,
1394 1152 1594 1187 primogenilus
1607 1161 1622 1180 e
1645 1153 1771 1185 mortuis,
1800 1174 1807 1181 -.

987 1196 1094 1232 primus
1106 1196 1139 1223 ad
1155 1197 1401 1232 incorruptionem,
1423 1206 1455 1225 ac
1476 1199 1561 1226 veluti
1577 1199 1706 1234 primitiae
1723 1207 1772 1226 eo~

988 1250 1048 1269 rum
1058 1242 1105 1276 qui
1119 1242 1337 1270 obdormierunt.
1351 1243 1427 1270 Haud
1442 1251 1522 1271 secus
1533 1251 1615 1278 quam
1635 1253 1644 1269 ι
1658 1252 1771 1279 granum

988 1287 1072 1315 tritici
1085 1297 1094 1314 ι
1111 1295 1173 1315 cum
1186 1288 1317 1315 ceciderit
1333 1288 1361 1315 in
1373 1293 1486 1321 terram,
1505 1293 1532 1316 ct
1558 1294 1698 1316 mortuum
1715 1289 1773 1316 fue-

989 1334 1034 1366 rit,
1048 1338 1130 1369 atque
1144 1334 1230 1361 instar
1246 1335 1327 1369 spica:
1343 1335 1487 1370 multiplex
1508 1334 1642 1362 exoritur.
1657 1335 1715 1362 Hoc
1731 1340 1773 1362 est

988 1380 1061 1415 quod
1074 1380 1190 1415 ipsemet
1203 1381 1282 1408 nobis
1296 1385 1415 1413 enarrat,
1427 1381 1522 1408 dicens
1537 1390 1543 1408 :
1565 1392 1574 1407 ‹
1589 1382 1645 1409 Nisi
1657 1389 1772 1417 granum

989 1426 1073 1453 tritici
1085 1427 1236 1461 projectum
1250 1425 1277 1452 in
1289 1429 1391 1452 terram
1404 1426 1547 1458 moriatur,
1574 1426 1663 1461 ipsum
1684 1426 1772 1453 solum

989 1471 1130 1504 manet;si
1143 1475 1234 1498 autem
1249 1471 1491 1503 fueritmortuum,
1512 1472 1628 1498 multum
1642 1472 1694 1499 l‘ert
1715 1472 1772 1498 l'ru-

989 1520 1063 1543 ctum
1083 1515 1116 1542 ".
1140 1516 1296 1543 )Caeterum
1314 1523 1368 1543 non
1390 1520 1501 1551 propter
1522 1524 1550 1543 se
1570 1520 1696 1544 mortuus
1718 1521 1772 1549 est,

152 1569 261 1601 φήνειεν
283 1565 397 1596 ἀστείως
422 1563 453 1590 τὸ
482 1564 597 1600 γράμμα
613 1563 642 1590 τὸ
654 1562 772 1598 νομικόν.
800 1571 809 1588 ι
836 1562 867 1587 Et
885 1560 937 1595 γὰρ

991 1561 1038 1589 sed
1049 1561 1128 1588 nobis
1142 1561 1193 1588 hoc
1207 1561 1345 1596 praestitit.
1358 1561 1415 1588 lloc
1434 1565 1525 1588 autem
1544 1561 1621 1588 valde
1633 1561 1772 1596 eleganter

154 1611 185 1647 δή
207 1620 249 1642 τις
270 1610 372 1640 ἕλοιτο,
395 1609 480 1645 φησὶ,
510 1609 673 1643 δωροφορεῖν
703 1606 798 1633 θυσίαν
827 1614 936 1641 πρωτο-

154 1655 353 1692 γεν[ν]ημάτων
374 1655 413 1690 τῷ
434 1654 545 1689 Κυρίῳ,
571 1653 618 1680 νέα
650 1652 830 1687 πεφρυγμένα
861 1651 938 1686 χίδρα

155 1701 264 1736 ἑρεικτὰ
288 1700 327 1736 τῷ
351 1699 420 1734 Θεῷ.
442 1708 451 1724 ι
474 1699 567 1734 Ι’Λθρει
588 1697 619 1732 δὴ
643 1695 700 1729 οὖν,
718 1697 791 1728 ὅπως
815 1696 848 1723 ὲκ
871 1695 938 1722 νέων

157 1747 233 1782 ἡμᾶς·
250 1746 397 1782 προσάγειν
412 1744 517 1780 καρπον
535 1743 683 1779 προτρέπει
697 1742 808 1776 Μωσῆς,
840 1741 897 1777 ἤτοι
909 1740 939 1767 τὸ

155 1793 272 1827 γράμμα
285 1791 315 1817 τὸ
326 1790 447 1825 νομικόν.
475 1789 598 1824 ’Δπαρχὴ
613 1788 677 1823 γὰρ,
694 1787 731 1819 ὼς
749 1787 827 1821 ἔφην,
839 1787 887 1821 τῆς
900 1787 940 1817 εἰς

155 1837 299 1871 καινότητα
313 1835 384 1870 ζωῆς
405 1834 603 1870 ἀνανεουμένης
625 1833 729 1868 φύσεως
745 1832 872 1868 Χριστὸς,
893 1831 940 1858 καὶ

155 1884 183 1910 ἐν
191 1883 266 1918 αὐτῷ
274 1882 367 1916 γέγονε
383 1881 416 1907 τὰ
423 1881 512 1907 πάντα
527 1879 617 1907 καινά.
626 1889 634 1905 ι
643 1879 727 1913 Πλὴν,
736 1878 785 1904 οὐκ
793 1876 847 1913 [ἐκ]
859 1877 938 1912 μόνου

155 1929 338 1965 προσφέρεται
350 1928 423 1954 σίτου
435 1927 467 1953 τὰ
477 1927 516 1957 εἱς
528 1925 632 1957 θυσίαν,
645 1924 712 1951 ἀλλὰ
725 1924 771 1950 καὶ
781 1922 811 1955 ἐξ
820 1922 940 1958 ὀσπρίων

155 1973 348 2009 κατερεικτῶν.
363 1973 467 2006 ὐνπερ
478 1971 532 2006 γὰρ
546 1971 644 2007 τρόπον
657 1971 689 1996 ὲκ
702 1969 775 1996 σίτου
790 1968 938 2003 σεμίδαλιν,

155 2020 202 2048 καὶ
215 2020 264 2046 οὐκ
277 2018 357 2045 αὑτὸν
372 2018 436 2052 ὑγιᾶ
450 2017 495 2044 τὸν
512 2017 612 2043 κόκκον
625 2014 790 2043 ὀλοκαυτοῦν
802 2013 938 2040 διετύποψ

155 2062 226 2089 οὕτω
247 2061 362 2089 κάνθάδε
384 2061 482 2096 χρῆναι
511 2059 646 2086 ποιεῖσθαι
673 2058 848 2094 κατερεικτὰ,
862 2065 940 2084 τουτ-

157 2108 240 2138 έστιν.
261 2107 432 2143 ἀληλεσμένα
451 2105 486 2131 τὰ
505 2105 534 2138 ἐξ
552 2105 673 2140 ὀσπρίων
689 2104 882 2140 προστέταχεν,
897 2102 940 2129 ἵνα

155 2152 187 2188 δὴ
197 2152 320 2188 φαίνοιτο
334 2153 367 2188 τῇ
381 2151 462 2186 θυσίᾳ
477 2151 576 2187 προσὸν
587 2150 617 2176 τὸ
625 2150 706 2177 οἱονεὶ
718 2149 938 2184 ὲδώδιμον.Κατ-

155 2198 296 2233 ειθίσμεθα
314 2197 378 2233 γὰρ,
393 2198 442 2233 οὐχ
459 2197 523 2230 ὑγιᾶ
536 2196 581 2223 τὸν
599 2196 708 2227 κόκκον,
723 2193 940 2230 συντεθραυσμὲο

120 2268 124 2272 .
156 2252 199 2270 νον
219 2243 247 2270 δὲ
270 2243 368 2279 μᾶλλον
392 2243 527 2269 ποιεῖσθαι
546 2242 659 2278 τροφήν.
678 2240 782 2268 Οὐκοῦν
807 2249 816 2266 ι
835 2249 939 2276 πρωτο-
955 2234 977 2262 Ῑ)

155 2288 305 2325 γένίν]ημα
322 2289 405 2324 μὲν,ό
419 2289 546 2324 Χριστὸς,
567 2288 613 2314 καὶ
630 2287 709 2315 ουσία
719 2286 757 2322 τῷ
766 2285 826 2322 Θεῷ
840 2286 909 2321 καλὴ
927 2295 938 2311 ι

157 2336 203 2362 καὶ
216 2335 402 2370 εὐοσμωτάτη,
426 2334 620 2370 τροφιμωτὸπη
635 2334 663 2360 δὲ
680 2333 740 2360 λίαν
754 2333 801 2360 καὶ
815 2333 879 2368 ἡμῖν
893 2333 941 2359 αὑ·
958 2345 961 2347 >

155 2383 220 2413 τοῖς.
237 2391 246 2407 ι
264 2381 348 2413 Αὐτὸς
358 2381 412 2416 γάρ
427 2382 500 2407 ἐστιν
522 2381 536 2407 ὁ
550 2380 641 2415 ἄρτος,
657 2381 670 2406 ὁ
683 2379 712 2412 ἐξ
725 2378 839 2414 οὐρανοῦ
855 2388 939 2406 καταν

156 2427 216 2458 σὰς,
241 2427 288 2454 καὶ
310 2426 382 2462 ζωὴν
403 2426 441 2461 τῷ
461 2426 555 2462 κόσμῳ
581 2426 681 2457 διδούς·
701 2435 710 2451 ι
739 2425 786 2451 καὶ
801 2425 939 2457 οἱονείπως

157 2474 220 2507 ἡμῖν
245 2473 346 2507 ἔδεσμα
364 2472 408 2499 τδν
433 2472 514 2499 αὑτὸν
539 2471 680 2508 παραθεὶς,
708 2471 831 2506 καθάπερ
862 2471 940 2506 σεμί-

156 2518 230 2544 δαλιν
244 2517 260 2552 ἦ
275 2518 380 2553 χίδραν.
403 2517 576 2552 Ἐπιχέεσθαι
595 2517 624 2543 δὲ
639 2519 671 2552 τῇ
687 2517 766 2553 θυσίᾳ
779 2517 832 2543 δεῖν
846 2517 897 2551 ἔφη
911 2517 941 2544 τὸ

157 2564 254 2594 ἔλαιον,
269 2563 420 2590 καταπλάτ·
429 2563 506 2601 εσθαι
516 2563 544 2590 δὲ
555 2563 639 2598 αὐτὴν
650 2564 695 2589 καὶ
707 2563 847 2597 λιϐανωτῷ
860 2571 941 2598 προσ-

157 2609 266 2644 τέταχε-
282 2609 329 2635 τοῦ
347 2609 394 2644 μὲν
418 2609 506 2636 ἐλαίου
522 2609 551 2635 τδ
571 2608 608 2639 ὡς
623 2610 650 2635 ἐν
667 2609 774 2643 πιότητι
791 2609 836 2635 κα)⁸
852 2608 941 2644 ἱλαρό-

157 2663 215 2689 τητι
239 2654 410 2690 συμϐολικῶς
433 2654 646 2689 ὑποφαίνοντος·
664 2654 710 2681 τοῦ
727 2655 755 2681 δέ
775 2663 807 2688 γε
818 2654 937 2686 λιϐάνου,

155 2700 185 2726 τὸ
199 2701 269 2736 ἱερὸν
297 2702 343 2727 καὶ
359 2701 456 2732 εὑῶδες
482 2700 595 2732 ἀστείως
615 2702 679 2736 ἡμῖν
698 2701 936 2736 ὑποσημαίνοντος.

155 2746 251 2781 Γέγονε
266 2746 314 2782 μὲν
336 2747 400 2782 γὰρ,
420 2747 457 2778 ὡς
472 2746 548 2782 ἔφην,
565 2747 633 2782 ὑπὲρ
654 2747 732 2781 ἡμῶν
747 2747 825 2773 θυσία
841 2747 855 2772 ὁ
870 2747 937 2780 Χρι-

157 2793 228 2823 στὸς,
237 2793 284 2819 καὶ
290 2793 327 2824 ὡς
333 2792 424 2828 ἀγρῶν
436 2793 546 2829 ἀπαρχὴ
554 2792 847 2827 πριιιττιγεν[ν]ημάτιι›ν
858 2801 938 2817 πνευ-

987 1608 1068 1634 nobis
1085 1607 1246 1634 indicaverit
1260 1607 1352 1634 littera
1363 1607 1439 1642 legis.
1450 1607 1529 1643 345
1543 1607 1583 1634 tit
1595 1607 1668 1633 cnim
1686 1615 1692 1633 :
1720 1616 1729 1632 ‹
1744 1606 1772 1634 Si

988 1654 1050 1689 quis
1062 1653 1180 1681 voluerit
1195 1653 1297 1680 donum
1308 1652 1417 1683 oﬂerre,
1428 1653 1544 1679 hostiam
1556 1651 1705 1687 primarum
1717 1652 1770 1678 fru-

988 1707 1052 1735 gum
1074 1699 1200 1731 Domino,
1214 1707 1301 1734 nuper
1318 1698 1462 1726 torrefacta
1475 1698 1545 1724 farra
1564 1697 1703 1724 confracta
1720 1698 1774 1724 Do-

989 1745 1064 1772 mino
1075 1746 1110 1770 ".
1123 1754 1132 1770 ›
1147 1745 1231 1772 Vides
1249 1744 1386 1780 quomodo
1399 1744 1495 1776 Moses,
1516 1743 1573 1771 sive
1591 1743 1683 1770 littera
1707 1743 1772 1778 legis

988 1799 1022 1818 ex
1032 1791 1111 1818 novis
1123 1791 1248 1826 frugibus
1260 1798 1311 1817 nos
1325 1790 1424 1817 oll'erre
1438 1790 1625 1825 jubeat?Nam
1636 1789 1772 1819 Christus.

989 1842 1019 1865 ut
1030 1837 1096 1869 dixi,
1109 1841 1150 1864 est
1164 1837 1294 1872 primitiat
1310 1840 1415 1863 natum
1427 1844 1487 1871 quae
1499 1837 1528 1863 in
1541 1835 1690 1863 novitatem
1713 1835 1773 1862 vita»

989 1886 1137 1910 ren0vatur
1151 1891 1157 1909 :
1174 1882 1298 1917 adeoque
1309 1882 1336 1909 in
1350 1883 1409 1917 ipso
1417 1889 1487 1909 nova
1499 1881 1569 1909 facta
1581 1881 1772 1909 suntomnia’.

989 1929 1048 1956 Non
1059 1932 1150 1955 autem
1168 1935 1202 1954 ex
1214 1927 1273 1954 solo
1288 1927 1379 1954 tritico
1394 1926 1549 1954 oﬂ‘eruntur
1561 1927 1631 1953 dona
1645 1926 1678 1953 ad
1689 1926 1772 1953 sacri-

990 1974 1092 2005 ﬁcium,
1108 1973 1155 2000 sed
1168 1981 1200 2000 ex
1212 1972 1395 2007 leguminibus
1414 1972 1486 1999 mola
1498 1971 1655 1999 eonfractis.
1673 1971 1769 2008 Quem»

989 2019 1136 2046 admodum
1155 2018 1228 2045 enim
1248 2018 1429 2052 similaginem
1450 2025 1483 2044 ex
1497 2017 1599 2048 tritico,
1614 2025 1668 2043 non
1681 2021 1772 2044 autem

990 2062 1124 2097 integrum
1143 2069 1256 2097 granum
1275 2061 1302 2088 in
1318 2062 1508 2089 holocaustum
1520 2061 1620 2089 oﬁ‘erre
1635 2061 1679 2088 lex
1691 2061 1771 2096 jube-

990 2108 1037 2135 bat
1058 2108 1112 2135 :ita
1131 2111 1158 2134 et
1169 2107 1214 2134 hic
1227 2108 1351 2142 przecipit
1362 2115 1422 2135 esse
1436 2107 1604 2139 faciendum,
1624 2113 1654 2134 ut
1669 2108 1772 2136 scilicet

990 2153 1126 2189 legumina
1136 2153 1213 2188 prius
1231 2153 1301 2180 mola
1317 2153 1531 2185 contundantur,
1548 2153 1630 2188 idque
1654 2153 1715 2181 ideo
1744 2157 1771 2180 ul

990 2199 1153 2227 sacriﬁcium
1176 2199 1297 2238 oblatum
1325 2199 1450 2226 videatur
1481 2198 1683 2233 quodammodo
1713 2199 1772 2226 esui

991 2249 1094 2280 aptum.
1109 2245 1203 2280 Neque
1215 2246 1288 2272 enim
1300 2245 1491 2272 consuevimus
1503 2245 1636 2280 integrum
1648 2253 1771 2280 granum,

989 2291 1036 2318 sed
1055 2295 1201 2318 contusum
1218 2291 1244 2318 in
1277 2291 1437 2318 alimentum
1463 2291 1771 2318 convertere.Christus

989 2337 1072 2372 igitur
1081 2341 1123 2364 est
1143 2346 1151 2362 ι
1166 2336 1294 2372 primitiae
1308 2336 1426 2372 frugum,
1439 2336 1583 2371 hostiaque
1595 2336 1650 2363 Deo
1660 2338 1747 2372 grata'
1762 2347 1769 2362 I

988 2385 1016 2408 et
1032 2381 1262 2416 fragrantissima;
1284 2382 1338 2408 imo
1349 2389 1414 2408 vero
1429 2381 1546 2409 etnobis
1566 2380 1633 2417 ipsis
1656 2382 1776 2410 maxime

988 2428 1116 2455 convenit
1130 2428 1157 2454 in
1172 2428 1343 2454 alimentum.
1361 2437 1370 2451 ι
1386 2427 1454 2460 Quia
1475 2427 1531 2462 ipse
1551 2431 1593 2455 est
1616 2428 1695 2463 panis
1727 2429 1771 2463 qui

990 2473 1023 2500 de
1032 2473 1101 2500 oculo
1116 2472 1258 2500 descendit
1288 2476 1316 2499 ct
1331 2472 1377 2499 dat
1388 2472 1472 2499 vitam
1487 2472 1590 2499 mundo
1603 2472 1623 2503 ³,
1644 2482 1652 2498 ι
1668 2476 1696 2500 et
1707 2480 1770 2507 quo-

989 2519 1134 2546 dammodo
1152 2519 1271 2553 seipsum
1297 2518 1378 2545 nobis
1397 2519 1511 2553 apponit
1529 2518 1676 2548 edendum.
1690 2519 1773 2546 veluti

989 2564 1169 2598 similaginem
1182 2568 1229 2591 aut
1243 2564 1356 2591 farinam
1370 2564 1515 2598 quamdam
1528 2572 1560 2591 ex
1575 2565 1772 2599 leguminibus.

990 2609 1075 2636 Porro
1097 2609 1123 2636 in
1146 2609 1308 2636 sacriﬁci-um
1337 2610 1375 2636 ait
1389 2617 1449 2636 esse
1476 2609 1646 2637 fundendum
1670 2610 1771 2640 oleum.

989 2659 1071 2690 atquc
1088 2655 1114 2682 id
1128 2655 1206 2681 thure
1218 2655 1416 2690 aspergendum
1428 2655 1566 2690 prazcepit.
1579 2654 1676 2683 Oleum
1705 2655 1770 2690 ligu-

989 2704 1046 2727 ratc
1058 2699 1193 2735 signiﬁcat
1204 2700 1231 2727 id
1246 2700 1320 2735 quod
1333 2701 1432 2736 pingue
1448 2705 1508 2728 est:
1527 2701 1590 2729 thus
1599 2706 1690 2728 autem
1705 2701 1771 2728 scite

989 2746 1123 2779 signiﬁcat
1146 2745 1244 2772 bonam
1261 2745 1448 2781 fragranliam.
1469 2746 1596 2774 Christus
1621 2746 1694 2773 enim
1723 2753 1771 2781 prc

990 2792 1079 2821 nullis,
1095 2796 1123 2817 ut
1134 2792 1199 2822 diri,
1215 2792 1302 2818 factus
1315 2796 1357 2820 est
1373 2792 1471 2821 hostia.
1497 2798 1525 2820 et
1541 2792 1624 2819 veluti
1645 2800 1770 2823 agrorum

184 2847 207 2862 "
217 2847 360 2877 l’s.xxxu,
371 2846 396 2873 7.
409 2846 432 2862 ⁸⁷
443 2845 507 2873 ch.
517 2854 546 2878 u.
559 2845 600 2877 Η,
616 2846 656 2872 15.
670 2844 777 2872 "Joan.
788 2853 837 2876 xu,
849 2845 894 2871 2t.
909 2845 931 2860 "

988 2845 1102 2877 7.11,”.
1126 2846 1134 2861 ¹
1147 2844 1238 2873 llCor.
1249 2846 1331 2875 v.17.
1354 2847 1363 2862 ³
1376 2846 1444 2873 Phil.
1458 2854 1495 2877 iv,
1507 2845 1549 2873 18.
1564 2845 1574 2861 ⁸
1586 2845 1661 2872 Joau.
1675 2851 1712 2873 ιἰ.
1723 2844 1766 2870 50.

185 2893 223 2927 (Ι)
239 2891 328 2919 Codex
346 2891 501 2927 llarl:eanus
519 2891 669 2920 interserit,
687 2891 732 2917 καὶ
750 2889 937 2927 τᾲοῦτο-δωροόέ

988 2898 1012 2920 '1;
1030 2890 1167 2927 μηνονουχὶ
1184 2890 1229 2916 κχὶ
1243 2889 1279 2921 ὡς
1297 2891 1460 2927 παρὰὲὴμῶν
1477 2892 1546 2925 καλὴ
1561 2892 1605 2915 καὶ
1621 2888 1768 2923 ἀμώμητος

154 2925 196 2956 ui.
213 2927 380 2962 εὐθσμοτάτὴ
395 2926 473 2953 θυσία
488 2927 717 2961 πρῆσκξκᾶμεῖτιι
738 2925 774 2956 τῷ
793 2925 852 2960 Θεῷ
869 2925 1012 2960 minam-gi
1045 2927 1090 2951 καὶ
1106 2925 1181 2952 τοῦτο
1198 2926 1271 2959 ἡμῖν,
1293 2934 1318 2952 κ.
1338 2933 1360 2952 τ.
1379 2925 1406 2954 λ.
