  <div class='ocr_page' id='page_1' title='image "/cluster/home/n/w/nwhite01/storage/ocr_20150623/69/njp.32101077772729/313.png"; bbox 0 0 1997 3059; ppageno 0'>
   <div class='ocr_carea' id='block_1_1' title="bbox 207 134 259 161">
    <p class='ocr_par' dir='ltr' id='par_1_1' title="bbox 207 134 259 161">
     <span class='ocr_line' id='line_1_1' title="bbox 207 134 259 161; baseline 0 0"><span class='ocrx_word' id='word_1_1' title='bbox 207 134 259 161; x_wconf 65' lang='lat'><strong>5-53</strong></span> 
     </span>
    </p>
   </div>
   <div class='ocr_carea' id='block_1_2' title="bbox 207 187 1032 226">
    <p class='ocr_par' dir='ltr' id='par_1_2' title="bbox 207 187 1032 226">
     <span class='ocr_line' id='line_1_2' title="bbox 207 187 1032 226; baseline -0.004 -9"><span class='ocrx_word' id='word_1_2' title='bbox 207 189 346 226; x_wconf 58' lang='lat' dir='ltr'><strong>primitia,</strong></span> <span class='ocrx_word' id='word_1_3' title='bbox 365 189 495 217; x_wconf 81' lang='lat' dir='ltr'><strong>nimirum</strong></span> <span class='ocrx_word' id='word_1_4' title='bbox 518 197 613 224; x_wconf 60' lang='lat' dir='ltr'><strong>prima:</strong></span> <span class='ocrx_word' id='word_1_5' title='bbox 635 189 727 224; x_wconf 76' lang='lat' dir='ltr'><strong>fruges</strong></span> <span class='ocrx_word' id='word_1_6' title='bbox 749 187 994 223; x_wconf 54' lang='lat' dir='ltr'><strong>spiritalem-Quod</strong></span> <span class='ocrx_word' id='word_1_7' title='bbox 1009 190 1032 218; x_wconf 79' lang='grc' dir='ltr'>Α</span> 
     </span>
    </p>
   </div>
   <div class='ocr_carea' id='block_1_3' title="bbox 207 234 993 270">
    <p class='ocr_par' dir='ltr' id='par_1_3' title="bbox 207 234 993 270">
     <span class='ocr_line' id='line_1_3' title="bbox 207 234 993 270; baseline -0.004 -7"><span class='ocrx_word' id='word_1_8' title='bbox 207 240 300 263; x_wconf 84' lang='lat' dir='ltr'><strong>autem</strong></span> <span class='ocrx_word' id='word_1_9' title='bbox 314 235 401 270; x_wconf 78' lang='lat' dir='ltr'><strong>ipsius</strong></span> <span class='ocrx_word' id='word_1_10' title='bbox 413 243 488 262; x_wconf 87' lang='lat' dir='ltr'><strong>mors</strong></span> <span class='ocrx_word' id='word_1_11' title='bbox 499 243 553 262; x_wconf 90' lang='lat' dir='ltr'><strong>non</strong></span> <span class='ocrx_word' id='word_1_12' title='bbox 569 235 651 262; x_wconf 82' lang='lat' dir='ltr'><strong>fuerit</strong></span> <span class='ocrx_word' id='word_1_13' title='bbox 664 234 788 262; x_wconf 83' lang='lat' dir='ltr'><strong>deﬂenda</strong></span> <span class='ocrx_word' id='word_1_14' title='bbox 800 238 849 261; x_wconf 85' lang='lat' dir='ltr'><strong>aut</strong></span> <span class='ocrx_word' id='word_1_15' title='bbox 858 234 993 266; x_wconf 83' lang='lat' dir='ltr'><strong>luctuosa,</strong></span> 
     </span>
    </p>
   </div>
   <div class='ocr_carea' id='block_1_4' title="bbox 209 279 995 317">
    <p class='ocr_par' dir='ltr' id='par_1_4' title="bbox 209 279 995 317">
     <span class='ocr_line' id='line_1_4' title="bbox 209 279 995 317; baseline -0.005 -8"><span class='ocrx_word' id='word_1_16' title='bbox 209 281 257 309; x_wconf 84' lang='lat' dir='ltr'><strong>sed</strong></span> <span class='ocrx_word' id='word_1_17' title='bbox 266 283 357 317; x_wconf 87' lang='lat' dir='ltr'><strong>potius</strong></span> <span class='ocrx_word' id='word_1_18' title='bbox 369 281 462 309; x_wconf 78' lang='lat' dir='ltr'><strong>[letum</strong></span> <span class='ocrx_word' id='word_1_19' title='bbox 473 289 504 308; x_wconf 88' lang='lat' dir='ltr'><strong>ac</strong></span> <span class='ocrx_word' id='word_1_20' title='bbox 517 281 605 308; x_wconf 91' lang='lat' dir='ltr'><strong>lutum</strong></span> <span class='ocrx_word' id='word_1_21' title='bbox 615 288 630 308; x_wconf 94' lang='lat' dir='ltr'><strong>e</strong></span> <span class='ocrx_word' id='word_1_22' title='bbox 641 280 732 308; x_wconf 92' lang='lat' dir='ltr'><strong>medio</strong></span> <span class='ocrx_word' id='word_1_23' title='bbox 747 279 900 311; x_wconf 77' lang='lat' dir='ltr'><strong>sustulerit,</strong></span> <span class='ocrx_word' id='word_1_24' title='bbox 913 283 995 314; x_wconf 86' lang='lat' dir='ltr'><strong>atque</strong></span> 
     </span>
    </p>
   </div>
   <div class='ocr_carea' id='block_1_5' title="bbox 208 326 995 363">
    <p class='ocr_par' dir='ltr' id='par_1_5' title="bbox 208 326 995 363">
     <span class='ocr_line' id='line_1_5' title="bbox 208 326 995 363; baseline -0.004 -8"><span class='ocrx_word' id='word_1_25' title='bbox 208 336 237 356; x_wconf 91' lang='grc' dir='ltr'><strong>ιιι</strong></span> <span class='ocrx_word' id='word_1_26' title='bbox 256 335 333 363; x_wconf 90' lang='lat' dir='ltr'><strong>spem</strong></span> <span class='ocrx_word' id='word_1_27' title='bbox 344 328 526 363; x_wconf 74' lang='lat' dir='ltr'><strong>gratissimam</strong></span> <span class='ocrx_word' id='word_1_28' title='bbox 540 327 695 358; x_wconf 83' lang='lat' dir='ltr'><strong>adduxerit,</strong></span> <span class='ocrx_word' id='word_1_29' title='bbox 718 326 822 353; x_wconf 86' lang='lat' dir='ltr'><strong>nemini</strong></span> <span class='ocrx_word' id='word_1_30' title='bbox 846 334 900 353; x_wconf 91' lang='lat' dir='ltr'><strong>non</strong></span> <span class='ocrx_word' id='word_1_31' title='bbox 918 333 995 353; x_wconf 90' lang='lat' dir='ltr'><strong>com-</strong></span> 
     </span>
    </p>
   </div>
   <div class='ocr_carea' id='block_1_6' title="bbox 207 372 996 409">
    <p class='ocr_par' dir='ltr' id='par_1_6' title="bbox 207 372 996 409">
     <span class='ocr_line' id='line_1_6' title="bbox 207 372 996 409; baseline -0.004 -7"><span class='ocrx_word' id='word_1_32' title='bbox 207 379 317 409; x_wconf 84' lang='lat' dir='ltr'><strong>pertum</strong></span> <span class='ocrx_word' id='word_1_33' title='bbox 333 380 384 402; x_wconf 85' lang='lat' dir='ltr'><strong>est.</strong></span> <span class='ocrx_word' id='word_1_34' title='bbox 397 375 456 402; x_wconf 87' lang='lat' dir='ltr'><strong>Non</strong></span> <span class='ocrx_word' id='word_1_35' title='bbox 468 374 543 401; x_wconf 92' lang='lat' dir='ltr'><strong>enim</strong></span> <span class='ocrx_word' id='word_1_36' title='bbox 560 382 575 400; x_wconf 84' lang='lat' dir='ltr'><strong>a</strong></span> <span class='ocrx_word' id='word_1_37' title='bbox 596 374 683 408; x_wconf 88' lang='lat' dir='ltr'><strong>portis</strong></span> <span class='ocrx_word' id='word_1_38' title='bbox 710 373 790 400; x_wconf 80' lang='lat' dir='ltr'><strong>inferi</strong></span> <span class='ocrx_word' id='word_1_39' title='bbox 811 372 929 400; x_wconf 75' lang='lat' dir='ltr'><strong>detineri</strong></span> <span class='ocrx_word' id='word_1_40' title='bbox 948 380 996 407; x_wconf 91' lang='lat' dir='ltr'><strong>po-</strong></span> 
     </span>
    </p>
   </div>
   <div class='ocr_carea' id='block_1_7' title="bbox 208 419 995 455">
    <p class='ocr_par' dir='ltr' id='par_1_7' title="bbox 208 419 995 455">
     <span class='ocr_line' id='line_1_7' title="bbox 208 419 995 455; baseline -0.001 -8"><span class='ocrx_word' id='word_1_41' title='bbox 208 420 376 455; x_wconf 82' lang='lat' dir='ltr'><strong>tuil;neque</strong></span> <span class='ocrx_word' id='word_1_42' title='bbox 389 420 460 447; x_wconf 90' lang='lat' dir='ltr'><strong>inter</strong></span> <span class='ocrx_word' id='word_1_43' title='bbox 480 423 603 446; x_wconf 89' lang='lat' dir='ltr'><strong>mortuos</strong></span> <span class='ocrx_word' id='word_1_44' title='bbox 622 419 783 454; x_wconf 77' lang='lat' dir='ltr'><strong>permansit,</strong></span> <span class='ocrx_word' id='word_1_45' title='bbox 810 419 918 446; x_wconf 87' lang='lat' dir='ltr'><strong>etiamsi</strong></span> <span class='ocrx_word' id='word_1_46' title='bbox 944 419 995 446; x_wconf 87' lang='lat' dir='ltr'><strong>ab-</strong></span> 
     </span>
    </p>
   </div>
   <div class='ocr_carea' id='block_1_8' title="bbox 208 465 996 501">
    <p class='ocr_par' dir='ltr' id='par_1_8' title="bbox 208 465 996 501">
     <span class='ocr_line' id='line_1_8' title="bbox 208 465 996 501; baseline -0.001 -8"><span class='ocrx_word' id='word_1_47' title='bbox 208 466 310 501; x_wconf 88' lang='lat' dir='ltr'><strong>sorpsit</strong></span> <span class='ocrx_word' id='word_1_48' title='bbox 333 473 408 492; x_wconf 88' lang='lat' dir='ltr'><strong>mors</strong></span> <span class='ocrx_word' id='word_1_49' title='bbox 431 470 529 500; x_wconf 86' lang='lat' dir='ltr'><strong>potens</strong></span> <span class='ocrx_word' id='word_1_50' title='bbox 556 465 633 500; x_wconf 70' lang='lat' dir='ltr'><strong>juxta</strong></span> <span class='ocrx_word' id='word_1_51' title='bbox 648 472 743 492; x_wconf 89' lang='lat' dir='ltr'><strong>vocem</strong></span> <span class='ocrx_word' id='word_1_52' title='bbox 759 465 901 500; x_wconf 61' lang='lat' dir='ltr'><strong>prophetae</strong></span> <span class='ocrx_word' id='word_1_53' title='bbox 912 465 921 480; x_wconf 77' lang='grc'>⁸</span> <span class='ocrx_word' id='word_1_54' title='bbox 936 474 942 491; x_wconf 89' lang='lat'>:</span> <span class='ocrx_word' id='word_1_55' title='bbox 956 470 996 492; x_wconf 83' lang='lat' dir='ltr'><strong>ta-</strong></span> 
     </span>
    </p>
   </div>
   <div class='ocr_carea' id='block_1_9' title="bbox 208 511 996 546">
    <p class='ocr_par' dir='ltr' id='par_1_9' title="bbox 208 511 996 546">
     <span class='ocr_line' id='line_1_9' title="bbox 208 511 996 546; baseline 0 -8"><span class='ocrx_word' id='word_1_56' title='bbox 208 519 272 539; x_wconf 84' lang='lat' dir='ltr'><strong>men</strong></span> <span class='ocrx_word' id='word_1_57' title='bbox 289 519 398 538; x_wconf 85' lang='lat' dir='ltr'><strong>rursum</strong></span> <span class='ocrx_word' id='word_1_58' title='bbox 420 511 532 538; x_wconf 82' lang='lat' dir='ltr'><strong>abstulit</strong></span> <span class='ocrx_word' id='word_1_59' title='bbox 556 511 628 537; x_wconf 88' lang='lat' dir='ltr'><strong>Deus</strong></span> <span class='ocrx_word' id='word_1_60' title='bbox 647 518 757 538; x_wconf 88' lang='lat' dir='ltr'><strong>omnem</strong></span> <span class='ocrx_word' id='word_1_61' title='bbox 788 511 936 546; x_wconf 87' lang='lat' dir='ltr'><strong>lacrymam</strong></span> <span class='ocrx_word' id='word_1_62' title='bbox 960 511 996 538; x_wconf 88' lang='lat' dir='ltr'><strong>ab</strong></span> 
     </span>
    </p>
   </div>
   <div class='ocr_carea' id='block_1_10' title="bbox 209 555 996 590">
    <p class='ocr_par' dir='ltr' id='par_1_10' title="bbox 209 555 996 590">
     <span class='ocr_line' id='line_1_10' title="bbox 209 555 996 590; baseline -0.001 -6"><span class='ocrx_word' id='word_1_63' title='bbox 209 556 283 584; x_wconf 90' lang='lat' dir='ltr'><strong>omni</strong></span> <span class='ocrx_word' id='word_1_64' title='bbox 295 556 363 583; x_wconf 79' lang='lat' dir='ltr'><strong>faeie</strong></span> <span class='ocrx_word' id='word_1_65' title='bbox 372 557 383 572; x_wconf 81' lang='grc'><strong><em>⁵</em></strong></span> <span class='ocrx_word' id='word_1_66' title='bbox 396 565 402 581; x_wconf 92' lang='lat'>:</span> <span class='ocrx_word' id='word_1_67' title='bbox 415 555 592 590; x_wconf 85' lang='lat' dir='ltr'><strong>opprobrium</strong></span> <span class='ocrx_word' id='word_1_68' title='bbox 599 555 692 590; x_wconf 89' lang='lat' dir='ltr'><strong>populi</strong></span> <span class='ocrx_word' id='word_1_69' title='bbox 704 556 817 583; x_wconf 83' lang='lat' dir='ltr'><strong>abstulit</strong></span> <span class='ocrx_word' id='word_1_70' title='bbox 828 556 862 583; x_wconf 90' lang='lat' dir='ltr'><strong>ab</strong></span> <span class='ocrx_word' id='word_1_71' title='bbox 869 556 996 583; x_wconf 86' lang='lat' dir='ltr'><strong>universa</strong></span> 
     </span>
    </p>
   </div>
   <div class='ocr_carea' id='block_1_11' title="bbox 209 601 994 634">
    <p class='ocr_par' dir='ltr' id='par_1_11' title="bbox 209 601 994 634">
     <span class='ocr_line' id='line_1_11' title="bbox 209 601 994 634; baseline -0.001 -5"><span class='ocrx_word' id='word_1_72' title='bbox 209 601 574 634; x_wconf 73' lang='lat' dir='ltr'><strong>terra.Quomodo?Revixit</strong></span> <span class='ocrx_word' id='word_1_73' title='bbox 586 601 712 629; x_wconf 83' lang='lat' dir='ltr'><strong>Christus</strong></span> <span class='ocrx_word' id='word_1_74' title='bbox 723 606 811 629; x_wconf 89' lang='lat' dir='ltr'><strong>morte</strong></span> <span class='ocrx_word' id='word_1_75' title='bbox 825 602 994 633; x_wconf 83' lang='lat' dir='ltr'><strong>conculcata,</strong></span> 
     </span>
    </p>
   </div>
   <div class='ocr_carea' id='block_1_12' title="bbox 209 647 1021 686">
    <p class='ocr_par' dir='ltr' id='par_1_12' title="bbox 209 647 1021 686">
     <span class='ocr_line' id='line_1_12' title="bbox 209 647 1021 686; baseline 0 -12"><span class='ocrx_word' id='word_1_76' title='bbox 209 651 239 674; x_wconf 88' lang='lat' dir='ltr'><strong>ut</strong></span> <span class='ocrx_word' id='word_1_77' title='bbox 254 651 282 674; x_wconf 86' lang='lat' dir='ltr'><strong>et</strong></span> <span class='ocrx_word' id='word_1_78' title='bbox 297 655 346 674; x_wconf 87' lang='lat' dir='ltr'><strong>nos</strong></span> <span class='ocrx_word' id='word_1_79' title='bbox 358 648 488 674; x_wconf 87' lang='lat' dir='ltr'><strong>liberaret</strong></span> <span class='ocrx_word' id='word_1_80' title='bbox 505 655 520 674; x_wconf 92' lang='lat' dir='ltr'><strong>a</strong></span> <span class='ocrx_word' id='word_1_81' title='bbox 537 647 714 682; x_wconf 87' lang='lat' dir='ltr'><strong>corruptione</strong></span> <span class='ocrx_word' id='word_1_82' title='bbox 730 647 751 679; x_wconf 79' lang='grc'>⁸,</span> <span class='ocrx_word' id='word_1_83' title='bbox 775 651 803 674; x_wconf 88' lang='lat' dir='ltr'><strong>et</strong></span> <span class='ocrx_word' id='word_1_84' title='bbox 818 648 994 682; x_wconf 83' lang='lat' dir='ltr'><strong>compressis,</strong></span> <span class='ocrx_word' id='word_1_85' title='bbox 1011 677 1021 686; x_wconf 32' lang='grc' dir='ltr'><strong>η</strong></span> 
     </span>
    </p>
   </div>
   <div class='ocr_carea' id='block_1_13' title="bbox 208 693 996 729">
    <p class='ocr_par' dir='ltr' id='par_1_13' title="bbox 208 693 996 729">
     <span class='ocr_line' id='line_1_13' title="bbox 208 693 996 729; baseline 0 -9"><span class='ocrx_word' id='word_1_86' title='bbox 208 701 277 728; x_wconf 84' lang='lat' dir='ltr'><strong>quas</strong></span> <span class='ocrx_word' id='word_1_87' title='bbox 289 693 324 720; x_wconf 89' lang='lat' dir='ltr'><strong>ob</strong></span> <span class='ocrx_word' id='word_1_88' title='bbox 336 693 388 720; x_wconf 84' lang='lat' dir='ltr'><strong>hoc</strong></span> <span class='ocrx_word' id='word_1_89' title='bbox 398 693 617 725; x_wconf 73' lang='lat' dir='ltr'><strong>eﬂundebamus,</strong></span> <span class='ocrx_word' id='word_1_90' title='bbox 636 693 774 729; x_wconf 74' lang='lat' dir='ltr'><strong>lacrymis,</strong></span> <span class='ocrx_word' id='word_1_91' title='bbox 793 693 996 728; x_wconf 86' lang='lat' dir='ltr'><strong>quodammodo</strong></span> 
     </span>
    </p>
   </div>
   <div class='ocr_carea' id='block_1_14' title="bbox 209 738 993 773">
    <p class='ocr_par' dir='ltr' id='par_1_14' title="bbox 209 738 993 773">
     <span class='ocr_line' id='line_1_14' title="bbox 209 738 993 773; baseline 0.001 -8"><span class='ocrx_word' id='word_1_92' title='bbox 209 745 282 765; x_wconf 89' lang='lat' dir='ltr'><strong>nunc</strong></span> <span class='ocrx_word' id='word_1_93' title='bbox 305 738 452 773; x_wconf 83' lang='lat' dir='ltr'><strong>persuadet</strong></span> <span class='ocrx_word' id='word_1_94' title='bbox 467 743 497 765; x_wconf 91' lang='lat' dir='ltr'><strong>ut</strong></span> <span class='ocrx_word' id='word_1_95' title='bbox 525 739 671 766; x_wconf 68' lang='lat' dir='ltr'><strong>Iretabundi</strong></span> <span class='ocrx_word' id='word_1_96' title='bbox 703 739 872 766; x_wconf 88' lang='lat' dir='ltr'><strong>clamenms:</strong></span> <span class='ocrx_word' id='word_1_97' title='bbox 893 748 902 764; x_wconf 87' lang='grc'><em>‹</em></span> <span class='ocrx_word' id='word_1_98' title='bbox 923 739 993 766; x_wconf 88' lang='lat' dir='ltr'><strong>Con-</strong></span> 
     </span>
    </p>
   </div>
   <div class='ocr_carea' id='block_1_15' title="bbox 208 783 994 818">
    <p class='ocr_par' dir='ltr' id='par_1_15' title="bbox 208 783 994 818">
     <span class='ocr_line' id='line_1_15' title="bbox 208 783 994 818; baseline 0.001 -9"><span class='ocrx_word' id='word_1_99' title='bbox 208 783 315 810; x_wconf 83' lang='lat' dir='ltr'><strong>vertisti</strong></span> <span class='ocrx_word' id='word_1_100' title='bbox 327 783 466 818; x_wconf 80' lang='lat' dir='ltr'><strong>planctum</strong></span> <span class='ocrx_word' id='word_1_101' title='bbox 484 791 573 810; x_wconf 89' lang='lat' dir='ltr'><strong>meum</strong></span> <span class='ocrx_word' id='word_1_102' title='bbox 588 784 615 810; x_wconf 94' lang='lat' dir='ltr'><strong>in</strong></span> <span class='ocrx_word' id='word_1_103' title='bbox 628 783 756 818; x_wconf 80' lang='lat' dir='ltr'><strong>gaudium</strong></span> <span class='ocrx_word' id='word_1_104' title='bbox 778 783 845 810; x_wconf 85' lang='lat' dir='ltr'><strong>mihi</strong></span> <span class='ocrx_word' id='word_1_105' title='bbox 859 793 864 809; x_wconf 93' lang='lat'><strong>:</strong></span> <span class='ocrx_word' id='word_1_106' title='bbox 888 783 994 810; x_wconf 85' lang='lat' dir='ltr'><strong>consei-</strong></span> 
     </span>
    </p>
   </div>
   <div class='ocr_carea' id='block_1_16' title="bbox 209 823 998 863">
    <p class='ocr_par' dir='ltr' id='par_1_16' title="bbox 209 823 998 863">
     <span class='ocr_line' id='line_1_16' title="bbox 209 823 998 863; baseline 0.003 -11"><span class='ocrx_word' id='word_1_107' title='bbox 209 823 273 853; x_wconf 86' lang='lat' dir='ltr'><strong>disti</strong></span> <span class='ocrx_word' id='word_1_108' title='bbox 291 833 398 853; x_wconf 83' lang='lat' dir='ltr'><strong>saccum</strong></span> <span class='ocrx_word' id='word_1_109' title='bbox 415 834 515 859; x_wconf 89' lang='lat' dir='ltr'><strong>meum,</strong></span> <span class='ocrx_word' id='word_1_110' title='bbox 528 831 556 854; x_wconf 88' lang='lat' dir='ltr'><strong>et</strong></span> <span class='ocrx_word' id='word_1_111' title='bbox 567 827 676 854; x_wconf 79' lang='lat' dir='ltr'><strong>cinxisti</strong></span> <span class='ocrx_word' id='word_1_112' title='bbox 687 835 730 854; x_wconf 90' lang='lat' dir='ltr'><strong>me</strong></span> <span class='ocrx_word' id='word_1_113' title='bbox 746 827 839 854; x_wconf 66' lang='lat' dir='ltr'><strong>laetitia</strong></span> <span class='ocrx_word' id='word_1_114' title='bbox 853 829 872 854; x_wconf 90' lang='grc'><strong>⁷.</strong></span> <span class='ocrx_word' id='word_1_115' title='bbox 890 837 898 853; x_wconf 77' lang='grc' dir='ltr'>ι</span> <span class='ocrx_word' id='word_1_116' title='bbox 916 828 998 863; x_wconf 62' lang='grc'><strong>346</strong></span> 
     </span>
    </p>
   </div>
   <div class='ocr_carea' id='block_1_17' title="bbox 210 874 993 909">
    <p class='ocr_par' dir='ltr' id='par_1_17' title="bbox 210 874 993 909">
     <span class='ocr_line' id='line_1_17' title="bbox 210 874 993 909; baseline 0.003 -9"><span class='ocrx_word' id='word_1_117' title='bbox 210 874 306 901; x_wconf 74' lang='lat' dir='ltr'><strong>Modus</strong></span> <span class='ocrx_word' id='word_1_118' title='bbox 322 881 388 909; x_wconf 77' lang='lat' dir='ltr'><strong>ergo</strong></span> <span class='ocrx_word' id='word_1_119' title='bbox 403 874 484 909; x_wconf 86' lang='lat' dir='ltr'><strong>hujus</strong></span> <span class='ocrx_word' id='word_1_120' title='bbox 495 875 621 902; x_wconf 82' lang='lat' dir='ltr'><strong>sacriﬁcii</strong></span> <span class='ocrx_word' id='word_1_121' title='bbox 637 875 736 902; x_wconf 86' lang='lat' dir='ltr'><strong>merito</strong></span> <span class='ocrx_word' id='word_1_122' title='bbox 760 875 843 902; x_wconf 82' lang='lat' dir='ltr'><strong>habet</strong></span> <span class='ocrx_word' id='word_1_123' title='bbox 865 875 923 909; x_wconf 87' lang='lat' dir='ltr'><strong>spei</strong></span> <span class='ocrx_word' id='word_1_124' title='bbox 947 875 993 902; x_wconf 87' lang='lat' dir='ltr'><strong>ad-</strong></span> 
     </span>
    </p>
   </div>
   <div class='ocr_carea' id='block_1_18' title="bbox 209 918 997 954">
    <p class='ocr_par' dir='ltr' id='par_1_18' title="bbox 209 918 997 954">
     <span class='ocr_line' id='line_1_18' title="bbox 209 918 997 954; baseline 0.003 -10"><span class='ocrx_word' id='word_1_125' title='bbox 209 919 330 953; x_wconf 85' lang='lat' dir='ltr'><strong>junctam</strong></span> <span class='ocrx_word' id='word_1_126' title='bbox 351 918 526 946; x_wconf 80' lang='lat' dir='ltr'><strong>hilaritatem.</strong></span> <span class='ocrx_word' id='word_1_127' title='bbox 543 919 635 946; x_wconf 79' lang='lat' dir='ltr'><strong>Potest</strong></span> <span class='ocrx_word' id='word_1_128' title='bbox 649 924 739 946; x_wconf 84' lang='lat' dir='ltr'><strong>tamen</strong></span> <span class='ocrx_word' id='word_1_129' title='bbox 749 923 776 946; x_wconf 88' lang='lat' dir='ltr'><strong>et</strong></span> <span class='ocrx_word' id='word_1_130' title='bbox 790 920 880 951; x_wconf 87' lang='lat' dir='ltr'><strong>aliter,</strong></span> <span class='ocrx_word' id='word_1_131' title='bbox 893 919 916 946; x_wconf 86' lang='lat' dir='ltr'><strong>si</strong></span> <span class='ocrx_word' id='word_1_132' title='bbox 935 920 997 954; x_wconf 89' lang='lat' dir='ltr'><strong>quis</strong></span> 
     </span>
    </p>
   </div>
   <div class='ocr_carea' id='block_1_19' title="bbox 210 964 998 1000">
    <p class='ocr_par' dir='ltr' id='par_1_19' title="bbox 210 964 998 1000">
     <span class='ocr_line' id='line_1_19' title="bbox 210 964 998 1000; baseline 0.004 -10"><span class='ocrx_word' id='word_1_133' title='bbox 210 964 285 996; x_wconf 84' lang='lat' dir='ltr'><strong>velit,</strong></span> <span class='ocrx_word' id='word_1_134' title='bbox 301 965 426 1000; x_wconf 80' lang='lat' dir='ltr'><strong>intelligi.</strong></span> <span class='ocrx_word' id='word_1_135' title='bbox 447 966 514 992; x_wconf 85' lang='lat' dir='ltr'><strong>Nam</strong></span> <span class='ocrx_word' id='word_1_136' title='bbox 530 966 745 993; x_wconf 86' lang='lat' dir='ltr'><strong>misericordiam</strong></span> <span class='ocrx_word' id='word_1_137' title='bbox 761 966 788 993; x_wconf 89' lang='lat' dir='ltr'><strong>in</strong></span> <span class='ocrx_word' id='word_1_138' title='bbox 808 966 919 994; x_wconf 85' lang='lat' dir='ltr'><strong>Christo</strong></span> <span class='ocrx_word' id='word_1_139' title='bbox 933 974 998 993; x_wconf 86' lang='lat' dir='ltr'><strong>con—</strong></span> 
     </span>
    </p>
   </div>
   <div class='ocr_carea' id='block_1_20' title="bbox 209 1010 997 1046">
    <p class='ocr_par' dir='ltr' id='par_1_20' title="bbox 209 1010 997 1046">
     <span class='ocr_line' id='line_1_20' title="bbox 209 1010 997 1046; baseline 0.003 -10"><span class='ocrx_word' id='word_1_140' title='bbox 209 1010 297 1036; x_wconf 78' lang='lat' dir='ltr'><strong>secuti</strong></span> <span class='ocrx_word' id='word_1_141' title='bbox 309 1018 413 1037; x_wconf 83' lang='lat' dir='ltr'><strong>sumus.</strong></span> <span class='ocrx_word' id='word_1_142' title='bbox 429 1010 517 1046; x_wconf 80' lang='lat' dir='ltr'><strong>Atque</strong></span> <span class='ocrx_word' id='word_1_143' title='bbox 532 1011 559 1038; x_wconf 97' lang='lat' dir='ltr'><strong>id</strong></span> <span class='ocrx_word' id='word_1_144' title='bbox 579 1016 630 1043; x_wconf 79' lang='lat' dir='ltr'><strong>est,</strong></span> <span class='ocrx_word' id='word_1_145' title='bbox 651 1016 679 1039; x_wconf 82' lang='lat' dir='ltr'><strong>ut</strong></span> <span class='ocrx_word' id='word_1_146' title='bbox 704 1011 824 1038; x_wconf 86' lang='lat' dir='ltr'><strong>arbitror</strong></span> <span class='ocrx_word' id='word_1_147' title='bbox 839 1021 844 1038; x_wconf 93' lang='lat'><strong>:</strong></span> <span class='ocrx_word' id='word_1_148' title='bbox 868 1022 876 1036; x_wconf 74' lang='grc' dir='ltr'>ι</span> <span class='ocrx_word' id='word_1_149' title='bbox 893 1011 997 1046; x_wconf 81' lang='lat' dir='ltr'><strong>Impin-</strong></span> 
     </span>
    </p>
   </div>
   <div class='ocr_carea' id='block_1_21' title="bbox 210 1056 996 1091">
    <p class='ocr_par' dir='ltr' id='par_1_21' title="bbox 210 1056 996 1091">
     <span class='ocr_line' id='line_1_21' title="bbox 210 1056 996 1091; baseline 0.004 -9"><span class='ocrx_word' id='word_1_150' title='bbox 210 1056 300 1090; x_wconf 73' lang='lat' dir='ltr'><strong>guasti</strong></span> <span class='ocrx_word' id='word_1_151' title='bbox 315 1056 342 1082; x_wconf 89' lang='lat' dir='ltr'><strong>in</strong></span> <span class='ocrx_word' id='word_1_152' title='bbox 356 1057 416 1084; x_wconf 86' lang='lat' dir='ltr'><strong>oleo</strong></span> <span class='ocrx_word' id='word_1_153' title='bbox 430 1061 511 1091; x_wconf 88' lang='lat' dir='ltr'><strong>caput</strong></span> <span class='ocrx_word' id='word_1_154' title='bbox 525 1064 615 1084; x_wconf 88' lang='lat' dir='ltr'><strong>meum</strong></span> <span class='ocrx_word' id='word_1_155' title='bbox 631 1057 652 1084; x_wconf 81' lang='grc'><strong>’⁸.</strong></span> <span class='ocrx_word' id='word_1_156' title='bbox 672 1069 680 1083; x_wconf 75' lang='grc' dir='ltr'><strong>ι</strong></span> <span class='ocrx_word' id='word_1_157' title='bbox 697 1057 774 1090; x_wconf 85' lang='lat' dir='ltr'><strong>Quod</strong></span> <span class='ocrx_word' id='word_1_158' title='bbox 787 1063 878 1085; x_wconf 87' lang='lat' dir='ltr'><strong>autem</strong></span> <span class='ocrx_word' id='word_1_159' title='bbox 895 1058 996 1085; x_wconf 80' lang='lat' dir='ltr'><strong>Christi</strong></span> 
     </span>
    </p>
   </div>
   <div class='ocr_carea' id='block_1_22' title="bbox 211 1102 997 1137">
    <p class='ocr_par' dir='ltr' id='par_1_22' title="bbox 211 1102 997 1137">
     <span class='ocr_line' id='line_1_22' title="bbox 211 1102 997 1137; baseline 0.004 -10"><span class='ocrx_word' id='word_1_160' title='bbox 211 1108 284 1127; x_wconf 85' lang='lat' dir='ltr'><strong>mors</strong></span> <span class='ocrx_word' id='word_1_161' title='bbox 313 1109 368 1128; x_wconf 93' lang='lat' dir='ltr'><strong>non</strong></span> <span class='ocrx_word' id='word_1_162' title='bbox 382 1102 417 1128; x_wconf 89' lang='lat' dir='ltr'><strong>ob</strong></span> <span class='ocrx_word' id='word_1_163' title='bbox 441 1102 545 1136; x_wconf 79' lang='lat' dir='ltr'><strong>aliquas</strong></span> <span class='ocrx_word' id='word_1_164' title='bbox 574 1103 664 1137; x_wconf 81' lang='lat' dir='ltr'><strong>justas</strong></span> <span class='ocrx_word' id='word_1_165' title='bbox 675 1110 782 1133; x_wconf 80' lang='lat' dir='ltr'><strong>causas.</strong></span> <span class='ocrx_word' id='word_1_166' title='bbox 798 1112 849 1130; x_wconf 87' lang='lat' dir='ltr'><strong>nec</strong></span> <span class='ocrx_word' id='word_1_167' title='bbox 862 1103 943 1130; x_wconf 84' lang='lat' dir='ltr'><strong>etiam</strong></span> <span class='ocrx_word' id='word_1_168' title='bbox 962 1104 997 1131; x_wconf 86' lang='lat' dir='ltr'><strong>ob</strong></span> 
     </span>
    </p>
   </div>
   <div class='ocr_carea' id='block_1_23' title="bbox 211 1147 997 1183">
    <p class='ocr_par' dir='ltr' id='par_1_23' title="bbox 211 1147 997 1183">
     <span class='ocr_line' id='line_1_23' title="bbox 211 1147 997 1183; baseline 0.004 -10"><span class='ocrx_word' id='word_1_169' title='bbox 211 1150 322 1181; x_wconf 85' lang='lat' dir='ltr'><strong>peccata</strong></span> <span class='ocrx_word' id='word_1_170' title='bbox 347 1147 433 1182; x_wconf 78' lang='lat' dir='ltr'><strong>ipsius</strong></span> <span class='ocrx_word' id='word_1_171' title='bbox 459 1148 552 1179; x_wconf 70' lang='lat' dir='ltr'><strong>fixerit.</strong></span> <span class='ocrx_word' id='word_1_172' title='bbox 585 1149 632 1175; x_wconf 84' lang='lat' dir='ltr'><strong>sed</strong></span> <span class='ocrx_word' id='word_1_173' title='bbox 647 1149 738 1183; x_wconf 78' lang='lat' dir='ltr'><strong>potius</strong></span> <span class='ocrx_word' id='word_1_174' title='bbox 751 1150 838 1176; x_wconf 77' lang='lat' dir='ltr'><strong>hostia</strong></span> <span class='ocrx_word' id='word_1_175' title='bbox 852 1157 901 1183; x_wconf 86' lang='lat' dir='ltr'><strong>pro</strong></span> <span class='ocrx_word' id='word_1_176' title='bbox 918 1150 997 1177; x_wconf 84' lang='lat' dir='ltr'><strong>nobis</strong></span> 
     </span>
    </p>
   </div>
   <div class='ocr_carea' id='block_1_24' title="bbox 211 1192 997 1231">
    <p class='ocr_par' dir='ltr' id='par_1_24' title="bbox 211 1192 997 1231">
     <span class='ocr_line' id='line_1_24' title="bbox 211 1192 997 1231; baseline 0.005 -12"><span class='ocrx_word' id='word_1_177' title='bbox 211 1192 435 1228; x_wconf 63' lang='lat' dir='ltr'><strong>ﬂagrantissima,</strong></span> <span class='ocrx_word' id='word_1_178' title='bbox 450 1199 476 1221; x_wconf 82' lang='lat' dir='ltr'><strong>et</strong></span> <span class='ocrx_word' id='word_1_179' title='bbox 489 1194 706 1230; x_wconf 75' lang='lat' dir='ltr'><strong>ineorruptibilis</strong></span> <span class='ocrx_word' id='word_1_180' title='bbox 720 1196 832 1222; x_wconf 88' lang='lat' dir='ltr'><strong>omnino</strong></span> <span class='ocrx_word' id='word_1_181' title='bbox 853 1196 997 1231; x_wconf 83' lang='lat' dir='ltr'><strong>(adductus</strong></span> 
     </span>
    </p>
   </div>
   <div class='ocr_carea' id='block_1_25' title="bbox 209 1238 997 1277">
    <p class='ocr_par' dir='ltr' id='par_1_25' title="bbox 209 1238 997 1277">
     <span class='ocr_line' id='line_1_25' title="bbox 209 1238 997 1277; baseline 0.008 -13"><span class='ocrx_word' id='word_1_182' title='bbox 209 1238 284 1265; x_wconf 86' lang='lat' dir='ltr'><strong>enim</strong></span> <span class='ocrx_word' id='word_1_183' title='bbox 307 1243 357 1270; x_wconf 84' lang='lat' dir='ltr'><strong>est,</strong></span> <span class='ocrx_word' id='word_1_184' title='bbox 373 1244 401 1266; x_wconf 92' lang='lat' dir='ltr'><strong>ut</strong></span> <span class='ocrx_word' id='word_1_185' title='bbox 418 1239 540 1267; x_wconf 78' lang='lat' dir='ltr'><strong>aboleret</strong></span> <span class='ocrx_word' id='word_1_186' title='bbox 566 1246 724 1275; x_wconf 82' lang='lat' dir='ltr'><strong>peccatum,</strong></span> <span class='ocrx_word' id='word_1_187' title='bbox 749 1246 776 1268; x_wconf 85' lang='lat' dir='ltr'><strong>et</strong></span> <span class='ocrx_word' id='word_1_188' title='bbox 798 1250 857 1269; x_wconf 80' lang='lat' dir='ltr'><strong>earn</strong></span> <span class='ocrx_word' id='word_1_189' title='bbox 881 1251 941 1277; x_wconf 67' lang='lat' dir='ltr'><strong>qua:</strong></span> <span class='ocrx_word' id='word_1_190' title='bbox 965 1251 997 1270; x_wconf 78' lang='lat' dir='ltr'><strong>ex</strong></span> 
     </span>
    </p>
   </div>
   <div class='ocr_carea' id='block_1_26' title="bbox 211 1284 997 1322">
    <p class='ocr_par' dir='ltr' id='par_1_26' title="bbox 211 1284 997 1322">
     <span class='ocr_line' id='line_1_26' title="bbox 211 1284 997 1322; baseline 0.005 -11"><span class='ocrx_word' id='word_1_191' title='bbox 211 1284 270 1319; x_wconf 86' lang='lat' dir='ltr'><strong>ipso</strong></span> <span class='ocrx_word' id='word_1_192' title='bbox 283 1289 367 1319; x_wconf 78' lang='lat' dir='ltr'><strong>etper</strong></span> <span class='ocrx_word' id='word_1_193' title='bbox 388 1285 476 1320; x_wconf 83' lang='lat' dir='ltr'><strong>ipsum</strong></span> <span class='ocrx_word' id='word_1_194' title='bbox 490 1287 612 1321; x_wconf 82' lang='lat' dir='ltr'><strong>regnarit</strong></span> <span class='ocrx_word' id='word_1_195' title='bbox 626 1288 765 1321; x_wconf 83' lang='lat' dir='ltr'><strong>mortem),</strong></span> <span class='ocrx_word' id='word_1_196' title='bbox 778 1295 827 1322; x_wconf 86' lang='lat' dir='ltr'><strong>per</strong></span> <span class='ocrx_word' id='word_1_197' title='bbox 842 1287 906 1315; x_wconf 87' lang='lat' dir='ltr'><strong>thus</strong></span> <span class='ocrx_word' id='word_1_198' title='bbox 930 1288 997 1315; x_wconf 82' lang='lat' dir='ltr'><strong>lice-</strong></span> 
     </span>
    </p>
   </div>
   <div class='ocr_carea' id='block_1_27' title="bbox 211 1330 996 1367">
    <p class='ocr_par' dir='ltr' id='par_1_27' title="bbox 211 1330 996 1367">
     <span class='ocr_line' id='line_1_27' title="bbox 211 1330 996 1367; baseline 0.005 -10"><span class='ocrx_word' id='word_1_199' title='bbox 211 1330 251 1357; x_wconf 89' lang='lat' dir='ltr'><strong>bit</strong></span> <span class='ocrx_word' id='word_1_200' title='bbox 264 1330 416 1366; x_wconf 74' lang='lat' dir='ltr'><strong>intelligere</strong></span> <span class='ocrx_word' id='word_1_201' title='bbox 433 1340 439 1358; x_wconf 89' lang='lat'><strong>:</strong></span> <span class='ocrx_word' id='word_1_202' title='bbox 456 1340 517 1358; x_wconf 88' lang='lat' dir='ltr'><strong>nam</strong></span> <span class='ocrx_word' id='word_1_203' title='bbox 530 1333 634 1367; x_wconf 87' lang='lat' dir='ltr'><strong>primus</strong></span> <span class='ocrx_word' id='word_1_204' title='bbox 647 1337 724 1367; x_wconf 82' lang='lat' dir='ltr'><strong>pater</strong></span> <span class='ocrx_word' id='word_1_205' title='bbox 746 1333 830 1360; x_wconf 78' lang='lat' dir='ltr'><strong>Adam</strong></span> <span class='ocrx_word' id='word_1_206' title='bbox 847 1333 882 1360; x_wconf 85' lang='lat' dir='ltr'><strong>ob</strong></span> <span class='ocrx_word' id='word_1_207' title='bbox 908 1338 996 1361; x_wconf 83' lang='lat' dir='ltr'><strong>trans-</strong></span> 
     </span>
    </p>
   </div>
   <div class='ocr_carea' id='block_1_28' title="bbox 211 1376 997 1410">
    <p class='ocr_par' dir='ltr' id='par_1_28' title="bbox 211 1376 997 1410">
     <span class='ocr_line' id='line_1_28' title="bbox 211 1376 997 1410; baseline 0.005 -8"><span class='ocrx_word' id='word_1_208' title='bbox 211 1376 365 1410; x_wconf 80' lang='lat' dir='ltr'><strong>gressiones</strong></span> <span class='ocrx_word' id='word_1_209' title='bbox 376 1377 453 1404; x_wconf 87' lang='lat' dir='ltr'><strong>initio</strong></span> <span class='ocrx_word' id='word_1_210' title='bbox 463 1377 556 1409; x_wconf 80' lang='lat' dir='ltr'><strong>factas,</strong></span> <span class='ocrx_word' id='word_1_211' title='bbox 566 1378 768 1405; x_wconf 83' lang='lat' dir='ltr'><strong>meritissimam</strong></span> <span class='ocrx_word' id='word_1_212' title='bbox 778 1379 997 1406; x_wconf 85' lang='lat' dir='ltr'><strong>maledictionem</strong></span> 
     </span>
    </p>
   </div>
   <div class='ocr_carea' id='block_1_29' title="bbox 211 1422 997 1458">
    <p class='ocr_par' dir='ltr' id='par_1_29' title="bbox 211 1422 997 1458">
     <span class='ocr_line' id='line_1_29' title="bbox 211 1422 997 1458; baseline 0.005 -10"><span class='ocrx_word' id='word_1_213' title='bbox 211 1422 283 1449; x_wconf 90' lang='lat' dir='ltr'><strong>tulit.</strong></span> <span class='ocrx_word' id='word_1_214' title='bbox 309 1422 489 1458; x_wconf 83' lang='lat' dir='ltr'><strong>Posteaquam</strong></span> <span class='ocrx_word' id='word_1_215' title='bbox 515 1427 606 1451; x_wconf 82' lang='lat' dir='ltr'><strong>autem</strong></span> <span class='ocrx_word' id='word_1_216' title='bbox 619 1429 732 1458; x_wconf 83' lang='lat' dir='ltr'><strong>peccato</strong></span> <span class='ocrx_word' id='word_1_217' title='bbox 745 1433 840 1452; x_wconf 75' lang='lat' dir='ltr'><strong>revera</strong></span> <span class='ocrx_word' id='word_1_218' title='bbox 860 1425 997 1452; x_wconf 59' lang='lat' dir='ltr'><strong>felidolao</strong></span> 
     </span>
    </p>
   </div>
   <div class='ocr_carea' id='block_1_30' title="bbox 211 1467 998 1503">
    <p class='ocr_par' dir='ltr' id='par_1_30' title="bbox 211 1467 998 1503">
     <span class='ocr_line' id='line_1_30' title="bbox 211 1467 998 1503; baseline 0.005 -9"><span class='ocrx_word' id='word_1_219' title='bbox 211 1467 329 1496; x_wconf 86' lang='lat' dir='ltr'><strong>boravit.</strong></span> <span class='ocrx_word' id='word_1_220' title='bbox 340 1469 402 1503; x_wconf 86' lang='lat' dir='ltr'><strong>jure</strong></span> <span class='ocrx_word' id='word_1_221' title='bbox 417 1469 520 1503; x_wconf 88' lang='lat' dir='ltr'><strong>optimo</strong></span> <span class='ocrx_word' id='word_1_222' title='bbox 532 1474 620 1496; x_wconf 87' lang='lat' dir='ltr'><strong>morte</strong></span> <span class='ocrx_word' id='word_1_223' title='bbox 631 1469 776 1497; x_wconf 88' lang='lat' dir='ltr'><strong>damnatus</strong></span> <span class='ocrx_word' id='word_1_224' title='bbox 787 1475 838 1497; x_wconf 91' lang='lat' dir='ltr'><strong>est.</strong></span> <span class='ocrx_word' id='word_1_225' title='bbox 847 1471 921 1497; x_wconf 83' lang='lat' dir='ltr'><strong>Deus</strong></span> <span class='ocrx_word' id='word_1_226' title='bbox 931 1479 998 1498; x_wconf 77' lang='lat' dir='ltr'><strong>vero</strong></span> 
     </span>
    </p>
   </div>
   <div class='ocr_carea' id='block_1_31' title="bbox 210 1514 1031 1556">
    <p class='ocr_par' dir='ltr' id='par_1_31' title="bbox 210 1514 1031 1556">
     <span class='ocr_line' id='line_1_31' title="bbox 210 1514 1031 1556; baseline 0.005 -16"><span class='ocrx_word' id='word_1_227' title='bbox 210 1522 242 1541; x_wconf 85' lang='lat' dir='ltr'><strong>ac</strong></span> <span class='ocrx_word' id='word_1_228' title='bbox 261 1514 392 1543; x_wconf 88' lang='lat' dir='ltr'><strong>Dominus</strong></span> <span class='ocrx_word' id='word_1_229' title='bbox 405 1515 490 1542; x_wconf 82' lang='lat' dir='ltr'><strong>totius</strong></span> <span class='ocrx_word' id='word_1_230' title='bbox 505 1516 626 1543; x_wconf 74' lang='lat' dir='ltr'><strong>universi</strong></span> <span class='ocrx_word' id='word_1_231' title='bbox 644 1516 680 1543; x_wconf 91' lang='lat' dir='ltr'><strong>ob</strong></span> <span class='ocrx_word' id='word_1_232' title='bbox 692 1516 797 1543; x_wconf 90' lang='lat' dir='ltr'><strong>nullum</strong></span> <span class='ocrx_word' id='word_1_233' title='bbox 811 1517 942 1544; x_wconf 87' lang='lat' dir='ltr'><strong>delictum</strong></span> <span class='ocrx_word' id='word_1_234' title='bbox 956 1522 997 1544; x_wconf 89' lang='lat' dir='ltr'><strong>est</strong></span> <span class='ocrx_word' id='word_1_235' title='bbox 1010 1527 1031 1556; x_wconf 73' lang='grc' dir='ltr'><strong><em>ε</em></strong></span> 
     </span>
    </p>
   </div>
   <div class='ocr_carea' id='block_1_32' title="bbox 210 1559 997 1598">
    <p class='ocr_par' dir='ltr' id='par_1_32' title="bbox 210 1559 997 1598">
     <span class='ocr_line' id='line_1_32' title="bbox 210 1559 997 1598; baseline 0.005 -12"><span class='ocrx_word' id='word_1_236' title='bbox 210 1559 376 1587; x_wconf 89' lang='lat' dir='ltr'><strong>damnatus:</strong></span> <span class='ocrx_word' id='word_1_237' title='bbox 398 1560 463 1596; x_wconf 90' lang='lat' dir='ltr'><strong>[non</strong></span> <span class='ocrx_word' id='word_1_238' title='bbox 479 1562 552 1588; x_wconf 80' lang='lat' dir='ltr'><strong>enim</strong></span> <span class='ocrx_word' id='word_1_239' title='bbox 571 1566 713 1596; x_wconf 83' lang='lat' dir='ltr'><strong>peccatum</strong></span> <span class='ocrx_word' id='word_1_240' title='bbox 732 1562 892 1598; x_wconf 56' lang='lat' dir='ltr'><strong>commisiﬂ</strong></span> <span class='ocrx_word' id='word_1_241' title='bbox 915 1563 997 1591; x_wconf 83' lang='lat' dir='ltr'><strong>Grata</strong></span> 
     </span>
    </p>
   </div>
   <div class='ocr_carea' id='block_1_33' title="bbox 211 1603 998 1641">
    <p class='ocr_par' dir='ltr' id='par_1_33' title="bbox 211 1603 998 1641">
     <span class='ocr_line' id='line_1_33' title="bbox 211 1603 998 1641; baseline 0.005 -10"><span class='ocrx_word' id='word_1_242' title='bbox 211 1603 303 1638; x_wconf 85' lang='lat' dir='ltr'><strong>itaque</strong></span> <span class='ocrx_word' id='word_1_243' title='bbox 326 1609 353 1632; x_wconf 92' lang='lat' dir='ltr'><strong>et</strong></span> <span class='ocrx_word' id='word_1_244' title='bbox 366 1605 490 1640; x_wconf 78' lang='lat' dir='ltr'><strong>fragrans</strong></span> <span class='ocrx_word' id='word_1_245' title='bbox 514 1606 582 1633; x_wconf 83' lang='lat' dir='ltr'><strong>facta</strong></span> <span class='ocrx_word' id='word_1_246' title='bbox 610 1610 652 1633; x_wconf 84' lang='lat' dir='ltr'><strong>est</strong></span> <span class='ocrx_word' id='word_1_247' title='bbox 679 1614 730 1641; x_wconf 88' lang='lat' dir='ltr'><strong>pro</strong></span> <span class='ocrx_word' id='word_1_248' title='bbox 753 1607 833 1634; x_wconf 88' lang='lat' dir='ltr'><strong>nobis</strong></span> <span class='ocrx_word' id='word_1_249' title='bbox 856 1608 956 1640; x_wconf 86' lang='lat' dir='ltr'><strong>hostia,</strong></span> <span class='ocrx_word' id='word_1_250' title='bbox 970 1613 998 1636; x_wconf 83' lang='lat' dir='ltr'><strong>et</strong></span> 
     </span>
    </p>
   </div>
   <div class='ocr_carea' id='block_1_34' title="bbox 210 1649 997 1688">
    <p class='ocr_par' dir='ltr' id='par_1_34' title="bbox 210 1649 997 1688">
     <span class='ocr_line' id='line_1_34' title="bbox 210 1649 997 1688; baseline 0.008 -13"><span class='ocrx_word' id='word_1_251' title='bbox 210 1649 411 1683; x_wconf 81' lang='lat' dir='ltr'><strong>quodammodo</strong></span> <span class='ocrx_word' id='word_1_252' title='bbox 430 1659 561 1679; x_wconf 74' lang='lat' dir='ltr'><strong>novarum</strong></span> <span class='ocrx_word' id='word_1_253' title='bbox 579 1652 686 1687; x_wconf 78' lang='lat' dir='ltr'><strong>frugum</strong></span> <span class='ocrx_word' id='word_1_254' title='bbox 703 1653 840 1688; x_wconf 71' lang='lat' dir='ltr'><strong>primitias,</strong></span> <span class='ocrx_word' id='word_1_255' title='bbox 862 1654 944 1688; x_wconf 83' lang='lat' dir='ltr'><strong>idque</strong></span> <span class='ocrx_word' id='word_1_256' title='bbox 968 1655 997 1681; x_wconf 90' lang='lat' dir='ltr'><strong>in</strong></span> 
     </span>
    </p>
   </div>
   <div class='ocr_carea' id='block_1_35' title="bbox 210 1695 995 1734">
    <p class='ocr_par' dir='ltr' id='par_1_35' title="bbox 210 1695 995 1734">
     <span class='ocr_line' id='line_1_35' title="bbox 210 1695 995 1734; baseline 0.009 -14"><span class='ocrx_word' id='word_1_257' title='bbox 210 1695 284 1721; x_wconf 89' lang='lat' dir='ltr'><strong>omni</strong></span> <span class='ocrx_word' id='word_1_258' title='bbox 308 1696 409 1730; x_wconf 79' lang='lat' dir='ltr'><strong>specie,</strong></span> <span class='ocrx_word' id='word_1_259' title='bbox 425 1696 486 1724; x_wconf 89' lang='lat' dir='ltr'><strong>dico</strong></span> <span class='ocrx_word' id='word_1_260' title='bbox 517 1698 544 1724; x_wconf 92' lang='lat' dir='ltr'><strong>in</strong></span> <span class='ocrx_word' id='word_1_261' title='bbox 562 1698 652 1732; x_wconf 89' lang='lat' dir='ltr'><strong>specie</strong></span> <span class='ocrx_word' id='word_1_262' title='bbox 666 1699 749 1726; x_wconf 88' lang='lat' dir='ltr'><strong>tritici</strong></span> <span class='ocrx_word' id='word_1_263' title='bbox 771 1703 800 1726; x_wconf 88' lang='lat' dir='ltr'><strong>et</strong></span> <span class='ocrx_word' id='word_1_264' title='bbox 816 1699 995 1734; x_wconf 81' lang='lat' dir='ltr'><strong>leguminum.</strong></span> 
     </span>
    </p>
   </div>
   <div class='ocr_carea' id='block_1_36' title="bbox 211 1741 996 1780">
    <p class='ocr_par' dir='ltr' id='par_1_36' title="bbox 211 1741 996 1780">
     <span class='ocr_line' id='line_1_36' title="bbox 211 1741 996 1780; baseline 0.005 -11"><span class='ocrx_word' id='word_1_265' title='bbox 211 1741 278 1769; x_wconf 80' lang='lat' dir='ltr'><strong>Nam</strong></span> <span class='ocrx_word' id='word_1_266' title='bbox 290 1749 338 1776; x_wconf 91' lang='lat' dir='ltr'><strong>pro</strong></span> <span class='ocrx_word' id='word_1_267' title='bbox 354 1742 497 1775; x_wconf 78' lang='lat' dir='ltr'><strong>universis,</strong></span> <span class='ocrx_word' id='word_1_268' title='bbox 517 1744 608 1778; x_wconf 89' lang='lat' dir='ltr'><strong>parvis</strong></span> <span class='ocrx_word' id='word_1_269' title='bbox 623 1752 700 1779; x_wconf 71' lang='lat' dir='ltr'><strong>teque</strong></span> <span class='ocrx_word' id='word_1_270' title='bbox 712 1753 745 1772; x_wconf 89' lang='lat' dir='ltr'><strong>ac</strong></span> <span class='ocrx_word' id='word_1_271' title='bbox 761 1745 876 1780; x_wconf 80' lang='lat' dir='ltr'><strong>magnis.</strong></span> <span class='ocrx_word' id='word_1_272' title='bbox 887 1753 937 1780; x_wconf 90' lang='lat' dir='ltr'><strong>pro</strong></span> <span class='ocrx_word' id='word_1_273' title='bbox 947 1746 996 1773; x_wconf 85' lang='lat' dir='ltr'><strong>Ju-</strong></span> 
     </span>
    </p>
   </div>
   <div class='ocr_carea' id='block_1_37' title="bbox 211 1786 996 1823">
    <p class='ocr_par' dir='ltr' id='par_1_37' title="bbox 211 1786 996 1823">
     <span class='ocr_line' id='line_1_37' title="bbox 211 1786 996 1823; baseline 0.006 -10"><span class='ocrx_word' id='word_1_274' title='bbox 211 1786 278 1814; x_wconf 63' lang='lat' dir='ltr'><strong>dazis</strong></span> <span class='ocrx_word' id='word_1_275' title='bbox 300 1787 376 1821; x_wconf 65' lang='lat' dir='ltr'><strong>juxta</strong></span> <span class='ocrx_word' id='word_1_276' title='bbox 402 1795 433 1815; x_wconf 86' lang='lat' dir='ltr'><strong>ac</strong></span> <span class='ocrx_word' id='word_1_277' title='bbox 452 1789 580 1823; x_wconf 75' lang='lat' dir='ltr'><strong>gentibus</strong></span> <span class='ocrx_word' id='word_1_278' title='bbox 607 1794 733 1817; x_wconf 87' lang='lat' dir='ltr'><strong>mortuus</strong></span> <span class='ocrx_word' id='word_1_279' title='bbox 748 1795 799 1818; x_wconf 92' lang='lat' dir='ltr'><strong>est.</strong></span> <span class='ocrx_word' id='word_1_280' title='bbox 825 1790 898 1818; x_wconf 86' lang='lat' dir='ltr'><strong>Facti</strong></span> <span class='ocrx_word' id='word_1_281' title='bbox 923 1791 996 1818; x_wconf 91' lang='lat' dir='ltr'><strong>enim</strong></span> 
     </span>
    </p>
   </div>
   <div class='ocr_carea' id='block_1_38' title="bbox 213 1832 994 1869">
    <p class='ocr_par' dir='ltr' id='par_1_38' title="bbox 213 1832 994 1869">
     <span class='ocr_line' id='line_1_38' title="bbox 213 1832 994 1869; baseline 0.006 -11"><span class='ocrx_word' id='word_1_282' title='bbox 213 1839 308 1859; x_wconf 89' lang='lat' dir='ltr'><strong>sumus</strong></span> <span class='ocrx_word' id='word_1_283' title='bbox 324 1832 350 1858; x_wconf 92' lang='lat' dir='ltr'><strong>in</strong></span> <span class='ocrx_word' id='word_1_284' title='bbox 365 1833 424 1867; x_wconf 87' lang='lat' dir='ltr'><strong>ipso</strong></span> <span class='ocrx_word' id='word_1_285' title='bbox 433 1838 458 1860; x_wconf 86' lang='lat' dir='ltr'><strong>el</strong></span> <span class='ocrx_word' id='word_1_286' title='bbox 471 1842 519 1868; x_wconf 87' lang='lat' dir='ltr'><strong>per</strong></span> <span class='ocrx_word' id='word_1_287' title='bbox 531 1834 619 1869; x_wconf 90' lang='lat' dir='ltr'><strong>ipsum</strong></span> <span class='ocrx_word' id='word_1_288' title='bbox 630 1835 788 1863; x_wconf 89' lang='lat' dir='ltr'><strong>memoriale</strong></span> <span class='ocrx_word' id='word_1_289' title='bbox 800 1836 855 1862; x_wconf 91' lang='lat' dir='ltr'><strong>Deo</strong></span> <span class='ocrx_word' id='word_1_290' title='bbox 866 1843 898 1862; x_wconf 90' lang='lat' dir='ltr'><strong>ac</strong></span> <span class='ocrx_word' id='word_1_291' title='bbox 911 1836 994 1863; x_wconf 84' lang='lat' dir='ltr'><strong>Patri.</strong></span> 
     </span>
    </p>
   </div>
   <div class='ocr_carea' id='block_1_39' title="bbox 212 1877 998 1915">
    <p class='ocr_par' dir='ltr' id='par_1_39' title="bbox 212 1877 998 1915">
     <span class='ocr_line' id='line_1_39' title="bbox 212 1877 998 1915; baseline 0.006 -11"><span class='ocrx_word' id='word_1_292' title='bbox 212 1877 328 1912; x_wconf 83' lang='lat' dir='ltr'><strong>ideoque</strong></span> <span class='ocrx_word' id='word_1_293' title='bbox 337 1879 375 1905; x_wconf 87' lang='lat' dir='ltr'><strong>ait</strong></span> <span class='ocrx_word' id='word_1_294' title='bbox 387 1879 477 1906; x_wconf 81' lang='lat' dir='ltr'><strong>littera</strong></span> <span class='ocrx_word' id='word_1_295' title='bbox 489 1879 555 1915; x_wconf 82' lang='lat' dir='ltr'><strong>legis</strong></span> <span class='ocrx_word' id='word_1_296' title='bbox 568 1889 573 1906; x_wconf 93' lang='lat'>:</span> <span class='ocrx_word' id='word_1_297' title='bbox 586 1890 596 1905; x_wconf 73' lang='grc' dir='ltr'>ι</span> <span class='ocrx_word' id='word_1_298' title='bbox 607 1880 746 1908; x_wconf 84' lang='lat' dir='ltr'><strong>Etoll‘eret</strong></span> <span class='ocrx_word' id='word_1_299' title='bbox 759 1881 998 1909; x_wconf 82' lang='lat' dir='ltr'><strong>sacerdosmemo—</strong></span> 
     </span>
    </p>
   </div>
   <div class='ocr_carea' id='block_1_40' title="bbox 213 1924 996 1962">
    <p class='ocr_par' dir='ltr' id='par_1_40' title="bbox 213 1924 996 1962">
     <span class='ocr_line' id='line_1_40' title="bbox 213 1924 996 1962; baseline 0.008 -12"><span class='ocrx_word' id='word_1_300' title='bbox 213 1924 280 1951; x_wconf 77' lang='lat' dir='ltr'><strong>riale</strong></span> <span class='ocrx_word' id='word_1_301' title='bbox 294 1924 380 1959; x_wconf 86' lang='lat' dir='ltr'><strong>ipsius</strong></span> <span class='ocrx_word' id='word_1_302' title='bbox 393 1925 427 1952; x_wconf 87' lang='lat' dir='ltr'><strong>de</strong></span> <span class='ocrx_word' id='word_1_303' title='bbox 435 1925 530 1953; x_wconf 81' lang='lat' dir='ltr'><strong>farinis</strong></span> <span class='ocrx_word' id='word_1_304' title='bbox 542 1926 710 1962; x_wconf 78' lang='lat' dir='ltr'><strong>leguminum</strong></span> <span class='ocrx_word' id='word_1_305' title='bbox 722 1935 785 1955; x_wconf 90' lang='lat' dir='ltr'><strong>cum</strong></span> <span class='ocrx_word' id='word_1_306' title='bbox 798 1928 868 1960; x_wconf 83' lang='lat' dir='ltr'><strong>oleo,</strong></span> <span class='ocrx_word' id='word_1_307' title='bbox 881 1933 996 1957; x_wconf 90' lang='lat' dir='ltr'><strong>etomne</strong></span> 
     </span>
    </p>
   </div>
   <div class='ocr_carea' id='block_1_41' title="bbox 213 1969 997 2004">
    <p class='ocr_par' dir='ltr' id='par_1_41' title="bbox 213 1969 997 2004">
     <span class='ocr_line' id='line_1_41' title="bbox 213 1969 997 2004; baseline 0.008 -9"><span class='ocrx_word' id='word_1_308' title='bbox 213 1969 277 1996; x_wconf 86' lang='lat' dir='ltr'><strong>thus</strong></span> <span class='ocrx_word' id='word_1_309' title='bbox 287 1969 381 2004; x_wconf 85' lang='lat' dir='ltr'><strong>ipsius.</strong></span> <span class='ocrx_word' id='word_1_310' title='bbox 395 1969 503 1998; x_wconf 86' lang='lat' dir='ltr'><strong>Oblatio</strong></span> <span class='ocrx_word' id='word_1_311' title='bbox 514 1973 706 2000; x_wconf 65' lang='lat' dir='ltr'><strong>estDomino’.</strong></span> <span class='ocrx_word' id='word_1_312' title='bbox 725 1983 734 1999; x_wconf 77' lang='grc' dir='ltr'><strong>ι</strong></span> <span class='ocrx_word' id='word_1_313' title='bbox 749 1973 816 2000; x_wconf 91' lang='lat' dir='ltr'><strong>Cum</strong></span> <span class='ocrx_word' id='word_1_314' title='bbox 827 1974 901 2001; x_wconf 86' lang='lat' dir='ltr'><strong>enim</strong></span> <span class='ocrx_word' id='word_1_315' title='bbox 911 1975 997 2002; x_wconf 72' lang='lat' dir='ltr'><strong>oil‘cn-</strong></span> 
     </span>
    </p>
   </div>
   <div class='ocr_carea' id='block_1_42' title="bbox 212 2016 996 2054">
    <p class='ocr_par' dir='ltr' id='par_1_42' title="bbox 212 2016 996 2054">
     <span class='ocr_line' id='line_1_42' title="bbox 212 2016 996 2054; baseline 0.006 -11"><span class='ocrx_word' id='word_1_316' title='bbox 212 2016 334 2044; x_wconf 86' lang='lat' dir='ltr'><strong>derimus</strong></span> <span class='ocrx_word' id='word_1_317' title='bbox 347 2017 431 2044; x_wconf 86' lang='lat' dir='ltr'><strong>Deum</strong></span> <span class='ocrx_word' id='word_1_318' title='bbox 440 2026 489 2053; x_wconf 88' lang='lat' dir='ltr'><strong>per</strong></span> <span class='ocrx_word' id='word_1_319' title='bbox 509 2019 594 2047; x_wconf 85' lang='lat' dir='ltr'><strong>multa</strong></span> <span class='ocrx_word' id='word_1_320' title='bbox 612 2023 724 2054; x_wconf 86' lang='lat' dir='ltr'><strong>peccata</strong></span> <span class='ocrx_word' id='word_1_321' title='bbox 742 2020 773 2051; x_wconf 80' lang='grc'><strong>¹⁰,</strong></span> <span class='ocrx_word' id='word_1_322' title='bbox 792 2020 996 2054; x_wconf 85' lang='lat' dir='ltr'><strong>quodammodo</strong></span> 
     </span>
    </p>
   </div>
   <div class='ocr_carea' id='block_1_43' title="bbox 211 2063 996 2100">
    <p class='ocr_par' dir='ltr' id='par_1_43' title="bbox 211 2063 996 2100">
     <span class='ocr_line' id='line_1_43' title="bbox 211 2063 996 2100; baseline 0.006 -12"><span class='ocrx_word' id='word_1_323' title='bbox 211 2068 245 2088; x_wconf 79' lang='lat' dir='ltr'><strong>ex</strong></span> <span class='ocrx_word' id='word_1_324' title='bbox 273 2063 360 2090; x_wconf 87' lang='lat' dir='ltr'><strong>oculis</strong></span> <span class='ocrx_word' id='word_1_325' title='bbox 383 2063 470 2098; x_wconf 84' lang='lat' dir='ltr'><strong>patris</strong></span> <span class='ocrx_word' id='word_1_326' title='bbox 499 2064 602 2092; x_wconf 79' lang='lat' dir='ltr'><strong>fuimus</strong></span> <span class='ocrx_word' id='word_1_327' title='bbox 627 2065 734 2092; x_wconf 89' lang='lat' dir='ltr'><strong>remoti.</strong></span> <span class='ocrx_word' id='word_1_328' title='bbox 763 2065 910 2100; x_wconf 88' lang='lat' dir='ltr'><strong>Postquam</strong></span> <span class='ocrx_word' id='word_1_329' title='bbox 931 2074 996 2093; x_wconf 81' lang='lat' dir='ltr'><strong>vero</strong></span> 
     </span>
    </p>
   </div>
   <div class='ocr_carea' id='block_1_44' title="bbox 211 2107 996 2144">
    <p class='ocr_par' dir='ltr' id='par_1_44' title="bbox 211 2107 996 2144">
     <span class='ocr_line' id='line_1_44' title="bbox 211 2107 996 2144; baseline 0.006 -10"><span class='ocrx_word' id='word_1_330' title='bbox 211 2107 337 2135; x_wconf 87' lang='lat' dir='ltr'><strong>Christus</strong></span> <span class='ocrx_word' id='word_1_331' title='bbox 348 2117 398 2144; x_wconf 89' lang='lat' dir='ltr'><strong>pro</strong></span> <span class='ocrx_word' id='word_1_332' title='bbox 411 2110 490 2136; x_wconf 91' lang='lat' dir='ltr'><strong>nobis</strong></span> <span class='ocrx_word' id='word_1_333' title='bbox 502 2110 589 2137; x_wconf 79' lang='lat' dir='ltr'><strong>factus</strong></span> <span class='ocrx_word' id='word_1_334' title='bbox 612 2115 654 2138; x_wconf 89' lang='lat' dir='ltr'><strong>cst</strong></span> <span class='ocrx_word' id='word_1_335' title='bbox 668 2111 768 2142; x_wconf 86' lang='lat' dir='ltr'><strong>hostia,</strong></span> <span class='ocrx_word' id='word_1_336' title='bbox 795 2111 927 2138; x_wconf 88' lang='lat' dir='ltr'><strong>Dominus</strong></span> <span class='ocrx_word' id='word_1_337' title='bbox 951 2120 996 2139; x_wconf 87' lang='lat' dir='ltr'><strong>re—</strong></span> 
     </span>
    </p>
   </div>
   <div class='ocr_carea' id='block_1_45' title="bbox 212 2154 995 2192">
    <p class='ocr_par' dir='ltr' id='par_1_45' title="bbox 212 2154 995 2192">
     <span class='ocr_line' id='line_1_45' title="bbox 212 2154 995 2192; baseline 0.006 -11"><span class='ocrx_word' id='word_1_338' title='bbox 212 2154 341 2182; x_wconf 82' lang='lat' dir='ltr'><strong>cordatus</strong></span> <span class='ocrx_word' id='word_1_339' title='bbox 355 2156 441 2183; x_wconf 88' lang='lat' dir='ltr'><strong>nostri</strong></span> <span class='ocrx_word' id='word_1_340' title='bbox 456 2156 597 2183; x_wconf 76' lang='lat' dir='ltr'><strong>benedixit</strong></span> <span class='ocrx_word' id='word_1_341' title='bbox 609 2157 786 2192; x_wconf 81' lang='lat' dir='ltr'><strong>nobis,juxla</strong></span> <span class='ocrx_word' id='word_1_342' title='bbox 805 2158 870 2184; x_wconf 93' lang='lat' dir='ltr'><strong>illud</strong></span> <span class='ocrx_word' id='word_1_343' title='bbox 891 2167 896 2184; x_wconf 89' lang='lat'>:</span> <span class='ocrx_word' id='word_1_344' title='bbox 916 2168 925 2182; x_wconf 84' lang='grc'><em>‹</em></span> <span class='ocrx_word' id='word_1_345' title='bbox 944 2158 995 2186; x_wconf 82' lang='lat' dir='ltr'><strong>Be-</strong></span> 
     </span>
    </p>
   </div>
   <div class='ocr_carea' id='block_1_46' title="bbox 211 2197 1032 2237">
    <p class='ocr_par' dir='ltr' id='par_1_46' title="bbox 211 2197 1032 2237">
     <span class='ocr_line' id='line_1_46' title="bbox 211 2197 1032 2237; baseline 0.005 -11"><span class='ocrx_word' id='word_1_346' title='bbox 211 2199 315 2226; x_wconf 77' lang='lat' dir='ltr'><strong>nedixit</strong></span> <span class='ocrx_word' id='word_1_347' title='bbox 334 2201 462 2227; x_wconf 78' lang='lat' dir='ltr'><strong>omnibus</strong></span> <span class='ocrx_word' id='word_1_348' title='bbox 471 2202 516 2235; x_wconf 90' lang='lat' dir='ltr'><strong>qui</strong></span> <span class='ocrx_word' id='word_1_349' title='bbox 531 2201 627 2228; x_wconf 84' lang='lat' dir='ltr'><strong>timent</strong></span> <span class='ocrx_word' id='word_1_350' title='bbox 639 2202 793 2234; x_wconf 84' lang='lat' dir='ltr'><strong>Dominum,</strong></span> <span class='ocrx_word' id='word_1_351' title='bbox 805 2203 916 2237; x_wconf 79' lang='lat' dir='ltr'><strong>pusillis</strong></span> <span class='ocrx_word' id='word_1_352' title='bbox 931 2210 994 2230; x_wconf 92' lang='lat' dir='ltr'><strong>cum</strong></span> <span class='ocrx_word' id='word_1_353' title='bbox 1012 2197 1032 2224; x_wconf 75' lang='grc' dir='ltr'>υ</span> 
     </span>
    </p>
   </div>
   <div class='ocr_carea' id='block_1_47' title="bbox 211 2246 997 2282">
    <p class='ocr_par' dir='ltr' id='par_1_47' title="bbox 211 2246 997 2282">
     <span class='ocr_line' id='line_1_47' title="bbox 211 2246 997 2282; baseline 0.004 -10"><span class='ocrx_word' id='word_1_354' title='bbox 211 2246 362 2280; x_wconf 83' lang='lat' dir='ltr'><strong>majoribus</strong></span> <span class='ocrx_word' id='word_1_355' title='bbox 374 2246 403 2273; x_wconf 83' lang='lat'><strong>”.</strong></span> <span class='ocrx_word' id='word_1_356' title='bbox 423 2256 431 2271; x_wconf 78' lang='grc' dir='ltr'><strong>ι</strong></span> <span class='ocrx_word' id='word_1_357' title='bbox 445 2247 523 2274; x_wconf 84' lang='lat' dir='ltr'><strong>Unde</strong></span> <span class='ocrx_word' id='word_1_358' title='bbox 536 2247 618 2274; x_wconf 84' lang='lat' dir='ltr'><strong>etiam</strong></span> <span class='ocrx_word' id='word_1_359' title='bbox 635 2247 707 2274; x_wconf 88' lang='lat' dir='ltr'><strong>docti</strong></span> <span class='ocrx_word' id='word_1_360' title='bbox 729 2255 824 2274; x_wconf 88' lang='lat' dir='ltr'><strong>sumus</strong></span> <span class='ocrx_word' id='word_1_361' title='bbox 836 2248 953 2282; x_wconf 86' lang='lat' dir='ltr'><strong>psallere</strong></span> <span class='ocrx_word' id='word_1_362' title='bbox 969 2252 997 2275; x_wconf 90' lang='lat' dir='ltr'><strong>ct</strong></span> 
     </span>
    </p>
   </div>
   <div class='ocr_carea' id='block_1_48' title="bbox 210 2290 996 2327">
    <p class='ocr_par' dir='ltr' id='par_1_48' title="bbox 210 2290 996 2327">
     <span class='ocr_line' id='line_1_48' title="bbox 210 2290 996 2327; baseline 0.005 -10"><span class='ocrx_word' id='word_1_363' title='bbox 210 2290 304 2318; x_wconf 86' lang='lat' dir='ltr'><strong>dicere</strong></span> <span class='ocrx_word' id='word_1_364' title='bbox 322 2301 327 2318; x_wconf 75' lang='grc' dir='ltr'><strong>τ</strong></span> <span class='ocrx_word' id='word_1_365' title='bbox 346 2301 355 2316; x_wconf 79' lang='grc' dir='ltr'>ι</span> <span class='ocrx_word' id='word_1_366' title='bbox 373 2291 510 2319; x_wconf 71' lang='lat' dir='ltr'><strong>lienedicti</strong></span> <span class='ocrx_word' id='word_1_367' title='bbox 528 2300 576 2319; x_wconf 84' lang='lat' dir='ltr'><strong>vos</strong></span> <span class='ocrx_word' id='word_1_368' title='bbox 588 2301 602 2319; x_wconf 87' lang='lat' dir='ltr'><strong>a</strong></span> <span class='ocrx_word' id='word_1_369' title='bbox 618 2293 734 2319; x_wconf 88' lang='lat' dir='ltr'><strong>Domino</strong></span> <span class='ocrx_word' id='word_1_370' title='bbox 746 2293 793 2327; x_wconf 87' lang='lat' dir='ltr'><strong>qui</strong></span> <span class='ocrx_word' id='word_1_371' title='bbox 807 2293 873 2321; x_wconf 84' lang='lat' dir='ltr'><strong>fecit</strong></span> <span class='ocrx_word' id='word_1_372' title='bbox 896 2295 996 2321; x_wconf 81' lang='lat' dir='ltr'><strong>cmlum</strong></span> 
     </span>
    </p>
   </div>
   <div class='ocr_carea' id='block_1_49' title="bbox 210 2337 996 2367">
    <p class='ocr_par' dir='ltr' id='par_1_49' title="bbox 210 2337 996 2367">
     <span class='ocr_line' id='line_1_49' title="bbox 210 2337 996 2367; baseline 0.006 -5"><span class='ocrx_word' id='word_1_373' title='bbox 210 2340 238 2363; x_wconf 87' lang='lat' dir='ltr'><strong>et</strong></span> <span class='ocrx_word' id='word_1_374' title='bbox 254 2341 353 2364; x_wconf 75' lang='lat' dir='ltr'><strong>terram</strong></span> <span class='ocrx_word' id='word_1_375' title='bbox 367 2337 396 2364; x_wconf 85' lang='lat'><strong>&quot;.</strong></span> <span class='ocrx_word' id='word_1_376' title='bbox 414 2347 423 2362; x_wconf 82' lang='grc' dir='ltr'>ι</span> <span class='ocrx_word' id='word_1_377' title='bbox 441 2338 526 2364; x_wconf 87' lang='lat' dir='ltr'><strong>Porro</strong></span> <span class='ocrx_word' id='word_1_378' title='bbox 540 2338 590 2364; x_wconf 88' lang='lat' dir='ltr'><strong>alia</strong></span> <span class='ocrx_word' id='word_1_379' title='bbox 607 2338 688 2365; x_wconf 83' lang='lat' dir='ltr'><strong>etiam</strong></span> <span class='ocrx_word' id='word_1_380' title='bbox 706 2339 812 2366; x_wconf 89' lang='lat' dir='ltr'><strong>ratione</strong></span> <span class='ocrx_word' id='word_1_381' title='bbox 835 2339 879 2366; x_wconf 73' lang='lat' dir='ltr'><strong>lex</strong></span> <span class='ocrx_word' id='word_1_382' title='bbox 892 2340 996 2367; x_wconf 84' lang='lat' dir='ltr'><strong>Christi</strong></span> 
     </span>
    </p>
   </div>
   <div class='ocr_carea' id='block_1_50' title="bbox 211 2383 997 2418">
    <p class='ocr_par' dir='ltr' id='par_1_50' title="bbox 211 2383 997 2418">
     <span class='ocr_line' id='line_1_50' title="bbox 211 2383 997 2418; baseline 0.006 -9"><span class='ocrx_word' id='word_1_383' title='bbox 211 2383 377 2410; x_wconf 85' lang='lat' dir='ltr'><strong>oblationem</strong></span> <span class='ocrx_word' id='word_1_384' title='bbox 387 2383 716 2417; x_wconf 81' lang='lat' dir='ltr'><strong>nobisdescribit,dicens</strong></span> <span class='ocrx_word' id='word_1_385' title='bbox 731 2394 736 2411; x_wconf 85' lang='lat'><strong>:</strong></span> <span class='ocrx_word' id='word_1_386' title='bbox 751 2395 759 2410; x_wconf 79' lang='grc' dir='ltr'>ι</span> <span class='ocrx_word' id='word_1_387' title='bbox 773 2385 850 2418; x_wconf 85' lang='lat' dir='ltr'><strong>Quod</strong></span> <span class='ocrx_word' id='word_1_388' title='bbox 862 2386 997 2414; x_wconf 88' lang='lat' dir='ltr'><strong>sidonum</strong></span> 
     </span>
    </p>
   </div>
   <div class='ocr_carea' id='block_1_51' title="bbox 210 2427 996 2467">
    <p class='ocr_par' dir='ltr' id='par_1_51' title="bbox 210 2427 996 2467">
     <span class='ocr_line' id='line_1_51' title="bbox 210 2427 996 2467; baseline 0.008 -13"><span class='ocrx_word' id='word_1_389' title='bbox 210 2429 270 2463; x_wconf 83' lang='lat' dir='ltr'><strong>ejus</strong></span> <span class='ocrx_word' id='word_1_390' title='bbox 283 2427 367 2455; x_wconf 86' lang='lat' dir='ltr'><strong>fuerit</strong></span> <span class='ocrx_word' id='word_1_391' title='bbox 383 2429 497 2456; x_wconf 90' lang='lat' dir='ltr'><strong>Domino</strong></span> <span class='ocrx_word' id='word_1_392' title='bbox 524 2429 612 2457; x_wconf 87' lang='lat' dir='ltr'><strong>hostia</strong></span> <span class='ocrx_word' id='word_1_393' title='bbox 634 2430 781 2458; x_wconf 84' lang='lat' dir='ltr'><strong>salutaris:</strong></span> <span class='ocrx_word' id='word_1_394' title='bbox 804 2432 938 2467; x_wconf 85' lang='lat' dir='ltr'><strong>siquidem</strong></span> <span class='ocrx_word' id='word_1_395' title='bbox 962 2441 996 2460; x_wconf 75' lang='lat' dir='ltr'><strong>ex</strong></span> 
     </span>
    </p>
   </div>
   <div class='ocr_carea' id='block_1_52' title="bbox 210 2473 996 2509">
    <p class='ocr_par' dir='ltr' id='par_1_52' title="bbox 210 2473 996 2509">
     <span class='ocr_line' id='line_1_52' title="bbox 210 2473 996 2509; baseline 0.009 -9"><span class='ocrx_word' id='word_1_396' title='bbox 210 2473 300 2503; x_wconf 85' lang='lat' dir='ltr'><strong>bobus</strong></span> <span class='ocrx_word' id='word_1_397' title='bbox 310 2474 361 2509; x_wconf 90' lang='lat' dir='ltr'><strong>ipsi</strong></span> <span class='ocrx_word' id='word_1_398' title='bbox 377 2475 508 2503; x_wconf 81' lang='lat' dir='ltr'><strong>obtulerit</strong></span> <span class='ocrx_word' id='word_1_399' title='bbox 519 2484 589 2508; x_wconf 82' lang='lat' dir='ltr'><strong>eam,</strong></span> <span class='ocrx_word' id='word_1_400' title='bbox 602 2477 659 2504; x_wconf 85' lang='lat' dir='ltr'><strong>sive</strong></span> <span class='ocrx_word' id='word_1_401' title='bbox 676 2478 827 2505; x_wconf 84' lang='lat' dir='ltr'><strong>masculum</strong></span> <span class='ocrx_word' id='word_1_402' title='bbox 843 2479 900 2506; x_wconf 85' lang='lat' dir='ltr'><strong>sive</strong></span> <span class='ocrx_word' id='word_1_403' title='bbox 915 2479 996 2507; x_wconf 85' lang='lat' dir='ltr'><strong>femi-</strong></span> 
     </span>
    </p>
   </div>
   <div class='ocr_carea' id='block_1_53' title="bbox 211 2521 994 2559">
    <p class='ocr_par' dir='ltr' id='par_1_53' title="bbox 211 2521 994 2559">
     <span class='ocr_line' id='line_1_53' title="bbox 211 2521 994 2559; baseline 0.008 -12"><span class='ocrx_word' id='word_1_404' title='bbox 211 2528 285 2552; x_wconf 85' lang='lat' dir='ltr'><strong>nam,</strong></span> <span class='ocrx_word' id='word_1_405' title='bbox 300 2521 503 2549; x_wconf 87' lang='lat' dir='ltr'><strong>immaculatum</strong></span> <span class='ocrx_word' id='word_1_406' title='bbox 521 2523 639 2550; x_wconf 85' lang='lat' dir='ltr'><strong>adducet</strong></span> <span class='ocrx_word' id='word_1_407' title='bbox 657 2524 744 2559; x_wconf 82' lang='lat' dir='ltr'><strong>ipsum</strong></span> <span class='ocrx_word' id='word_1_408' title='bbox 764 2533 855 2552; x_wconf 88' lang='lat' dir='ltr'><strong>coram</strong></span> <span class='ocrx_word' id='word_1_409' title='bbox 869 2526 994 2557; x_wconf 89' lang='lat' dir='ltr'><strong>Domino,</strong></span> 
     </span>
    </p>
   </div>
   <div class='ocr_carea' id='block_1_54' title="bbox 209 2567 996 2605">
    <p class='ocr_par' dir='ltr' id='par_1_54' title="bbox 209 2567 996 2605">
     <span class='ocr_line' id='line_1_54' title="bbox 209 2567 996 2605; baseline 0.006 -11"><span class='ocrx_word' id='word_1_410' title='bbox 209 2571 237 2594; x_wconf 85' lang='lat' dir='ltr'><strong>ct</strong></span> <span class='ocrx_word' id='word_1_411' title='bbox 262 2567 384 2602; x_wconf 80' lang='lat' dir='ltr'><strong>imponet</strong></span> <span class='ocrx_word' id='word_1_412' title='bbox 409 2576 505 2596; x_wconf 89' lang='lat' dir='ltr'><strong>manus</strong></span> <span class='ocrx_word' id='word_1_413' title='bbox 521 2577 583 2596; x_wconf 85' lang='lat' dir='ltr'><strong>suas</strong></span> <span class='ocrx_word' id='word_1_414' title='bbox 606 2577 689 2604; x_wconf 88' lang='lat' dir='ltr'><strong>super</strong></span> <span class='ocrx_word' id='word_1_415' title='bbox 705 2575 787 2605; x_wconf 82' lang='lat' dir='ltr'><strong>caput</strong></span> <span class='ocrx_word' id='word_1_416' title='bbox 814 2572 947 2603; x_wconf 86' lang='lat' dir='ltr'><strong>muneris,</strong></span> <span class='ocrx_word' id='word_1_417' title='bbox 969 2576 996 2599; x_wconf 88' lang='lat' dir='ltr'><strong>et</strong></span> 
     </span>
    </p>
   </div>
   <div class='ocr_carea' id='block_1_55' title="bbox 211 2614 996 2649">
    <p class='ocr_par' dir='ltr' id='par_1_55' title="bbox 211 2614 996 2649">
     <span class='ocr_line' id='line_1_55' title="bbox 211 2614 996 2649; baseline 0.006 -9"><span class='ocrx_word' id='word_1_418' title='bbox 211 2614 341 2641; x_wconf 88' lang='lat' dir='ltr'><strong>mactabit</strong></span> <span class='ocrx_word' id='word_1_419' title='bbox 355 2614 442 2649; x_wconf 83' lang='lat' dir='ltr'><strong>ipsum</strong></span> <span class='ocrx_word' id='word_1_420' title='bbox 459 2615 491 2642; x_wconf 84' lang='lat' dir='ltr'><strong>ad</strong></span> <span class='ocrx_word' id='word_1_421' title='bbox 504 2615 576 2643; x_wconf 81' lang='lat' dir='ltr'><strong>fores</strong></span> <span class='ocrx_word' id='word_1_422' title='bbox 596 2616 764 2644; x_wconf 80' lang='lat' dir='ltr'><strong>tabernaculi</strong></span> <span class='ocrx_word' id='word_1_423' title='bbox 784 2617 945 2645; x_wconf 85' lang='lat' dir='ltr'><strong>testimonii.</strong></span> <span class='ocrx_word' id='word_1_424' title='bbox 963 2618 996 2645; x_wconf 83' lang='lat' dir='ltr'><strong>Et</strong></span> 
     </span>
    </p>
   </div>
   <div class='ocr_carea' id='block_1_56' title="bbox 211 2659 995 2697">
    <p class='ocr_par' dir='ltr' id='par_1_56' title="bbox 211 2659 995 2697">
     <span class='ocr_line' id='line_1_56' title="bbox 211 2659 995 2697; baseline 0.005 -10"><span class='ocrx_word' id='word_1_425' title='bbox 211 2659 258 2687; x_wconf 76' lang='lat' dir='ltr'><strong>lilii</strong></span> <span class='ocrx_word' id='word_1_426' title='bbox 274 2661 364 2687; x_wconf 82' lang='lat' dir='ltr'><strong>Aaron</strong></span> <span class='ocrx_word' id='word_1_427' title='bbox 379 2661 685 2689; x_wconf 79' lang='lat' dir='ltr'><strong>sacerdoteseﬂ&#39;undeut</strong></span> <span class='ocrx_word' id='word_1_428' title='bbox 697 2663 858 2697; x_wconf 79' lang='lat' dir='ltr'><strong>sanguinem</strong></span> <span class='ocrx_word' id='word_1_429' title='bbox 874 2664 900 2690; x_wconf 90' lang='lat' dir='ltr'><strong>in</strong></span> <span class='ocrx_word' id='word_1_430' title='bbox 911 2664 995 2691; x_wconf 86' lang='lat' dir='ltr'><strong>altare</strong></span> 
     </span>
    </p>
   </div>
   <div class='ocr_carea' id='block_1_57' title="bbox 209 2706 994 2736">
    <p class='ocr_par' dir='ltr' id='par_1_57' title="bbox 209 2706 994 2736">
     <span class='ocr_line' id='line_1_57' title="bbox 209 2706 994 2736; baseline 0.003 -3"><span class='ocrx_word' id='word_1_431' title='bbox 209 2706 281 2734; x_wconf 81' lang='lat' dir='ltr'><strong>circa</strong></span> <span class='ocrx_word' id='word_1_432' title='bbox 294 2707 462 2734; x_wconf 81' lang='lat' dir='ltr'><strong>holocausta.</strong></span> <span class='ocrx_word' id='word_1_433' title='bbox 478 2708 510 2735; x_wconf 84' lang='lat' dir='ltr'><strong>Et</strong></span> <span class='ocrx_word' id='word_1_434' title='bbox 523 2708 658 2735; x_wconf 71' lang='lat' dir='ltr'><strong>adducent</strong></span> <span class='ocrx_word' id='word_1_435' title='bbox 677 2707 841 2735; x_wconf 73' lang='lat' dir='ltr'><strong>oblationem</strong></span> <span class='ocrx_word' id='word_1_436' title='bbox 864 2709 897 2735; x_wconf 77' lang='lat' dir='ltr'><strong>de</strong></span> <span class='ocrx_word' id='word_1_437' title='bbox 912 2709 994 2736; x_wconf 76' lang='lat' dir='ltr'><strong>sacri-</strong></span> 
     </span>
    </p>
   </div>
   <div class='ocr_carea' id='block_1_58' title="bbox 252 2813 956 2848">
    <p class='ocr_par' dir='ltr' id='par_1_58' title="bbox 252 2813 956 2848">
     <span class='ocr_line' id='line_1_58' title="bbox 252 2813 956 2848; baseline 0.001 -7"><span class='ocrx_word' id='word_1_438' title='bbox 252 2813 331 2842; x_wconf 76' lang='lat' dir='ltr'><strong>‘Osec</strong></span> <span class='ocrx_word' id='word_1_439' title='bbox 356 2825 411 2844; x_wconf 73' lang='lat' dir='ltr'><strong>xui.</strong></span> <span class='ocrx_word' id='word_1_440' title='bbox 437 2817 463 2844; x_wconf 79' lang='grc' dir='ltr'>Η</span> <span class='ocrx_word' id='word_1_441' title='bbox 479 2826 484 2846; x_wconf 89' lang='grc'>;</span> <span class='ocrx_word' id='word_1_442' title='bbox 500 2817 583 2844; x_wconf 78' lang='lat' dir='ltr'><strong>lCor.</strong></span> <span class='ocrx_word' id='word_1_443' title='bbox 600 2827 640 2847; x_wconf 75' lang='grc' dir='ltr'><strong>ιν,</strong></span> <span class='ocrx_word' id='word_1_444' title='bbox 654 2819 696 2844; x_wconf 75' lang='lat' dir='ltr'><strong>:‘ii.</strong></span> <span class='ocrx_word' id='word_1_445' title='bbox 731 2818 739 2831; x_wconf 79' lang='lat'>&#39;</span> <span class='ocrx_word' id='word_1_446' title='bbox 756 2819 837 2848; x_wconf 71' lang='lat' dir='ltr'><strong>Apoc.</strong></span> <span class='ocrx_word' id='word_1_447' title='bbox 851 2825 896 2845; x_wconf 74' lang='grc' dir='ltr'>ιἰι,</span> <span class='ocrx_word' id='word_1_448' title='bbox 915 2815 956 2841; x_wconf 79' lang='grc'><strong>17.</strong></span> 
     </span>
    </p>
   </div>
   <div class='ocr_carea' id='block_1_59' title="bbox 212 2843 992 2885">
    <p class='ocr_par' dir='ltr' id='par_1_59' title="bbox 212 2843 992 2885">
     <span class='ocr_line' id='line_1_59' title="bbox 212 2843 992 2885; baseline -0.003 -8"><span class='ocrx_word' id='word_1_449' title='bbox 212 2843 222 2859; x_wconf 71' lang='grc'><strong>⁸</strong></span> <span class='ocrx_word' id='word_1_450' title='bbox 240 2849 326 2885; x_wconf 68' lang='lat' dir='ltr'><strong>Levit.</strong></span> <span class='ocrx_word' id='word_1_451' title='bbox 354 2859 380 2882; x_wconf 94' lang='lat' dir='ltr'><strong>ll,</strong></span> <span class='ocrx_word' id='word_1_452' title='bbox 409 2843 462 2878; x_wconf 19' lang='lat'><strong>15.7</strong></span> <span class='ocrx_word' id='word_1_453' title='bbox 480 2843 509 2868; x_wconf 58' lang='lat'><strong>&quot;°</strong></span> <span class='ocrx_word' id='word_1_454' title='bbox 535 2853 591 2879; x_wconf 63' lang='lat' dir='ltr'><strong>Jac.</strong></span> <span class='ocrx_word' id='word_1_455' title='bbox 619 2843 655 2885; x_wconf 68' lang='lat' dir='ltr'><strong>ui,</strong></span> <span class='ocrx_word' id='word_1_456' title='bbox 738 2854 755 2867; x_wconf 88' lang='lat'>”</span> <span class='ocrx_word' id='word_1_457' title='bbox 773 2843 841 2879; x_wconf 43' lang='lat' dir='ltr'><strong>ibat.</strong></span> <span class='ocrx_word' id='word_1_458' title='bbox 864 2843 935 2880; x_wconf 60' lang='lat' dir='ltr'><strong>(,rsn.</strong></span> <span class='ocrx_word' id='word_1_459' title='bbox 963 2851 992 2876; x_wconf 72' lang='grc'><strong>13</strong></span> 
     </span>
    </p>
   </div>
   <div class='ocr_carea' id='block_1_60' title="bbox 719 113 1328 159">
    <p class='ocr_par' dir='ltr' id='par_1_60' title="bbox 719 113 1328 159">
     <span class='ocr_line' id='line_1_60' title="bbox 719 113 1328 159; baseline -0.002 -1"><span class='ocrx_word' id='word_1_460' title='bbox 719 131 746 159; x_wconf 85' lang='lat' dir='ltr'><strong>S.</strong></span> <span class='ocrx_word' id='word_1_461' title='bbox 767 113 904 158; x_wconf 58' lang='lat' dir='ltr'><strong>CYRILLI</strong></span> <span class='ocrx_word' id='word_1_462' title='bbox 923 130 1158 158; x_wconf 65' lang='lat' dir='ltr'><strong>ALEXANDRINI</strong></span> <span class='ocrx_word' id='word_1_463' title='bbox 1177 130 1328 158; x_wconf 78' lang='lat' dir='ltr'><strong>ARCHIEP</strong></span> 
     </span>
    </p>
   </div>
   <div class='ocr_carea' id='block_1_61' title="bbox 997 2815 1246 2842">
    <p class='ocr_par' dir='ltr' id='par_1_61' title="bbox 997 2815 1246 2842">
     <span class='ocr_line' id='line_1_61' title="bbox 997 2815 1246 2842; baseline -0.008 0"><span class='ocrx_word' id='word_1_464' title='bbox 997 2815 1006 2827; x_wconf 78' lang='lat'><strong>‘</strong></span> <span class='ocrx_word' id='word_1_465' title='bbox 1027 2816 1104 2842; x_wconf 71' lang='lat' dir='ltr'><strong>Rom.</strong></span> <span class='ocrx_word' id='word_1_466' title='bbox 1130 2824 1184 2842; x_wconf 69' lang='lat' dir='ltr'><strong>un.</strong></span> <span class='ocrx_word' id='word_1_467' title='bbox 1203 2816 1246 2842; x_wconf 69' lang='grc'><strong>21.</strong></span> 
     </span>
    </p>
   </div>
   <div class='ocr_carea' id='block_1_62' title="bbox 1783 128 1837 158">
    <p class='ocr_par' dir='ltr' id='par_1_62' title="bbox 1783 128 1837 158">
     <span class='ocr_line' id='line_1_62' title="bbox 1783 128 1837 158; baseline -0.074 0"><span class='ocrx_word' id='word_1_468' title='bbox 1783 128 1837 158; x_wconf 73' lang='lat' dir='ltr'><strong>5H</strong></span> 
     </span>
    </p>
   </div>
   <div class='ocr_carea' id='block_1_63' title="bbox 1048 184 1838 223">
    <p class='ocr_par' dir='ltr' id='par_1_63' title="bbox 1048 184 1838 223">
     <span class='ocr_line' id='line_1_63' title="bbox 1048 184 1838 223; baseline 0 -9"><span class='ocrx_word' id='word_1_469' title='bbox 1048 184 1178 223; x_wconf 80' lang='grc' dir='ltr'>μἀτικῶν.</span> <span class='ocrx_word' id='word_1_470' title='bbox 1197 188 1259 214; x_wconf 86' lang='grc' dir='ltr'>’Ὁτι</span> <span class='ocrx_word' id='word_1_471' title='bbox 1280 186 1308 213; x_wconf 81' lang='grc' dir='ltr'><strong>δὲ</strong></span> <span class='ocrx_word' id='word_1_472' title='bbox 1322 186 1371 212; x_wconf 75' lang='grc' dir='ltr'><strong>οὐκ</strong></span> <span class='ocrx_word' id='word_1_473' title='bbox 1386 187 1425 217; x_wconf 83' lang='grc' dir='ltr'><strong>είς</strong></span> <span class='ocrx_word' id='word_1_474' title='bbox 1446 185 1563 221; x_wconf 82' lang='grc' dir='ltr'>δάκρυον</span> <span class='ocrx_word' id='word_1_475' title='bbox 1577 186 1595 222; x_wconf 72' lang='grc' dir='ltr'>ἢ</span> <span class='ocrx_word' id='word_1_476' title='bbox 1607 194 1636 212; x_wconf 85' lang='grc' dir='ltr'><strong>τε</strong></span> <span class='ocrx_word' id='word_1_477' title='bbox 1653 185 1749 222; x_wconf 79' lang='grc' dir='ltr'>θρῆνος</span> <span class='ocrx_word' id='word_1_478' title='bbox 1761 188 1775 213; x_wconf 80' lang='grc' dir='ltr'>ὁ</span> <span class='ocrx_word' id='word_1_479' title='bbox 1789 187 1838 214; x_wconf 77' lang='grc' dir='ltr'><strong>θά-</strong></span> 
     </span>
    </p>
   </div>
   <div class='ocr_carea' id='block_1_64' title="bbox 1046 230 1840 268">
    <p class='ocr_par' dir='ltr' id='par_1_64' title="bbox 1046 230 1840 268">
     <span class='ocr_line' id='line_1_64' title="bbox 1046 230 1840 268; baseline -0.001 -9"><span class='ocrx_word' id='word_1_480' title='bbox 1046 241 1125 264; x_wconf 82' lang='grc' dir='ltr'>νατος</span> <span class='ocrx_word' id='word_1_481' title='bbox 1140 231 1173 268; x_wconf 78' lang='grc' dir='ltr'>ἦν</span> <span class='ocrx_word' id='word_1_482' title='bbox 1196 231 1280 267; x_wconf 71' lang='grc' dir='ltr'>αὐτῷ,</span> <span class='ocrx_word' id='word_1_483' title='bbox 1310 232 1353 257; x_wconf 76' lang='grc' dir='ltr'><strong>ἐπ’</strong></span> <span class='ocrx_word' id='word_1_484' title='bbox 1374 230 1514 266; x_wconf 75' lang='grc' dir='ltr'><strong>ἀναιρέσει</strong></span> <span class='ocrx_word' id='word_1_485' title='bbox 1537 231 1565 257; x_wconf 77' lang='grc' dir='ltr'><strong>δὲ</strong></span> <span class='ocrx_word' id='word_1_486' title='bbox 1590 231 1688 266; x_wconf 81' lang='grc' dir='ltr'>μᾶλλον</span> <span class='ocrx_word' id='word_1_487' title='bbox 1712 231 1840 267; x_wconf 70' lang='grc' dir='ltr'>δακρύων</span> 
     </span>
    </p>
   </div>
   <div class='ocr_carea' id='block_1_65' title="bbox 1046 276 1841 314">
    <p class='ocr_par' dir='ltr' id='par_1_65' title="bbox 1046 276 1841 314">
     <span class='ocr_line' id='line_1_65' title="bbox 1046 276 1841 314; baseline -0.003 -8"><span class='ocrx_word' id='word_1_488' title='bbox 1046 279 1093 306; x_wconf 61' lang='grc' dir='ltr'><strong>κα)⁵</strong></span> <span class='ocrx_word' id='word_1_489' title='bbox 1107 279 1213 314; x_wconf 78' lang='grc' dir='ltr'>θρήνων</span> <span class='ocrx_word' id='word_1_490' title='bbox 1233 278 1279 304; x_wconf 73' lang='grc' dir='ltr'>καὶ</span> <span class='ocrx_word' id='word_1_491' title='bbox 1303 278 1346 303; x_wconf 82' lang='grc' dir='ltr'><strong>ἐπ’</strong></span> <span class='ocrx_word' id='word_1_492' title='bbox 1366 277 1452 303; x_wconf 74' lang='grc' dir='ltr'>ἐλπίδι</span> <span class='ocrx_word' id='word_1_493' title='bbox 1470 277 1502 312; x_wconf 85' lang='grc' dir='ltr'>τῇ</span> <span class='ocrx_word' id='word_1_494' title='bbox 1518 276 1577 303; x_wconf 89' lang='grc' dir='ltr'>λίαν</span> <span class='ocrx_word' id='word_1_495' title='bbox 1595 277 1759 314; x_wconf 83' lang='grc' dir='ltr'>ίλαρωτάτῃ.</span> <span class='ocrx_word' id='word_1_496' title='bbox 1779 278 1841 310; x_wconf 77' lang='grc' dir='ltr'>πῶς</span> 
     </span>
    </p>
   </div>
   <div class='ocr_carea' id='block_1_66' title="bbox 1046 322 1842 359">
    <p class='ocr_par' dir='ltr' id='par_1_66' title="bbox 1046 322 1842 359">
     <span class='ocr_line' id='line_1_66' title="bbox 1046 322 1842 359; baseline -0.003 -7"><span class='ocrx_word' id='word_1_497' title='bbox 1046 325 1080 352; x_wconf 82' lang='grc' dir='ltr'>ἂν</span> <span class='ocrx_word' id='word_1_498' title='bbox 1102 325 1118 359; x_wconf 81' lang='grc' dir='ltr'>ἢ</span> <span class='ocrx_word' id='word_1_499' title='bbox 1142 324 1224 350; x_wconf 82' lang='grc' dir='ltr'>πόθεν</span> <span class='ocrx_word' id='word_1_500' title='bbox 1240 323 1385 350; x_wconf 79' lang='grc' dir='ltr'>ὲνδοιάσειέ</span> <span class='ocrx_word' id='word_1_501' title='bbox 1409 331 1467 354; x_wconf 87' lang='grc' dir='ltr'>τις;</span> <span class='ocrx_word' id='word_1_502' title='bbox 1488 323 1524 349; x_wconf 86' lang='grc' dir='ltr'><strong>Οὐ</strong></span> <span class='ocrx_word' id='word_1_503' title='bbox 1537 322 1591 358; x_wconf 76' lang='grc' dir='ltr'>γὰρ</span> <span class='ocrx_word' id='word_1_504' title='bbox 1614 323 1709 358; x_wconf 82' lang='grc' dir='ltr'>γέγονε</span> <span class='ocrx_word' id='word_1_505' title='bbox 1725 324 1842 358; x_wconf 77' lang='grc' dir='ltr'>κάτοχος</span> 
     </span>
    </p>
   </div>
   <div class='ocr_carea' id='block_1_67' title="bbox 1045 368 1842 406">
    <p class='ocr_par' dir='ltr' id='par_1_67' title="bbox 1045 368 1842 406">
     <span class='ocr_line' id='line_1_67' title="bbox 1045 368 1842 406; baseline -0.001 -9"><span class='ocrx_word' id='word_1_506' title='bbox 1045 373 1106 402; x_wconf 83' lang='grc' dir='ltr'>ταῖς</span> <span class='ocrx_word' id='word_1_507' title='bbox 1130 370 1193 406; x_wconf 75' lang='grc' dir='ltr'>ᾅδου</span> <span class='ocrx_word' id='word_1_508' title='bbox 1213 369 1321 401; x_wconf 78' lang='grc' dir='ltr'><strong>πύλαις,</strong></span> <span class='ocrx_word' id='word_1_509' title='bbox 1346 369 1406 395; x_wconf 78' lang='grc' dir='ltr'><strong>οὐδὲ</strong></span> <span class='ocrx_word' id='word_1_510' title='bbox 1423 368 1562 404; x_wconf 83' lang='grc' dir='ltr'>μεμένηκε</span> <span class='ocrx_word' id='word_1_511' title='bbox 1585 369 1614 396; x_wconf 83' lang='grc' dir='ltr'>ἐν</span> <span class='ocrx_word' id='word_1_512' title='bbox 1639 371 1758 405; x_wconf 79' lang='grc' dir='ltr'><strong>νεκροῖς.</strong></span> <span class='ocrx_word' id='word_1_513' title='bbox 1781 369 1842 396; x_wconf 84' lang='grc' dir='ltr'>ἀλλ’</span> 
     </span>
    </p>
   </div>
   <div class='ocr_carea' id='block_1_68' title="bbox 1046 413 1844 451">
    <p class='ocr_par' dir='ltr' id='par_1_68' title="bbox 1046 413 1844 451">
     <span class='ocr_line' id='line_1_68' title="bbox 1046 413 1844 451; baseline -0.001 -9"><span class='ocrx_word' id='word_1_514' title='bbox 1046 416 1071 442; x_wconf 78' lang='grc' dir='ltr'>εἰ</span> <span class='ocrx_word' id='word_1_515' title='bbox 1084 416 1131 442; x_wconf 71' lang='grc' dir='ltr'>καὶ</span> <span class='ocrx_word' id='word_1_516' title='bbox 1142 415 1270 442; x_wconf 81' lang='grc' dir='ltr'><strong>κατέπιεν</strong></span> <span class='ocrx_word' id='word_1_517' title='bbox 1283 415 1297 441; x_wconf 82' lang='grc' dir='ltr'>ὁ</span> <span class='ocrx_word' id='word_1_518' title='bbox 1311 414 1425 445; x_wconf 79' lang='grc' dir='ltr'>θάνατος</span> <span class='ocrx_word' id='word_1_519' title='bbox 1437 414 1560 449; x_wconf 80' lang='grc' dir='ltr'>ἰσχύσας,</span> <span class='ocrx_word' id='word_1_520' title='bbox 1571 413 1643 441; x_wconf 78' lang='grc' dir='ltr'>κατὰ</span> <span class='ocrx_word' id='word_1_521' title='bbox 1652 414 1701 449; x_wconf 84' lang='grc' dir='ltr'><strong>τὴν</strong></span> <span class='ocrx_word' id='word_1_522' title='bbox 1713 413 1760 441; x_wconf 80' lang='grc' dir='ltr'>τοῦ</span> <span class='ocrx_word' id='word_1_523' title='bbox 1772 423 1844 451; x_wconf 84' lang='grc' dir='ltr'>προ-</span> 
     </span>
    </p>
   </div>
   <div class='ocr_carea' id='block_1_69' title="bbox 1047 460 1843 498">
    <p class='ocr_par' dir='ltr' id='par_1_69' title="bbox 1047 460 1843 498">
     <span class='ocr_line' id='line_1_69' title="bbox 1047 460 1843 498; baseline -0.001 -10"><span class='ocrx_word' id='word_1_524' title='bbox 1047 463 1132 498; x_wconf 73' lang='grc' dir='ltr'>φήτου</span> <span class='ocrx_word' id='word_1_525' title='bbox 1145 463 1246 497; x_wconf 82' lang='grc' dir='ltr'>φωνὴν,</span> <span class='ocrx_word' id='word_1_526' title='bbox 1256 461 1325 488; x_wconf 78' lang='grc' dir='ltr'>ἀλλὰ</span> <span class='ocrx_word' id='word_1_527' title='bbox 1337 461 1420 488; x_wconf 80' lang='grc' dir='ltr'>πάλιν</span> <span class='ocrx_word' id='word_1_528' title='bbox 1432 461 1541 495; x_wconf 82' lang='grc' dir='ltr'><strong>ἀφεῖλεν</strong></span> <span class='ocrx_word' id='word_1_529' title='bbox 1554 461 1568 487; x_wconf 83' lang='grc' dir='ltr'>ὁ</span> <span class='ocrx_word' id='word_1_530' title='bbox 1579 460 1646 492; x_wconf 77' lang='grc' dir='ltr'>Θεὸς</span> <span class='ocrx_word' id='word_1_531' title='bbox 1658 461 1711 487; x_wconf 84' lang='grc' dir='ltr'>πᾶν</span> <span class='ocrx_word' id='word_1_532' title='bbox 1723 461 1843 496; x_wconf 72' lang='grc' dir='ltr'>δάκρυον</span> 
     </span>
    </p>
   </div>
   <div class='ocr_carea' id='block_1_70' title="bbox 1046 506 1843 543">
    <p class='ocr_par' dir='ltr' id='par_1_70' title="bbox 1046 506 1843 543">
     <span class='ocr_line' id='line_1_70' title="bbox 1046 506 1843 543; baseline 0 -9"><span class='ocrx_word' id='word_1_533' title='bbox 1046 508 1101 535; x_wconf 80' lang='grc' dir='ltr'><strong>ἀπὸ</strong></span> <span class='ocrx_word' id='word_1_534' title='bbox 1117 507 1216 539; x_wconf 81' lang='grc' dir='ltr'>παντὸς</span> <span class='ocrx_word' id='word_1_535' title='bbox 1236 507 1383 543; x_wconf 79' lang='grc' dir='ltr'>προσώπου</span> <span class='ocrx_word' id='word_1_536' title='bbox 1395 515 1402 522; x_wconf 94' lang='grc'><strong>·</strong></span> <span class='ocrx_word' id='word_1_537' title='bbox 1418 507 1448 533; x_wconf 80' lang='grc' dir='ltr'><strong>τὸ</strong></span> <span class='ocrx_word' id='word_1_538' title='bbox 1467 506 1567 538; x_wconf 77' lang='grc' dir='ltr'>ὕνειδος</span> <span class='ocrx_word' id='word_1_539' title='bbox 1584 506 1630 533; x_wconf 75' lang='grc' dir='ltr'>τοῦ</span> <span class='ocrx_word' id='word_1_540' title='bbox 1644 506 1710 533; x_wconf 82' lang='grc' dir='ltr'>λαοῦ</span> <span class='ocrx_word' id='word_1_541' title='bbox 1727 507 1843 541; x_wconf 74' lang='grc' dir='ltr'>ἀφεῖλεν</span> 
     </span>
    </p>
   </div>
   <div class='ocr_carea' id='block_1_71' title="bbox 1046 551 1844 588">
    <p class='ocr_par' dir='ltr' id='par_1_71' title="bbox 1046 551 1844 588">
     <span class='ocr_line' id='line_1_71' title="bbox 1046 551 1844 588; baseline -0.003 -8"><span class='ocrx_word' id='word_1_542' title='bbox 1046 554 1099 581; x_wconf 81' lang='grc' dir='ltr'><strong>ἀπὸ</strong></span> <span class='ocrx_word' id='word_1_543' title='bbox 1123 553 1212 588; x_wconf 69' lang='grc' dir='ltr'><strong>πάσης</strong></span> <span class='ocrx_word' id='word_1_544' title='bbox 1237 553 1286 588; x_wconf 83' lang='grc' dir='ltr'>τῆς</span> <span class='ocrx_word' id='word_1_545' title='bbox 1303 554 1364 588; x_wconf 84' lang='grc' dir='ltr'>γῆς.</span> <span class='ocrx_word' id='word_1_546' title='bbox 1384 552 1445 584; x_wconf 80' lang='grc' dir='ltr'>Πῶς</span> <span class='ocrx_word' id='word_1_547' title='bbox 1464 551 1480 587; x_wconf 80' lang='grc' dir='ltr'><strong>ἧ</strong></span> <span class='ocrx_word' id='word_1_548' title='bbox 1504 551 1565 578; x_wconf 84' lang='grc' dir='ltr'>τίνα</span> <span class='ocrx_word' id='word_1_549' title='bbox 1581 551 1700 587; x_wconf 84' lang='grc' dir='ltr'>τρόπον;</span> <span class='ocrx_word' id='word_1_550' title='bbox 1727 551 1844 578; x_wconf 77' lang='grc' dir='ltr'>Ἀνεϐίω</span> 
     </span>
    </p>
   </div>
   <div class='ocr_carea' id='block_1_72' title="bbox 1046 597 1843 634">
    <p class='ocr_par' dir='ltr' id='par_1_72' title="bbox 1046 597 1843 634">
     <span class='ocr_line' id='line_1_72' title="bbox 1046 597 1843 634; baseline -0.004 -8"><span class='ocrx_word' id='word_1_551' title='bbox 1046 600 1101 634; x_wconf 76' lang='grc' dir='ltr'>γὰρ</span> <span class='ocrx_word' id='word_1_552' title='bbox 1115 601 1129 626; x_wconf 79' lang='grc' dir='ltr'>ὁ</span> <span class='ocrx_word' id='word_1_553' title='bbox 1148 598 1275 633; x_wconf 78' lang='grc' dir='ltr'>Χριστὸς,</span> <span class='ocrx_word' id='word_1_554' title='bbox 1301 599 1426 634; x_wconf 79' lang='grc' dir='ltr'>πατήσας</span> <span class='ocrx_word' id='word_1_555' title='bbox 1438 607 1468 624; x_wconf 82' lang='grc' dir='ltr'><strong>τε</strong></span> <span class='ocrx_word' id='word_1_556' title='bbox 1495 597 1620 629; x_wconf 83' lang='grc' dir='ltr'>θάνατον,</span> <span class='ocrx_word' id='word_1_557' title='bbox 1645 598 1690 624; x_wconf 81' lang='grc' dir='ltr'><strong>ἵνα</strong></span> <span class='ocrx_word' id='word_1_558' title='bbox 1705 597 1751 624; x_wconf 75' lang='grc' dir='ltr'>καὶ</span> <span class='ocrx_word' id='word_1_559' title='bbox 1767 598 1843 634; x_wconf 75' lang='grc' dir='ltr'>ἡμᾶς</span> 
     </span>
    </p>
   </div>
   <div class='ocr_carea' id='block_1_73' title="bbox 1047 641 1843 680">
    <p class='ocr_par' dir='ltr' id='par_1_73' title="bbox 1047 641 1843 680">
     <span class='ocr_line' id='line_1_73' title="bbox 1047 641 1843 680; baseline -0.001 -9"><span class='ocrx_word' id='word_1_560' title='bbox 1047 645 1186 680; x_wconf 73' lang='grc' dir='ltr'>ἀπαλλάξῃ</span> <span class='ocrx_word' id='word_1_561' title='bbox 1202 645 1313 680; x_wconf 81' lang='grc' dir='ltr'>φθορᾶς,</span> <span class='ocrx_word' id='word_1_562' title='bbox 1333 644 1378 671; x_wconf 74' lang='grc' dir='ltr'><strong>καὶ</strong></span> <span class='ocrx_word' id='word_1_563' title='bbox 1398 643 1573 679; x_wconf 71' lang='grc' dir='ltr'><strong>περιστείλας</strong></span> <span class='ocrx_word' id='word_1_564' title='bbox 1589 641 1618 670; x_wconf 82' lang='grc' dir='ltr'>εὖ</span> <span class='ocrx_word' id='word_1_565' title='bbox 1640 644 1712 678; x_wconf 80' lang='grc' dir='ltr'>μάλα</span> <span class='ocrx_word' id='word_1_566' title='bbox 1731 643 1777 670; x_wconf 78' lang='grc' dir='ltr'>τὸν</span> <span class='ocrx_word' id='word_1_567' title='bbox 1793 643 1843 670; x_wconf 72' lang='grc' dir='ltr'>ὲτιὶ</span> 
     </span>
    </p>
   </div>
   <div class='ocr_carea' id='block_1_74' title="bbox 1046 690 1840 727">
    <p class='ocr_par' dir='ltr' id='par_1_74' title="bbox 1046 690 1840 727">
     <span class='ocr_line' id='line_1_74' title="bbox 1046 690 1840 727; baseline -0.003 -9"><span class='ocrx_word' id='word_1_568' title='bbox 1046 692 1134 727; x_wconf 72' lang='grc' dir='ltr'>τούτῳ</span> <span class='ocrx_word' id='word_1_569' title='bbox 1158 691 1267 727; x_wconf 81' lang='grc' dir='ltr'>θρῆνον,</span> <span class='ocrx_word' id='word_1_570' title='bbox 1289 691 1434 726; x_wconf 77' lang='grc' dir='ltr'><strong>χαίροντας</strong></span> <span class='ocrx_word' id='word_1_571' title='bbox 1451 690 1500 726; x_wconf 71' lang='grc' dir='ltr'><strong>ἤδη</strong></span> <span class='ocrx_word' id='word_1_572' title='bbox 1518 699 1576 722; x_wconf 84' lang='grc' dir='ltr'><strong>πως</strong></span> <span class='ocrx_word' id='word_1_573' title='bbox 1599 691 1733 726; x_wconf 76' lang='grc' dir='ltr'><strong>ἀναπείσῃ</strong></span> <span class='ocrx_word' id='word_1_574' title='bbox 1758 690 1840 725; x_wconf 69' lang='grc' dir='ltr'>βοᾷν·</span> 
     </span>
    </p>
   </div>
   <div class='ocr_carea' id='block_1_75' title="bbox 1050 735 1843 773">
    <p class='ocr_par' dir='ltr' id='par_1_75' title="bbox 1050 735 1843 773">
     <span class='ocr_line' id='line_1_75' title="bbox 1050 735 1843 773; baseline -0.001 -10"><span class='ocrx_word' id='word_1_575' title='bbox 1050 748 1059 763; x_wconf 78' lang='grc' dir='ltr'>ι</span> <span class='ocrx_word' id='word_1_576' title='bbox 1084 737 1234 773; x_wconf 75' lang='grc' dir='ltr'>Ἔστρεψας</span> <span class='ocrx_word' id='word_1_577' title='bbox 1258 737 1303 764; x_wconf 77' lang='grc' dir='ltr'><strong>τὸν</strong></span> <span class='ocrx_word' id='word_1_578' title='bbox 1322 737 1436 764; x_wconf 82' lang='grc' dir='ltr'>κοπετόν</span> <span class='ocrx_word' id='word_1_579' title='bbox 1458 745 1508 772; x_wconf 88' lang='grc' dir='ltr'><strong>μου</strong></span> <span class='ocrx_word' id='word_1_580' title='bbox 1523 737 1562 768; x_wconf 89' lang='grc' dir='ltr'><strong>είς</strong></span> <span class='ocrx_word' id='word_1_581' title='bbox 1579 737 1665 772; x_wconf 66' lang='grc' dir='ltr'>χαρὰν</span> <span class='ocrx_word' id='word_1_582' title='bbox 1681 737 1752 772; x_wconf 74' lang='grc' dir='ltr'>ἐμοὶ,</span> <span class='ocrx_word' id='word_1_583' title='bbox 1767 735 1843 772; x_wconf 64' lang='lat' dir='ltr'><strong>Mp—</strong></span> 
     </span>
    </p>
   </div>
   <div class='ocr_carea' id='block_1_76' title="bbox 1049 782 1842 819">
    <p class='ocr_par' dir='ltr' id='par_1_76' title="bbox 1049 782 1842 819">
     <span class='ocr_line' id='line_1_76' title="bbox 1049 782 1842 819; baseline -0.003 -9"><span class='ocrx_word' id='word_1_584' title='bbox 1049 783 1133 819; x_wconf 75' lang='grc' dir='ltr'>ρηξας</span> <span class='ocrx_word' id='word_1_585' title='bbox 1157 783 1202 809; x_wconf 75' lang='grc' dir='ltr'><strong>τὸν</strong></span> <span class='ocrx_word' id='word_1_586' title='bbox 1233 784 1333 810; x_wconf 80' lang='grc' dir='ltr'>σάκκον</span> <span class='ocrx_word' id='word_1_587' title='bbox 1368 791 1437 817; x_wconf 87' lang='grc' dir='ltr'>μου,</span> <span class='ocrx_word' id='word_1_588' title='bbox 1471 782 1519 808; x_wconf 72' lang='grc' dir='ltr'>καὶ</span> <span class='ocrx_word' id='word_1_589' title='bbox 1541 782 1710 818; x_wconf 75' lang='grc' dir='ltr'>περιέςωσάς</span> <span class='ocrx_word' id='word_1_590' title='bbox 1732 791 1766 816; x_wconf 85' lang='grc' dir='ltr'><strong>με</strong></span> <span class='ocrx_word' id='word_1_591' title='bbox 1797 782 1842 808; x_wconf 81' lang='grc' dir='ltr'>εὑ-</span> 
     </span>
    </p>
   </div>
   <div class='ocr_carea' id='block_1_77' title="bbox 1049 827 1840 863">
    <p class='ocr_par' dir='ltr' id='par_1_77' title="bbox 1049 827 1840 863">
     <span class='ocr_line' id='line_1_77' title="bbox 1049 827 1840 863; baseline 0 -9"><span class='ocrx_word' id='word_1_592' title='bbox 1049 828 1197 863; x_wconf 64' lang='grc' dir='ltr'>φροσύνην.</span> <span class='ocrx_word' id='word_1_593' title='bbox 1229 837 1238 853; x_wconf 79' lang='grc' dir='ltr'>ι</span> <span class='ocrx_word' id='word_1_594' title='bbox 1267 827 1373 855; x_wconf 77' lang='grc' dir='ltr'>Οὐκοῦν</span> <span class='ocrx_word' id='word_1_595' title='bbox 1400 828 1456 862; x_wconf 77' lang='grc' dir='ltr'>ἔχοι</span> <span class='ocrx_word' id='word_1_596' title='bbox 1478 827 1511 854; x_wconf 81' lang='grc' dir='ltr'><strong>ἂν</strong></span> <span class='ocrx_word' id='word_1_597' title='bbox 1540 828 1652 859; x_wconf 75' lang='grc' dir='ltr'><strong>εἰκότως</strong></span> <span class='ocrx_word' id='word_1_598' title='bbox 1678 827 1708 854; x_wconf 81' lang='grc' dir='ltr'><strong>τὸ</strong></span> <span class='ocrx_word' id='word_1_599' title='bbox 1732 827 1840 862; x_wconf 73' lang='grc' dir='ltr'>ἱλαρὸν,</span> 
     </span>
    </p>
   </div>
   <div class='ocr_carea' id='block_1_78' title="bbox 1048 874 1841 909">
    <p class='ocr_par' dir='ltr' id='par_1_78' title="bbox 1048 874 1841 909">
     <span class='ocr_line' id='line_1_78' title="bbox 1048 874 1841 909; baseline 0 -8"><span class='ocrx_word' id='word_1_600' title='bbox 1048 876 1075 900; x_wconf 78' lang='grc' dir='ltr'><strong>ἐν</strong></span> <span class='ocrx_word' id='word_1_601' title='bbox 1099 875 1196 906; x_wconf 75' lang='grc' dir='ltr'>ἐλπίδι,</span> <span class='ocrx_word' id='word_1_602' title='bbox 1223 875 1273 909; x_wconf 77' lang='grc' dir='ltr'>τῆς</span> <span class='ocrx_word' id='word_1_603' title='bbox 1297 874 1392 906; x_wconf 81' lang='grc' dir='ltr'>θυσίας</span> <span class='ocrx_word' id='word_1_604' title='bbox 1416 874 1429 900; x_wconf 79' lang='grc' dir='ltr'>ὁ</span> <span class='ocrx_word' id='word_1_605' title='bbox 1453 874 1563 909; x_wconf 81' lang='grc' dir='ltr'>τρόπος.</span> <span class='ocrx_word' id='word_1_606' title='bbox 1585 874 1680 900; x_wconf 82' lang='grc' dir='ltr'>Νοοῖτο</span> <span class='ocrx_word' id='word_1_607' title='bbox 1705 874 1726 900; x_wconf 86' lang='grc' dir='ltr'><strong>δ’</strong></span> <span class='ocrx_word' id='word_1_608' title='bbox 1745 875 1778 901; x_wconf 87' lang='grc' dir='ltr'><strong>ἂν</strong></span> <span class='ocrx_word' id='word_1_609' title='bbox 1793 875 1841 902; x_wconf 70' lang='grc' dir='ltr'>καὶ</span> 
     </span>
    </p>
   </div>
   <div class='ocr_carea' id='block_1_79' title="bbox 1047 918 1840 954">
    <p class='ocr_par' dir='ltr' id='par_1_79' title="bbox 1047 918 1840 954">
     <span class='ocr_line' id='line_1_79' title="bbox 1047 918 1840 954; baseline -0.001 -9"><span class='ocrx_word' id='word_1_610' title='bbox 1047 920 1160 954; x_wconf 76' lang='grc' dir='ltr'>ἑτέρως,</span> <span class='ocrx_word' id='word_1_611' title='bbox 1175 919 1254 954; x_wconf 75' lang='grc' dir='ltr'>εἴπερ</span> <span class='ocrx_word' id='word_1_612' title='bbox 1270 919 1356 945; x_wconf 69' lang='grc' dir='ltr'>ἕλοιτό</span> <span class='ocrx_word' id='word_1_613' title='bbox 1371 927 1423 950; x_wconf 77' lang='grc' dir='ltr'>τις.</span> <span class='ocrx_word' id='word_1_614' title='bbox 1444 918 1597 954; x_wconf 74' lang='grc' dir='ltr'>Ἥλεήμεοα</span> <span class='ocrx_word' id='word_1_615' title='bbox 1608 918 1662 954; x_wconf 78' lang='grc' dir='ltr'>γὰρ</span> <span class='ocrx_word' id='word_1_616' title='bbox 1678 919 1705 945; x_wconf 80' lang='grc' dir='ltr'><strong>ἐν</strong></span> <span class='ocrx_word' id='word_1_617' title='bbox 1719 918 1840 954; x_wconf 75' lang='grc' dir='ltr'>Χριστῷ.</span> 
     </span>
    </p>
   </div>
   <div class='ocr_carea' id='block_1_80' title="bbox 1048 962 1841 1000">
    <p class='ocr_par' dir='ltr' id='par_1_80' title="bbox 1048 962 1841 1000">
     <span class='ocr_line' id='line_1_80' title="bbox 1048 962 1841 1000; baseline -0.003 -8"><span class='ocrx_word' id='word_1_618' title='bbox 1048 965 1102 992; x_wconf 75' lang='grc' dir='ltr'><strong>Καὶ</strong></span> <span class='ocrx_word' id='word_1_619' title='bbox 1126 965 1220 995; x_wconf 59' lang='lat' dir='ltr'><strong>scito,</strong></span> <span class='ocrx_word' id='word_1_620' title='bbox 1242 962 1329 999; x_wconf 74' lang='grc' dir='ltr'>οἶμαι,</span> <span class='ocrx_word' id='word_1_621' title='bbox 1357 965 1414 991; x_wconf 74' lang='grc' dir='ltr'>ἐστὶ</span> <span class='ocrx_word' id='word_1_622' title='bbox 1430 965 1481 997; x_wconf 74' lang='grc' dir='ltr'><strong>τὸ,</strong></span> <span class='ocrx_word' id='word_1_623' title='bbox 1503 973 1512 990; x_wconf 86' lang='grc' dir='ltr'>ι</span> <span class='ocrx_word' id='word_1_624' title='bbox 1539 964 1682 996; x_wconf 79' lang='grc' dir='ltr'>Ἐλίττανας</span> <span class='ocrx_word' id='word_1_625' title='bbox 1707 965 1734 990; x_wconf 82' lang='grc' dir='ltr'>ὲν</span> <span class='ocrx_word' id='word_1_626' title='bbox 1759 964 1841 1000; x_wconf 78' lang='grc' dir='ltr'>ἐλαίῳ</span> 
     </span>
    </p>
   </div>
   <div class='ocr_carea' id='block_1_81' title="bbox 1046 1010 1841 1046">
    <p class='ocr_par' dir='ltr' id='par_1_81' title="bbox 1046 1010 1841 1046">
     <span class='ocr_line' id='line_1_81' title="bbox 1046 1010 1841 1046; baseline -0.003 -8"><span class='ocrx_word' id='word_1_627' title='bbox 1046 1011 1096 1046; x_wconf 79' lang='grc' dir='ltr'>τὴν</span> <span class='ocrx_word' id='word_1_628' title='bbox 1122 1010 1241 1046; x_wconf 65' lang='grc' dir='ltr'>κεφαλήν</span> <span class='ocrx_word' id='word_1_629' title='bbox 1267 1020 1327 1045; x_wconf 79' lang='grc' dir='ltr'>μου.</span> <span class='ocrx_word' id='word_1_630' title='bbox 1347 1020 1356 1036; x_wconf 71' lang='grc' dir='ltr'>ι</span> <span class='ocrx_word' id='word_1_631' title='bbox 1377 1011 1438 1037; x_wconf 83' lang='grc' dir='ltr'>Ὅτι</span> <span class='ocrx_word' id='word_1_632' title='bbox 1462 1011 1490 1037; x_wconf 72' lang='grc' dir='ltr'><strong>δὲ</strong></span> <span class='ocrx_word' id='word_1_633' title='bbox 1508 1011 1557 1037; x_wconf 69' lang='grc' dir='ltr'><strong>οὐκ</strong></span> <span class='ocrx_word' id='word_1_634' title='bbox 1570 1010 1615 1036; x_wconf 68' lang='grc' dir='ltr'>ἐπί</span> <span class='ocrx_word' id='word_1_635' title='bbox 1631 1019 1700 1036; x_wconf 88' lang='grc' dir='ltr'>τισιν</span> <span class='ocrx_word' id='word_1_636' title='bbox 1721 1010 1841 1044; x_wconf 71' lang='grc' dir='ltr'>εὐλόγοις</span> 
     </span>
    </p>
   </div>
   <div class='ocr_carea' id='block_1_82' title="bbox 1047 1056 1839 1092">
    <p class='ocr_par' dir='ltr' id='par_1_82' title="bbox 1047 1056 1839 1092">
     <span class='ocr_line' id='line_1_82' title="bbox 1047 1056 1839 1092; baseline -0.003 -8"><span class='ocrx_word' id='word_1_637' title='bbox 1047 1057 1156 1090; x_wconf 79' lang='grc' dir='ltr'>αἰτίαις,</span> <span class='ocrx_word' id='word_1_638' title='bbox 1187 1057 1508 1092; x_wconf 77' lang='grc' dir='ltr'>ἤτοιπλημμελήμασιν,</span> <span class='ocrx_word' id='word_1_639' title='bbox 1527 1057 1541 1082; x_wconf 85' lang='grc'>6</span> <span class='ocrx_word' id='word_1_640' title='bbox 1568 1056 1687 1090; x_wconf 77' lang='grc' dir='ltr'>Χριστοῦ</span> <span class='ocrx_word' id='word_1_641' title='bbox 1714 1056 1839 1088; x_wconf 68' lang='grc' dir='ltr'>θάνατος,</span> 
     </span>
    </p>
   </div>
   <div class='ocr_carea' id='block_1_83' title="bbox 1047 1102 1840 1138">
    <p class='ocr_par' dir='ltr' id='par_1_83' title="bbox 1047 1102 1840 1138">
     <span class='ocr_line' id='line_1_83' title="bbox 1047 1102 1840 1138; baseline 0 -9"><span class='ocrx_word' id='word_1_642' title='bbox 1047 1103 1103 1129; x_wconf 82' lang='grc' dir='ltr'>ἀλλ’</span> <span class='ocrx_word' id='word_1_643' title='bbox 1119 1103 1299 1138; x_wconf 71' lang='grc' dir='ltr'>εὖσημωτάτη</span> <span class='ocrx_word' id='word_1_644' title='bbox 1311 1103 1370 1129; x_wconf 80' lang='grc' dir='ltr'>λίαν</span> <span class='ocrx_word' id='word_1_645' title='bbox 1385 1103 1431 1129; x_wconf 60' lang='grc' dir='ltr'><strong>καὶ</strong></span> <span class='ocrx_word' id='word_1_646' title='bbox 1447 1102 1598 1138; x_wconf 75' lang='grc' dir='ltr'><strong>ἀμώμητος</strong></span> <span class='ocrx_word' id='word_1_647' title='bbox 1616 1102 1754 1134; x_wconf 78' lang='grc' dir='ltr'>παντελῶς</span> <span class='ocrx_word' id='word_1_648' title='bbox 1770 1103 1840 1138; x_wconf 80' lang='grc' dir='ltr'>ὑπὲρ</span> 
     </span>
    </p>
   </div>
   <div class='ocr_carea' id='block_1_84' title="bbox 1047 1149 1841 1184">
    <p class='ocr_par' dir='ltr' id='par_1_84' title="bbox 1047 1149 1841 1184">
     <span class='ocr_line' id='line_1_84' title="bbox 1047 1149 1841 1184; baseline 0 -9"><span class='ocrx_word' id='word_1_649' title='bbox 1047 1149 1126 1184; x_wconf 79' lang='grc' dir='ltr'>ήμῶν</span> <span class='ocrx_word' id='word_1_650' title='bbox 1148 1149 1228 1176; x_wconf 84' lang='grc' dir='ltr'>ουσία</span> <span class='ocrx_word' id='word_1_651' title='bbox 1246 1149 1499 1184; x_wconf 77' lang='grc' dir='ltr'>(προσκεκόμισται</span> <span class='ocrx_word' id='word_1_652' title='bbox 1520 1149 1584 1182; x_wconf 83' lang='grc' dir='ltr'>γὰρ,</span> <span class='ocrx_word' id='word_1_653' title='bbox 1609 1149 1652 1175; x_wconf 80' lang='grc' dir='ltr'>ἵνα</span> <span class='ocrx_word' id='word_1_654' title='bbox 1675 1149 1841 1184; x_wconf 79' lang='grc' dir='ltr'>καταργήσῃ</span> 
     </span>
    </p>
   </div>
   <div class='ocr_carea' id='block_1_85' title="bbox 1047 1193 1840 1231">
    <p class='ocr_par' dir='ltr' id='par_1_85' title="bbox 1047 1193 1840 1231">
     <span class='ocr_line' id='line_1_85' title="bbox 1047 1193 1840 1231; baseline -0.004 -9"><span class='ocrx_word' id='word_1_655' title='bbox 1047 1195 1096 1231; x_wconf 86' lang='grc' dir='ltr'><strong>τὴν</strong></span> <span class='ocrx_word' id='word_1_656' title='bbox 1108 1195 1254 1230; x_wconf 78' lang='grc' dir='ltr'>ἁμαρτίαν,</span> <span class='ocrx_word' id='word_1_657' title='bbox 1274 1195 1320 1221; x_wconf 80' lang='grc' dir='ltr'>καὶ</span> <span class='ocrx_word' id='word_1_658' title='bbox 1334 1194 1378 1220; x_wconf 73' lang='grc' dir='ltr'>τὸν</span> <span class='ocrx_word' id='word_1_659' title='bbox 1395 1195 1425 1226; x_wconf 80' lang='grc' dir='ltr'>ἐξ</span> <span class='ocrx_word' id='word_1_660' title='bbox 1440 1194 1524 1228; x_wconf 75' lang='grc' dir='ltr'>αὐτῆς</span> <span class='ocrx_word' id='word_1_661' title='bbox 1539 1202 1568 1220; x_wconf 86' lang='grc' dir='ltr'><strong>τε</strong></span> <span class='ocrx_word' id='word_1_662' title='bbox 1583 1193 1629 1220; x_wconf 72' lang='grc' dir='ltr'><strong>καὶ</strong></span> <span class='ocrx_word' id='word_1_663' title='bbox 1641 1193 1675 1220; x_wconf 87' lang='grc' dir='ltr'><strong>δι’</strong></span> <span class='ocrx_word' id='word_1_664' title='bbox 1695 1193 1778 1229; x_wconf 68' lang='grc' dir='ltr'>αὐτὴν</span> <span class='ocrx_word' id='word_1_665' title='bbox 1793 1193 1840 1220; x_wconf 73' lang='grc' dir='ltr'><strong>θά-</strong></span> 
     </span>
    </p>
   </div>
   <div class='ocr_carea' id='block_1_86' title="bbox 1048 1240 1841 1276">
    <p class='ocr_par' dir='ltr' id='par_1_86' title="bbox 1048 1240 1841 1276">
     <span class='ocr_line' id='line_1_86' title="bbox 1048 1240 1841 1276; baseline -0.003 -8"><span class='ocrx_word' id='word_1_666' title='bbox 1048 1242 1155 1276; x_wconf 84' lang='grc' dir='ltr'>νατον),</span> <span class='ocrx_word' id='word_1_667' title='bbox 1177 1241 1220 1268; x_wconf 75' lang='grc' dir='ltr'><strong>διὰ</strong></span> <span class='ocrx_word' id='word_1_668' title='bbox 1235 1240 1281 1268; x_wconf 80' lang='grc' dir='ltr'>τοῦ</span> <span class='ocrx_word' id='word_1_669' title='bbox 1301 1241 1410 1268; x_wconf 74' lang='grc' dir='ltr'>λιῆάνου</span> <span class='ocrx_word' id='word_1_670' title='bbox 1433 1242 1574 1275; x_wconf 80' lang='grc' dir='ltr'>συνήσεις”</span> <span class='ocrx_word' id='word_1_671' title='bbox 1601 1241 1615 1266; x_wconf 87' lang='grc' dir='ltr'>ὁ</span> <span class='ocrx_word' id='word_1_672' title='bbox 1637 1241 1685 1275; x_wconf 77' lang='grc' dir='ltr'>μὲν</span> <span class='ocrx_word' id='word_1_673' title='bbox 1702 1240 1756 1275; x_wconf 72' lang='grc' dir='ltr'>γὰρ</span> <span class='ocrx_word' id='word_1_674' title='bbox 1774 1248 1841 1276; x_wconf 84' lang='grc' dir='ltr'>προ-</span> 
     </span>
    </p>
   </div>
   <div class='ocr_carea' id='block_1_87' title="bbox 1048 1284 1840 1322">
    <p class='ocr_par' dir='ltr' id='par_1_87' title="bbox 1048 1284 1840 1322">
     <span class='ocr_line' id='line_1_87' title="bbox 1048 1284 1840 1322; baseline -0.001 -9"><span class='ocrx_word' id='word_1_675' title='bbox 1048 1288 1144 1322; x_wconf 79' lang='grc' dir='ltr'>πάτωρ</span> <span class='ocrx_word' id='word_1_676' title='bbox 1175 1287 1260 1322; x_wconf 68' lang='grc' dir='ltr'>Ἀδὰμ</span> <span class='ocrx_word' id='word_1_677' title='bbox 1278 1289 1336 1318; x_wconf 79' lang='grc' dir='ltr'>ταῖς</span> <span class='ocrx_word' id='word_1_678' title='bbox 1356 1288 1383 1313; x_wconf 75' lang='grc' dir='ltr'>ἐν</span> <span class='ocrx_word' id='word_1_679' title='bbox 1408 1287 1479 1322; x_wconf 74' lang='grc' dir='ltr'>ἀρχῇ</span> <span class='ocrx_word' id='word_1_680' title='bbox 1502 1286 1690 1321; x_wconf 76' lang='grc' dir='ltr'>παραϐάσεσιν</span> <span class='ocrx_word' id='word_1_681' title='bbox 1709 1284 1739 1312; x_wconf 80' lang='grc' dir='ltr'><strong>εὖ</strong></span> <span class='ocrx_word' id='word_1_682' title='bbox 1767 1286 1840 1320; x_wconf 79' lang='grc' dir='ltr'>μάλα</span> 
     </span>
    </p>
   </div>
   <div class='ocr_carea' id='block_1_88' title="bbox 1048 1331 1841 1368">
    <p class='ocr_par' dir='ltr' id='par_1_88' title="bbox 1048 1331 1841 1368">
     <span class='ocr_line' id='line_1_88' title="bbox 1048 1331 1841 1368; baseline -0.003 -9"><span class='ocrx_word' id='word_1_683' title='bbox 1048 1333 1277 1368; x_wconf 73' lang='grc' dir='ltr'>πρεπωδεστάτην</span> <span class='ocrx_word' id='word_1_684' title='bbox 1294 1333 1436 1367; x_wconf 71' lang='grc' dir='ltr'>ἐκομίζετο</span> <span class='ocrx_word' id='word_1_685' title='bbox 1450 1332 1497 1367; x_wconf 82' lang='grc' dir='ltr'><strong>τὴν</strong></span> <span class='ocrx_word' id='word_1_686' title='bbox 1517 1333 1598 1368; x_wconf 77' lang='grc' dir='ltr'>ἀράν.</span> <span class='ocrx_word' id='word_1_687' title='bbox 1625 1331 1734 1367; x_wconf 72' lang='grc' dir='ltr'><strong>Ἐπειδὴ</strong></span> <span class='ocrx_word' id='word_1_688' title='bbox 1750 1331 1777 1358; x_wconf 83' lang='grc' dir='ltr'><strong>δὲ</strong></span> <span class='ocrx_word' id='word_1_689' title='bbox 1791 1332 1841 1366; x_wconf 73' lang='grc' dir='ltr'><strong>τὴν</strong></span> 
     </span>
    </p>
   </div>
   <div class='ocr_carea' id='block_1_89' title="bbox 1048 1374 1839 1412">
    <p class='ocr_par' dir='ltr' id='par_1_89' title="bbox 1048 1374 1839 1412">
     <span class='ocr_line' id='line_1_89' title="bbox 1048 1374 1839 1412; baseline -0.005 -8"><span class='ocrx_word' id='word_1_690' title='bbox 1048 1378 1186 1412; x_wconf 73' lang='grc' dir='ltr'>κάκοσμον</span> <span class='ocrx_word' id='word_1_691' title='bbox 1203 1377 1309 1412; x_wconf 81' lang='grc' dir='ltr'>ἀληθῶς</span> <span class='ocrx_word' id='word_1_692' title='bbox 1326 1377 1558 1412; x_wconf 71' lang='grc' dir='ltr'>προηρῤώστησεν</span> <span class='ocrx_word' id='word_1_693' title='bbox 1577 1375 1724 1410; x_wconf 74' lang='grc' dir='ltr'>ἁμαρτίαν,</span> <span class='ocrx_word' id='word_1_694' title='bbox 1741 1374 1839 1410; x_wconf 54' lang='grc' dir='ltr'>ταύτῃε</span> 
     </span>
    </p>
   </div>
   <div class='ocr_carea' id='block_1_90' title="bbox 1048 1421 1840 1455">
    <p class='ocr_par' dir='ltr' id='par_1_90' title="bbox 1048 1421 1840 1455">
     <span class='ocr_line' id='line_1_90' title="bbox 1048 1421 1840 1455; baseline -0.005 -5"><span class='ocrx_word' id='word_1_695' title='bbox 1048 1432 1088 1450; x_wconf 86' lang='grc' dir='ltr'><strong>τοι</strong></span> <span class='ocrx_word' id='word_1_696' title='bbox 1106 1423 1151 1450; x_wconf 74' lang='grc' dir='ltr'><strong>καὶ</strong></span> <span class='ocrx_word' id='word_1_697' title='bbox 1169 1423 1281 1454; x_wconf 77' lang='grc' dir='ltr'>δικαίως</span> <span class='ocrx_word' id='word_1_698' title='bbox 1306 1422 1510 1454; x_wconf 74' lang='grc' dir='ltr'>κατεδικάζετο.</span> <span class='ocrx_word' id='word_1_699' title='bbox 1541 1422 1569 1448; x_wconf 94' lang='lat' dir='ltr'><strong>&#39;O</strong></span> <span class='ocrx_word' id='word_1_700' title='bbox 1586 1422 1615 1448; x_wconf 78' lang='grc' dir='ltr'><strong>δέ</strong></span> <span class='ocrx_word' id='word_1_701' title='bbox 1640 1429 1672 1455; x_wconf 91' lang='grc' dir='ltr'><strong>γε</strong></span> <span class='ocrx_word' id='word_1_702' title='bbox 1694 1421 1747 1447; x_wconf 83' lang='grc' dir='ltr'><strong>τῶν</strong></span> <span class='ocrx_word' id='word_1_703' title='bbox 1772 1421 1840 1447; x_wconf 75' lang='grc' dir='ltr'>ὅλων</span> 
     </span>
    </p>
   </div>
   <div class='ocr_carea' id='block_1_91' title="bbox 1049 1467 1840 1504">
    <p class='ocr_par' dir='ltr' id='par_1_91' title="bbox 1049 1467 1840 1504">
     <span class='ocr_line' id='line_1_91' title="bbox 1049 1467 1840 1504; baseline -0.004 -9"><span class='ocrx_word' id='word_1_704' title='bbox 1049 1469 1143 1504; x_wconf 74' lang='grc' dir='ltr'>Σωτὴρ</span> <span class='ocrx_word' id='word_1_705' title='bbox 1167 1469 1214 1495; x_wconf 76' lang='grc' dir='ltr'>καὶ</span> <span class='ocrx_word' id='word_1_706' title='bbox 1236 1468 1337 1504; x_wconf 78' lang='grc' dir='ltr'>Κύριος</span> <span class='ocrx_word' id='word_1_707' title='bbox 1349 1469 1391 1494; x_wconf 74' lang='grc' dir='ltr'><strong>ἐπ’</strong></span> <span class='ocrx_word' id='word_1_708' title='bbox 1410 1468 1499 1494; x_wconf 70' lang='grc' dir='ltr'>οὐδενὶ</span> <span class='ocrx_word' id='word_1_709' title='bbox 1514 1468 1566 1494; x_wconf 84' lang='grc' dir='ltr'><strong>τῶν</strong></span> <span class='ocrx_word' id='word_1_710' title='bbox 1580 1467 1687 1494; x_wconf 79' lang='grc' dir='ltr'>ἀτόπων</span> <span class='ocrx_word' id='word_1_711' title='bbox 1703 1474 1840 1500; x_wconf 81' lang='grc' dir='ltr'>κατεγνω-</span> 
     </span>
    </p>
   </div>
   <div class='ocr_carea' id='block_1_92' title="bbox 1049 1513 1839 1551">
    <p class='ocr_par' dir='ltr' id='par_1_92' title="bbox 1049 1513 1839 1551">
     <span class='ocr_line' id='line_1_92' title="bbox 1049 1513 1839 1551; baseline -0.003 -10"><span class='ocrx_word' id='word_1_712' title='bbox 1049 1516 1145 1551; x_wconf 67' lang='grc' dir='ltr'>σμένος</span> <span class='ocrx_word' id='word_1_713' title='bbox 1158 1515 1198 1550; x_wconf 75' lang='grc' dir='ltr'>(οὐ</span> <span class='ocrx_word' id='word_1_714' title='bbox 1213 1515 1268 1550; x_wconf 70' lang='grc' dir='ltr'>γὰρ</span> <span class='ocrx_word' id='word_1_715' title='bbox 1286 1515 1413 1549; x_wconf 72' lang='grc' dir='ltr'>ἐποίησεν</span> <span class='ocrx_word' id='word_1_716' title='bbox 1426 1514 1585 1550; x_wconf 80' lang='grc' dir='ltr'>ἁμαρτίας),</span> <span class='ocrx_word' id='word_1_717' title='bbox 1597 1513 1665 1549; x_wconf 80' lang='grc' dir='ltr'>καλὴ</span> <span class='ocrx_word' id='word_1_718' title='bbox 1680 1514 1726 1541; x_wconf 72' lang='grc' dir='ltr'>καὶ</span> <span class='ocrx_word' id='word_1_719' title='bbox 1738 1513 1839 1548; x_wconf 71' lang='grc' dir='ltr'>εὐώδης</span> 
     </span>
    </p>
   </div>
   <div class='ocr_carea' id='block_1_93' title="bbox 1047 1559 1839 1598">
    <p class='ocr_par' dir='ltr' id='par_1_93' title="bbox 1047 1559 1839 1598">
     <span class='ocr_line' id='line_1_93' title="bbox 1047 1559 1839 1598; baseline -0.006 -9"><span class='ocrx_word' id='word_1_720' title='bbox 1047 1562 1160 1596; x_wconf 82' lang='grc' dir='ltr'>γέγονεν</span> <span class='ocrx_word' id='word_1_721' title='bbox 1184 1562 1254 1597; x_wconf 78' lang='grc' dir='ltr'>ὑπὲρ</span> <span class='ocrx_word' id='word_1_722' title='bbox 1268 1561 1347 1598; x_wconf 70' lang='grc' dir='ltr'>ἡμῶν</span> <span class='ocrx_word' id='word_1_723' title='bbox 1361 1561 1450 1593; x_wconf 80' lang='grc' dir='ltr'>θυσία,</span> <span class='ocrx_word' id='word_1_724' title='bbox 1468 1561 1515 1587; x_wconf 73' lang='grc' dir='ltr'>καὶ</span> <span class='ocrx_word' id='word_1_725' title='bbox 1532 1561 1599 1586; x_wconf 80' lang='grc' dir='ltr'>νέων</span> <span class='ocrx_word' id='word_1_726' title='bbox 1618 1559 1710 1594; x_wconf 81' lang='grc' dir='ltr'>ὥσπερ</span> <span class='ocrx_word' id='word_1_727' title='bbox 1726 1559 1839 1594; x_wconf 78' lang='grc' dir='ltr'>καρπῶν</span> 
     </span>
    </p>
   </div>
   <div class='ocr_carea' id='block_1_94' title="bbox 1048 1604 1839 1642">
    <p class='ocr_par' dir='ltr' id='par_1_94' title="bbox 1048 1604 1839 1642">
     <span class='ocr_line' id='line_1_94' title="bbox 1048 1604 1839 1642; baseline -0.005 -8"><span class='ocrx_word' id='word_1_728' title='bbox 1048 1607 1170 1642; x_wconf 77' lang='grc' dir='ltr'>ἀπαρχὴ,</span> <span class='ocrx_word' id='word_1_729' title='bbox 1182 1607 1229 1634; x_wconf 64' lang='grc' dir='ltr'>καὶ</span> <span class='ocrx_word' id='word_1_730' title='bbox 1241 1608 1278 1638; x_wconf 82' lang='grc' dir='ltr'>ὡς</span> <span class='ocrx_word' id='word_1_731' title='bbox 1303 1608 1332 1633; x_wconf 86' lang='grc' dir='ltr'><strong>ἐν</strong></span> <span class='ocrx_word' id='word_1_732' title='bbox 1353 1607 1417 1634; x_wconf 82' lang='grc' dir='ltr'>εἴδει</span> <span class='ocrx_word' id='word_1_733' title='bbox 1433 1607 1526 1638; x_wconf 74' lang='grc' dir='ltr'>παντὶ,</span> <span class='ocrx_word' id='word_1_734' title='bbox 1547 1606 1612 1641; x_wconf 78' lang='grc' dir='ltr'>σίτῳ</span> <span class='ocrx_word' id='word_1_735' title='bbox 1631 1614 1671 1637; x_wconf 84' lang='grc' dir='ltr'><strong>τε,</strong></span> <span class='ocrx_word' id='word_1_736' title='bbox 1694 1604 1776 1640; x_wconf 66' lang='grc' dir='ltr'>ᾳημὶ,</span> <span class='ocrx_word' id='word_1_737' title='bbox 1793 1604 1839 1634; x_wconf 70' lang='grc' dir='ltr'>καὶ</span> 
     </span>
    </p>
   </div>
   <div class='ocr_carea' id='block_1_95' title="bbox 1047 1649 1840 1689">
    <p class='ocr_par' dir='ltr' id='par_1_95' title="bbox 1047 1649 1840 1689">
     <span class='ocr_line' id='line_1_95' title="bbox 1047 1649 1840 1689; baseline -0.006 -9"><span class='ocrx_word' id='word_1_738' title='bbox 1047 1654 1180 1689; x_wconf 75' lang='grc' dir='ltr'>ὀσπρίοις.</span> <span class='ocrx_word' id='word_1_739' title='bbox 1212 1653 1343 1680; x_wconf 81' lang='grc' dir='ltr'>Ἀπέθανε</span> <span class='ocrx_word' id='word_1_740' title='bbox 1367 1653 1422 1688; x_wconf 77' lang='grc' dir='ltr'><strong>γὰρ</strong></span> <span class='ocrx_word' id='word_1_741' title='bbox 1448 1652 1518 1687; x_wconf 76' lang='grc' dir='ltr'>ὑπὲρ</span> <span class='ocrx_word' id='word_1_742' title='bbox 1536 1651 1644 1678; x_wconf 77' lang='grc' dir='ltr'>πάντων</span> <span class='ocrx_word' id='word_1_743' title='bbox 1667 1649 1772 1686; x_wconf 76' lang='grc' dir='ltr'>μικρῶν</span> <span class='ocrx_word' id='word_1_744' title='bbox 1793 1649 1840 1676; x_wconf 70' lang='grc' dir='ltr'><strong>καὶ</strong></span> 
     </span>
    </p>
   </div>
   <div class='ocr_carea' id='block_1_96' title="bbox 1049 1694 1837 1734">
    <p class='ocr_par' dir='ltr' id='par_1_96' title="bbox 1049 1694 1837 1734">
     <span class='ocr_line' id='line_1_96' title="bbox 1049 1694 1837 1734; baseline -0.006 -8"><span class='ocrx_word' id='word_1_745' title='bbox 1049 1699 1184 1734; x_wconf 83' lang='grc' dir='ltr'>μεγάλων,</span> <span class='ocrx_word' id='word_1_746' title='bbox 1199 1699 1284 1726; x_wconf 77' lang='grc' dir='ltr'>ἐθνῶν</span> <span class='ocrx_word' id='word_1_747' title='bbox 1295 1707 1324 1725; x_wconf 83' lang='grc' dir='ltr'><strong>τε</strong></span> <span class='ocrx_word' id='word_1_748' title='bbox 1340 1698 1387 1725; x_wconf 74' lang='grc' dir='ltr'><strong>καὶ</strong></span> <span class='ocrx_word' id='word_1_749' title='bbox 1409 1697 1551 1724; x_wconf 76' lang='grc' dir='ltr'>Ἰουδαίων.</span> <span class='ocrx_word' id='word_1_750' title='bbox 1567 1697 1720 1731; x_wconf 76' lang='grc' dir='ltr'>Γεγόναμεν</span> <span class='ocrx_word' id='word_1_751' title='bbox 1735 1696 1789 1730; x_wconf 79' lang='grc' dir='ltr'><strong>γὰρ</strong></span> <span class='ocrx_word' id='word_1_752' title='bbox 1804 1694 1837 1722; x_wconf 84' lang='grc' dir='ltr'><strong>δι’</strong></span> 
     </span>
    </p>
   </div>
   <div class='ocr_carea' id='block_1_97' title="bbox 1048 1742 1836 1780">
    <p class='ocr_par' dir='ltr' id='par_1_97' title="bbox 1048 1742 1836 1780">
     <span class='ocr_line' id='line_1_97' title="bbox 1048 1742 1836 1780; baseline -0.003 -9"><span class='ocrx_word' id='word_1_753' title='bbox 1048 1745 1129 1772; x_wconf 83' lang='grc' dir='ltr'><strong>αὑτοῦ</strong></span> <span class='ocrx_word' id='word_1_754' title='bbox 1153 1745 1200 1772; x_wconf 76' lang='grc' dir='ltr'><strong>καὶ</strong></span> <span class='ocrx_word' id='word_1_755' title='bbox 1220 1746 1248 1771; x_wconf 83' lang='grc' dir='ltr'>ὲν</span> <span class='ocrx_word' id='word_1_756' title='bbox 1271 1744 1344 1780; x_wconf 70' lang='grc' dir='ltr'>αὐτῷ</span> <span class='ocrx_word' id='word_1_757' title='bbox 1367 1744 1537 1779; x_wconf 83' lang='grc' dir='ltr'>μνημόσυνον</span> <span class='ocrx_word' id='word_1_758' title='bbox 1550 1742 1587 1778; x_wconf 81' lang='grc' dir='ltr'>τῷ</span> <span class='ocrx_word' id='word_1_759' title='bbox 1602 1743 1661 1778; x_wconf 79' lang='grc' dir='ltr'>Θεῴ</span> <span class='ocrx_word' id='word_1_760' title='bbox 1675 1742 1722 1768; x_wconf 77' lang='grc' dir='ltr'><strong>καὶ</strong></span> <span class='ocrx_word' id='word_1_761' title='bbox 1738 1742 1836 1778; x_wconf 64' lang='lat' dir='ltr'><strong>Ila-:95.</strong></span> 
     </span>
    </p>
   </div>
   <div class='ocr_carea' id='block_1_98' title="bbox 1047 1789 1838 1826">
    <p class='ocr_par' dir='ltr' id='par_1_98' title="bbox 1047 1789 1838 1826">
     <span class='ocr_line' id='line_1_98' title="bbox 1047 1789 1838 1826; baseline -0.005 -8"><span class='ocrx_word' id='word_1_762' title='bbox 1047 1791 1097 1818; x_wconf 84' lang='grc' dir='ltr'><strong>Διὰ</strong></span> <span class='ocrx_word' id='word_1_763' title='bbox 1108 1791 1186 1818; x_wconf 79' lang='grc' dir='ltr'>τοῦτό</span> <span class='ocrx_word' id='word_1_764' title='bbox 1198 1800 1264 1826; x_wconf 74' lang='grc' dir='ltr'>φησι</span> <span class='ocrx_word' id='word_1_765' title='bbox 1278 1792 1308 1817; x_wconf 80' lang='grc' dir='ltr'><strong>τὸ</strong></span> <span class='ocrx_word' id='word_1_766' title='bbox 1322 1791 1440 1826; x_wconf 79' lang='grc' dir='ltr'>Γράμμα</span> <span class='ocrx_word' id='word_1_767' title='bbox 1449 1790 1479 1817; x_wconf 82' lang='grc' dir='ltr'>τὸ</span> <span class='ocrx_word' id='word_1_768' title='bbox 1495 1789 1606 1824; x_wconf 77' lang='grc' dir='ltr'>νομικόν</span> <span class='ocrx_word' id='word_1_769' title='bbox 1616 1798 1622 1804; x_wconf 84' lang='grc'><strong>·</strong></span> <span class='ocrx_word' id='word_1_770' title='bbox 1642 1799 1650 1814; x_wconf 74' lang='grc' dir='ltr'>ι</span> <span class='ocrx_word' id='word_1_771' title='bbox 1667 1789 1723 1815; x_wconf 68' lang='grc' dir='ltr'>Καὶ</span> <span class='ocrx_word' id='word_1_772' title='bbox 1738 1789 1838 1815; x_wconf 79' lang='grc' dir='ltr'>ἀνοίσει</span> 
     </span>
    </p>
   </div>
   <div class='ocr_carea' id='block_1_99' title="bbox 1047 1836 1838 1874">
    <p class='ocr_par' dir='ltr' id='par_1_99' title="bbox 1047 1836 1838 1874">
     <span class='ocr_line' id='line_1_99' title="bbox 1047 1836 1838 1874; baseline -0.003 -10"><span class='ocrx_word' id='word_1_773' title='bbox 1047 1839 1061 1865; x_wconf 85' lang='grc' dir='ltr'><strong>ὸ</strong></span> <span class='ocrx_word' id='word_1_774' title='bbox 1076 1839 1165 1874; x_wconf 75' lang='grc' dir='ltr'>ἱερεὺς</span> <span class='ocrx_word' id='word_1_775' title='bbox 1185 1838 1216 1865; x_wconf 80' lang='grc' dir='ltr'><strong>τὸ</strong></span> <span class='ocrx_word' id='word_1_776' title='bbox 1231 1838 1400 1873; x_wconf 73' lang='grc' dir='ltr'>μνημόσυνον</span> <span class='ocrx_word' id='word_1_777' title='bbox 1417 1838 1502 1872; x_wconf 78' lang='grc' dir='ltr'>αὐτῆς</span> <span class='ocrx_word' id='word_1_778' title='bbox 1520 1837 1574 1864; x_wconf 75' lang='grc' dir='ltr'><strong>ἀπὸ</strong></span> <span class='ocrx_word' id='word_1_779' title='bbox 1598 1836 1653 1863; x_wconf 74' lang='grc' dir='ltr'><strong>τῶν</strong></span> <span class='ocrx_word' id='word_1_780' title='bbox 1677 1836 1774 1872; x_wconf 74' lang='grc' dir='ltr'>χίδρων</span> <span class='ocrx_word' id='word_1_781' title='bbox 1791 1836 1838 1862; x_wconf 64' lang='grc' dir='ltr'>σὺν</span> 
     </span>
    </p>
   </div>
   <div class='ocr_carea' id='block_1_100' title="bbox 1046 1882 1839 1919">
    <p class='ocr_par' dir='ltr' id='par_1_100' title="bbox 1046 1882 1839 1919">
     <span class='ocr_line' id='line_1_100' title="bbox 1046 1882 1839 1919; baseline -0.003 -9"><span class='ocrx_word' id='word_1_782' title='bbox 1046 1883 1085 1919; x_wconf 79' lang='grc' dir='ltr'>τῷ</span> <span class='ocrx_word' id='word_1_783' title='bbox 1100 1884 1191 1918; x_wconf 75' lang='grc' dir='ltr'>ἐλαίῳ,</span> <span class='ocrx_word' id='word_1_784' title='bbox 1206 1884 1252 1910; x_wconf 73' lang='grc' dir='ltr'><strong>καὶ</strong></span> <span class='ocrx_word' id='word_1_785' title='bbox 1276 1885 1364 1910; x_wconf 77' lang='grc' dir='ltr'>πάντα</span> <span class='ocrx_word' id='word_1_786' title='bbox 1379 1883 1424 1910; x_wconf 76' lang='grc' dir='ltr'><strong>τὸν</strong></span> <span class='ocrx_word' id='word_1_787' title='bbox 1440 1883 1550 1910; x_wconf 75' lang='grc' dir='ltr'>λίϐανον</span> <span class='ocrx_word' id='word_1_788' title='bbox 1568 1883 1662 1918; x_wconf 81' lang='grc' dir='ltr'>αὐτῆς.</span> <span class='ocrx_word' id='word_1_789' title='bbox 1691 1882 1839 1916; x_wconf 82' lang='grc' dir='ltr'>Κάρπωμα</span> 
     </span>
    </p>
   </div>
   <div class='ocr_carea' id='block_1_101' title="bbox 1047 1928 1839 1965">
    <p class='ocr_par' dir='ltr' id='par_1_101' title="bbox 1047 1928 1839 1965">
     <span class='ocr_line' id='line_1_101' title="bbox 1047 1928 1839 1965; baseline -0.004 -8"><span class='ocrx_word' id='word_1_790' title='bbox 1047 1930 1101 1964; x_wconf 81' lang='grc' dir='ltr'>γάρ</span> <span class='ocrx_word' id='word_1_791' title='bbox 1113 1931 1170 1957; x_wconf 76' lang='grc' dir='ltr'>ἐστι</span> <span class='ocrx_word' id='word_1_792' title='bbox 1192 1929 1229 1965; x_wconf 78' lang='grc' dir='ltr'><strong>τῷ</strong></span> <span class='ocrx_word' id='word_1_793' title='bbox 1241 1929 1360 1965; x_wconf 77' lang='grc' dir='ltr'>Κυρίῳ.»</span> <span class='ocrx_word' id='word_1_794' title='bbox 1373 1928 1654 1965; x_wconf 77' lang='grc' dir='ltr'>Προ[σ]κεκρουκότες</span> <span class='ocrx_word' id='word_1_795' title='bbox 1672 1928 1721 1963; x_wconf 74' lang='grc' dir='ltr'>μὲν</span> <span class='ocrx_word' id='word_1_796' title='bbox 1732 1928 1785 1964; x_wconf 79' lang='grc' dir='ltr'><strong>γὰρ</strong></span> <span class='ocrx_word' id='word_1_797' title='bbox 1797 1928 1839 1954; x_wconf 77' lang='grc' dir='ltr'><strong>διὰ</strong></span> 
     </span>
    </p>
   </div>
   <div class='ocr_carea' id='block_1_102' title="bbox 1047 1974 1839 2011">
    <p class='ocr_par' dir='ltr' id='par_1_102' title="bbox 1047 1974 1839 2011">
     <span class='ocr_line' id='line_1_102' title="bbox 1047 1974 1839 2011; baseline -0.004 -9"><span class='ocrx_word' id='word_1_798' title='bbox 1047 1975 1152 2002; x_wconf 89' lang='grc' dir='ltr'>πολλῶν</span> <span class='ocrx_word' id='word_1_799' title='bbox 1162 1975 1314 2010; x_wconf 75' lang='grc' dir='ltr'>ἁμαρτιῶν,</span> <span class='ocrx_word' id='word_1_800' title='bbox 1329 1976 1469 2011; x_wconf 74' lang='grc' dir='ltr'>μονονουχὶ</span> <span class='ocrx_word' id='word_1_801' title='bbox 1482 1975 1529 2001; x_wconf 82' lang='grc' dir='ltr'><strong>καὶ</strong></span> <span class='ocrx_word' id='word_1_802' title='bbox 1540 1975 1569 2007; x_wconf 73' lang='grc' dir='ltr'><strong>ἐξ</strong></span> <span class='ocrx_word' id='word_1_803' title='bbox 1579 1975 1712 2010; x_wconf 78' lang='grc' dir='ltr'>ὀμμάτων</span> <span class='ocrx_word' id='word_1_804' title='bbox 1727 1974 1839 2008; x_wconf 83' lang='grc' dir='ltr'>γεγενή-</span> 
     </span>
    </p>
   </div>
   <div class='ocr_carea' id='block_1_103' title="bbox 1048 2019 1839 2057">
    <p class='ocr_par' dir='ltr' id='par_1_103' title="bbox 1048 2019 1839 2057">
     <span class='ocr_line' id='line_1_103' title="bbox 1048 2019 1839 2057; baseline -0.004 -9"><span class='ocrx_word' id='word_1_805' title='bbox 1048 2022 1117 2057; x_wconf 72' lang='grc' dir='ltr'>μεθα</span> <span class='ocrx_word' id='word_1_806' title='bbox 1138 2022 1184 2048; x_wconf 77' lang='grc' dir='ltr'>τοῦ</span> <span class='ocrx_word' id='word_1_807' title='bbox 1211 2021 1330 2056; x_wconf 82' lang='grc' dir='ltr'>Πατρός.</span> <span class='ocrx_word' id='word_1_808' title='bbox 1360 2020 1469 2056; x_wconf 83' lang='grc' dir='ltr'>Ἐπειδὴ</span> <span class='ocrx_word' id='word_1_809' title='bbox 1493 2020 1522 2047; x_wconf 81' lang='grc' dir='ltr'><strong>δὲ</strong></span> <span class='ocrx_word' id='word_1_810' title='bbox 1547 2020 1658 2055; x_wconf 84' lang='grc' dir='ltr'>γέγονεν</span> <span class='ocrx_word' id='word_1_811' title='bbox 1675 2019 1744 2056; x_wconf 83' lang='grc' dir='ltr'><strong>ὑπὲρ</strong></span> <span class='ocrx_word' id='word_1_812' title='bbox 1761 2019 1839 2054; x_wconf 85' lang='grc' dir='ltr'>ἡμῶν</span> 
     </span>
    </p>
   </div>
   <div class='ocr_carea' id='block_1_104' title="bbox 1046 2065 1836 2102">
    <p class='ocr_par' dir='ltr' id='par_1_104' title="bbox 1046 2065 1836 2102">
     <span class='ocr_line' id='line_1_104' title="bbox 1046 2065 1836 2102; baseline -0.003 -8"><span class='ocrx_word' id='word_1_813' title='bbox 1046 2067 1124 2094; x_wconf 78' lang='grc' dir='ltr'>θυσία</span> <span class='ocrx_word' id='word_1_814' title='bbox 1137 2067 1263 2102; x_wconf 76' lang='grc' dir='ltr'>Χριστὸς,</span> <span class='ocrx_word' id='word_1_815' title='bbox 1277 2066 1400 2102; x_wconf 75' lang='grc' dir='ltr'><strong>ἐμνήσθη</strong></span> <span class='ocrx_word' id='word_1_816' title='bbox 1416 2066 1505 2102; x_wconf 80' lang='grc' dir='ltr'>ἡμῶν,</span> <span class='ocrx_word' id='word_1_817' title='bbox 1521 2067 1569 2093; x_wconf 77' lang='grc' dir='ltr'>καὶ</span> <span class='ocrx_word' id='word_1_818' title='bbox 1579 2066 1732 2101; x_wconf 79' lang='grc' dir='ltr'>ηὑλόγησεν</span> <span class='ocrx_word' id='word_1_819' title='bbox 1749 2065 1836 2100; x_wconf 78' lang='grc' dir='ltr'>ἡμᾶς·</span> 
     </span>
    </p>
   </div>
   <div class='ocr_carea' id='block_1_105' title="bbox 1050 2111 1838 2148">
    <p class='ocr_par' dir='ltr' id='par_1_105' title="bbox 1050 2111 1838 2148">
     <span class='ocr_line' id='line_1_105' title="bbox 1050 2111 1838 2148; baseline -0.003 -8"><span class='ocrx_word' id='word_1_820' title='bbox 1050 2125 1058 2140; x_wconf 81' lang='grc' dir='ltr'>ι</span> <span class='ocrx_word' id='word_1_821' title='bbox 1079 2114 1219 2148; x_wconf 73' lang='grc' dir='ltr'><strong>ΙΙὺλόγησε</strong></span> <span class='ocrx_word' id='word_1_822' title='bbox 1237 2114 1300 2144; x_wconf 64' lang='grc' dir='ltr'>τοὺς</span> <span class='ocrx_word' id='word_1_823' title='bbox 1325 2113 1509 2148; x_wconf 72' lang='grc' dir='ltr'>φοϐουμένους</span> <span class='ocrx_word' id='word_1_824' title='bbox 1533 2113 1613 2139; x_wconf 77' lang='grc' dir='ltr'>αὑτὸν</span> <span class='ocrx_word' id='word_1_825' title='bbox 1637 2112 1701 2144; x_wconf 76' lang='grc' dir='ltr'>τοὺς</span> <span class='ocrx_word' id='word_1_826' title='bbox 1725 2111 1838 2147; x_wconf 79' lang='grc' dir='ltr'>μικροὺς</span> 
     </span>
    </p>
   </div>
   <div class='ocr_carea' id='block_1_106' title="bbox 1047 2156 1838 2194">
    <p class='ocr_par' dir='ltr' id='par_1_106' title="bbox 1047 2156 1838 2194">
     <span class='ocr_line' id='line_1_106' title="bbox 1047 2156 1838 2194; baseline -0.004 -8"><span class='ocrx_word' id='word_1_827' title='bbox 1047 2161 1116 2194; x_wconf 73' lang='grc' dir='ltr'>μετὰ</span> <span class='ocrx_word' id='word_1_828' title='bbox 1139 2160 1193 2186; x_wconf 82' lang='grc' dir='ltr'><strong>τῶν</strong></span> <span class='ocrx_word' id='word_1_829' title='bbox 1222 2159 1356 2194; x_wconf 79' lang='grc' dir='ltr'>μεγάλων.</span> <span class='ocrx_word' id='word_1_830' title='bbox 1378 2169 1387 2184; x_wconf 76' lang='grc' dir='ltr'>ι</span> <span class='ocrx_word' id='word_1_831' title='bbox 1417 2159 1562 2194; x_wconf 79' lang='grc' dir='ltr'>Τοιγάρτοι</span> <span class='ocrx_word' id='word_1_832' title='bbox 1590 2158 1637 2184; x_wconf 66' lang='grc' dir='ltr'>καὶ</span> <span class='ocrx_word' id='word_1_833' title='bbox 1661 2156 1838 2192; x_wconf 76' lang='grc' dir='ltr'>δεδιδάγμεθα</span> 
     </span>
    </p>
   </div>
   <div class='ocr_carea' id='block_1_107' title="bbox 1046 2203 1836 2240">
    <p class='ocr_par' dir='ltr' id='par_1_107' title="bbox 1046 2203 1836 2240">
     <span class='ocr_line' id='line_1_107' title="bbox 1046 2203 1836 2240; baseline -0.005 -8"><span class='ocrx_word' id='word_1_834' title='bbox 1046 2205 1156 2239; x_wconf 63' lang='grc' dir='ltr'>ψάλλειν</span> <span class='ocrx_word' id='word_1_835' title='bbox 1171 2205 1218 2232; x_wconf 74' lang='grc' dir='ltr'>καὶ</span> <span class='ocrx_word' id='word_1_836' title='bbox 1232 2205 1322 2238; x_wconf 75' lang='grc' dir='ltr'>λέγειν</span> <span class='ocrx_word' id='word_1_837' title='bbox 1333 2212 1339 2219; x_wconf 77' lang='grc'>³</span> <span class='ocrx_word' id='word_1_838' title='bbox 1360 2214 1369 2230; x_wconf 77' lang='grc' dir='ltr'>ι</span> <span class='ocrx_word' id='word_1_839' title='bbox 1389 2204 1574 2240; x_wconf 79' lang='grc' dir='ltr'>Εὑλογημένοι</span> <span class='ocrx_word' id='word_1_840' title='bbox 1589 2203 1628 2239; x_wconf 81' lang='grc' dir='ltr'><strong>τῷ</strong></span> <span class='ocrx_word' id='word_1_841' title='bbox 1641 2204 1736 2238; x_wconf 79' lang='grc' dir='ltr'>Κυρίῳ</span> <span class='ocrx_word' id='word_1_842' title='bbox 1748 2203 1836 2238; x_wconf 76' lang='grc' dir='ltr'>ἡμεῖς,</span> 
     </span>
    </p>
   </div>
   <div class='ocr_carea' id='block_1_108' title="bbox 1045 2249 1837 2286">
    <p class='ocr_par' dir='ltr' id='par_1_108' title="bbox 1045 2249 1837 2286">
     <span class='ocr_line' id='line_1_108' title="bbox 1045 2249 1837 2286; baseline -0.004 -8"><span class='ocrx_word' id='word_1_843' title='bbox 1045 2251 1084 2286; x_wconf 84' lang='grc' dir='ltr'><strong>τῷ</strong></span> <span class='ocrx_word' id='word_1_844' title='bbox 1107 2252 1248 2286; x_wconf 80' lang='grc' dir='ltr'>ποιήσαντι</span> <span class='ocrx_word' id='word_1_845' title='bbox 1269 2251 1314 2277; x_wconf 80' lang='grc' dir='ltr'>τὸν</span> <span class='ocrx_word' id='word_1_846' title='bbox 1340 2250 1452 2286; x_wconf 74' lang='grc' dir='ltr'>οὐρανὸν</span> <span class='ocrx_word' id='word_1_847' title='bbox 1470 2251 1517 2277; x_wconf 68' lang='grc' dir='ltr'>καὶ</span> <span class='ocrx_word' id='word_1_848' title='bbox 1531 2250 1581 2286; x_wconf 82' lang='grc' dir='ltr'>τὴν</span> <span class='ocrx_word' id='word_1_849' title='bbox 1595 2250 1657 2284; x_wconf 75' lang='grc' dir='ltr'>γῆν.</span> <span class='ocrx_word' id='word_1_850' title='bbox 1676 2259 1684 2275; x_wconf 79' lang='grc' dir='ltr'>ι</span> <span class='ocrx_word' id='word_1_851' title='bbox 1704 2250 1757 2276; x_wconf 70' lang='grc' dir='ltr'><strong>Καὶ</strong></span> <span class='ocrx_word' id='word_1_852' title='bbox 1777 2249 1837 2276; x_wconf 80' lang='grc' dir='ltr'>καθ’</span> 
     </span>
    </p>
   </div>
   <div class='ocr_carea' id='block_1_109' title="bbox 1045 2295 1837 2332">
    <p class='ocr_par' dir='ltr' id='par_1_109' title="bbox 1045 2295 1837 2332">
     <span class='ocr_line' id='line_1_109' title="bbox 1045 2295 1837 2332; baseline -0.003 -10"><span class='ocrx_word' id='word_1_853' title='bbox 1045 2297 1137 2332; x_wconf 77' lang='grc' dir='ltr'>ἓτερον</span> <span class='ocrx_word' id='word_1_854' title='bbox 1153 2297 1181 2323; x_wconf 81' lang='grc' dir='ltr'><strong>δὲ</strong></span> <span class='ocrx_word' id='word_1_855' title='bbox 1197 2297 1297 2332; x_wconf 82' lang='grc' dir='ltr'>τρόπον</span> <span class='ocrx_word' id='word_1_856' title='bbox 1316 2296 1364 2331; x_wconf 86' lang='grc' dir='ltr'><strong>τὴν</strong></span> <span class='ocrx_word' id='word_1_857' title='bbox 1381 2296 1500 2332; x_wconf 75' lang='grc' dir='ltr'>Χριστοῦ</span> <span class='ocrx_word' id='word_1_858' title='bbox 1520 2296 1616 2323; x_wconf 88' lang='grc' dir='ltr'>ουσίαν</span> <span class='ocrx_word' id='word_1_859' title='bbox 1639 2297 1705 2330; x_wconf 80' lang='grc' dir='ltr'>ἡμῖν</span> <span class='ocrx_word' id='word_1_860' title='bbox 1728 2296 1741 2321; x_wconf 83' lang='grc' dir='ltr'>ὁ</span> <span class='ocrx_word' id='word_1_861' title='bbox 1759 2295 1837 2329; x_wconf 80' lang='grc' dir='ltr'>νόμος</span> 
     </span>
    </p>
   </div>
   <div class='ocr_carea' id='block_1_110' title="bbox 1045 2341 1837 2377">
    <p class='ocr_par' dir='ltr' id='par_1_110' title="bbox 1045 2341 1837 2377">
     <span class='ocr_line' id='line_1_110' title="bbox 1045 2341 1837 2377; baseline -0.003 -8"><span class='ocrx_word' id='word_1_862' title='bbox 1045 2343 1180 2377; x_wconf 73' lang='grc' dir='ltr'>διασαφεῖ,</span> <span class='ocrx_word' id='word_1_863' title='bbox 1194 2343 1279 2377; x_wconf 84' lang='grc' dir='ltr'>λέγων</span> <span class='ocrx_word' id='word_1_864' title='bbox 1291 2352 1296 2358; x_wconf 92' lang='grc'><strong>·</strong></span> <span class='ocrx_word' id='word_1_865' title='bbox 1311 2352 1320 2368; x_wconf 83' lang='grc' dir='ltr'>ι</span> <span class='ocrx_word' id='word_1_866' title='bbox 1345 2343 1407 2369; x_wconf 82' lang='grc' dir='ltr'><strong>Ἐὰν</strong></span> <span class='ocrx_word' id='word_1_867' title='bbox 1420 2343 1448 2369; x_wconf 79' lang='grc' dir='ltr'><strong>δὲ</strong></span> <span class='ocrx_word' id='word_1_868' title='bbox 1459 2342 1539 2369; x_wconf 82' lang='grc' dir='ltr'>θυσία</span> <span class='ocrx_word' id='word_1_869' title='bbox 1552 2343 1698 2377; x_wconf 78' lang='grc' dir='ltr'>σωτηρίου,</span> <span class='ocrx_word' id='word_1_870' title='bbox 1712 2343 1743 2369; x_wconf 72' lang='grc' dir='ltr'>τὸ</span> <span class='ocrx_word' id='word_1_871' title='bbox 1754 2341 1837 2376; x_wconf 87' lang='grc' dir='ltr'>δῶρον</span> 
     </span>
    </p>
   </div>
   <div class='ocr_carea' id='block_1_111' title="bbox 1045 2388 1837 2425">
    <p class='ocr_par' dir='ltr' id='par_1_111' title="bbox 1045 2388 1837 2425">
     <span class='ocr_line' id='line_1_111' title="bbox 1045 2388 1837 2425; baseline -0.003 -9"><span class='ocrx_word' id='word_1_872' title='bbox 1045 2389 1128 2416; x_wconf 77' lang='grc' dir='ltr'>αὑτοῦ</span> <span class='ocrx_word' id='word_1_873' title='bbox 1152 2390 1190 2425; x_wconf 83' lang='grc' dir='ltr'><strong>τῷ</strong></span> <span class='ocrx_word' id='word_1_874' title='bbox 1207 2389 1316 2425; x_wconf 81' lang='grc' dir='ltr'>Κυρίῳ·</span> <span class='ocrx_word' id='word_1_875' title='bbox 1331 2390 1378 2416; x_wconf 78' lang='grc' dir='ltr'><strong>ἐὰν</strong></span> <span class='ocrx_word' id='word_1_876' title='bbox 1399 2389 1447 2424; x_wconf 83' lang='grc' dir='ltr'>μὲν</span> <span class='ocrx_word' id='word_1_877' title='bbox 1463 2390 1495 2415; x_wconf 83' lang='grc' dir='ltr'>ὲκ</span> <span class='ocrx_word' id='word_1_878' title='bbox 1510 2389 1565 2415; x_wconf 83' lang='grc' dir='ltr'><strong>τῶν</strong></span> <span class='ocrx_word' id='word_1_879' title='bbox 1585 2389 1654 2424; x_wconf 80' lang='grc' dir='ltr'>βοῶν</span> <span class='ocrx_word' id='word_1_880' title='bbox 1666 2388 1741 2423; x_wconf 80' lang='grc' dir='ltr'>αὐτῷ</span> <span class='ocrx_word' id='word_1_881' title='bbox 1756 2396 1837 2424; x_wconf 85' lang='grc' dir='ltr'>προσ-</span> 
     </span>
    </p>
   </div>
   <div class='ocr_carea' id='block_1_112' title="bbox 1045 2433 1836 2471">
    <p class='ocr_par' dir='ltr' id='par_1_112' title="bbox 1045 2433 1836 2471">
     <span class='ocr_line' id='line_1_112' title="bbox 1045 2433 1836 2471; baseline -0.003 -9"><span class='ocrx_word' id='word_1_882' title='bbox 1045 2435 1109 2471; x_wconf 85' lang='grc' dir='ltr'>άγῃ,</span> <span class='ocrx_word' id='word_1_883' title='bbox 1130 2435 1177 2461; x_wconf 81' lang='grc' dir='ltr'>ἐάν</span> <span class='ocrx_word' id='word_1_884' title='bbox 1191 2444 1221 2462; x_wconf 80' lang='grc' dir='ltr'><strong>τε</strong></span> <span class='ocrx_word' id='word_1_885' title='bbox 1241 2435 1340 2470; x_wconf 81' lang='grc' dir='ltr'>ἄρσεν,</span> <span class='ocrx_word' id='word_1_886' title='bbox 1362 2435 1409 2462; x_wconf 78' lang='grc' dir='ltr'><strong>ἐάν</strong></span> <span class='ocrx_word' id='word_1_887' title='bbox 1424 2443 1452 2462; x_wconf 86' lang='grc' dir='ltr'><strong>τε</strong></span> <span class='ocrx_word' id='word_1_888' title='bbox 1477 2435 1554 2469; x_wconf 79' lang='grc' dir='ltr'>Θῆλυ,</span> <span class='ocrx_word' id='word_1_889' title='bbox 1578 2435 1692 2470; x_wconf 81' lang='grc' dir='ltr'>ἄμωμον</span> <span class='ocrx_word' id='word_1_890' title='bbox 1709 2433 1836 2469; x_wconf 83' lang='grc' dir='ltr'>προσάξει</span> 
     </span>
    </p>
   </div>
   <div class='ocr_carea' id='block_1_113' title="bbox 1045 2479 1835 2516">
    <p class='ocr_par' dir='ltr' id='par_1_113' title="bbox 1045 2479 1835 2516">
     <span class='ocr_line' id='line_1_113' title="bbox 1045 2479 1835 2516; baseline 0 -10"><span class='ocrx_word' id='word_1_891' title='bbox 1045 2481 1109 2507; x_wconf 73' lang='grc' dir='ltr'>αὐτὸ</span> <span class='ocrx_word' id='word_1_892' title='bbox 1128 2480 1216 2507; x_wconf 73' lang='grc' dir='ltr'>ἔναντι</span> <span class='ocrx_word' id='word_1_893' title='bbox 1234 2480 1349 2516; x_wconf 76' lang='grc' dir='ltr'>Κυρίου,</span> <span class='ocrx_word' id='word_1_894' title='bbox 1365 2480 1413 2507; x_wconf 76' lang='grc' dir='ltr'>καὶ</span> <span class='ocrx_word' id='word_1_895' title='bbox 1431 2480 1555 2516; x_wconf 75' lang='grc' dir='ltr'>ἐπιθήσει</span> <span class='ocrx_word' id='word_1_896' title='bbox 1574 2480 1624 2512; x_wconf 80' lang='grc' dir='ltr'><strong>τὰς</strong></span> <span class='ocrx_word' id='word_1_897' title='bbox 1643 2482 1738 2516; x_wconf 83' lang='grc' dir='ltr'>χεῖρας</span> <span class='ocrx_word' id='word_1_898' title='bbox 1754 2479 1835 2506; x_wconf 78' lang='grc' dir='ltr'>αὐτοῦ</span> 
     </span>
    </p>
   </div>
   <div class='ocr_carea' id='block_1_114' title="bbox 1044 2525 1836 2561">
    <p class='ocr_par' dir='ltr' id='par_1_114' title="bbox 1044 2525 1836 2561">
     <span class='ocr_line' id='line_1_114' title="bbox 1044 2525 1836 2561; baseline -0.001 -9"><span class='ocrx_word' id='word_1_899' title='bbox 1044 2527 1090 2552; x_wconf 71' lang='grc' dir='ltr'><strong>ἐπὶ</strong></span> <span class='ocrx_word' id='word_1_900' title='bbox 1105 2527 1154 2561; x_wconf 80' lang='grc' dir='ltr'><strong>τὴν</strong></span> <span class='ocrx_word' id='word_1_901' title='bbox 1173 2526 1293 2561; x_wconf 71' lang='grc' dir='ltr'>κεφαλὴν</span> <span class='ocrx_word' id='word_1_902' title='bbox 1309 2526 1355 2553; x_wconf 66' lang='grc' dir='ltr'>τοῦ</span> <span class='ocrx_word' id='word_1_903' title='bbox 1378 2525 1474 2561; x_wconf 80' lang='grc' dir='ltr'>δώρου,</span> <span class='ocrx_word' id='word_1_904' title='bbox 1494 2526 1540 2552; x_wconf 78' lang='grc' dir='ltr'>καὶ</span> <span class='ocrx_word' id='word_1_905' title='bbox 1554 2526 1650 2560; x_wconf 73' lang='grc' dir='ltr'>σφάξει</span> <span class='ocrx_word' id='word_1_906' title='bbox 1673 2526 1738 2552; x_wconf 73' lang='grc' dir='ltr'>αὐτὸ</span> <span class='ocrx_word' id='word_1_907' title='bbox 1762 2526 1836 2560; x_wconf 66' lang='grc' dir='ltr'>παρὰ</span> 
     </span>
    </p>
   </div>
   <div class='ocr_carea' id='block_1_115' title="bbox 1044 2571 1835 2607">
    <p class='ocr_par' dir='ltr' id='par_1_115' title="bbox 1044 2571 1835 2607">
     <span class='ocr_line' id='line_1_115' title="bbox 1044 2571 1835 2607; baseline -0.001 -9"><span class='ocrx_word' id='word_1_908' title='bbox 1044 2572 1092 2603; x_wconf 71' lang='grc' dir='ltr'>τὰς</span> <span class='ocrx_word' id='word_1_909' title='bbox 1108 2571 1191 2606; x_wconf 74' lang='grc' dir='ltr'>θύρας</span> <span class='ocrx_word' id='word_1_910' title='bbox 1203 2573 1252 2607; x_wconf 81' lang='grc' dir='ltr'>τῆς</span> <span class='ocrx_word' id='word_1_911' title='bbox 1267 2571 1370 2607; x_wconf 77' lang='grc' dir='ltr'>σκηνῆς</span> <span class='ocrx_word' id='word_1_912' title='bbox 1385 2571 1432 2598; x_wconf 81' lang='grc' dir='ltr'>τοῦ</span> <span class='ocrx_word' id='word_1_913' title='bbox 1445 2571 1606 2607; x_wconf 83' lang='grc' dir='ltr'>μαρτυρίου.</span> <span class='ocrx_word' id='word_1_914' title='bbox 1620 2573 1675 2598; x_wconf 79' lang='grc' dir='ltr'><strong>Καὶ</strong></span> <span class='ocrx_word' id='word_1_915' title='bbox 1688 2571 1835 2607; x_wconf 83' lang='grc' dir='ltr'>προσχεοῦ-</span> 
     </span>
    </p>
   </div>
   <div class='ocr_carea' id='block_1_116' title="bbox 1046 2616 1835 2654">
    <p class='ocr_par' dir='ltr' id='par_1_116' title="bbox 1046 2616 1835 2654">
     <span class='ocr_line' id='line_1_116' title="bbox 1046 2616 1835 2654; baseline 0.001 -10"><span class='ocrx_word' id='word_1_916' title='bbox 1046 2627 1088 2644; x_wconf 75' lang='grc' dir='ltr'><strong>σιν</strong></span> <span class='ocrx_word' id='word_1_917' title='bbox 1103 2619 1126 2644; x_wconf 88' lang='grc' dir='ltr'>οἱ</span> <span class='ocrx_word' id='word_1_918' title='bbox 1145 2619 1197 2644; x_wconf 68' lang='grc' dir='ltr'>υἱοὶ</span> <span class='ocrx_word' id='word_1_919' title='bbox 1211 2617 1317 2653; x_wconf 74' lang='grc' dir='ltr'>’Λαρὼν</span> <span class='ocrx_word' id='word_1_920' title='bbox 1328 2620 1351 2645; x_wconf 74' lang='grc' dir='ltr'>οἱ</span> <span class='ocrx_word' id='word_1_921' title='bbox 1368 2619 1449 2653; x_wconf 78' lang='grc' dir='ltr'>ἱερεῖς</span> <span class='ocrx_word' id='word_1_922' title='bbox 1466 2619 1496 2645; x_wconf 85' lang='grc' dir='ltr'>τὺ</span> <span class='ocrx_word' id='word_1_923' title='bbox 1508 2616 1577 2654; x_wconf 73' lang='grc' dir='ltr'>αἷμα</span> <span class='ocrx_word' id='word_1_924' title='bbox 1587 2618 1633 2644; x_wconf 79' lang='grc' dir='ltr'><strong>ἐπὶ</strong></span> <span class='ocrx_word' id='word_1_925' title='bbox 1647 2618 1677 2645; x_wconf 79' lang='grc' dir='ltr'><strong>τὸ</strong></span> <span class='ocrx_word' id='word_1_926' title='bbox 1690 2618 1835 2652; x_wconf 78' lang='grc' dir='ltr'>θυσιαστή-</span> 
     </span>
    </p>
   </div>
   <div class='ocr_carea' id='block_1_117' title="bbox 1047 2663 1834 2700">
    <p class='ocr_par' dir='ltr' id='par_1_117' title="bbox 1047 2663 1834 2700">
     <span class='ocr_line' id='line_1_117' title="bbox 1047 2663 1834 2700; baseline -0.001 -10"><span class='ocrx_word' id='word_1_927' title='bbox 1047 2673 1112 2699; x_wconf 74' lang='grc' dir='ltr'>ριον,</span> <span class='ocrx_word' id='word_1_928' title='bbox 1132 2664 1186 2690; x_wconf 78' lang='grc' dir='ltr'><strong>τῶν</strong></span> <span class='ocrx_word' id='word_1_929' title='bbox 1199 2665 1432 2699; x_wconf 81' lang='grc' dir='ltr'>ὁλοκαυτωμάτων</span> <span class='ocrx_word' id='word_1_930' title='bbox 1456 2664 1559 2700; x_wconf 84' lang='grc' dir='ltr'>κύκλῳ.</span> <span class='ocrx_word' id='word_1_931' title='bbox 1583 2665 1638 2691; x_wconf 76' lang='grc' dir='ltr'>Καὶ</span> <span class='ocrx_word' id='word_1_932' title='bbox 1653 2663 1834 2700; x_wconf 64' lang='grc' dir='ltr'>προσάξουσιν</span> 
     </span>
    </p>
   </div>
   <div class='ocr_carea' id='block_1_118' title="bbox 1045 2709 1834 2746">
    <p class='ocr_par' dir='ltr' id='par_1_118' title="bbox 1045 2709 1834 2746">
     <span class='ocr_line' id='line_1_118' title="bbox 1045 2709 1834 2746; baseline -0.001 -10"><span class='ocrx_word' id='word_1_933' title='bbox 1045 2710 1098 2736; x_wconf 77' lang='grc' dir='ltr'><strong>ἀπὸ</strong></span> <span class='ocrx_word' id='word_1_934' title='bbox 1119 2710 1168 2745; x_wconf 77' lang='grc' dir='ltr'>τῆς</span> <span class='ocrx_word' id='word_1_935' title='bbox 1192 2710 1287 2742; x_wconf 79' lang='grc' dir='ltr'>θυσίας</span> <span class='ocrx_word' id='word_1_936' title='bbox 1305 2709 1351 2736; x_wconf 76' lang='grc' dir='ltr'>τοῦ</span> <span class='ocrx_word' id='word_1_937' title='bbox 1375 2710 1522 2745; x_wconf 84' lang='grc' dir='ltr'>σωτηρίου,</span> <span class='ocrx_word' id='word_1_938' title='bbox 1544 2711 1684 2746; x_wconf 79' lang='grc' dir='ltr'>κὰρπωμα</span> <span class='ocrx_word' id='word_1_939' title='bbox 1700 2710 1792 2745; x_wconf 83' lang='grc' dir='ltr'>Κυρίῳ</span> <span class='ocrx_word' id='word_1_940' title='bbox 1807 2709 1834 2735; x_wconf 59' lang='lat' dir='ltr'><strong>si</strong></span> 
     </span>
    </p>
   </div>
   <div class='ocr_carea' id='block_1_119' title="bbox 1284 2814 1833 2847">
    <p class='ocr_par' dir='ltr' id='par_1_119' title="bbox 1284 2814 1833 2847">
     <span class='ocr_line' id='line_1_119' title="bbox 1284 2814 1833 2847; baseline -0.005 -4"><span class='ocrx_word' id='word_1_941' title='bbox 1284 2817 1292 2831; x_wconf 89' lang='grc'><strong>⁷</strong></span> <span class='ocrx_word' id='word_1_942' title='bbox 1312 2816 1380 2843; x_wconf 73' lang='lat' dir='ltr'><strong>I‘sal.</strong></span> <span class='ocrx_word' id='word_1_943' title='bbox 1398 2824 1470 2847; x_wconf 65' lang='lat' dir='ltr'><strong>xxix,</strong></span> <span class='ocrx_word' id='word_1_944' title='bbox 1499 2816 1537 2842; x_wconf 76' lang='lat' dir='ltr'><strong>l2.</strong></span> <span class='ocrx_word' id='word_1_945' title='bbox 1596 2814 1606 2830; x_wconf 86' lang='lat'>&#39;</span> <span class='ocrx_word' id='word_1_946' title='bbox 1632 2815 1702 2842; x_wconf 81' lang='lat' dir='ltr'><strong>Psal.</strong></span> <span class='ocrx_word' id='word_1_947' title='bbox 1724 2822 1787 2844; x_wconf 73' lang='lat' dir='ltr'><strong>xx&quot;,</strong></span> <span class='ocrx_word' id='word_1_948' title='bbox 1807 2815 1833 2841; x_wconf 79' lang='lat'><strong>5.</strong></span> 
     </span>
    </p>
   </div>
   <div class='ocr_carea' id='block_1_120' title="bbox 1043 2851 1216 2876">
    <p class='ocr_par' dir='ltr' id='par_1_120' title="bbox 1043 2851 1216 2876">
     <span class='ocr_line' id='line_1_120' title="bbox 1043 2851 1216 2876; baseline 0 0"><span class='ocrx_word' id='word_1_949' title='bbox 1043 2852 1066 2866; x_wconf 60' lang='grc'><strong>’¹’</strong></span> <span class='ocrx_word' id='word_1_950' title='bbox 1085 2851 1151 2876; x_wconf 72' lang='lat' dir='ltr'><strong>Ibid.</strong></span> <span class='ocrx_word' id='word_1_951' title='bbox 1178 2851 1216 2876; x_wconf 66' lang='lat' dir='ltr'><strong>l3.</strong></span> 
     </span>
    </p>
   </div>
  </div>
