1997 3059
137 147 188 174 M5

630 144 888 172 GLAPHYRORUM
909 144 943 171 ΙΝ
961 141 1146 170 LE\'iTlCUM
1168 142 1278 169 LIBER.

1701 146 1753 175 526

136 204 220 238 στέαρ
234 202 262 230 τὸ
272 201 411 228 κατακαλὺ
417 209 480 227 πτον
494 201 542 235 τὴν
554 200 666 232 κοιλίαν,
682 202 728 228 καὶ
740 203 793 228 πᾶν
801 201 830 228 τὸ
841 202 923 238 στέαρ

978 201 1036 229 licio
1049 202 1175 229 salutaris
1204 201 1328 232 Domino,
1356 205 1384 228 et
1397 202 1589 237 pinguedinem
1604 200 1663 239 qua"
1689 207 1754 241 tegit

136 248 167 275 τὸ
175 247 221 274 ἐπὶ
229 248 277 281 τῆς
292 245 403 277 κοιλίας.
414 245 532 277 καὶτοὺς
544 245 589 272 δύο
602 248 725 282 νεφροὺς,
740 247 788 273 καὶ
801 247 831 274 τὸ
840 248 921 283 στέαρ

137 293 168 320 τὺ
181 294 224 319 ἐπ’
247 292 337 319 αὐτῶν
359 291 389 317 τὺ
411 291 456 318 ἐπὶ
475 291 529 317 τῶν
548 292 652 326 μηρῶν,
667 292 715 318 καὶ
729 293 775 318 τὸν
788 293 866 319 λοῧὺν
878 293 921 320 τὸν

139 339 185 366 ἐπὶ
198 338 243 364 τοῦ
259 338 362 372 ἥπατος
377 338 424 363 σὺν
436 338 492 369 τοῖς
505 339 614 373 νεφροῖς
631 338 760 374 περιελεῖ.
779 339 834 365 Καὶ
851 339 922 366 ἀνοί-

140 392 231 410 σουσιν
241 383 310 410 αὐτὰ
320 384 342 409 ot
357 383 410 409 υἱοὶ
418 382 532 417 Ἀαρὼν,
544 384 566 409 οἱ
580 384 672 418 ἱερεῖς,
682 383 728 410 ἐπὶ
739 384 769 410 τὸ
783 384 924 420 θυσιαστή-

142 438 208 465 ριον,
224 429 270 455 ἐπὶ
290 428 325 455 τὰ
349 429 576 463 ὁλοκαυτώματα,
594 429 641 455 ἐπὶ
659 429 693 456 τὰ
712 429 778 463 ξύλα
796 431 854 457 ξὲπὶ
877 430 922 457 τοῦ

140 474 235 509 πυρδς.
261 474 399 508 κάρπωμα
421 473 492 509 ὀσμὴ
512 473 625 505 εὐωδίας
645 474 684 509 τῷ
708 475 810 510 Κυρίῳ.
832 485 841 501 ι
868 475 924 501 Kal

139 520 200 555 οὐχὶ
212 520 243 555 δὴ
255 519 334 554 μόνον
347 519 379 546 ὲκ
396 519 475 554 βοῶν,
496 519 563 551 ἀλλ’,
576 520 600 545 εἰ
615 519 645 554 δή
660 528 701 551 τις
714 520 810 552 ἕλοιτο,
828 520 876 546 καὶ
893 521 924 546 ἐκ

141 566 284 601 προϐάτων
307 564 479 596 όὶιοκαυτοῦν,
504 564 552 591 εἴτ’
578 563 624 591 οὗν
648 564 677 598 ἐξ
702 566 787 598 αἰγῶν
812 565 860 601 τὴν
877 564 924 591 τοῦ

141 611 273 646 σωτηρίου
287 610 420 637 ποιεῖσθαι
435 610 539 641 θυσίαν,
554 610 596 636 διὰ
609 610 663 637 τῶν
676 610 764 637 αὐτῶν
778 611 925 646 ἐπράττετο

139 657 257 692 τρόπων,
264 656 310 682 καὶ
321 653 360 687 εἷς
370 657 410 689 ἐφ’
420 655 519 682 ἆπασιν
527 653 562 690 ἦν
571 655 619 690 τῆς
629 656 783 692 ἱερουργίας
793 657 806 683 6
814 657 923 693 τρόπος.

140 702 204 729 Εἴτε
222 702 253 737 δὴ
268 702 350 736 ἄρσεν
367 701 410 735 εἴη
425 701 515 735 τυχὸν,
528 701 582 727 εἴτε
597 701 662 736 θῆλυ
679 701 710 728 τὸ
727 702 809 736 Οὖμα,
830 702 924 737 μώμου

140 749 193 775 δεῖν
207 749 256 783 ἔφη
276 748 374 779 παντὸς
386 747 556 782 ἀπηλλάχθαι
576 746 725 778 παντελῶς.
752 748 806 774 Καὶ
817 748 866 783 τῆς
879 748 924 774 ου-

142 795 200 825 σίας
214 795 227 820 6
242 794 330 827 λόγος,
344 793 386 818 ἐπ’
402 792 481 819 αὑτὸν
497 793 529 818 ἂν
545 792 578 819 ῖοι
593 792 826 828 τὺνῈμμανουήλ.
841 793 925 825 Αὐτὸς

141 840 195 875 γὰρ
208 841 222 865 6
238 839 336 874 μόσχος
351 840 364 865 6
380 838 509 870 σιτευτὸς,
524 838 554 865 τὸ
569 838 682 873 ἄμωμον
697 839 801 874 ἱερεῖον,
816 841 830 866 6
842 840 926 875 αἴρων

140 886 189 920 τὴν
201 885 336 920 ἁμαρτίαν
350 884 396 911 τοῦ
408 885 519 919 κόσμου,
533 885 580 911 καὶ
592 884 628 916 ὡς
638 886 665 911 ὲν
678 885 743 912 εἴδει
757 886 874 921 χιμάρου
891 886 925 912 δι’
942 873 961 901 Β

141 931 215 966 ἡμᾶς
242 929 423 965 σφαζόμενος·
451 929 568 964 χίμαρος
593 929 646 965 γὰρ
669 930 738 956 κατὰ
759 930 841 965 νόμον
857 931 926 966 ὑπὲρ

142 975 276 1011 ἁμαρτίας
297 975 438 1009 ἐσφάζετο.
456 974 528 1010 Πλὴν
543 975 593 1010 ὅρα
608 975 688 1002 πάλιν
703 975 799 1010 ἰσχνῶς
814 976 864 1010 τῆς
881 977 927 1001 θυι

143 1023 202 1054 σίας
219 1022 264 1048 τὸν
277 1022 385 1058 τρόπον.
407 1021 634 1056 Ἀκριϐολογεῖται
649 1022 698 1057 μὲν
713 1022 766 1057 γὰρ
781 1023 810 1049 οὐ
826 1023 926 1058 σφόδρα

141 1069 172 1095 τὸ
200 1069 319 1104 Γράμμα
341 1068 371 1094 τὸ
391 1068 501 1103 νομικὸν
519 1068 583 1104 περί
605 1077 633 1094 τε
660 1068 743 1104 ἄρσεν
760 1068 806 1095 καὶ
822 1069 898 1104 θῆλυ.
914 1079 923 1094 ι

142 1115 236 1142 Νοοῖτο
259 1115 280 1141 δ’
308 1114 341 1141 ἃν
358 1114 438 1140 πάλιν
463 1113 500 1145 ὡς
517 1114 545 1140 ἐν
567 1114 667 1149 ἀμφοῖν
691 1115 705 1141 6
726 1114 851 1149 Χριστός.
882 1114 926 1140 Ἐν

142 1160 235 1197 ἄρσενι
253 1161 310 1196 μὲν,
331 1160 368 1191 ὡς
383 1161 531 1195 ἡγούμενος
547 1160 604 1195 ἦτοι
620 1160 788 1195 καθηγητὴς.
814 1160 927 1194 Ἡγεμο-

142 1207 288 1242 νικώτερον
309 1206 364 1242 γὰρ
389 1206 502 1241 Θατέρου
524 1206 555 1232 τὸ
578 1206 669 1241 ἄρσεν,
690 1206 719 1233 ὲν
738 1205 830 1241 Θήλεσι
846 1206 873 1233 δὲ
890 1206 927 1238 ὡς

142 1253 262 1288 γεγονὼς
281 1254 332 1280 ὑπὸ
348 1254 428 1288 νόμον
444 1254 490 1280 καὶ
506 1253 664 1288 ἡγούμενος,
688 1253 861 1286 ’Υπεξούσιεν
874 1253 927 1289 γὰρ

142 1301 189 1326 καὶ
202 1301 230 1326 ἐν
244 1300 378 1335 δευτέροις
392 1300 434 1326 ἀεὶ
447 1299 476 1326 τὸ
491 1299 557 1331 θῆλυ
572 1299 617 1325 τοῦ
629 1299 752 1334 ἄρρενος,
767 1299 844 1334 εἴπερ
856 1299 927 1325 ἐστὶν

143 1345 249 1381 ἀληθῶς
273 1347 302 1371 ὲν
331 1345 418 1380 μεῖοσι
444 1345 490 1372 καὶ
515 1345 543 1371 ἐν
566 1345 719 1378 ὑφιζάνοντι
739 1344 838 1380 μέτρῳ.
856 1344 928 1379 Πλὴν

143 1392 257 1426 ἄμωμον
279 1391 309 1417 τὺ
330 1391 562 1426 ἰερουργούμενον.
579 1390 703 1421 Τοιοῦτος
718 1391 746 1417 δὲ
768 1391 782 1416 6
800 1391 926 1424 Χριστός.

144 1439 287 1473 Τοιγάρτοι
306 1438 439 1471 ἔφασκεν·
456 1447 465 1462 ι
487 1437 614 1472 Ἔρχεται
632 1438 645 1463 6
658 1437 749 1472 ἄρχων
765 1437 810 1463 τοῦ
826 1437 928 1472 κόσμου

143 1484 247 1514 τούτου,
272 1483 317 1509 καὶ
338 1484 366 1509 ὲν
391 1483 451 1517 ἐμοὶ
469 1482 579 1516 εὑρήσει
604 1482 690 1509 οὐδέν.
724 1491 733 1507 ι
761 1482 815 1508 Kal
837 1482 928 1517 μέντοι

144 1529 211 1565 ’πρὸς
244 1529 385 1560 Ἰουδαίους
414 1528 444 1555 τὸ
468 1529 584 1554 εἰσάπαν
609 1527 768 1563 ἀμώμητον,
793 1527 927 1560 ἀπόδειξιν

144 1576 260 1601 ἐποιεῖτο
283 1575 331 1610 τὴν
353 1574 429 1600 θείαν
453 1573 534 1600 αὑτοῦ
562 1573 651 1607 φύσιν,
675 1573 775 1605 λέγων·
797 1582 806 1598 ί
826 1573 871 1604 Τίς
899 1571 928 1604 ἐξ

144 1620 220 1655 ὑμῶν
236 1619 339 1654 ἐλέγχει
358 1627 391 1654 με
406 1619 469 1652 περὶ
486 1617 637 1652 ἁμαρτίας
657 1617 687 1642 El
702 1617 829 1651 ἀλήθειαν
845 1616 926 1650 λέγω.

144 1666 170 1692 τί
184 1666 260 1700 ὑμεῖς
275 1665 304 1691 οὔ
320 1663 463 1691 πιστεύετέ
481 1672 536 1698 μοι;
557 1673 565 1688 ι
587 1663 718 1698 ’Ἃμωμον
737 1661 782 1688 οὖν
798 1662 884 1696 ταύτῃ
898 1662 928 1688 τὸ

147 1710 216 1745 ἱερὸν
232 1709 305 1742 θῦμα
318 1710 386 1736 ἐστι.
408 1709 554 1742 Ἐσφάςετο
570 1708 617 1742 μὲν
632 1707 718 1734 ἔναντι
734 1707 836 1742 Κυρίου
854 1707 928 1742 παρὰ

145 1756 195 1787 τὰς
215 1755 299 1791 Θύρας
327 1755 376 1790 τῆς
401 1755 512 1789 σκηνῆς,
536 1754 757 1788 ἐπενηνεγμένων
776 1753 850 1788 αυτῷ
874 1753 929 1780 τῶν

146 1802 243 1838 χειρῶν
255 1802 300 1828 τοῦ
314 1801 571 1837 προσκεκομῐκότος.
583 1798 649 1827 Εἶτα
659 1799 704 1826 τοῦ
718 1800 831 1834 αἵματος
841 1801 872 1835 τῇ
883 1800 929 1826 τοῦ

146 1849 336 1884 θυσιαστηρίου
347 1848 423 1883 βάσει
432 1849 640 1883 προσχεομένου,
648 1847 808 1874 ὁλοκαυτοῦν
815 1846 866 1881 ἔφη
874 1847 930 1873 δεῖν

146 1896 180 1923 τὰ
194 1895 325 1922 ein/160121.
341 1895 499 1929 Πέπρακται
512 1895 560 1929 μὲν
573 1894 627 1929 γὰρ
638 1896 665 1920 ὲν
677 1893 823 1927 ὀφθαλμοῖς
837 1892 930 1927 ὥσπερ

146 1941 192 1967 τοῦ
208 1940 276 1967 Θεοῦ
303 1940 350 1967 καὶ
371 1940 476 1976 Πατρὺς
497 1941 511 1966 6
527 1939 573 1966 τοῦ
602 1939 667 1965 Υἱοῦ
697 1939 831 1970 Θάνατος,
860 1938 930 1971 ὑπὲρ

147 1986 196 2021 τῆς
212 1986 259 2013 τοῦ
278 1987 380 2021 κόσμου
394 1986 466 2020 ζωῆς
482 1985 530 2020 τὴν
544 1984 642 2012 ἑαυτοῦ
655 1985 775 2016 τιθέντος
787 1985 885 2019 ψυχήν.
899 1984 930 2010 Εἰ

146 2033 200 2066 γάρ
213 2034 285 2059 ἐστιν
300 2032 401 2067 ἀληθὴς
415 2032 429 2058 ὁ
440 2031 539 2065 λέγων·
559 2040 568 2056 ι
585 2031 680 2066 Τίμιος
696 2030 815 2056 ἐναντίον
828 2029 931 2063 Κυρίου

147 2080 161 2106 6
185 2079 298 2110 θάνατος
319 2078 373 2104 τῶν
398 2078 479 2104 ὁσίων
500 2077 596 2104 αὐτοῦ·
617 2086 625 2102 ι
653 2076 710 2108 πῶς
731 2077 780 2103 οὐκ
798 2075 830 2102 ἂν
851 2075 931 2101 αὑτὸν

148 2124 273 2157 ἀξιώσειε
287 2125 335 2159 τῆς
349 2123 416 2154 ἰδίας
431 2123 582 2157 ἐπισκοπῆς
595 2123 639 2149 τὸν
656 2121 701 2148 τοῦ
716 2121 780 2147 Υἱοῦ
793 2120 906 2147 θάνατον
918 2121 932 2146 ὁ

147 2169 212 2200 Θεὸς
235 2169 282 2196 καὶ
304 2160 415 2203 Ila-319;
430 2169 503 2203 Τιμᾷ
519 2168 571 2203 γὰρ
589 2168 697 2198 πάντως
719 2167 766 2193 καὶ
787 2165 932 2196 ἐποπτείας

974 254 1109 280 ventrem,
1138 252 1219 282 atque
1232 255 1340 274 omnem
1365 248 1557 283 pinguedinem
1580 258 1640 285 quae
1662 257 1703 278 est
1726 252 1754 279 in

974 297 1080 325 ventre,
1095 294 1175 329 3&7
1193 297 1221 320 et
1232 293 1301 320 duos
1317 300 1408 325 renes,
1430 298 1457 320 et
1475 294 1502 320 in
1529 294 1594 329 ipsis
1610 296 1754 331 pinguedi-

973 347 1048 369 nem.
1060 347 1120 374 quae
1129 343 1169 366 est
1181 339 1208 366 in
1219 338 1380 369 femoribus,
1394 343 1422 366 et
1432 339 1575 367 reticulum
1586 341 1686 375 jecoris
1693 350 1754 369 cum

974 384 1141 412 renunculis.
1166 384 1200 411 Et
1223 384 1343 411 referent
1368 392 1399 410 ca
1422 383 1470 410 ﬁlii
1493 383 1581 411 Aaron
1601 386 1757 413 sacerdotes

975 438 1056 465 super
1069 430 1154 457 altare
1166 431 1193 457 in
1208 430 1397 457 holocaustum
1411 430 1437 456 in
1452 429 1522 464 ligna
1539 438 1599 464 qum
1617 431 1708 465 jaceat
1728 431 1756 458 in

975 476 1047 511 igne.
1070 476 1172 502 oblatio
1200 476 1292 502 suavis
1324 476 1417 502 odoris
1440 476 1598 502 Domino”.
1630 486 1638 501 ι
1661 476 1756 511 Neque

974 521 1047 548 enim
1070 521 1158 547 solum
1182 528 1215 547 ex
1238 521 1337 553 bobus,
1358 520 1406 548 sed
1423 521 1445 548 si
1458 521 1519 555 quis
1548 521 1614 548 velit
1628 522 1709 548 etiam
1724 529 1757 549 cx

975 566 1073 593 ovibus
1085 566 1221 593 adducere
1235 566 1438 598 holocaustum,
1452 570 1499 593 aut
1523 574 1556 594 ex
1569 567 1659 601 capris
1684 567 1757 595 ferre

975 612 1141 640 oblationem
1156 613 1291 643 salutaris,
1317 613 1412 639 iisdem
1437 613 1525 640 modis
1552 613 1757 648 procedendum

975 659 1055 686 estin
1079 659 1216 686 omnibus.
1235 659 1297 686 Sive
1321 664 1412 686 autem
1440 667 1472 686 ex
1490 660 1620 691 masculo,
1646 660 1702 687 sive
1724 668 1757 687 ex

975 703 1082 731 femella
1095 704 1177 731 fuerit
1189 703 1365 735 sacriﬁcium,
1383 712 1515 731 «necesse
1528 709 1579 735 est,
1600 704 1698 739 inquit,
1728 708 1758 732 ut

975 749 1050 776 onmi
1062 749 1166 776 macula
1182 753 1282 776 careat.
1301 759 1310 775 ι
1325 750 1413 783 Atque
1424 749 1482 776 haec
1498 751 1567 777 ratio
1578 750 1705 778 sacrificii
1723 750 1758 777 ad

977 796 1065 831 ipsum
1085 796 1428 830 pertinetEmmanuelem.
1443 796 1493 823 llic
1507 797 1578 823 enim
1602 801 1644 823 est
1655 796 1759 824 vitulus

976 841 1114 875 saginatus
1137 844 1163 868 et
1176 841 1379 868 immaculatum
1391 841 1564 873 sacrificium,
1588 842 1686 868 tollens
1697 850 1758 877 pec-

976 892 1068 914 catum
1094 887 1199 918 mundi;
1219 887 1355 925 ac‘veluti
1381 895 1463 922 caper
1482 888 1626 914 anniculus
1648 892 1760 922 propter

976 941 1027 960 nos
1039 936 1080 959 est
1093 937 1241 960 mactatus:
1255 941 1335 967 CﬂpCi‘
1343 933 1415 959 enim
1427 941 1476 968 pi'O
1487 938 1597 967 peccato
1609 933 1759 960 secundum

976 979 1062 1013 legem
1071 979 1249 1006 mactabatur.
1266 978 1399 1006 Caterum
1409 978 1594 1005 animadverte
1606 979 1650 1005 hic
1659 978 1759 1005 iterum

977 1023 1114 1050 subtiliter
1127 1023 1248 1058 mysterii
1268 1023 1411 1050 rationem.
1430 1022 1569 1057 Siquidem
1594 1023 1685 1050 littera
1693 1023 1760 1058 legis

977 1069 1006 1096 in
1038 1069 1114 1096 nullo
1134 1069 1212 1103 ponit
1237 1068 1405 1100 discrimine,
1434 1079 1443 1093 «
1461 1069 1518 1095 sive
1552 1069 1690 1096 masculus
1710 1068 1781 1107 sit,,

977 1113 1034 1139 sive
1051 1112 1168 1140 femella.
1189 1122 1197 1137 ι
1214 1112 1242 1139 ln
1256 1120 1311 1147 quo
1323 1120 1433 1140 rursum
1445 1113 1559 1148 intelligi
1575 1117 1674 1147 potest,
1687 1113 1760 1148 quod

976 1158 1102 1186 Christus
1125 1159 1151 1185 in
1168 1159 1302 1186 ambobus
1316 1159 1359 1186 sit.
1372 1159 1401 1186 in
1421 1160 1541 1186 masculo
1551 1164 1762 1193 reprzesentatur

979 1208 1107 1238 tanquam
1128 1203 1183 1230 dux
1197 1208 1226 1231 et
1241 1204 1379 1238 princeps,
1402 1205 1540 1232 masculus
1556 1205 1629 1232 enim
1645 1213 1761 1240 genero-

979 1249 1034 1275 sior
1051 1252 1182 1282 estquam
1195 1248 1320 1281 femella;
1340 1249 1367 1275 in
1383 1248 1482 1276 femina
1501 1254 1602 1280 autem,
1627 1254 1763 1284 quatenus

979 1293 1066 1319 factus
1079 1297 1121 1320 est
1138 1293 1189 1320 sub
1202 1294 1261 1328 lege
1272 1314 1279 1325 ,
1305 1301 1461 1329 quanquam
1478 1295 1544 1322 alias
1565 1295 1692 1329 princeps
1714 1295 1760 1323 sit.

979 1340 1045 1367 Nam
1054 1339 1160 1367 femella
1173 1344 1215 1367 est
1227 1340 1349 1375 subjecta
1362 1345 1389 1367 et
1404 1340 1539 1367 secundas
1551 1345 1643 1375 partes
1664 1349 1678 1368 a
1701 1341 1761 1368 viro

980 1386 1094 1418 obtinet,
1110 1385 1244 1419 siquidem
1258 1393 1352 1413 revera
1364 1385 1454 1412 minor
1467 1390 1548 1419 atque
1575 1386 1688 1413 inferior
1709 1391 1761 1414 est.

979 1431 1113 1459 Caeterum
1127 1431 1330 1459 immaculatum
1342 1435 1383 1458 est.
1395 1431 1570 1458 sacriﬁcium.
1585 1431 1659 1458 Talis
1670 1437 1760 1458 autem

980 1482 1021 1504 est
1042 1477 1176 1505 Christus.
1192 1477 1269 1504 Unde
1285 1477 1367 1504 etiam
1391 1477 1460 1504 dixit
1481 1487 1487 1503 :
1506 1488 1515 1502 ‹
1534 1477 1614 1505 Venit
1634 1478 1761 1512 princeps

981 1523 1062 1558 hujus
1077 1523 1183 1554 mundi,
1196 1523 1259 1550 etin
1273 1531 1315 1549 me
1327 1530 1382 1549 non
1393 1523 1515 1550 inveniet
1534 1523 1684 1558 quidquam
1697 1524 1727 1551 ".
1749 1534 1758 1550 ι

980 1569 1036 1596 lmo
1047 1573 1074 1595 et
1085 1569 1157 1603 apud
1171 1568 1280 1596 Juda‘os
1292 1576 1341 1602 per
1357 1569 1384 1595 id
1401 1568 1474 1603 quod
1492 1569 1518 1595 in
1536 1569 1694 1596 universum
1707 1577 1761 1596 ma-

979 1615 1039 1642 cula
1058 1618 1173 1644 careret.
1188 1614 1308 1641 divinam
1321 1621 1398 1641 suam
1412 1619 1537 1641 naturam
1557 1615 1699 1642 manifeste
1713 1615 1761 1642 de-

980 1660 1151 1691 monstravit,
1167 1660 1280 1687 dicens:
1298 1670 1306 1684 ‹
1321 1659 1386 1692 Quis
1402 1668 1434 1686 ex
1449 1660 1527 1687 vobis
1555 1661 1643 1695 arguit
1661 1668 1705 1688 me
1728 1660 1762 1688 de

979 1705 1109 1739 peccato?
1122 1704 1149 1731 Si
1162 1705 1305 1731 veritatem
1319 1704 1380 1731 dico
1393 1705 1481 1736 vobis.
1496 1713 1581 1739 quare
1605 1713 1660 1732 non
1672 1706 1761 1733 credi-

980 1751 1015 1777 tis
1028 1750 1094 1776 mihi
1112 1750 1151 1776 ‘5?
1166 1759 1174 1775 ι
1193 1750 1297 1777 Idcirco
1308 1754 1431 1777 sanctum
1447 1750 1610 1777 sacriﬁcium
1630 1751 1762 1778 immacu-

980 1797 1063 1823 latum
1076 1801 1127 1823 est.
1142 1795 1175 1822 Et
1188 1796 1359 1822 mactabatur
1369 1795 1480 1829 quidem
1497 1803 1588 1822 coram
1600 1796 1716 1823 Domino
1729 1796 1763 1824 ad

982 1842 1081 1869 ostium
1103 1841 1282 1872 tabernaculi,
1301 1841 1436 1875 impositis
1457 1841 1508 1875 ipsi
1537 1841 1666 1869 manibus
1692 1842 1763 1869 illius

981 1887 1158 1924 quiadduxit.
1173 1887 1277 1914 Deinde
1289 1887 1420 1921 sanguine
1435 1886 1496 1914 fuso
1510 1887 1542 1913 ad
1554 1887 1640 1914 basim
1656 1888 1763 1919 altaris.

981 1933 1165 1962 comburenda
1178 1933 1216 1960 ait
1225 1932 1253 1959 in
1264 1932 1454 1959 holocaustum
1463 1932 1601 1958 intestina.
1616 1932 1682 1958 Nam
1690 1940 1763 1960 mors

982 1980 1061 2011 Filio,
1074 1978 1120 2013 qui
1133 1985 1182 2012 pro
1194 1977 1289 2004 mundi
1308 1977 1363 2003 vita
1378 1984 1454 2003 suam
1468 1976 1553 2011 ipsius
1564 1977 1647 2003 vitam
1661 1977 1762 2011 posuit,

982 2025 1058 2061 quasi
1067 2025 1093 2052 in
1109 2023 1195 2051 oculis
1208 2023 1291 2050 Deiet
1301 2022 1390 2050 Patris
1402 2023 1476 2049 illata
1487 2026 1538 2049 est.
1552 2022 1633 2057 Atqui
1649 2023 1671 2050 si
1683 2031 1762 2050 verax

981 2075 1024 2099 est
1035 2071 1082 2106 qui
1096 2070 1181 2097 dicit:
1198 2078 1207 2094 ε
1225 2069 1346 2096 Pretiosa
1360 2069 1387 2095 in
1402 2072 1551 2102 conspectu
1566 2068 1673 2095 Domini
1689 2076 1763 2096 mors

983 2121 1139 2145 sanctorum
1150 2117 1209 2149 ejus
1223 2115 1255 2146 ⁸⁸,
1273 2124 1282 2139 ι
1302 2122 1355 2149 quo
1368 2117 1446 2148 pacto
1461 2121 1515 2140 non
1536 2114 1649 2148 proprio
1662 2114 1763 2141 intuitu

983 2162 1140 2198 dignabitur
1150 2161 1210 2188 Filii
1225 2163 1340 2187 mortem
1358 2159 1456 2186 Pater?
1466 2158 1495 2185 in
1507 2158 1598 2193 pretio
1609 2158 1682 2185 enim
1703 2166 1762 2185 om-

148 2215 233 2248 ἀξιοῖ·
259 2215 458 2250 ἀποστρέφεται
474 2215 501 2241 δὲ
516 2214 596 2241 πάλιν
614 2213 645 2240 τὸ
665 2212 790 2248 βδελυρὸν
813 2212 860 2238 καὶ
879 2212 928 2238 ἀπ-

983 2209 1048 2236 nino
1063 2215 1122 2235 eam
1140 2207 1223 2234 habet
1236 2206 1308 2233 Deus
1319 2212 1350 2232 ac
1360 2205 1451 2235 Pater,
1462 2207 1490 2231 et
1502 2208 1612 2238 aspectu
1625 2203 1763 2238 dignatur,

149 2261 311 2298 ηχθημένον.
325 2257 429 2288 Οὐκοῦν
452 2261 493 2286 ὅτι
513 2260 549 2295 μὴ
563 2259 662 2293 ἀκλεὴς
676 2260 689 2285 6
707 2258 829 2289 θάνατος,
846 2265 934 2292 παρα-

150 2306 258 2338 δείξειεν
273 2305 306 2332 ἂν
318 2305 396 2336 εὐθὺς
409 2325 417 2336 ,
430 2304 460 2330 τὸ
479 2305 526 2330 καὶ
542 2304 622 2330 αὑτὸν
635 2303 772 2338 αὐτόπτην
785 2303 875 2337 λαχεῖν
889 2301 934 2328 τὸν

151 2352 269 2386 Πατέρα.
281 2351 351 2386 Παρ¹
366 2350 460 2380 αὑταῖς
473 2349 502 2375 δὲ
514 2350 573 2381 ταῖς
587 2350 670 2383 ἱεραῖς
683 2348 813 2382 ἐσφάζετο
828 2347 932 2382 θύραις.

156 2396 287 2423 Ἀπέθανε
312 2397 366 2431 γὰρ
396 2396 410 2422 6
441 2394 629 2430 Ἑμμανουὴλ,
660 2393 813 2429 ἀνευρύνων
841 2392 934 2427 ὥσπερ

152 2443 217 2478 ἡμῖν
235 2441 283 2478 τὴν
293 2442 332 2473 εις
345 2442 380 2468 τὰ
392 2441 475 2475 ’Ἅγια
483 2441 536 2468 τῶν
551 2441 635 2474 ἀγίων
655 2439 808 2475 εἰσδρομὴν,
820 2439 867 2465 καὶ
883 2439 934 2473 τῆς

151 2488 206 2514 ἀνω
220 2488 267 2514 καὶ
280 2488 308 2515 ὲν
329 2487 452 2522 οὐρανοῖς
473 2486 636 2521 Ἐκκλησίας
648 2485 772 2520 ἀνοιγνὺς
785 2485 834 2516 τὰς
850 2484 934 2520 θύρας

150 2535 206 2564 τοῖς
232 2534 270 2565 εἰς
294 2533 375 2560 αὐτὸν
392 2532 574 2558 πιστεύουσιν.
600 2531 783 2566 Κερόαἰνομεν
799 2530 887 2557 τοίνυν
907 2530 934 2556 ὲν

151 2579 259 2614 θανάτῳ
275 2579 321 2605 τοῦ
337 2577 456 2614 Χριστοῦ
471 2578 503 2604 τὸ
523 2578 568 2604 καὶ
584 2578 623 2608 εἰς
639 2576 721 2612 αὐτὴν
737 2576 831 2603 ὲλάσαι
844 2575 935 2602 λοιπὸν

151 2625 200 2660 τὴν
220 2624 304 2658 ἁγίων
321 2624 433 2660 σκηνὴν,
445 2625 478 2659 ἦν
498 2623 596 2658 ἔπηξεν
611 2624 625 2649 6
640 2623 750 2657 Κύριος.
766 2622 813 2649 καὶ
827 2622 877 2648 οὐκ
891 2621 938 2647 ἄν-

152 2669 270 2704 θρωπος,
287 2669 337 2705 τὴν
355 2669 515 2704 ἐπουράνιον
535 2667 720 2702 Ἰερουσαλὴμ,
733 2667 782 2702 τὴν
802 2666 857 2693 ἄνω
872 2665 936 2692 χαλ-

151 2713 266 2747 λιπολιν,
288 2714 338 2750 τὴν
359 2714 413 2740 τῶν
430 2713 515 2747 ἁγίων
538 2712 652 2748 μητέρα,
675 2712 723 2738 καὶ
739 2711 862 2745 ἀγγέλων
876 2719 936 2745 τρο-

154 2759 213 2793 φόν.
228 2759 290 2786 ’Ότι
301 2759 329 2786 δὲ
341 2759 417 2792 ἅγιος
430 2758 505 2785 ἔσται
521 2757 568 2784 καὶ
578 2757 648 2792 ἱερὸς
660 2758 673 2783 6
684 2756 801 2792 Χριστοῦ
813 2756 935 2788 θάνατος,

189 2851 309 2880 "Levit.
326 2851 427 2883 "1.1—5
477 2850 586 2877 l‘Joan.
605 2858 659 2878 xw.
690 2849 733 2876 50.
773 2849 794 2866 ⁸⁵
818 2849 896 2877 Joan.
918 2855 976 2879 vm.
996 2846 1039 2875 46.

981 2255 1107 2282 sicutcon
1112 2257 1153 2279 tra
1160 2251 1327 2279 exsecrabile
1338 2258 1369 2278 ac
1381 2250 1512 2284 rejectum
1519 2248 1601 2284 35.8
1610 2254 1763 2276 aversatur.

967 2299 1058 2332 .Quod
1071 2299 1153 2333 igitur
1165 2298 1224 2332 ejus
1234 2295 1402 2331 morsgloria
1419 2302 1472 2322 non
1487 2298 1587 2327 careat,
1606 2295 1633 2322 id
1659 2295 1708 2322 tibi
1723 2295 1763 2323 fa-

982 2345 1034 2372 cile
1051 2341 1292 2373 demonstraverit,
1314 2340 1387 2376 quod
1403 2340 1511 2367 Patrem
1523 2340 1612 2374 ipsum
1625 2340 1765 2374 inspecto-

983 2398 1038 2418 rem
1051 2389 1190 2417 habuerit.
1208 2387 1376 2415 Mactabatur
1392 2390 1482 2413 autem
1495 2385 1528 2412 ad
1544 2392 1634 2412 sacras
1662 2389 1766 2420 portas.

982 2435 1143 2464 Emmanuel
1157 2434 1230 2462 enim
1245 2441 1294 2461 sua
1312 2437 1400 2460 morte
1411 2431 1491 2459 nobis
1507 2430 1709 2466 quodammodo
1723 2431 1765 2459 la-

982 2482 1057 2509 xavit
1081 2481 1234 2516 ingressum
1261 2479 1289 2506 in
1308 2478 1406 2505 Sancta
1428 2481 1596 2510 sanctorum,
1617 2480 1767 2512 portasque

983 2534 1107 2562 superare
1134 2533 1164 2552 ac
1183 2524 1303 2552 caelestis
1327 2522 1457 2550 Ecclesiae
1478 2522 1586 2557 aperuit
1609 2521 1643 2549 iis
1665 2521 1712 2557 qui
1739 2522 1766 2549 in

984 2572 1073 2607 ipsum
1090 2570 1215 2598 credunt.
1239 2568 1390 2595 Lucramur
1405 2567 1497 2601 itaque
1514 2567 1542 2594 in
1558 2571 1647 2593 morte
1662 2565 1766 2593 Christi

985 2617 1136 2652 ingressum
1166 2615 1194 2642 in
1206 2614 1298 2648 ipsum
1314 2615 1436 2640 sanctum
1455 2611 1673 2644 tabernaculum,
1693 2610 1767 2646 quod

984 2660 1119 2689 exstruxit
1132 2658 1272 2689 Dominus,
1284 2662 1312 2684 et
1325 2663 1379 2683 non
1392 2655 1483 2687 homo,
1507 2654 1645 2682 caelestem
1657 2654 1765 2682 Jerusa-

984 2708 1049 2739 lem,
1072 2710 1100 2734 et
1122 2711 1268 2740 supernam
1294 2703 1367 2730 illam
1381 2700 1593 2729 ammnissimam
1617 2700 1768 2730 civitatem,

985 2761 1046 2788 qum
1062 2755 1104 2779 est
1125 2755 1281 2778 sanctorum
1307 2752 1405 2780 mater,
1427 2750 1455 2774 et
1476 2746 1635 2782 angelorum
1656 2743 1767 2772 nutrix.

1080 2845 1100 2860 "
1115 2843 1185 2872 Psal.
1204 2850 1263 2876 cxv,
1280 2841 1322 2870 15.
