1997 3059
221 107 272 134 54⁸1

721 102 749 129 S.
769 101 906 129 CYBILLI
926 99 1159 127 ALEXANDBINI
1178 99 1336 128 ARCHIEP.

1800 101 1851 128 548

221 164 307 191 Porro
318 163 391 198 quod
400 163 502 191 Christi
514 170 589 191 mors
601 162 636 190 sit
649 165 742 188 saneta
755 168 787 188 ac
799 159 930 195 pretiosa,
943 158 1007 186 sub-

1063 158 1249 194 ὑπεμφήνειεν
1265 159 1298 187 ἆν
1320 150 1360 190 τὸ,
1372 157 1483 195 Mum}
1501 160 1598 195 χρῆναι
1617 160 1793 195 προσχεῖσθαι
1807 162 1852 188 λέ-
1901 171 1904 175 ’

222 209 386 236 indicaverit
408 209 481 244 quod
507 209 574 236 dicit
594 218 603 234 ‹
621 207 782 242 sanguinem
796 205 829 232 ad
848 205 933 232 altare
946 204 1009 231 fun-

174 252 180 273 ἶ
194 251 198 254 ’
221 254 351 282 dendum.
369 255 476 282 tPotest
485 261 574 282 tamen
582 255 663 281 etiam
678 253 752 280 aliud
765 252 831 287 quid
843 250 1008 286 signiﬁcare,

221 309 330 336 nempe,
343 301 416 336 quod
424 302 545 336 posuerit
558 301 676 328 animam
689 306 766 326 suam
781 306 830 332 pro
842 298 965 324 Ecclesia
977 298 1007 324 ¹⁷.

221 346 288 374 Nam
304 357 312 372 ι
335 348 420 375 altare
437 357 446 372 ι
462 347 528 374 illud
543 350 584 373 est
594 345 722 372 Ecclesia:
738 349 828 379 typus,
852 344 923 370 sicut
945 351 1010 370 san-

221 393 281 429 guis
300 393 405 420 animae.
425 392 601 420 Consecratio
616 395 707 418 autem
722 390 926 420 intestinorum.
950 389 1010 423 pin-

220 439 348 475 guedinis
370 440 499 474 inquam,
526 437 628 473 jecoris
658 441 686 463 et
710 444 818 468 renum,
853 435 1010 463 subindicat

221 492 330 511 rursum
342 483 415 518 quod
425 483 516 509 omnia
528 483 554 509 in
565 482 674 509 Christo
690 481 744 508 sint
760 485 863 511 sancta,
876 481 1006 515 pretiosa,

220 529 377 565 fragrantia.
392 529 420 556 ln
433 529 531 563 hepate
546 529 619 556 enim
634 527 817 563 cupiditatum
837 527 969 562 cuiusque
981 531 1008 553 et

220 575 391 610 appetituum
402 574 495 601 sedem
511 577 645 605 statuunt,
654 573 701 608 qui
712 573 808 600 harum
823 580 915 599 rerum
925 572 1007 607 periti

220 623 293 648 sunt.
308 620 396 647 Renes
408 627 472 646 vero
489 619 635 646 discretiva
649 619 778 646 facultate
798 618 905 653 prtediti
932 622 1006 645 sunt.

220 666 353 700 Separant
366 665 438 692 enim
448 665 475 692 id
489 665 562 700 quod
580 665 644 691 utile
658 672 690 692 ac
705 665 824 691 salutare
836 668 888 695 est,
913 663 948 690 ab
968 664 1009 690 in-

221 713 280 739 utili
294 717 322 740 et
345 711 494 747 superﬂuo.
522 712 606 746 Atqui
624 711 677 738 hoc
700 711 818 738 ofﬁcium
844 713 956 745 praestat
980 710 1008 737 in

219 758 300 786 nobis
316 765 402 785 mens.
426 758 488 785 Haec
500 758 585 788 enim,
600 757 682 784 modo
694 761 768 784 recte
789 757 937 784 constituta
961 757 1006 789 sit,

221 804 310 839 rcjicit
326 804 352 830 id
369 804 442 839 quod
460 811 560 831 nocere
583 804 669 836 solet;
689 804 807 831 admittit
832 807 922 830 autem
943 811 1006 838 per—

1062 212 1121 238 γειν
1137 204 1174 240 τῷ
1188 205 1374 240 θυσιαστηρίῳ
1387 205 1418 231 τὸ
1432 202 1513 240 αἷμα.
1533 215 1542 231 ι
1560 205 1771 241 Κατααημήνειε
1784 206 1806 233 δ’
1820 207 1855 234 ἂν

1062 251 1108 276 καὶ
1124 251 1236 285 ἑτέρως,
1250 251 1293 276 ὅτι
1307 249 1413 276 τέθεικε
1431 249 1479 285 τὴν
1496 250 1590 277 ἑαυτοῦ
1606 250 1694 286 ψυχὴν
1713 251 1783 286 ὑπὲρ
1802 253 1853 288 τῆς

1067 295 1239 331 Ἐκκλησίας.
1253 296 1344 327 Τύπος
1360 296 1409 331 μὲν
1423 296 1481 331 γὰρ
1495 296 1544 330 τῆς
1563 297 1725 331 Ἐκκλησῖας
1752 298 1782 324 τδ
1807 297 1852 325 θυ-

1062 341 1229 376 σιαστήριον,
1253 340 1342 375 ψυχῆς
1354 341 1382 366 δὲ
1400 340 1430 366 τὸ
1454 339 1533 376 αἷμα.
1556 340 1588 367 Ἦ
1600 342 1628 368 δὲ
1641 342 1695 368 τῶν
1710 342 1853 370 ὲνδοςθὶων

1059 387 1197 419 ἀνάθεσις,
1209 387 1268 422 ἦτοι
1284 387 1456 422 καθιέρωσις,
1475 387 1592 422 ἐτιμελῆς
1605 388 1643 421 δὲ,
1657 389 1738 422 λέγω,
1749 389 1853 425 ἥπατός

1059 441 1089 460 τε
1111 433 1159 460 καὶ
1180 433 1297 468 νεφρῶν,
1321 433 1449 469 ὑποδηλοί
1462 433 1554 465 πάλιν,
1580 434 1620 460 ὅτι
1641 435 1688 461 καὶ
1711 435 1787 469 ἅγια,
1804 436 1853 462 καὶ

1060 480 1131 515 ἱερὰ,
1146 480 1192 506 καὶ
1208 479 1295 514 εὐώδη
1313 481 1402 507 πάντα
1413 480 1446 507 τὰ
1462 480 1490 506 ὲν
1504 481 1624 516 Χριστῷ.
1650 481 1693 507 Ἐν
1703 482 1788 516 ἥπατι
1803 482 1853 517 μὲν

1060 526 1123 561 γὰρ,
1136 525 1186 558 τὰς
1209 526 1250 560 ἐφ’
1270 526 1359 553 ὁτιοῦν
1375 526 1523 561 ἐπιθυμίας
1538 527 1596 562 ἦτοι
1614 527 1715 562 ὀρέξεις
1730 528 1853 562 γίνεσθαί

1062 580 1144 606 φασιν
1160 572 1184 598 οἰ
1205 572 1291 599 ταῦτα
1317 572 1404 607 σοφοί.
1428 573 1534 608 Νεφρὸς
1556 573 1584 599 δὲ
1601 573 1632 608 δὴ
1649 574 1739 605 πάλιν,
1759 574 1852 609 μόριόν

1059 619 1133 644 ἐστιν
1156 619 1184 644 ὲν
1214 618 1331 652 σώματι,
1356 619 1527 654 διακριτικὴν
1545 619 1604 654 ἔχον
1625 619 1675 654 τὴν
1701 620 1851 656 ἐνέργειαν.

1065 665 1221 700 Ἀποκρίνει
1241 666 1294 701 γὰρ
1312 665 1359 692 τοῦ
1372 666 1507 701 χρησίμου
1522 665 1551 692 τδ
1567 666 1702 702 περιττόν.
1719 666 1852 694 ,Τοιοῦτον

1059 711 1086 737 δέ
1097 720 1122 738 τι
1132 711 1178 738 καὶ
1189 711 1217 738 ὲν
1229 713 1293 747 ἡμῖν
1306 712 1397 744 αὐτοῖς
1419 713 1433 739 6
1444 712 1506 744 νοῦς
1520 712 1677 747 ἐργάζεται.
1691 714 1852 749 Κιϐδηλεύει

1061 756 1109 790 μὲν
1123 757 1189 791 γὶιρ,
1204 758 1283 792 εἴπερ
1299 757 1357 783 ἐστὶ
1371 757 1461 792 σοφὸς,
1473 757 1502 784 τὺ
1513 759 1615 785 ἀδικεῖν
1627 760 1758 794 πεφυκός·
1767 768 1851 795 προσ-

1060 801 1129 828 ίεται
1142 802 1169 827 δὲ
1182 802 1226 828 καὶ
1236 801 1296 828 λίαν
1311 802 1436 836 ἀσμένως
1454 802 1484 828 τὸ
1501 802 1594 829 τελοῦν
1606 804 1646 834 εἰς
1660 803 1762 838 ὄνησιν.
1777 802 1851 830 Ψάλ-

220 847 336 875 libenter
352 848 379 876 id
393 849 465 883 quod
488 849 574 883 juvat.
590 847 666 876 Unde
678 853 706 875 et
719 848 820 885 beatus
841 848 926 874 David
947 852 1006 875 tan-

1059 848 1097 874 λει
1110 847 1138 874 δέ
1153 857 1204 875 που
1225 849 1273 875 καὶ
1291 849 1304 874 ὁ
1322 848 1456 884 μακάριος
1477 849 1570 880 Δαὸὶδ,
1590 849 1627 881 ὡς
1648 850 1680 876 ὲκ
1704 850 1851 885 προσώπου

219 902 299 929 quam
325 894 352 921 in
364 902 481 929 persona
496 894 597 921 Christi
620 894 685 920 alibi
708 893 798 928 psallit
818 900 823 919 :
848 902 856 918 ι
880 893 1006 924 Domine,

219 945 281 968 ante
303 945 328 968 te
348 949 428 968 omne
444 941 611 968 desiderium
628 948 719 967 meum
738 940 770 966 “‘.
794 949 802 965 I
824 939 891 966 Item
905 959 912 971 ,
931 948 940 964 ι
965 939 1008 965 Tu

220 986 365 1021 possedisti
380 994 460 1013 rencs
484 994 560 1013 meos
577 987 607 1013 ιθ.
644 995 652 1011 ι
673 985 751 1018 Quod
765 993 830 1013 vero
846 985 1007 1012 Emmanuel

204 1032 312 1066 ‘divina
335 1032 436 1060 virtute
456 1032 574 1060 refertus
599 1033 645 1064 sit,
664 1031 895 1059 dcmonstraverit
913 1038 1008 1058 rursus

219 1078 302 1104 veluti
321 1077 349 1104 in
361 1081 424 1113 typo
436 1078 493 1112 ipsa
507 1076 903 1112 pinguedo.Quemadmodum
932 1076 1007 1103 enim

220 1122 356 1157 pinguedo
385 1123 508 1149 nascitur
532 1123 559 1149 in
583 1121 746 1149 animalibus
761 1121 832 1149 bene
861 1121 963 1148 habitis
976 1129 1008 1149 ac

219 1168 305 1203 pastis
318 1178 324 1194 :
339 1169 385 1200 ita,
396 1168 527 1200 arbitror,
541 1169 622 1195 etiam
635 1168 722 1195 virtus
738 1172 780 1195 est
797 1168 824 1194 in
841 1172 932 1194 mente
947 1175 1007 1202 quae

218 1214 323 1241 cmlesti
337 1214 468 1241 alimento
481 1213 612 1241 abundat.
631 1213 758 1241 Christus
779 1214 871 1248 itaque
895 1217 1006 1240 sanctus

218 1263 246 1286 et
258 1260 450 1287 immaculatus
460 1263 512 1292 est,
528 1264 556 1287 et
571 1260 672 1287 virtute
684 1260 849 1290 cumulatus,
859 1259 1005 1294 pretiosus,

219 1305 344 1341 fragrans
361 1306 548 1333 holocaustum
563 1306 744 1341 intelligibile,
758 1314 789 1333 ac
799 1306 882 1332 veluti
896 1305 1006 1332 inomni

218 1351 309 1386 specie
321 1351 454 1383 oblatum,
475 1352 503 1378 in
514 1352 600 1378 vitulo
618 1352 740 1386 inquam,
769 1355 797 1378 et
819 1351 904 1378 ariete
924 1355 1006 1385 atque

219 1397 305 1423 hirco.
319 1395 412 1423 llostia
424 1397 496 1423 enim
515 1397 643 1423 salutaris
667 1404 718 1431 pro
733 1396 814 1423 nobis
839 1396 927 1424 factus
952 1400 1004 1427 est,

219 1441 348 1476 deditque
363 1441 540 1476 semetipsum
562 1440 779 1475 redemptionem
793 1448 864 1467 unus
883 1447 933 1474 pro
949 1447 1007 1466 om-

219 1487 311 1518 nibus,
329 1494 379 1522 per
406 1494 487 1521 quem
510 1490 539 1513 et
565 1494 628 1513 eum
653 1494 708 1521 quo
730 1486 765 1513 sit
791 1486 847 1513 Deo
868 1493 900 1512 ac
931 1484 1005 1513 Patri

219 1532 302 1568 gloria
325 1539 389 1559 eum
402 1536 497 1559 sancto
526 1531 631 1566 Spiritu
659 1531 687 1558 in
705 1531 803 1558 stecula
831 1530 1003 1558 saeculorum.

220 1578 314 1605 dmen.

219 1633 298 1668 349
316 1631 392 1665 Quod
403 1641 449 1659 nos
466 1633 580 1667 mysticae
592 1633 774 1659 benedictionis
785 1632 847 1667 facti
856 1633 1005 1668 participes,

252 1669 359 1695 omnino
373 1676 404 1694 ac
419 1669 522 1703 penitus
537 1668 622 1694 sancti
639 1668 770 1703 divinique
784 1668 865 1694 simus
878 1668 970 1702 futuri.

255 1761 344 1788 Divini
364 1760 503 1795 discipuli,
524 1759 767 1787 Salvatorisnostri
790 1760 927 1795 mysteriis
939 1760 1007 1786 insi-

219 1815 284 1843 gnes
311 1807 408 1839 habiti,
433 1814 524 1841 neque
549 1806 602 1833 sibi
618 1811 771 1840 rapuerunt
792 1801 936 1838 honorem,
957 1813 1007 1833 ne-

219 1861 272 1888 que
287 1853 391 1887 absque
412 1853 556 1879 vocatione
579 1859 639 1879 sese
659 1852 842 1887 ingesserunt,
857 1853 903 1879 sed
916 1852 1008 1887 potius

219 1899 318 1927 delecti
341 1903 405 1926 sunt
423 1898 457 1925 ad
473 1905 574 1924 munus
587 1897 778 1932 apostolicum,
793 1901 820 1924 et
835 1897 964 1929 ordinati,
978 1901 1009 1924 ut

220 1945 268 1972 toti
289 1944 348 1972 orbi
365 1951 441 1970 sacra
460 1942 693 1973 administrarent,
715 1949 763 1976 per
776 1942 922 1969 salutarem
939 1950 1009 1977 pra:-

219 1990 395 2021 dicationem,
418 1989 470 2015 hoc
493 1993 545 2019 est,
568 1987 670 2015 Christi
683 1988 870 2023 Evangelium.
884 1988 1008 2015 lllustres

219 2036 292 2063 enim
304 2040 332 2063 et
345 2035 491 2070 praeclaros
509 2033 654 2061 constituit
667 2041 715 2061 eos
727 2034 872 2069 magistros
888 2035 944 2066 ille,
960 2034 1007 2069 qui

220 2080 286 2116 ipsis
310 2080 400 2107 dixit:
425 2089 434 2105 ί
451 2079 555 2106 Euntes
576 2079 673 2106 docete
701 2086 797 2105 omnes
817 2084 913 2114 gentes
941 2080 973 2106 ²⁰.
995 2089 1004 2106 ι

219 2125 428 2160 Promptissimo
449 2125 540 2159 itaque
561 2123 653 2150 animo
681 2123 842 2150 obedientes
859 2124 1009 2152 Dominicis

219 2172 374 2207 praeceptis,
389 2171 483 2198 orbem
496 2175 631 2197 terrarum
642 2170 814 2197 illustrarunt
826 2178 833 2203 ;
847 2171 1007 2205 magistrum

219 2219 330 2253 quidem
358 2217 431 2244 nacti
453 2217 539 2244 Deum
565 2224 597 2243 ae
621 2216 729 2243 Patrem
745 2216 895 2248 ccelestem,
915 2216 1008 2251 gratia:

219 2264 367 2299 participes
374 2264 443 2290 alios
456 2263 616 2289 etl‘ccerunt.
630 2262 719 2288 Probe
730 2261 804 2288 enim
814 2261 1006 2295 meminerunt,

183 2339 187 2342 ,
219 2314 250 2336 ut
273 2318 322 2344 par
345 2309 407 2341 fuit,
436 2308 508 2340 illius
534 2308 607 2342 quod
631 2307 757 2334 Christus
777 2307 843 2342 ipsis
867 2308 1007 2343 praecepit,

218 2355 339 2383 mandati
355 2365 362 2381 :
388 2365 396 2380 ι
411 2354 503 2382 Gratis
518 2354 671 2388 accepistis,
690 2353 774 2388 gratis
785 2353 847 2381 date
862 2354 894 2380 ¹¹.
911 2363 919 2379 ι
936 2353 1009 2381 Scri-

219 2401 260 2428 bit
283 2402 366 2436 igitur
389 2400 499 2427 divinus
523 2399 622 2426 Paulus
633 2399 682 2430 sic,
699 2399 894 2426 incarnationis
905 2398 1007 2426 Christi

219 2446 380 2482 mysterium
401 2445 560 2472 declarans:
581 2454 590 2470 ‹
605 2443 683 2476 Quod
705 2444 778 2471 enim
798 2449 858 2472 erat
881 2445 1007 2480 impossi-

219 2495 274 2522 bile
298 2493 367 2529 legis
388 2493 415 2519 in
440 2500 495 2527 quo
517 2491 709 2519 inﬁrmabatur
735 2499 785 2526 per
799 2499 920 2524 carnem,
935 2492 1008 2519 Deus

219 2541 303 2568 misso
313 2548 367 2567 suo
381 2539 450 2567 Filio
464 2539 490 2566 in
504 2538 712 2566 similitudinem
727 2539 820 2566 carnis
837 2539 954 2574 peccati,
974 2538 1008 2566 de

219 2591 329 2622 peccato
354 2585 546 2613 condemnavit
570 2589 713 2620 peccatum
737 2584 763 2611 in
789 2592 837 2611 sua
862 2592 955 2615 carne.
978 2588 1010 2611 ut

216 2632 376 2668 justiticatio
399 2631 466 2667 legis
483 2630 650 2666 impleretur
675 2630 702 2657 in
727 2630 816 2662 nobis,
833 2630 880 2665 qui
895 2638 951 2657 non
968 2637 1010 2657 se-

219 2676 339 2704 cundum
364 2683 474 2704 carnem
493 2675 676 2707 ambulamus,
699 2674 747 2702 sed
762 2674 914 2702 secundum
926 2675 1010 2710 spiri-

219 2725 287 2751 tum.
315 2723 413 2751 Factus
441 2722 515 2750 enim
539 2725 581 2749 est
604 2729 655 2756 pro
673 2712 753 2748 nobis
775 2725 919 2756 peccatum
931 2721 1010 2748 Chri-

1059 894 1105 921 τοῦ
1118 895 1237 930 Χριστοῦ
1248 903 1254 910 ·
1275 904 1284 921 ι
1310 895 1446 922 Ἐναντίον
1468 903 1513 922 σου
1528 897 1602 922 πᾶσα
1618 897 1633 931 ἡ
1648 896 1778 931 ἐπιθυμία
1799 896 1850 931 μού

1058 941 1126 968 ἔστι.
1149 950 1158 966 ι
1183 941 1238 967 Καὶ
1260 941 1309 968 πά)
1318 949 1358 968 ιν·
1378 951 1387 968 ι
1408 942 1469 969 Ὅτι
1490 943 1521 969 σὺ
1537 943 1644 977 ἐκτήσω
1654 941 1767 976 νεφρούς
1782 950 1850 976 μου,

1058 986 1155 1022 Κύριε.
1176 997 1185 1012 ι
1201 987 1263 1013 Ὅτι
1277 987 1305 1014 δὲ
1321 987 1369 1014 καὶ
1390 988 1491 1023 ἀρετῆς
1508 988 1659 1023 ἀνάμεστος
1673 988 1723 1023 τῆς
1738 987 1851 1023 θεοπρε-

1058 1033 1125 1064 ποῦς
1147 1034 1160 1059 ὁ
1185 1032 1370 1068 Ἐμμανουὴλ,
1391 1034 1578 1069 παραδείξειεν
1606 1034 1639 1060 ἃν
1661 1033 1699 1065 ὡς
1719 1033 1747 1060 ὲν
1772 1033 1851 1069 τύπῳ

1059 1080 1138 1107 πάλιν
1153 1081 1169 1115 ἡ
1185 1080 1311 1115 «πιμελή.
1320 1081 1440 1116 »Ὥσπερ
1454 1080 1509 1115 γὰρ
1519 1081 1547 1106 ὲν
1556 1081 1610 1110 τοῖς
1622 1081 1719 1114 ἄριστα
1732 1079 1847 1114 τεθραμ-

1060 1126 1150 1161 μένοις
1169 1126 1223 1152 τῶν
1237 1125 1313 1157 ζώων
1358 1126 1459 1161 πιμελὴ
1476 1126 1593 1159 γίνεται·
1608 1126 1676 1152 κατᾶ
1698 1124 1742 1152 τὸν
1757 1125 1847 1156 αὑτὸν,

1057 1169 1149 1205 οἶμαι,
1172 1171 1271 1206 τρόπον
1291 1171 1330 1202 εἰς
1350 1171 1412 1196 νοῦν
1433 1170 1516 1206 ἁρετὴ
1533 1171 1635 1206 τροφὴν
1649 1170 1743 1205 ἔχοντα
1757 1170 1805 1206 τὴν
1820 1170 1849 1202 ἐξ

1057 1215 1184 1251 οὐρανοῦ.
1200 1217 1294 1250 ’Ἄγιος
1304 1216 1335 1251 δὴ
1351 1214 1398 1243 οὖν
1415 1217 1462 1243 καὶ
1473 1216 1623 1251 ἀμώμητος
1636 1217 1650 1242 ὁ
1661 1216 1787 1251 Χριστὸς,
1803 1216 1850 1242 καὶ

1057 1263 1156 1298 ἀρετῆς
1185 1263 1325 1298 ἔμπλεως,
1354 1263 1426 1299 tego;
1453 1263 1499 1289 καὶ
1522 1263 1643 1296 εὐώδης,
1670 1262 1849 1297 ὁλοκαύτωμα

1057 1309 1160 1343 νοητὸν,
1171 1309 1217 1335 καὶ
1228 1308 1264 1340 ὼς
1281 1309 1308 1334 ὲν
1317 1308 1381 1334 εἴδει
1394 1308 1475 1334 παντὶ
1486 1308 1744 1343 προσενηνεγμένον,
1757 1307 1850 1344 μόσχῳ

1056 1362 1096 1385 τε,
1113 1354 1194 1389 φημὶ,
1209 1354 1255 1380 καὶ
1271 1354 1358 1389 κριῷ,
1376 1355 1421 1380 καὶ
1433 1354 1500 1388 αἰγὶ.
1516 1353 1653 1387 Σωτήριος
1672 1352 1725 1388 γὰρ
1739 1352 1850 1386 γέγονεν

1058 1400 1126 1434 ὑπὲρ
1139 1400 1216 1435 ἡμῶν
1230 1399 1308 1426 θυσία
1321 1408 1360 1430 τε,
1373 1400 1420 1426 καὶ
1427 1399 1645 1426 agamnam»
1656 1399 1726 1433 ὑπὲρ
1740 1398 1849 1425 πάντων

1058 1441 1108 1477 εἷς,
1128 1446 1141 1471 ὁ
1155 1445 1265 1471 πάντων
1281 1444 1416 1476 ἀντάξιος.
1433 1444 1471 1470 Δι’
1486 1442 1516 1472 οὗ
1535 1445 1583 1471 καὶ
1604 1444 1664 1479 μεθ’
1679 1441 1709 1470 οὗ
1729 1444 1768 1478 τῷ
1787 1442 1848 1478 Θεῴ

1058 1490 1104 1516 καὶ
1125 1490 1210 1526 Πατρὶ
1221 1491 1236 1522 ἡ
1249 1490 1322 1523 δόξα,
1337 1490 1384 1516 σὺν
1402 1490 1471 1526 ἁγίῳ
1483 1490 1633 1526 Πνεύματι,
1649 1490 1686 1522 εἰς
1702 1491 1765 1521 τοὺς
1783 1489 1848 1516 altit-

1057 1543 1105 1567 νας
1124 1534 1178 1561 τῶν
1198 1534 1313 1562 αἰώνων.
1330 1535 1427 1570 Ἀμήν.

1057 1633 1121 1662 Ὀτι
1137 1634 1193 1669 τῆς
1206 1633 1357 1670 μυστικῆς
1374 1635 1514 1668 εὐλογίας
1537 1635 1570 1662 ἐν
1590 1635 1707 1669 μεθέξει
1728 1635 1847 1669 γεγονόα

1092 1678 1152 1704 τες,
1166 1671 1242 1706 ἅγιοι
1254 1670 1304 1697 καὶ
1318 1671 1389 1704 tepet
1400 1670 1497 1704 πάντη
1509 1670 1557 1698 καί
1573 1670 1692 1703 πάντως
1705 1671 1845 1705 ἐσόμεθα.

1091 1758 1195 1794 Ταμίαι
1215 1758 1343 1792 γεγόνασι
1362 1758 1416 1784 τῶν
1430 1757 1477 1785 τοῦ
1498 1758 1622 1793 Σωτῆρος
1641 1757 1719 1794 ἡμῶν
1740 1765 1844 1793 μυστη-

1058 1807 1124 1842 ρίων
1137 1807 1161 1832 οἱ
1179 1806 1317 1833 θεσπέσιοι
1342 1806 1470 1841 μαθηταὶ,
1496 1805 1543 1832 καὶ
1564 1805 1611 1840 οὐχ
1636 1805 1740 1836 ἑαυτοῖς
1757 1804 1845 1840 ἀρπά-

1058 1853 1150 1885 ζοντες
1166 1852 1215 1887 τὴν
1229 1852 1327 1887 τιμὴν,
1348 1850 1410 1878 οὕτε
1429 1851 1481 1887 μὴν
1504 1851 1664 1886 αὑτόκλητοι
1678 1851 1753 1886 παρὰ
1768 1849 1846 1877 τοῦτο

1060 1898 1153 1930 ἰόντες·
1165 1897 1419 1933 προκεχειρισμένοι
1429 1897 1456 1923 δὲ
1470 1897 1569 1932 μᾶλλον
1578 1898 1616 1928 εἰς
1625 1896 1786 1931 ἀποστολὴν,
1799 1896 1846 1922 καὶ

1057 1946 1112 1976 τοῖς
1137 1944 1188 1970 ἀνὰ
1202 1944 1297 1971 πᾶσαν
1311 1944 1361 1978 τὴν
1391 1943 1436 1969 ὑπ’
1457 1943 1569 1978 οὐρανὸν
1585 1943 1736 1978 ἰερουργεῖν
1759 1944 1848 1969 ἐπιτε-

1057 1990 1187 2025 ταγμένοι
1197 1990 1227 2016 τὺ
1239 1990 1375 2024 σωτήριον
1385 1990 1527 2025 κήρυγμα,
1539 1989 1672 2021 τουτέστι,
1683 1989 1713 2015 τὸ
1726 1988 1846 2023 Εὐαγγὲ-

1058 2036 1113 2063 λιον
1123 2038 1170 2065 τοῦ
1186 2035 1316 2071 Χριστοῦ.
1331 2035 1481 2071 Λαμπροὺς
1497 2035 1551 2071 γὰρ
1567 2035 1650 2061 ἐτίθει
1675 2035 1738 2066 τοὺς
1761 2043 1846 2069 μυστ-

1057 2081 1192 2114 αγωγοὺς,
1218 2079 1288 2106 οὕτω
1311 2079 1413 2114 λέγων·
1429 2089 1438 2105 ι
1454 2079 1644 2115 Πορευθέντες
1657 2078 1845 2114 μαθητεύσατε

1058 2127 1148 2154 πάντα
1166 2126 1199 2152 τὰ
1212 2126 1303 2161 ἔθνη.»
1314 2126 1440 2158 Εἵκοντες
1456 2126 1488 2161 δὴ
1509 2123 1566 2157 οὖν,
1585 2125 1633 2152 καὶ
1653 2125 1727 2160 μάλα
1743 2124 1844 2160 προθύ-

1024 2197 1045 2224 D
1061 2183 1128 2208 μως,
1142 2174 1197 2205 τοῖς
1205 2175 1378 2204 Δεσποτικοῖς
1394 2173 1573 2208 Θεσπίσμασι,
1583 2171 1782 2206 φωταγωγοῠσι
1798 2171 1846 2206 τὴν

1057 2220 1236 2254 οἰκουμένην·
1261 2219 1407 2254 παιδευτὴν
1434 2219 1482 2253 μὲν
1505 2219 1633 2254 λαχόντες
1656 2218 1734 2244 αὐτοὶ
1753 2218 1799 2243 τὸν
1818 2218 1846 2243 ἐν

1057 2266 1180 2300 οὐρανοῖς
1192 2265 1301 2300 Πατέρα
1314 2266 1361 2291 καὶ
1376 2265 1452 2296 Θεὸν,
1469 2265 1615 2296 κοινωνοὺς
1631 2264 1659 2291 δὲ
1674 2265 1724 2299 τῆς
1737 2264 1846 2299 χάριτος

1057 2311 1250 2343 ἀποτελοῦντες
1270 2311 1391 2346 ἑτέρους.
1410 2311 1594 2346 Διεμέμνηντο
1607 2310 1671 2346 γὰρ,
1685 2310 1755 2337 κατὰ
1767 2310 1796 2336 τὸ
1809 2309 1847 2335 εἰ·

1057 2357 1114 2389 κὸς,
1132 2357 1171 2388 εἰς
1188 2356 1266 2383 τοῦτο
1278 2355 1391 2391 γνώμης
1405 2357 1503 2388 αὐτοὺς
1519 2355 1703 2391 ἁποφέροντος
1721 2355 1768 2382 τοῦ
1780 2356 1845 2390 Χρι-

1059 2401 1133 2434 στοῦ,
1160 2401 1284 2435 λέγοντος
1309 2402 1421 2435 σαφῶς·
1447 2401 1577 2437 «Δωρεὰν
1599 2401 1720 2434 ἐλάϐετε,
1743 2399 1847 2435 δωρεὰν

1059 2447 1129 2474 δότε,
1145 2456 1154 2473 ι
1179 2447 1283 2481 Γράφει
1308 2447 1398 2473 τοίνυν
1420 2447 1433 2473 ό
1457 2447 1604 2478 θεσπέσιος
1629 2445 1808 2479 Παῦλος,καὶ
1819 2445 1848 2471 τὶ

1061 2492 1128 2528 βαθὺ
1148 2492 1196 2527 τῆς
1213 2492 1281 2528 μετὰ
1300 2493 1400 2528 σαρκὸς
1414 2492 1567 2527 οἰκονομίας
1588 2491 1725 2526 διατρανοϊ
1739 2490 1847 2526 μυστήο

1059 2546 1125 2574 ριον,
1139 2537 1187 2563 ὡδί
1208 2546 1259 2564 που
1277 2537 1363 2571 λέγων
1374 2545 1381 2552 θ
1398 2547 1407 2562 ι
1418 2537 1455 2564 Τὸ
1471 2537 1526 2574 γὰρ
1542 2536 1672 2563 ἀδύνατον
1694 2534 1741 2562 τοῦ
1765 2536 1847 2569 νόμου

1058 2585 1088 2610 ὲν
1108 2580 1131 2618 ᾧ
1153 2583 1262 2618 ἠσθένει
1285 2583 1330 2610 διὰ
1351 2583 1401 2618 τῆς
1425 2582 1537 2618 σαρκὸς,
1560 2583 1575 2609 ὁ
1597 2581 1663 2613 Θεὸς
1685 2581 1730 2608 τδν
1751 2578 1848 2607 ἑαυτοῦ

1059 2631 1123 2658 Υίδν
1146 2631 1259 2666 πέμψας
1281 2631 1310 2656 ὲν
1332 2629 1471 2665 ὁμοιότητι
1497 2628 1598 2665 σαρκὸς
1621 2627 1769 2663 ἁμαρτίας,
1787 2625 1846 2660 περὶ

1061 2672 1198 2711 ἁμαρτίας
1214 2675 1359 2709 κατέκρινε
1375 2674 1425 2710 τὴν
1441 2675 1579 2710 ἁμαρτίαν
1591 2674 1620 2700 ἐν
1637 2675 1669 2708 τῇ
1691 2671 1790 2708 σαρκι-
1807 2671 1852 2696 ἱνα

1059 2721 1090 2747 τὸ
1108 2721 1247 2756 δικαίωμα
1267 2721 1315 2747 τοῦ
1339 2721 1423 2756 νόμου
1441 2719 1573 2755 πληρωθῇ
1600 2719 1629 2745 ὲν
1653 2719 1730 2753 ἡμῖν,
1743 2719 1797 2748 τοῖς
1814 2717 1852 2751 μὴ

258 2824 476 2862 ῗἘριιεε.ν,25.
510 2824 531 2840 ⁸³
545 2822 778 2855 Psal.xxxvn,‘lo.
809 2822 1097 2856 "Psal.cxxu1n,13.
1137 2824 1159 2839 "
1176 2823 1269 2851 Matth.
1296 2831 1392 2856 ιιι-ιιι,
1409 2822 1452 2850 19.
1493 2822 1512 2838 ²¹
1533 2819 1627 2849 Matth.
1655 2829 1688 2852 x,
1706 2821 1733 2849 8.
