1997 3059
134 128 185 155 δίο

135 230 189 264 γὰρ
198 229 268 264 ὑπὲρ
278 227 355 264 ἡμῶν
367 228 489 264 ἁμαρτία
500 229 625 263 Χριστὸς,
637 238 646 253 ι
660 228 752 260 καθὼς
765 228 928 263 γέγραπται,

136 277 182 302 καὶ
198 276 227 302 οὐ
241 275 326 310 δήπου
352 275 461 306 πάντως
483 274 621 310 ἁμαρτίας
643 274 743 310 ἔνοχος.
761 275 798 301 Οὑ
811 275 864 310 γὰρ
879 272 930 301 ὦδε

136 323 228 358 ληρεῖν
244 321 397 357 εἰθίσμεθα,
416 322 476 347 ἐπεὶ
500 322 536 356 μὴ
555 319 626 347 εἶδεν
655 321 723 353 ὅλως
751 321 781 347 τὸ
803 321 930 356 πλημμε-

135 367 201 400 λεῖν,
226 367 291 399 Θεὸς
307 368 345 394 ὢν
364 367 455 402 φύσει,
468 368 516 394 καὶ
533 368 565 393 ἐκ
584 367 652 394 Θεοῦ
669 366 798 402 πεφηνὼς
808 368 854 393 τοῦ
873 367 929 394 Πα-

135 414 210 449 τρὺς,
226 413 319 448 ἐπειδὴ
343 413 371 440 δὲ
394 413 491 447 γέγονε
522 413 597 448 Οὗμα
614 413 684 449 ὑπὲρ
702 413 851 449 ἁμαρτίας.
871 422 880 439 ι
894 413 930 439 Τὸ

136 460 190 496 γὰρ
210 460 304 495 Πάσχα
323 459 401 496 ἡμῶν
416 460 486 495 ὑπὲρ
500 459 578 495 ἡμῶν
593 459 675 495 ἐτύθη
688 460 814 495 Χριστός.
830 469 839 485 ι
859 459 930 485 Ταύ-

136 507 212 542 τῃτοί
257 515 347 541 φαμεν
376 506 503 540 γενέσθαι
542 505 589 532 καὶ
627 506 775 541 ἁμαρτίαν.
813 505 929 532 Τέθυται

136 552 200 588 γὰρ,
214 552 252 583 ὼς
271 551 349 587 ἔφην,
362 552 405 578 ἴνα
420 551 459 586 τῷ
482 551 538 586 ἰδίῳ
552 551 647 587 αἵματι
663 551 868 586 κατακτὴσηται
881 551 928 585 τὴν

137 599 182 624 ὑπ⁶
197 598 320 634 οὐρανὸν,
342 608 351 624 ‹
369 597 561 633 Ἡγοράσμεϐα
584 598 638 633 γὰρ
658 597 752 632 τιμῆς,
767 607 775 623 ι
795 597 865 623 κατὰ
881 597 929 629 τὰς

137 643 259 679 Γραφὰς,
274 644 321 669 καὶ
336 643 385 669 οὐκ
395 643 480 677 ἐσμὲν
495 642 611 674 ἑαυτῶν,
624 642 691 669 ἀλλὰ
701 642 748 668 τοῦ
765 642 835 678 ὑπὲρ
851 642 928 677 ἡμῶν

125 689 277 723 ’γεγονότος
291 688 424 724 ἁμαρτία,
441 688 484 715 ἵνα
506 688 561 715 τῶν
576 689 698 724 ἀρχαίων
713 689 788 723 ἡμᾶς
803 688 928 715 ἀπαλλά-

138 732 170 768 ξῃ
191 733 444 767 πλημμελημάτων,
461 733 508 760 καὶ
534 733 626 767 ἁγίους
649 734 775 769 ἀποφήνῃ
795 733 838 759 διὰ
867 742 930 768 μετ-

137 779 203 814 οχῆς
218 779 266 813 τῆς
287 779 368 812 ἁγίας
383 778 465 805 αὑτοῦ
482 779 593 814 σαρκὸς,
605 779 683 814 δῆλον
694 779 721 805 δὲ
729 779 770 806 ὅτι
785 779 832 806 καὶ
848 779 930 814 αἵμα-

136 833 192 856 τος.
209 824 295 851 Τοῦτό
312 833 351 851 τοι
376 825 424 851 καὶ
450 826 464 851 ό
487 824 631 857 θεσπέσιος
651 827 717 861 ἡμῖν
743 825 928 861 προανεφώνει

95 894 99 898 .
138 871 232 905 νόμος·
250 871 406 906 γέγραπται
423 870 478 906 γὰρ
493 870 578 902 οὕτως
590 872 618 897 ὲν
632 871 669 906 τῷ
685 871 819 906 Λευῖτικῴ
829 879 835 886 '
852 881 861 897 ι
874 871 928 898 Καὶ

138 916 253 950 ελαλησε
272 916 374 951 Κύριος
398 917 467 952 πρὸς
492 917 605 952 Meis-73v,
629 917 733 950 λέγων·
751 916 876 952 Λάλησον
890 915 929 951 τῷ

145 960 250 996 Ἀαρὼν
262 961 310 987 καὶ
326 962 382 992 τοῖς
402 963 469 993 υἱοῖς
493 962 587 994 αὐτοῦ,
601 961 688 996 λέγων
702 970 709 976 ·
723 959 806 993 Οὗτος
821 963 834 988 ὁ
847 961 928 996 νόμος

139 1007 188 1044 τῆς
208 1006 352 1042 ἁμαρτίας.
379 1007 423 1033 Ἐν
438 1007 514 1042 τόπῳ
528 1005 559 1034 οὗ
577 1007 709 1041 σφάζουσι
723 1006 756 1033 τὰ
773 1006 927 1033 ὁλοκαυτώ-

142 1061 224 1088 ματα,
239 1053 370 1087 σφάξωσι
383 1054 428 1080 καὶ
442 1053 473 1079 τὸ
483 1053 532 1087 τῆς
547 1053 684 1088 ἁμαρτίας
707 1052 797 1079 ἔναντι
814 1052 928 1087 Κυρίου.

140 1098 224 1133 ’Ἀγια
241 1099 324 1132 ἁγίων
341 1099 422 1125 ἐστίν.
446 1099 546 1134 Ἰερεὺς
568 1100 581 1125 ὁ
605 1098 749 1134 ἀναφέρων
763 1099 858 1134 αὐτὴν,
875 1099 930 1125 ἕδε-

139 1152 184 1170 ται
202 1144 297 1179 αὐτὴν,
319 1144 347 1170 ὲν
370 1144 445 1179 τόπῳ
472 1145 543 1178 ἁγίῳ
561 1144 741 1179 βρωθήσεται,
757 1144 784 1170 ὲν
799 1145 866 1180 αὐλῇ
881 1145 931 1179 τῆς

141 1190 243 1225 σκηνῆς
257 1189 303 1215 τοῦ
321 1190 481 1225 μαρτυρίου.
499 1191 554 1221 Πᾶς
569 1190 583 1215 ὁ
599 1190 752 1225 ἁπτόμενος
765 1190 820 1216 τῶν
841 1190 930 1225 κρεῶν

139 1235 235 1270 αὐτῆς.
255 1235 462 1270 ἀγιασϐἡσεται.
483 1235 527 1261 Ἐν
541 1232 563 1270 ᾧ
587 1236 620 1262 ἂν
648 1235 846 1272 ὲπιρραντισοῇ
877 1235 931 1261 ἀπο

139 1281 186 1308 τοῦ
201 1281 317 1316 αἵματος
332 1281 416 1316 αὐτῆς
427 1281 472 1308 ἐπὶ
490 1282 519 1307 τὸ
535 1282 652 1317 ἱμάτιον,
672 1281 685 1308 ὃ
702 1282 734 1309 ἂν
748 1282 877 1317 ραντισῦῇ
888 1280 931 1308 ἐπ’

141 1326 218 1357 αὐτὸ,
236 1326 417 1361 πλυνοήσεται
432 1329 461 1354 ὲν
471 1327 547 1362 τόπῳ
560 1327 639 1362 ἁγίῳ,
658 1327 712 1354 Καὶ
728 1327 823 1358 σκεῦος
834 1327 931 1362 ὀστρά-

141 1381 215 1399 κινον
229 1369 259 1398 οὗ
275 1372 320 1399 ἐὰν
338 1372 424 1407 ἑψηθῇ
438 1373 466 1398 ὲν
484 1372 567 1407 αὐτῷ,
596 1371 821 1407 συντριϐήσεται·
839 1372 886 1398 ἐὰν
903 1371 931 1398 δὲ

143 1419 173 1444 ὲν
192 1417 283 1444 σκεύει
307 1418 399 1453 χαλκῷ
427 1418 525 1453 ἑψηθῇ,
542 1417 663 1452 ἐκτρίψει
683 1417 757 1450 αὐτὸ,
775 1418 821 1443 καὶ
836 1417 932 1443 πλύσει

142 1464 229 1490 ὕδατι.
259 1464 317 1490 Πᾶν
342 1464 425 1500 ἄρσεν
447 1465 476 1490 ὲν
502 1465 557 1494 τοῖς
575 1462 678 1498 ἱερεῦσι
703 1463 819 1497 φάγεται
849 1463 929 1490 αὐτὰ.

142 1512 226 1546 ’Ἅγια
247 1510 333 1546 ἁγίων
354 1511 412 1538 ἐστὶ
435 1510 474 1546 τῷ
493 1510 598 1546 Κυρίῳ.
612 1520 621 1535 ›
638 1509 719 1541 Σύνες
733 1510 765 1545 δὴ
787 1507 832 1536 οὖν
845 1510 931 1545 ὅσπερ
945 1525 966 1554 C

140 1556 324 1583 καταθύεσθαι
352 1555 457 1583 κελεύει
483 1555 531 1591 τὴν
562 1556 710 1591 ἁμαρτίαν,
741 1555 874 1587 τουτέστι,
901 1555 932 1581 τὸ

142 1602 212 1638 ὑπὲρ
234 1602 380 1638 ἁμαρτίας.
402 1601 525 1637 Χιμαρος
548 1601 575 1627 δὲ
591 1602 645 1636 ἄρα
659 1600 737 1627 τοῦτο
751 1599 784 1636 ἦν
798 1602 836 1632 εἰς
849 1600 932 1627 τύπον

142 1648 329 1684 Χριστοῦ,τοῦ
346 1648 380 1675 δι’
391 1648 476 1683 ἡμᾶς,
492 1648 529 1679 ὡς
545 1647 624 1683 ἔφην,
642 1647 785 1681 γεγονότος
797 1647 930 1682 ἁμαρτία.

146 1694 325 1728 ιΛελύγισται
349 1694 403 1729 γὰρ
433 1695 462 1720 ὲν
488 1693 608 1729 ἀνόμοις,
626 1703 635 1719 ι
660 1693 707 1719 καὶ
726 1692 934 1727 συνεσταυρώθη

143 1739 266 1775 λῃσταῖς,
290 1738 477 1774 κεχρημάτικέ
504 1746 534 1764 τε
548 1738 595 1765 καὶ
609 1739 673 1773 ἀρά.
688 1737 842 1772 Γέγραπται
869 1737 933 1773 γὰρ,

143 1786 183 1812 ὃτι
216 1786 399 1820 «Κατάρατος
427 1785 480 1816 πᾶς
502 1785 516 1810 ὁ
542 1785 717 1819 κρεμάμενος
742 1784 788 1810 ἐπὶ
816 1784 904 1817 ξύλου.
921 1793 931 1810 ι

150 1830 230 1857 Ἀλλὰ
245 1831 292 1857 καὶ
307 1825 537 1868 καθῆκεν.’ἑαυτὺν
552 1831 580 1856 ἐν
596 1829 701 1861 τούτοις
716 1829 749 1856 δι’
767 1830 841 1865 ἡμᾶς
862 1830 935 1856 οἰκο-

143 1877 263 1912 νομικῶς
274 1885 280 1892 ·
297 1876 354 1903 ἀλλ’
369 1875 403 1912 ἦν
417 1885 447 1903 τε
467 1877 515 1902 καὶ
533 1876 609 1902 ἔστιν
625 1876 711 1911 ἅγιος,
742 1876 772 1903 οὐ
787 1876 856 1903 κατὰ
873 1876 936 1911 μέϐ-

144 1923 199 1956 egw
213 1923 263 1950 τὴν
276 1923 313 1954 ὡς
337 1922 402 1958 παρ’
417 1922 511 1958 ἑτέρου
525 1921 650 1958 καθάπερ
664 1923 753 1957 ἡμεῖς,
769 1921 892 1956 φυσικῶς
906 1921 935 1948 δὲ

146 1968 246 2004 μᾶλλον
265 1968 344 1999 αὐτὸς
366 1968 403 1999 ὡς
428 1968 503 1999 Θεός.
529 1968 568 1994 Δι’
594 1968 675 1994 αὑτοῦ
697 1967 751 2002 γὰρ
772 1968 935 2003 πιστεύομεν

145 2015 194 2050 τὴν
209 2014 299 2041 κτίσιν
312 2014 482 2048 ἀγιάζεσοαι,
499 2013 550 2040 κᾶν
573 2014 704 2048 ἀγγέλους
721 2014 867 2050 ὀνομάαῃς,
883 2014 936 2040 κᾶν

146 2060 176 2086 τὸ
190 2060 229 2086 ἔτι
252 2058 369 2095 προῦχον
389 2060 417 2086 ὲν
432 2059 506 2095 δόξῃ,
525 2059 575 2085 κᾶν
591 2059 621 2085 τὺ
638 2059 832 2094 ὺπερκείμενόν
845 2068 873 2085 τε
889 2058 936 2085 καὶ

148 2106 286 2141 ἀνωτέρω,
304 2106 422 2141 Θρόνους
445 2105 474 2132 τέ
497 2114 566 2140 φημι
593 2106 639 2131 καὶ
664 2105 773 2140 Ἀρχὰς,
795 2105 846 2131 κᾶν
868 2104 936 2131 αὑτά

149 2161 193 2188 μοι
210 2152 292 2187 λέγῃς
307 2152 342 2178 τὰ
356 2151 497 2187 Σεραφίμ·
512 2151 569 2177 ἀλλ’
582 2152 632 2177 οὐκ
646 2150 678 2177 ἂν
689 2150 788 2185 ἑτέρως
799 2149 936 2184 amcam

631 125 891 154 GLAPHYRORUM
912 125 944 152 lN
965 125 1151 154 LEVITICUM
1167 126 1279 154 LIBER.

135 183 206 211 κατὰ
216 183 305 219 σάρκα
321 182 527 218 περιπατοῦσιν,
540 183 607 210 ἀ).λᾶ
618 183 690 210 κατὰ
699 182 817 218 πνεῦμα.
832 183 930 217 Γέγονε

982 187 1050 215 stus,
1071 194 1079 210 ι
1101 185 1175 212 sicut
1192 185 1325 220 scriptum
1341 188 1384 212 est

1721 129 1773 159 550

1423 205 1430 217 ,
1446 192 1508 212 cum
1526 190 1616 214 tamen
1627 187 1695 214 nulli
1707 196 1773 223 ρει)-

982 233 1043 256 cato
1069 230 1152 258 fuerit
1170 231 1315 259 obnoxius.
1337 231 1431 266 Neque
1444 232 1517 259 enim
1531 233 1568 259 ita
1578 233 1694 262 delirare
1709 243 1774 264 con-

963 275 1132 308 ‘suevimus,
1154 280 1184 302 ut
1207 284 1270 303 eum
1289 277 1335 312 qui
1355 281 1452 312 suapte
1476 282 1573 304 natura
1592 282 1633 305 est
1650 279 1732 312 Deus,
1746 285 1774 308 et

981 328 1014 348 ex
1031 322 1088 349 Deo
1105 322 1184 349 Patre
1202 323 1321 357 genitus,
1342 330 1456 358 peccare
1471 331 1643 354 censeamus.
1659 325 1706 351 sed
1728 333 1774 352 as-

981 375 1140 395 severamus
1153 369 1227 404 quod
1243 369 1332 396 hostia
1350 368 1385 395 sit
1399 376 1448 403 pro
1459 372 1572 403 peccato
1583 369 1682 396 factus.
1702 379 1710 394 ι
1725 370 1775 397 Pa-

980 414 1045 441 scha
1057 415 1130 441 enim
1145 423 1196 450 pro
1216 415 1296 442 nobis
1318 415 1475 442 immolalus
1492 419 1535 442 est
1558 415 1686 442 Christus
1702 416 1738 441 ’δι
1761 425 1770 441 ι

980 459 1110 494 quocirca
1138 468 1202 487 eum
1231 470 1239 486 ι
1257 465 1398 495 peccatum
1415 461 1517 487 factum
1537 470 1545 486 ι
1566 468 1626 487 esse
1645 460 1773 488 dicimus.

979 505 1112 533 Mactatus
1127 507 1200 533 enim
1230 511 1281 539 est,
1299 511 1329 534 ut
1345 507 1412 538 dixi,
1442 511 1474 533 ut
1501 514 1550 534 suo
1571 507 1683 541 proprio
1709 515 1773 534 san—

980 552 1062 586 guine
1091 556 1178 579 totum
1199 552 1347 580 redimeret
1379 553 1523 579 mundum.
1554 552 1591 579 Ita
1628 553 1706 579 enim.
1736 553 1774 579 ait

981 596 1123 632 Scriptura
1138 607 1143 623 :
1170 607 1178 622 ι
1193 597 1286 625 Pretio
1309 598 1393 632 empti
1413 599 1480 625 estis
1493 598 1515 613 "
1531 607 1537 624 :
1555 607 1563 623 ›
1578 606 1667 632 neque
1679 606 1775 625 sumus

980 642 1097 677 amplius
1111 643 1198 669 nostri
1217 642 1298 678 juris,
1314 643 1361 669 sed
1375 643 1458 675 illius,
1473 643 1519 678 qui
1532 650 1582 678 pro
1593 642 1674 670 nobis
1687 642 1774 670 factus

979 692 1021 715 est
1041 693 1202 722 peccatum,
1227 692 1257 714 ut
1284 696 1299 715 a
1323 688 1462 722 prioribus
1484 687 1604 723 peccatis
1625 687 1772 719 liberaret,

980 737 1144 767 sanctosque
1161 741 1210 768 per
1222 739 1323 761 sancta:
1342 735 1432 771 qarnis
1447 742 1503 762 suae
1515 738 1542 761 et
1554 734 1619 761 item
1633 734 1773 769 sanguinis

980 778 1201 805 communionem
1224 778 1361 805 redderet.
1381 778 1438 805 lloc
1450 778 1538 813 ipsum
1555 779 1646 805 divina
1660 779 1703 806 lex
1720 786 1772 805 no-

980 824 1023 851 bis
1047 824 1268 859 pracsigniﬁcavit
1283 844 1290 855 ,
1313 824 1349 851 ita
1369 825 1441 851 enim
1457 825 1485 852 in
1501 825 1624 852 Levitico
1639 826 1772 860 scriptum

979 873 1021 896 est
1038 879 1044 895 :
1062 879 1070 894 ‹
1085 870 1206 897 Locutus
1227 874 1269 897 est
1296 870 1428 897 Dominus
1450 871 1483 898 ad
1514 871 1634 906 Moysen,
1653 871 1747 899 dicens
1763 881 1769 899 :

979 916 1105 950 Loquere
1129 916 1218 943 Aaron
1244 920 1272 943 et
1298 915 1362 942 ﬁliis
1384 917 1454 951 ejus,
1477 916 1591 944 dicens:
1608 917 1661 944 Ista
1675 918 1772 945 cstlex

979 961 1093 996 peccati.
1110 961 1139 988 ln
1165 962 1225 988 loco
1244 961 1291 988 ubi
1316 965 1434 988 mactant
1461 962 1649 989 holocaustum
1679 971 1772 995 suum,

980 1007 1141 1034 mactabunt
1160 1007 1241 1042 350
1254 1011 1282 1034 et
1295 1006 1412 1033 hostiam
1427 1015 1478 1042 pro
1489 1012 1602 1041 peccato
1615 1015 1706 1035 coram
1721 1009 1772 1035 Do-

980 1053 1065 1079 mino.
1090 1052 1190 1080 Sancta
1206 1057 1363 1079 sanctorum
1381 1057 1454 1079 sunt.
1472 1052 1605 1080 Sacerdos
1623 1053 1772 1088 quioﬂ‘crt.

980 1097 1066 1132 ipsam
1079 1098 1234 1129 manducat,
1248 1101 1276 1124 et
1290 1097 1317 1124 in
1334 1097 1394 1124 loco
1408 1103 1503 1125 sancto
1514 1098 1649 1130 comedet,
1663 1098 1690 1126 in
1702 1099 1772 1126 atrio

981 1143 1150 1171 tabernaculi
1166 1144 1327 1171 testimonii.
1344 1136 1507 1179 Quicunque
1521 1144 1642 1179 attigerit
1662 1144 1695 1172 de
1710 1152 1772 1171 car-

980 1189 1063 1216 nibus
1079 1190 1149 1224 ejus,
1165 1189 1391 1216 sanctiﬁcabitur.
1403 1189 1438 1217 Et
1447 1189 1666 1224 quandocunque
1677 1197 1772 1223 asper-

983 1243 1043 1263 sum
1065 1235 1148 1262 fuerit
1172 1235 1205 1262 de
1227 1235 1359 1270 sanguine
1373 1235 1459 1270 ipsius
1471 1243 1554 1269 super
1567 1236 1771 1267 vestimentum;

981 1281 1166 1316 quodcunque
1182 1288 1323 1315 aspersum
1344 1280 1438 1313 fuerit,
1460 1281 1487 1308 id
1509 1281 1646 1308 lavabitur
1668 1281 1695 1308 in
1711 1281 1772 1308 loco

981 1331 1086 1354 sancto.
1117 1327 1169 1354 Vas
1195 1331 1287 1353 autem
1313 1326 1340 1353 in
1363 1334 1418 1362 quo
1437 1330 1513 1354 cocta
1537 1330 1589 1359 est,
1610 1327 1692 1354 ﬁctile
1708 1335 1773 1354 con-

981 1372 1115 1407 fringetur
1130 1381 1136 1398 :
1153 1372 1175 1399 si
1187 1379 1253 1399 vero
1266 1380 1342 1399 aeneo
1354 1380 1417 1399 vase
1431 1376 1507 1399 cocta
1519 1372 1612 1404 fuerit,
1627 1372 1772 1400 defricabit

983 1417 1072 1452 ipsum
1096 1421 1123 1444 et
1139 1411 1230 1444 abluet
1243 1424 1323 1451 aqua.
1341 1416 1436 1444 Omnis
1449 1417 1587 1444 masculus
1598 1425 1631 1444 ex
1643 1418 1770 1444 sacerdo-

983 1464 1057 1490 tibus
1068 1463 1126 1490 edit
1143 1463 1210 1497 ipsa.
1225 1462 1323 1490 Sancta
1336 1467 1491 1490 sanctorum
1504 1467 1568 1490 sunt
1583 1462 1697 1490 Domino
1709 1464 1741 1490 ”.
1759 1473 1768 1489 ι

982 1508 1115 1542 Intelligis
1144 1507 1227 1542 igitur
1249 1506 1387 1541 quomodo
1409 1506 1505 1541 jubeat
1525 1507 1659 1534 immolari
1673 1515 1771 1542 pecca-

983 1558 1052 1586 tum,
1072 1554 1124 1580 hoc
1138 1558 1190 1585 est,
1205 1553 1322 1580 hostiam
1347 1561 1397 1588 pro
1409 1553 1543 1588 peccato?
1559 1553 1646 1588 Caper
1661 1561 1725 1589 ergo
1749 1553 1773 1581 is

983 1604 1042 1627 erat
1062 1600 1090 1626 in
1117 1603 1209 1635 typum
1231 1599 1343 1631 Christi,
1366 1599 1413 1634 qui
1432 1603 1544 1634 propter
1561 1607 1621 1631 nos,
1646 1603 1677 1626 ut
1703 1599 1770 1630 dixi,

983 1645 1071 1672 factus
1089 1649 1131 1672 est
1146 1650 1298 1680 peccatum.
1327 1654 1336 1670 ι
1349 1645 1424 1672 Inter
1448 1645 1556 1679 iniquos
1574 1644 1648 1671 enim
1661 1649 1772 1679 reputa-

985 1696 1029 1718 tus
1041 1691 1125 1723 est",
1145 1700 1154 1716 ι
1168 1695 1197 1718 et
1211 1698 1266 1718 una
1286 1698 1348 1718 cum
1370 1690 1522 1717 latronibus
1547 1690 1703 1722 cruciﬁxus,
1723 1690 1773 1717 de-

983 1738 1156 1772 claratusque
1185 1736 1348 1764 maledictus
1370 1735 1398 1763 in
1429 1735 1580 1770 Scriptura.
1610 1735 1655 1763 Ait
1679 1736 1771 1767 enim,

989 1791 997 1807 ι
1013 1782 1172 1809 Maledictus
1186 1782 1275 1809 omnis
1289 1781 1336 1816 qui
1351 1779 1453 1816 pendet
1477 1780 1504 1806 in
1530 1780 1605 1815 ligno
1621 1781 1654 1807 ⁵⁷.
1683 1790 1692 1805 ι
1715 1780 1772 1807 Etsi

985 1832 1076 1854 autem
1090 1827 1209 1862 scipsum
1222 1827 1259 1854 ita
1273 1826 1416 1854 demiserit
1431 1830 1543 1861 propter
1567 1833 1628 1857 nos,
1652 1828 1710 1852 erat
1730 1829 1772 1852 ta—

985 1880 1048 1899 men
1073 1876 1154 1906 atquc
1180 1876 1223 1899 est
1246 1875 1366 1902 sanctus,
1380 1875 1411 1897 et
1425 1870 1535 1905 quidem
1551 1877 1606 1896 non
1621 1869 1772 1897 secundum

985 1917 1237 1954 participationem,
1257 1916 1342 1944 veluti
1356 1916 1391 1943 ab
1405 1915 1469 1948 alio,
1485 1915 1557 1942 sicut
1568 1923 1618 1942 nos
1631 1924 1638 1947 ;
1650 1915 1697 1942 sed
1709 1923 1772 1942 sua-

985 1969 1031 1998 pte
1045 1968 1152 1995 natura,
1167 1968 1297 1997 tanquam
1315 1962 1397 1989 Deus.
1414 1961 1466 1988 Per
1487 1961 1576 1995 ipsum
1599 1961 1672 1987 enim
1690 1965 1717 1988 et
1738 1960 1772 1988 ab

986 2008 1046 2043 ipso
1075 2008 1214 2035 credimus
1235 2007 1390 2034 universam
1416 2005 1581 2033 sanctiﬁcari
1605 2009 1770 2038 creaturam,

986 2055 1069 2082 etiam
1089 2054 1164 2089 ipsos
1185 2053 1306 2088 angelos,
1322 2057 1369 2080 aut
1388 2052 1410 2080 si
1427 2052 1493 2087 quid
1512 2051 1699 2087 praestantiore
1713 2051 1772 2086 glo-

987 2100 1027 2127 ria
1050 2100 1085 2127 sit
1107 2099 1262 2135 praeditum,
1283 2098 1504 2133 eminentiusque
1527 2105 1559 2124 ac
1574 2097 1700 2132 superius
1713 2097 1769 2124 sit:

987 2149 1018 2172 ut
1037 2148 1102 2173 sunt
1123 2145 1225 2172 Throni
1238 2149 1266 2171 et
1282 2144 1466 2179 Principatus.
1480 2144 1535 2171 lmo
1548 2151 1614 2170 vero
1629 2143 1692 2170 licet
1703 2143 1770 2170 mihi

147 2198 238 2229 ταυτὶ,
251 2197 320 2232 πλὴν
334 2198 374 2223 ὅτι
397 2196 473 2232 παρὰ
497 2196 602 2231 Πατρδς
622 2196 655 2222 δι’
673 2195 736 2222 Υἱοῦ
748 2196 775 2221 ὲν
788 2194 932 2230 Πνεύματι.

987 2191 1090 2218 dixeris
1111 2190 1185 2225 ipsos
1201 2189 1343 2224 Seraphim
1360 2197 1368 2222 ;
1384 2193 1473 2216 tamen
1484 2196 1539 2215 non
1558 2189 1638 2215 aliter
1649 2187 1770 2215 sanctiﬁ~

148 2243 252 2270 οὐκοῦν
278 2243 329 2270 κᾶν
353 2243 465 2277 γέγονεν
488 2242 620 2277 ἁμαρτία,
640 2241 793 2276 μεμένηκεν
807 2241 875 2275 ὅπερ
889 2238 934 2275 ἦν,

149 2290 297 2324 τουτέστιν,
314 2290 391 2324 ἅγιος
412 2289 484 2316 κατὰ
498 2288 578 2323 φύσιν
599 2288 637 2319 ὡς
652 2287 728 2320 Θεὸς,
748 2287 794 2312 καὶ
814 2286 884 2312 tofm
904 2286 936 2312 ὲκ

151 2336 250 2372 μέτρου
266 2336 358 2362 δίδωσι
375 2335 405 2362 τὸ
424 2334 545 2369 Πνεῦμα,
558 2344 567 2359 ι
588 2332 658 2360 κατὰ
675 2332 724 2367 τὴν
743 2331 866 2358 Ἰωάννου
881 2339 937 2365 (ρω-

150 2383 208 2417 νήν.
226 2382 288 2408 Ὅτι
311 2381 400 2408 δὲκαὶ
424 2382 438 2408 ὁ
460 2380 510 2415 τῆς
529 2379 630 2414 σαρκὸς
654 2377 735 2405 αὐτοῦ
756 2377 869 2407 θάνατος
893 2377 936 2402 ἐπ’

150 2427 288 2463 ἀναιρέσει
303 2427 352 2462 τῆς
370 2426 469 2461 σαρκὸς
481 2424 611 2460 γεγονὼς,
629 2424 705 2458 ἅγιός
722 2431 751 2450 τε
774 2423 821 2449 καὶ
835 2421 936 2456 ἁῦἐΰη-

151 2473 195 2506 λος
204 2471 248 2509 ἦν,
263 2473 310 2500 καὶ
333 2473 371 2504 ὼς
392 2473 421 2499 ὲν
440 2472 517 2505 τάξει
533 2471 712 2506 θυμιαμάτων
739 2468 939 2504 εὐπαράδεκτος

151 2519 190 2553 τῷ
205 2518 264 2555 Θεῷ
280 2519 327 2545 καὶ
342 2519 438 2554 Πατρὶ,
457 2517 662 2553 διαμεμήνυκεν
675 2514 796 2550 ἐναργῶς
816 2514 830 2540 ὁ
846 2513 937 2548 νόμος,

152 2564 251 2592 εἰπών·
271 2574 281 2590 ι
300 2564 346 2592 Ἐν
359 2564 434 2599 τόπῳ
451 2561 482 2591 οὗ
501 2563 634 2598 σφάζουσι
657 2561 691 2588 τὰ
715 2558 938 2594 ὁλοκαυτώματα,

154 2610 285 2645 σφάξουσι
309 2610 357 2637 καὶ
379 2611 410 2638 τὺ
437 2610 502 2645 περὶ
523 2608 661 2645 ἁμαρτίας
688 2607 776 2633 ἔναντι
798 2605 934 2640 Κυρίου.»

160 2655 356 2688 ὐλοκαύτωσις
372 2656 386 2682 ὁ
398 2656 525 2691 Χριστὸς,
537 2654 674 2682 τουτέστιν
683 2653 743 2684 ὅλος
759 2651 789 2684 ἐξ
802 2651 874 2683 ὅλου,
888 2649 937 2676 καὶ

154 2702 184 2728 οὐ
202 2701 332 2737 μερικῶς,
349 2703 389 2734 εἰς
406 2701 493 2737 ὀσμὴν
510 2700 622 2731 εὐωδίας
637 2698 814 2733 ἀνακείμενος
829 2695 867 2730 τῷ
877 2694 935 2729 Θεῷ

985 2241 1094 2269 cantur,
1107 2244 1189 2271 quam
1204 2244 1219 2263 a
1239 2235 1318 2263 Patre
1331 2243 1380 2270 per
1392 2235 1490 2262 Filium
1507 2235 1533 2262 in
1551 2234 1654 2269 Spiritu
1664 2238 1769 2261 sancto.

986 2282 1158 2317 Quapropter
1176 2281 1285 2308 etiamsi
1305 2280 1394 2308 factus
1416 2280 1498 2308 fuerit
1511 2284 1664 2315 peccatum,
1680 2284 1770 2306 tamen

987 2328 1060 2363 quod
1071 2331 1131 2355 erat
1141 2327 1299 2362 permansit,
1312 2326 1366 2354 hoc
1382 2330 1434 2358 est,
1446 2331 1542 2362 suapte
1555 2331 1652 2353 natura
1662 2330 1772 2353 sanctus

988 2378 1116 2408 tanquam
1126 2373 1209 2405 Deus,
1224 2373 1267 2400 cui
1281 2377 1309 2400 et
1324 2373 1397 2400 Deus
1410 2366 1494 2400 Pater
1507 2382 1516 2398 ι
1531 2380 1585 2399 non
1599 2380 1632 2399 ex
1645 2379 1771 2399 mensura

988 2420 1034 2447 dat
1062 2418 1206 2454 Spiritum,
1221 2428 1230 2444 ι
1259 2419 1336 2454 juxta
1355 2418 1423 2446 illud
1449 2418 1563 2446 Joannis
1584 2418 1711 2453 Baptistae
1737 2416 1770 2444 ".

987 2464 1065 2498 Quod
1085 2469 1177 2492 autem
1201 2471 1276 2491 mors
1298 2464 1388 2491 carnis
1409 2464 1495 2498 ipsius
1517 2463 1550 2491 ad
1567 2463 1772 2491 demolitionem

987 2510 1091 2544 peccati
1108 2510 1178 2536 facta
1195 2513 1288 2537 sancta
1300 2510 1336 2537 sit
1348 2517 1380 2537 ac
1393 2509 1505 2542 munda,
1518 2517 1550 2537 ac
1565 2509 1649 2536 veluti
1667 2508 1772 2536 sumtus

987 2556 1043 2584 Deo
1057 2558 1195 2590 acceptus,
1212 2554 1354 2582 evidenter
1370 2555 1532 2591 signiﬁcavit
1544 2555 1588 2583 lex
1609 2555 1657 2582 ubi
1685 2554 1770 2582 dicit:

993 2611 1002 2627 ι
1016 2601 1045 2628 ln
1066 2601 1128 2628 loco
1150 2600 1197 2627 ubi
1215 2604 1335 2628 mactant
1346 2601 1547 2634 holocaustum,
1565 2601 1646 2628 etiam
1657 2600 1710 2628 hoc
1723 2607 1772 2635 pro

988 2650 1101 2682 peccato
1117 2647 1274 2674 mactabunt
1285 2654 1375 2674 coram
1392 2647 1507 2674 Domino
1519 2647 1552 2674 '°.
1568 2657 1578 2673 ι
1592 2646 1719 2674 Christus
1731 2648 1771 2673 est

987 2692 1188 2726 holocaustum,
1208 2692 1259 2720 hoc
1277 2697 1329 2725 est,
1350 2697 1426 2720 totus
1440 2701 1473 2720 ex
1487 2697 1553 2724 toto,
1569 2699 1624 2720 non
1635 2700 1668 2720 ex
1684 2694 1770 2726 parte,

189 2806 211 2821 ’¹
234 2804 375 2840 Βοῐηπιιι,
390 2804 407 2832 3
419 2803 555 2840 seqq!"
570 2802 598 2840 Ili
610 2802 674 2840 Cor.
689 2809 715 2831 τ,
730 2800 756 2827 7.
773 2800 819 2840 __"
834 2799 925 2840 lgor.
938 2806 976 2840 vi,
990 2796 1035 2824 25.
1056 2797 1096 2840 6’:
1112 2796 1197 2825 Lmit.
1214 2804 1254 2828 vt,
1272 2795 1364 2823 25-50.
1404 2797 1425 2811 “
1441 2795 1491 2832 lsa.
1510 2793 1630 2840 uuLlQ.
1651 2793 1673 2810 ’⁷
1690 2793 1770 2820 Deut.

153 2831 311 2873 “HQQG:
326 2831 413 2867 Gaiat.
438 2831 483 2872 iii;
497 2839 538 2865 13.
579 2838 600 2852 ’⁸
615 2837 692 2864 .loan.
710 2844 754 2867 ιιι,
773 2836 817 2862 54.
857 2836 880 2851 ⁸⁹
898 2834 932 2861 Le

982 2831 1101 2865 .v1,-25.
1338 2854 1341 2859 .
1564 2834 1579 2841 ⁵
