1997 3059
204 125 251 154 5m

707 121 734 148 S.
753 119 889 148 CYRILLI
909 116 1142 146 ALEXANDRINI
1158 115 1317 143 ARCIHEP.

1780 112 1834 140 55‘!

204 183 319 210 oﬂ'ertur
337 182 393 210 Deo
419 189 450 208 ac
463 181 537 208 Patri
550 180 577 208 in
590 179 703 208 odorem
719 178 871 206 suavitatis.
886 176 991 204 Idcirco

1051 175 1089 201 (αἱ
1103 175 1342 210 Πατρί.Ταύτῃτοι
1365 175 1410 200 καὶ
1424 173 1530 209 ἀληθῶς
1543 174 1638 207 ’Ἄγιος
1648 173 1733 207 ἁγίων
1746 173 1832 200 ἐστίν.

204 229 286 256 etiam
307 236 402 256 revera
423 231 466 255 est
485 227 602 255 Sanctus
629 230 797 254 sanctorum.
824 223 991 252 Sanctiﬁcati

204 275 277 302 enim
301 282 396 301 sumus
422 274 450 300 in
468 274 527 308 ipso
542 273 584 306 ﬂ“;
602 273 715 308 ipseque
727 276 852 298 nostrum
864 270 992 298 universa

205 319 363 354 iustiﬁcatio
383 324 434 350 est,
457 318 543 353 magis
556 325 621 345 vero
640 317 723 344 etiam
737 323 918 351 supernorum
936 315 993 350 spi-

206 365 307 392 rituum
323 365 463 397 sanctilas,
480 365 552 391 sicut
567 365 623 398 jam
637 363 703 390 dixi.
714 363 849 390 Praeterea
876 372 884 387 ι
901 369 993 389 sacer-

204 408 265 442 dos,
281 412 328 442 ait,
347 409 394 445 qui
407 409 488 437 oil'ert
501 417 572 441 eam,
588 409 713 435 comedet
724 416 783 435 eam
798 408 830 434 ³¹.
848 417 856 433 ι
871 408 921 435 Hic
933 416 994 435 rur-

205 463 254 483 sus
273 456 388 482 observa
406 455 479 490 quod
494 455 521 481 in
536 455 664 481 omnibus
679 454 761 481 rebus
782 454 894 489 agendis
906 454 994 481 cccle-

207 501 247 528 sia
272 501 358 528 sacris
380 505 408 528 et
427 501 527 527 divinis
551 499 694 535 praeceptis
721 500 899 534 gubernatur.
919 499 995 526 Illius

207 547 290 579 enim,
309 547 357 581 qui
371 547 452 574 oﬂ‘ert
464 546 591 579 hostiam,
604 546 673 573 ﬁunt
686 553 717 573 ea
731 553 791 580 quae
804 553 838 572 ex
852 545 908 580 ipsa
920 549 993 572 sunt.

207 593 288 620 Novit
309 596 399 619 autem
423 592 495 626 quod
514 592 576 619 dico
590 591 668 627 351
684 592 774 618 omnis
793 591 839 626 qui
853 591 958 626 legibus
969 594 996 617 et

207 637 342 664 institutis
357 637 486 665 Ecclesiae
502 641 544 665 est
571 638 718 665 enutritus.
736 637 814 670 Quod
830 645 896 664 vero
910 638 996 664 eccle-

207 683 246 709 sia
270 682 317 709 Dei
342 682 378 709 sit
399 683 476 710 locus
497 682 598 710 divinis
613 682 754 710 sacriﬁciis
773 682 997 710 convenientissi—

207 734 278 759 mus,
294 727 422 762 quodque
436 728 462 755 in
480 729 538 763 ipsa
553 728 656 756 Christi
670 728 830 764 mysterium
843 728 996 756 necessario

207 778 363 809 peragatur,
393 775 562 802 ostenderint
587 775 658 802 haud
676 775 792 802 obscure
805 782 837 801 ea
851 774 885 802 de
896 775 997 810 quibus

207 820 274 852 dixi,
300 821 381 848 modo
400 821 462 856 quis
474 821 596 847 animum
609 820 743 853 advertat,
763 820 815 847 «in
828 821 888 848 loco
902 826 996 848 sancto

207 865 305 893 edetur
317 866 344 892 in
358 867 427 893 atrio
445 867 616 894 tabernaculi
634 867 782 894 testimonii
794 867 828 893 ".
844 877 852 893 ι
873 867 925 894 Sed
938 871 997 894 erat

208 911 237 938 in
253 915 377 946 tempore
401 911 447 938 illo
465 919 551 938 unum
568 912 774 939 tabernaculum
785 921 834 948 per
845 913 996 946 desertum,

208 960 235 983 et
257 961 319 991 post
335 957 387 984 hoc
413 958 496 984 etiam
521 965 606 984 unum
632 958 764 993 templum
792 958 996 994 Hierosolymis,

208 1003 281 1038 quod
305 1007 333 1030 et
362 1003 491 1031 Salomon
514 1004 669 1031 mditicavit.
695 1004 729 1031 Et
748 1004 859 1039 quidem
883 1005 998 1039 capitale

209 1049 374 1084 supplicium
400 1049 570 1084 propositum
590 1053 650 1076 crat
669 1049 703 1077 iis
730 1050 776 1084 qui
792 1054 869 1076 extra
883 1049 936 1076 hoc
957 1053 998 1076 ta-

210 1094 389 1122 bernaculum
415 1094 603 1122 immolabant.
629 1095 669 1121 Ita
689 1094 762 1121 enim
781 1094 819 1121 ait
836 1093 997 1129 Scriptura:

215 1150 224 1164 ι
240 1140 326 1167 Homo
348 1147 382 1167 ex
405 1139 469 1167 ﬁliis
496 1140 590 1172 lsrael,
616 1139 663 1174 qui
687 1139 869 1166 immolaverit
885 1139 999 1166 vitulum

211 1191 257 1214 aut
280 1194 374 1219 ovem,
400 1191 446 1213 aut
461 1194 568 1221 capram
587 1185 724 1213 incastris
740 1194 746 1210 :
765 1185 829 1212 item
843 1185 890 1220 qui
902 1184 999 1211 immo-

212 1233 276 1260 larit
291 1237 367 1260 extra
382 1237 480 1265 castra,
499 1239 588 1266 neque
608 1231 660 1258 hoc
676 1231 709 1258 ad
726 1235 820 1266 portas
833 1231 1000 1258 tabernaculi

213 1278 362 1306 testimonii
383 1278 517 1309 attulerit,
546 1277 684 1304 utoﬂ'erat
712 1285 812 1304 munus
837 1285 929 1304 coram
946 1277 1000 1305 D0-

212 1325 298 1357 mino,
321 1332 412 1352 coram
440 1324 616 1352 tabernaculo
632 1323 751 1356 Domini,
765 1324 876 1359 sanguis
890 1329 1001 1358 reputa—

213 1371 288 1398 bitur
308 1370 411 1398 homini
438 1371 489 1403 illi,
511 1371 558 1405 qui
578 1370 737 1405 sanguinem
751 1370 827 1397 illum
842 1369 1003 1397 elIuditJd-

213 1417 287 1443 circo
313 1415 416 1451 peribit
438 1416 530 1442 anima
555 1416 599 1442 illa
616 1423 649 1442 ex
670 1416 771 1450 populo
788 1423 838 1443 suo
853 1415 884 1442 ³⁸.
906 1425 914 1441 ι
931 1415 1002 1451 Ergo

213 1465 307 1488 contra
324 1461 409 1496 legem
421 1464 472 1492 est,
486 1465 512 1487 et
529 1459 683 1494 profanum,
695 1463 776 1494 atque
793 1459 862 1485 adeo
875 1459 1000 1493 capitale,

1049 217 1221 255 Ἡγιάσμεθα
1250 220 1304 255 γὰρ
1327 220 1357 246 ἐν
1383 219 1466 255 αὐτῷ,
1484 215 1532 246 καὶ
1548 219 1628 250 αὐτὸς
1640 218 1743 254 ἠμῶνὴ
1760 219 1834 245 πᾶσα

1043 266 1193 297 δικαίωσις,
1206 265 1306 301 μᾶλλον
1322 266 1350 292 δὲ
1368 266 1415 292 καὶ
1433 264 1523 292 αὐτῶν
1534 265 1589 291 τῶν
1601 264 1657 291 ἄνω
1669 265 1835 300 πνευμάτων

1043 311 1187 346 ἁγιασμὸς,
1208 311 1334 346 καθάπερ
1349 310 1417 346 ἔφην
1440 311 1550 346 ἀρτίως.
1569 310 1652 346 Πλὴν,
1667 320 1676 336 ι
1687 311 1716 337 '0
1732 310 1834 345 ίερεὺς,

1044 356 1137 391 φησιν,
1169 357 1182 383 ό
1201 356 1344 392 ἀναφέρων
1367 356 1463 392 αὖτιὴῆ
1479 356 1568 382 ἔδεται
1593 357 1687 385 αὑτήν.
1703 365 1712 381 ι
1737 355 1836 392 Ἀθρει

1043 402 1075 438 δὴ
1091 403 1137 429 νῦν
1162 402 1243 429 πάλιν
1261 403 1302 430 ὅτι
1330 402 1399 438 πρὸς
1423 404 1476 429 πᾶν
1497 401 1587 429 ὁτιοῦν
1609 402 1662 429 τῶν
1677 402 1835 438 πρακτέων,

1045 449 1126 484 ἱεροῖς
1140 449 1187 475 καί¹
1199 448 1281 480 θείοις
1294 449 1311 484 ὴ
1327 448 1475 482 Ἐκκλησία
1491 447 1632 474 διοικεῖται
1646 447 1767 482 θεσμοῖς.
1780 446 1836 473 Τοῦ

1045 494 1098 529 γὰρ
1114 495 1300 530 προσάγοντος
1324 493 1373 529 τὴν
1391 493 1497 526 Θυσίαν,
1513 493 1548 520 τὰ
1569 494 1598 526 ἐξ
1615 493 1699 528 αὐτῆς
1719 493 1835 526 γίνεται.

1045 539 1107 566 Οἵδε
1122 541 1136 567 ὃ
1149 549 1232 575 φημι,
1243 541 1297 572 πᾶς
1312 540 1434 566 ὁστισοῦν
1447 541 1500 572 τοῖ;
1518 540 1567 574 τῆς
1588 539 1749 574 Ἐκκλησίας
1762 540 1836 565 ἔντεα

1046 587 1203 623 θραμμένος
1217 587 1321 622 νόμοις.
1339 587 1399 614 Ὅτι
1414 587 1441 613 δε
1457 587 1538 618 τόπος
1553 587 1611 618 ταῖς
1627 585 1715 617 θείαις
1732 586 1837 620 ίερουρ-

1045 634 1118 668 γίαις
1133 634 1147 660 ὁ
1164 633 1284 668 μάλιστα
1297 633 1419 668 πρέπων,
1434 634 1450 668 ὴ
1467 633 1613 668 Ἐκκλησία
1634 632 1681 658 τοῦ
1694 631 1771 662 Θεοῦ,
1789 631 1836 657 καὶ

1047 681 1075 705 ἐν
1090 679 1158 715 αὺτῇ
1179 679 1336 713 ἀναγκαίως
1361 679 1391 705 τὸ
1412 678 1530 712 Χριστοῦ
1548 678 1662 704 τελεῖται
1676 679 1836 712 μυστήριον,

1047 724 1187 756 ὲνδείξειεν
1215 724 1248 750 ἂν
1270 724 1319 750 οὐκ
1336 723 1515 759 ἁσυμφανῶς,
1544 722 1770 759 προσεπενεγκὼν
1795 719 1836 754 οἷς

1047 770 1126 805 ἔφην·
1146 779 1156 796 ‹
1173 769 1217 796 Ἐν
1236 770 1311 806 τόπῳ
1339 769 1408 805 ἁγίῳ
1437 769 1620 805 βρωθήσεται,
1638 770 1666 796 ὲν
1689 769 1757 804 αὐλῇ
1787 768 1836 802 τῆς

1049 815 1149 850 σκηνῆς
1165 815 1210 842 τοῦ
1226 815 1385 851 μαρτυρίου.
1398 824 1407 840 ι
1431 815 1500 841 Ἀλλ’
1514 813 1548 850 ἦν
1564 816 1623 841 κατ’
1636 815 1723 841 ἐκεῖνο
1738 813 1836 850 καιροῦ

1014 852 1033 878 Β
1050 862 1099 896 μία
1118 861 1166 896 μὲν
1183 861 1253 887 κατὰ
1268 862 1317 896 τὴν
1333 861 1435 896 ἔρημον
1456 861 1551 896 σκηνὴ,
1574 861 1620 899 καὶ
1643 859 1683 892 εἷς
1696 861 1754 896 μετ’
1770 860 1838 886 ἐκεί-

1048 916 1095 942 νην
1113 907 1127 933 ὁ
1143 907 1216 939 ναὸς,
1231 907 1259 933 ὃν
1271 907 1300 933 ὲν
1318 907 1374 938 τοῖς
1391 907 1586 942 Ἰεροσολύμοις
1602 908 1615 933 ὁ
1631 905 1756 942 Σολομὼν
1771 905 1839 932 ἐδεί-

1050 961 1127 987 ματο.
1146 953 1201 979 Καὶ
1225 952 1338 984 Θάνατος
1352 950 1385 988 ἦν
1402 954 1457 984 τοῖς
1481 953 1534 985 ἔξω
1556 952 1648 979 θύουσι
1658 952 1707 987 τῆς
1722 952 1837 987 σκηνῆς.

1051 999 1122 1034 Ἔφη
1137 999 1192 1034 γὰρ
1217 998 1287 1024 οὕτω
1309 999 1339 1025 τὺ
1359 999 1478 1034 Γράμμα
1502 998 1532 1025 τὸ
1556 999 1636 1034 ἱερόν.
1658 998 1838 1033 «Ἀνθρωπος

1049 1043 1103 1070 τῶν
1120 1043 1185 1069 υίῶν
1202 1042 1320 1078 Ἰσραὴλ,
1343 1043 1371 1074 ὃς
1386 1043 1418 1069 ἂν
1434 1042 1523 1078 σφάξῃ
1540 1043 1637 1078 μόσχον
1657 1043 1674 1078 ἢ
1693 1043 1836 1078 πρόϐατον,

1049 1089 1066 1125 ἢ
1088 1087 1151 1124 αἶγα
1173 1089 1201 1116 ἐν
1221 1091 1254 1124 τῇ
1273 1089 1446 1125 παρεμϐολῇ,
1458 1090 1504 1116 καὶ
1517 1089 1545 1120 ὃς
1561 1089 1594 1116 ἂν
1620 1089 1709 1125 σφάξῃ
1727 1088 1778 1120 ἔξω
1788 1089 1838 1123 τῆς

1043 1135 1237 1170 έπειρεμῦολῆς,
1253 1135 1300 1161 καὶ
1312 1135 1357 1160 ἐπὶ
1370 1135 1418 1170 τὴν
1430 1133 1516 1170 θύραν
1528 1134 1577 1168 τῆς
1588 1134 1689 1169 σκηνῆς
1702 1133 1749 1160 τοῦ
1767 1141 1839 1168 μαρ-

1050 1180 1155 1214 τυρίου,
1171 1179 1207 1214 μὴ
1221 1179 1319 1214 ὲνέγκῃ
1336 1179 1412 1210 αὐτὸ,
1426 1179 1495 1205 ὥστε
1512 1179 1694 1213 προσενέγκαι
1707 1178 1791 1213 δῶρον
1800 1177 1840 1212 τῷ

1051 1225 1146 1259 Κυρίῳ
1160 1225 1289 1251 ἀπέναντι
1303 1224 1352 1258 τῆς
1371 1225 1474 1259 σκηνῆς
1494 1225 1608 1259 Κυρίου,
1624 1221 1693 1259 αἷμα
1714 1223 1839 1258 λογισθή-

1053 1279 1128 1297 σεται
1147 1270 1185 1306 τῷ
1212 1271 1358 1306 ἀνθρώπῳ,
1385 1271 1413 1302 ὃς
1428 1272 1516 1297 ἐκεῖνο
1532 1268 1601 1306 αἷμα
1617 1271 1739 1305 ἐξέχεεν,
1752 1269 1840 1302 ἐξολο-

1053 1317 1230 1353 θρευθήσεται
1253 1319 1268 1352 ἡ
1290 1318 1363 1353 ψυχὴ
1386 1318 1477 1352 ἐκείνη
1495 1317 1549 1354 [ἐκ]
1565 1318 1611 1344 τοῦ
1623 1317 1698 1344 λαοῦ.
1711 1326 1720 1342 ι
1737 1317 1840 1343 Οὐκοῦν

1053 1363 1181 1398 ἀνὸμημα
1200 1363 1248 1389 καὶ
1268 1363 1429 1398 βεϐήλωσις,
1451 1364 1498 1389 καὶ
1514 1363 1565 1389 ὑπὸ
1586 1363 1664 1399 δίκην
1682 1364 1795 1398 αἵματος
1811 1362 1840 1389 τὸ

1053 1411 1108 1440 τοῖς
1119 1409 1236 1440 ἀνοσίοις
1251 1410 1400 1445 αἱρετικοῖς
1410 1409 1616 1441 συναυλίζεσθαι
1628 1409 1727 1443 φιλεῖν;
1737 1410 1782 1436 καὶ
1792 1409 1840 1444 τῆς

1054 1455 1120 1490 πρὸς
1134 1455 1253 1485 ἐκείνους
1267 1455 1426 1490 ἀντέχεσθαι
1450 1456 1600 1487 κοινωνίας.
1617 1456 1688 1488 Ἐξω
1701 1456 1753 1491 γὰρ
1767 1455 1840 1482 θύου·

214 1505 237 1532 si
255 1505 315 1539 quis
338 1512 400 1531 eum
423 1503 514 1538 impiis
529 1503 665 1531 haereticis
681 1503 806 1530 habitare
829 1506 1000 1533 consuescat,

1056 1509 1081 1527 σι
1096 1501 1143 1536 τῆς
1165 1501 1245 1534 ἁγίας
1261 1502 1373 1536 σκηνῆς,
1390 1501 1420 1527 τὸ
1439 1502 1503 1536 περὶ
1519 1502 1567 1536 τῆς
1587 1502 1736 1538 ἁμαρτίας,
1750 1503 1800 1529 οὐκ
1814 1503 1840 1528 ἐν

214 1557 297 1585 seque
326 1550 448 1584 ipsorum
465 1549 589 1576 societati
601 1550 757 1588 conjungat.
773 1548 879 1583 Quippe
890 1548 937 1582 qui
953 1556 1003 1575 ex-

216 1599 257 1622 tra
280 1596 488 1622 tabernaculum
509 1600 635 1622 sanctum
653 1594 795 1621 immolent
817 1602 867 1628 pro
880 1598 1002 1628 peccato,

215 1649 266 1668 nec
286 1641 313 1667 in
332 1641 399 1668 locis
414 1641 516 1668 sanctis
528 1645 652 1668 sanctum
665 1640 811 1667 conﬁciant
827 1640 1001 1667 sacrificium.

215 1687 272 1714 Una
293 1687 367 1713 enim
393 1691 434 1714 est
458 1687 589 1719 Ecclesia,
615 1686 686 1713 sicut
711 1690 738 1713 et
762 1686 826 1713 olim
851 1686 902 1712 fuit
919 1694 1003 1712 unum

217 1732 359 1766 templum,
378 1739 518 1765 unumque
539 1731 746 1757 tabernaculum
774 1730 847 1765 quod
874 1722 1006 1758 Ecclesim'

216 1777 377 1812 dignitatem
400 1775 479 1811 quasi
497 1777 524 1803 in
543 1777 612 1812 typis
632 1776 861 1811 przemonstravit.
877 1775 1004 1803 Immola-

217 1823 310 1850 bimus
329 1823 411 1858 igitur
425 1830 476 1850 nos
492 1830 542 1857 pro
555 1827 668 1857 peccato
688 1822 714 1849 in
732 1822 802 1848 atrio
817 1825 921 1852 sancto,
938 1821 1004 1848 ede-

217 1874 332 1901 musque
350 1867 383 1894 de
403 1867 531 1893 carnibus
546 1867 660 1898 sanctis,
682 1866 735 1893 hoc
753 1871 804 1898 est,
824 1866 944 1902 mystica:
958 1866 1006 1894 bc-

217 1913 383 1940 nedictionis
408 1913 555 1948 participes
582 1908 644 1940 facti
670 1912 911 1940 sanctificabimur.
928 1913 1005 1946 Quod

219 1959 306 1994 ipsum
323 1963 439 1986 testatur
457 1959 501 1985 lex
517 1965 580 1986 cum
596 1958 653 1985 ait:
681 1967 689 1983 ι
708 1957 870 1993 Quicunque
886 1959 1006 1994 tetigerit

218 2005 253 2032 de
280 2005 411 2032 carnibus
436 2004 523 2039 ipsius
549 2004 765 2031 sanctiﬁcahitur
793 2004 825 2031 “.
845 2014 854 2030 ι
881 2003 952 2037 Quin
979 2008 1006 2032 et

219 2049 340 2084 aspersio
351 2049 490 2084 sanguinis
502 2048 535 2076 de
549 2049 602 2076 hoc
613 2049 749 2076 sacriﬁcio
760 2049 834 2084 paris
845 2049 955 2077 virtutis
964 2055 1006 2077 est

219 2095 252 2122 ad
278 2096 419 2131 mysticam
445 2095 675 2122 benedictionem.
701 2096 819 2122 Rursum
846 2095 918 2122 enim
948 2096 1004 2123 ait:

224 2151 233 2166 ι
246 2141 469 2176 Quandocunque
480 2148 621 2175 aspersum
633 2140 716 2167 fuerit
726 2140 760 2167 de
775 2141 905 2175 sanguine
921 2141 1007 2176 ipsius

1055 1546 1147 1577 τόποις
1167 1546 1255 1580 ἁγίοις
1278 1546 1326 1581 τὴν
1351 1547 1425 1582 ἱερὰν
1439 1546 1545 1573 τελοῦσι
1557 1547 1662 1575 θυσίαν.
1681 1548 1738 1575 Μία
1755 1548 1840 1583 γὰρὴ

1062 1592 1218 1627 Ἐκκλησία,
1251 1592 1323 1618 καθὰ
1352 1593 1400 1619 καὶ
1422 1594 1435 1619 ὁ
1461 1593 1546 1619 πάλαι
1569 1593 1643 1625 ναὸς,
1662 1593 1711 1629 μία
1723 1593 1751 1620 δὲ
1767 1594 1842 1628 καὶὴ

1056 1638 1154 1673 σκηνὴ,
1169 1638 1217 1673 τῆς
1239 1638 1403 1673 Ἐκκλησίας
1426 1639 1456 1665 τὺ
1479 1640 1577 1671 κάλλος
1593 1640 1631 1672 ὠς
1647 1641 1675 1666 ἐν
1694 1641 1787 1672 τύποις
1803 1641 1842 1667 ἔτι

1056 1685 1307 1718 προαναφαίνουσα.
1322 1685 1446 1720 Θύσομεν
1461 1686 1550 1712 τοίνυν
1563 1687 1641 1721 ἡμεῖς
1654 1686 1684 1713 τὸ
1698 1687 1746 1721 τῆς
1758 1688 1842 1723 ἁμαρ-

1055 1730 1125 1761 τίας,
1141 1730 1177 1761 ὡς
1203 1731 1232 1756 ἐν
1250 1731 1317 1766 αὐλῇ
1344 1731 1420 1766 ἁγία,
1452 1732 1499 1758 καὶ
1524 1732 1665 1767 φαγόμεθα
1681 1733 1733 1759 τῶν
1759 1734 1843 1767 ἁγίων

1055 1775 1159 1810 κρεῶν,
1179 1776 1313 1809 τουτέστι,
1332 1776 1383 1811 τῆς
1404 1777 1539 1812 μυστικῆς
1573 1777 1698 1812 εὐλογίας
1724 1779 1752 1804 ὲν
1783 1779 1844 1813 μεθ-

1055 1820 1110 1853 έξει
1120 1821 1262 1854 γεγονότες
1271 1821 1504 1856 ἁγιασοησόμεθα.
1515 1822 1573 1848 Καὶ·
1579 1823 1704 1858 μαρτυρή
1710 1832 1749 1849 σει
1758 1823 1842 1858 λέγων

1055 1866 1069 1892 ὁ
1085 1866 1182 1900 νόμος·
1201 1876 1210 1892 ‹
1223 1866 1279 1897 Πᾶς
1294 1867 1308 1892 ό
1324 1867 1476 1902 ἁπτόμενος
1484 1868 1539 1894 τῶν
1555 1868 1642 1903 κρεῶν
1653 1869 1748 1903 αὐτῆς,
1764 1869 1843 1903 ἀγιαα

1057 1911 1194 1947 σθήσεται.
1210 1921 1220 1938 ι
1249 1912 1319 1938 Ἀλλ’
1335 1911 1408 1939 ἐστιν
1438 1913 1578 1949 ίσοσθενὴς
1595 1915 1635 1946 είς
1651 1915 1784 1950 μυστικὴν
1798 1915 1842 1942 εὑ-

1056 1957 1149 1992 λογίαν
1185 1958 1234 1984 καὶ
1262 1959 1276 1984 ὁ
1302 1959 1448 1994 ραντισμὸς
1473 1959 1518 1986 τοῦ
1544 1961 1657 1996 αἵματος
1671 1962 1720 1997 τῆς
1737 1961 1840 1994 θυσίας.

1059 2005 1130 2040 Ἔφη
1148 2005 1202 2040 γὰρ
1219 2005 1315 2032 πάλιν
1334 2006 1408 2032 «Καὶ
1423 2003 1444 2039 ᾧ
1461 2006 1492 2033 ἂν
1510 2007 1706 2043 ὲπιρῤαντισοῇ
1722 2009 1775 2035 ἀπὸ
1796 2008 1841 2035 τοῦ

1056 2051 1172 2086 αἵματος
1192 2051 1288 2086 αὐτῆς,
1312 2052 1358 2078 ἐπὶ
1376 2052 1406 2078 τὸ
1432 2053 1538 2087 ἱμάτιον
1555 2053 1568 2079 ὃ
1583 2053 1630 2080 ἐὰν
1649 2053 1778 2090 ραντισθῇ
1801 2055 1842 2081 ἐπ’

1057 2096 1140 2131 αὐτῷ,
1159 2096 1341 2131 πλυνθήσεται
1356 2098 1384 2123 ὲν
1399 2097 1472 2133 τόπῳ
1487 2098 1566 2133 ἁγίῳ.
1581 2108 1589 2124 ι
1609 2099 1664 2125 Καὶ
1675 2099 1701 2125 τί
1713 2100 1742 2126 τὸ
1756 2101 1842 2136 παρά-

1057 2142 1141 2176 δοξον,
1166 2143 1190 2168 εἰ
1206 2142 1236 2168 τὸ
1254 2142 1361 2176 λογικὸν
1379 2143 1485 2178 ἁγιάζει
1512 2145 1590 2176 ζῶον,
1608 2145 1680 2180 φημὶ
1693 2145 1725 2181 δὴ
1743 2146 1789 2172 τὸν
1802 2146 1842 2172 ἄν-

220 2196 302 2222 super
318 2188 522 2219 vestimentum,
545 2187 727 2221 quodcunque
749 2193 890 2220 aspersum
911 2187 1000 2220 fuerit,

1058 2189 1175 2223 θρωπον,
1191 2189 1234 2215 ὅτε
1254 2189 1301 2215 καὶ
1323 2189 1393 2215 αὐτὰ
1412 2190 1445 2216 τὰ
1460 2190 1526 2226 πρὸς
1541 2191 1690 2227 ὑπουργίαν
1705 2191 1753 2227 τὴν
1771 2192 1842 2227 ἱερὰν

221 2234 247 2261 id
267 2234 402 2260 lavabitur
419 2233 446 2260 in
463 2234 524 2260 leco
535 2238 630 2260 saneto
647 2232 681 2258 ".
698 2241 707 2257 ›
721 2232 754 2259 Et
764 2231 829 2266 quid
842 2232 941 2259 mirum
954 2237 1004 2266 est,

223 2279 245 2306 si
262 2280 361 2306 animal
373 2279 478 2307 ratione
492 2278 635 2314 prmditum
644 2277 839 2310 sanctiﬁcetur,
854 2278 946 2312 homo,
964 2279 1007 2306 in-

222 2333 314 2360 quam,
339 2333 402 2352 cum
427 2330 455 2351 et
469 2325 527 2359 ipsa
543 2331 606 2351 vasa
622 2331 681 2358 qua:
698 2323 731 2350 ad
745 2323 927 2351 ministerium
944 2332 1008 2351 san-

222 2375 297 2397 ctum
323 2370 446 2397 adhibita
471 2373 545 2402 sunt,
571 2369 668 2396 eodem
700 2373 728 2396 et
764 2369 876 2404 quidem
909 2378 1009 2398 conve-

222 2416 309 2443 nienti
327 2415 408 2442 modo
429 2414 657 2442 sanctiﬁcentur?
678 2414 796 2450 Ideoque
822 2423 872 2442 nec
886 2416 912 2442 in
928 2424 1008 2444 usum

222 2467 395 2487 communem
417 2463 625 2491 convertuntur,
642 2459 689 2486 sed
711 2460 835 2494 quaadam
858 2461 1009 2489 abluuntur

221 2515 256 2534 ex
279 2507 354 2541 ipsis,
374 2506 497 2541 quaadam
524 2505 741 2541 confringuntur.
769 2505 834 2539 Quae
857 2507 929 2534 enim
953 2508 1008 2536 Deo

222 2557 288 2580 sunt
298 2552 431 2585 dedicata,
444 2551 580 2586 quomodo
593 2551 626 2578 ad
639 2552 773 2579 humanos
785 2559 851 2579 usus
864 2553 1008 2580 traducan-

222 2597 293 2624 tur?
314 2597 392 2630 Quod
418 2602 509 2624 autem
538 2597 695 2624 communio
722 2597 845 2624 carnium
877 2599 1005 2626 sacrilicii

221 2641 301 2678 352
321 2642 356 2669 sit
380 2646 482 2675 sancta,
497 2649 548 2670 nec
563 2643 624 2670 aliis
637 2643 791 2675 conveniat,
807 2644 859 2671 nisi
870 2645 957 2672 solum
972 2645 1006 2673 iis

221 2687 269 2722 qui
294 2695 444 2723 repugnare
467 2688 554 2715 solent
575 2688 704 2723 peccatis,
724 2688 842 2723 fortique
867 2690 957 2717 animo
971 2691 1004 2718 ad

221 2733 351 2760 virtutem
367 2733 546 2766 contendunt,
559 2733 727 2769 signiﬁcatur
738 2734 781 2762 his
794 2735 885 2763 verbis
897 2745 903 2762 :
919 2745 927 2761 ι
942 2736 1005 2764 οη]-

259 2823 279 2839 "
296 2822 382 2852 lCor.
401 2833 419 2858 ι,
436 2825 462 2852 2.
501 2826 521 2841 "
541 2827 627 2854 chit.
644 2835 680 2859 vr,
699 2827 741 2854 26.
781 2828 802 2843 ³¹
824 2828 892 2855 Ibid.

944 2829 965 2845 ἰ
980 2829 1067 2857 chit.
1087 2829 1168 2864 17,3,
1185 2830 1211 2858 ι.

1055 2235 1267 2270 παρειλημμένα
1281 2235 1334 2261 τῶν
1354 2236 1468 2268 σκευῶν,
1486 2236 1613 2272 ἠγιάζετο
1636 2237 1707 2264 κατὰ
1732 2238 1776 2265 τδν
1797 2239 1860 2267 αὺε⁴

1055 2281 1111 2311 τοῖς
1126 2288 1177 2306 που
1197 2280 1303 2311 πάντως
1318 2281 1457 2315 πρέπντα
1472 2282 1588 2316 τρόποις
1604 2281 1736 2318 Ταύτῃτοι
1750 2283 1797 2308 καὶ
1806 2283 1842 2313 εἰς

1057 2325 1148 2361 κοινὴν
1162 2326 1191 2352 οῦ
1207 2325 1454 2362 παραλαμϐάνεται
1467 2327 1570 2362 χρείαν.
1589 2327 1638 2354 Διὰ
1651 2328 1730 2354 τοῦτο
1741 2329 1775 2354 τὰ
1795 2328 1842 2363 μὲν

1057 2371 1219 2398 ὲκπλύνεται
1233 2371 1287 2397 τῶν
1310 2372 1424 2403 σκευῶν,
1440 2373 1475 2398 τὰ
1493 2373 1521 2400 δὲ
1535 2373 1722 2409 συνθραύεται.
1736 2374 1776 2400 Τὰ
1792 2374 1842 2410 γὰρ

1058 2418 1114 2449 τοῖς
1143 2417 1225 2450 Θείοις
1248 2417 1502 2454 λελειτουργηκότα,
1525 2419 1583 2451 πῶς
1603 2419 1636 2446 ἂν
1652 2420 1759 2447 καλοῖτο
1778 2421 1843 2456 πρὸς

1059 2462 1093 2488 τὰ
1109 2461 1283 2498 ἀνθρώπινα;
1299 2463 1361 2489 Ὅτι
1382 2463 1410 2489 δέ
1429 2465 1487 2490 ἐστι
1509 2464 1564 2490 τῶν
1579 2465 1627 2500 τῆς
1647 2464 1742 2496 θυσίας
1757 2465 1843 2500 κρεῶν

1059 2508 1228 2544 ἁγιοπρεπὴς
1241 2509 1257 2544 ὴ
1274 2509 1450 2544 μέθεξις,καὶ
1464 2510 1512 2536 οὐκ
1528 2510 1560 2537 ἂν
1568 2510 1672 2545 ἑτέροις
1687 2511 1842 2546 ἁρμόσειεν,

1058 2553 1128 2589 πλὴν
1148 2554 1188 2580 δτι
1211 2554 1244 2589 δὴ
1268 2555 1359 2589 μόνοις
1384 2556 1440 2586 τοῖς
1467 2555 1517 2590 τῆς
1542 2555 1681 2591 ἁμαρτίας
1702 2555 1843 2582 καταθλείν

1059 2598 1167 2625 εἰωθόσι
1186 2599 1234 2625 καὶ
1256 2599 1457 2635 ἀνδριζομένοις
1475 2602 1514 2633 είς
1537 2601 1647 2637 ἀρετὴν,
1676 2601 1841 2638 ὑπεσήμαινε

1059 2645 1145 2679 λέγων
1157 2654 1164 2660 ·
1184 2654 1193 2670 ι
1206 2646 1263 2672 Πᾶν
1279 2646 1361 2682 ἄρσεν
1380 2647 1408 2673 ὲν
1428 2648 1484 2679 τοῖς
1501 2647 1604 2682 ἱερεῦσι
1629 2648 1744 2683 φάγεται
1765 2648 1841 2676 αὑτά.

1059 2692 1142 2726 Ἀγια
1163 2692 1248 2726 ἁγίων
1268 2693 1327 2719 ἐστὶ
1346 2693 1451 2728 Κυρίῳ.
1465 2702 1474 2718 ι
1497 2693 1558 2729 Ἆρ’
1577 2691 1639 2727 οὖν,
1656 2695 1716 2721 είπέ
1737 2703 1792 2730 μοι,
1816 2693 1840 2720 τὲ

1057 2737 1124 2773 θῆλυ
1137 2739 1216 2772 γένος
1233 2738 1377 2766 ἀποσοϐεῖν
1391 2740 1406 2766 ὁ
1422 2740 1503 2774 νόμος
1518 2740 1567 2776 τῆς
1586 2741 1713 2776 εὐλογίας
1733 2741 1840 2777 προστέ-

1250 2831 1272 2846 ²¹
1286 2831 1371 2858 Exod.
1385 2839 1422 2863 vt,
1437 2831 1482 2858 27.
1521 2831 1543 2847 ³¹
1563 2831 1632 2859 Ibid.
1646 2831 1690 2858 28.
