1998 3062
149 175 219 205 1⁵205

778 170 814 198 lN
834 169 996 198 PSALMUM
1015 168 1143 196 LXXXII.

1720 172 1784 198 Ιὲίῗίί

125 264 135 273 κ
149 232 232 264 θεοὺς
243 231 272 259 δὲ
286 231 367 260 πάλιν
382 232 463 268 φησὶν
475 233 536 265 τοὺς
551 231 600 258 οὐκ
620 230 698 262 ὄντας
715 231 765 265 μὲν
779 233 858 259 τοῦτο
871 231 942 259 κατὰ

1007 230 1062 257 ales
1077 238 1131 258 non
1150 234 1222 262 sunt,
1239 229 1287 257 sed
1309 227 1347 256 ita
1358 229 1480 263 gratiose
1495 230 1625 258 nominati
1644 240 1650 257 :
1665 238 1781 266 quorum

151 277 290 312 ἀλήθειαν,
311 277 520 314 ὠνομασμένους
549 278 576 305 δὲ
605 276 676 304 οὕτω
699 278 772 304 κατὰ
791 278 888 313 χάριν·
903 274 941 304 ὧν

150 321 198 347 καὶ
212 323 227 348 ὁ
241 322 378 356 πάνσοφος
394 323 500 354 Παῦλος
515 323 726 359 διαμνημονεύει
748 323 850 358 λέγων’
865 333 874 350 ι
886 324 942 350 Καὶ

150 366 206 402 γάρ
219 366 298 402 εἴπερ
311 367 379 394 εἰσὶν
394 368 535 403 λεγόμενοι
550 368 607 396 Θεοὶ
630 369 677 395 καὶ
699 368 788 404 κύριοι
807 368 899 395 πολλοὶ
913 368 942 396 ἐν

152 421 183 439 τε
202 412 310 448 οὐρανῷ
329 414 377 440 καὶ
401 414 447 440 ἐπὶ
474 415 522 450 τῆς
546 415 606 450 γῆς,
625 415 681 442 ἀλλ’
694 416 759 450 ἡμῖν
783 412 823 446 εἷς
845 414 909 446 Θεὸς
928 414 942 440 ὁ

158 459 264 494 Πατὴρ,
279 459 310 492 ἐξ
322 456 351 486 οὗ
367 459 401 486 τὰ
418 460 516 492 πάντα,
531 461 578 487 καὶ.
596 461 676 495 ἡμεῖς
688 460 717 494 ἐξ
733 459 829 487 αὐτοῦ’
844 460 890 486 καὶ
903 457 944 491 εἷς

154 505 256 540 Κύριος
277 506 378 540 Ἰησοῦς
392 506 518 542 Χριστὸς,
538 507 571 533 δι’
587 504 618 534 οὗ
633 507 667 534 τὰ
689 507 786 540 πάντα,
795 500 846 533 καὶ
863 507 943 542 ἡμεῖς

155 550 189 577 δι’
208 550 301 578 αὑτοῦ.
317 560 326 576 ι
347 551 423 578 Εἰσὶν
447 550 492 579 οὖν
516 553 570 588 ἄρα
594 553 665 585 τινὲς
688 553 759 579 κατὰ
780 553 860 588 χάριν
877 552 945 579 ὠνο-

159 597 294 632 μασμένοι
311 597 377 624 θεοί.
393 598 448 625 Καὶ
465 597 530 632 γοῦν
544 599 652 636 εῐρηται
666 599 714 626 καὶ
733 599 800 635 πρὸς
815 599 887 634 ἡμᾶς
903 598 946 626 διὰ

157 643 206 678 (ἧς
218 642 265 670 τοῦ
279 643 434 676 Ψάλλοντος
449 644 542 679 φωνῆς
551 653 558 660 ·
579 655 588 671 ι
608 645 679 679 Ἐγὼ
697 643 761 672 εἶπα
774 653 782 660 '
795 645 857 672 Θεοί
872 646 945 678 ἐστε,

158 687 205 715 καὶ
222 688 275 714 υἱοὶ
298 688 426 723 Ὑψίστου
442 689 552 720 πάντες.
562 699 571 715 ι
592 689 659 721 Θεὸς
670 687 716 716 οὖν
737 689 866 725 ὑπάρχων
881 689 948 724 ἀλη-

159 733 241 765 Θινδς,
265 734 279 760 ό
307 734 453 770 μονογενὴς
470 734 517 762 τοῦ
541 734 610 762 Θεοῦ
631 735 726 770 Λόγος,
747 735 812 771 ἔστη
833 736 861 762 ἐν
886 743 948 762 συν-

159 779 252 812 αγωγῇ
280 777 358 806 θεῶν.
383 780 438 806 Καὶ
463 779 547 807 ποίων
566 780 619 816 ἄρα
645 781 728 814 θεῶν;
750 781 810 808 Τῶν
832 781 877 808 διὰ
899 781 948 816 τῆς

160 822 308 857 ἱερωσύνης
325 822 433 859 ἀξίωμα
446 826 479 860 τῇ
491 825 537 852 τοῦ
557 825 624 852 Θεοῦ
638 826 732 862 κλήσει
748 826 947 862 τετιμημένων.

160 866 237 893 Οὕτω
254 867 307 902 γὰρ
323 868 422 900 αὐτοὺς
436 870 484 896 καὶ
508 870 522 896 ὁ
554 870 660 903 Παῦλος
689 871 816 907 ὀνομάζει
844 871 947 907 λέγων’

162 921 172 938 ι
185 912 268 944 Θεοὺς
283 913 312 939 οὐ
333 914 541 951 κακολογήσεις,
561 916 608 943 καὶ
626 917 745 952 ἄρχοντα
755 917 801 944 τοῦ
815 917 880 945 λαοῦ
899 924 945 945 σου
965 909 986 936 Β

160 958 210 985 οὐκ
228 958 302 994 ἐρεῖς
315 959 417 991 κακῶς.
429 969 438 985 ι

214 1015 302 1051 [Ἐγὼ
313 1017 395 1044 εἶπα·
413 1018 480 1045 Θεοί
494 1018 574 1051 ἐστε,
591 1020 640 1047 καὶ
661 1022 719 1048 υἱοὶ
738 1021 895 1056 Ὑψίστου.

206 1072 315 1109 Ἐπειδὴ
332 1074 388 1109 γὰρ
409 1075 462 1101 υἱοὶ
484 1076 637 1111 γεγόναμεν
662 1077 756 1110 αὑτοῦ,
774 1077 821 1105 ἄιε
834 1078 881 1105 τὸν
900 1078 951 1114 φύ-

165 1125 206 1144 σει
219 1118 266 1144 καὶ
282 1118 368 1154 ἀληθῆ
383 1119 446 1147 raw
463 1120 591 1153 λαϐόντες
610 1123 651 1154 είς
668 1123 730 1150 νοῦν
746 1123 790 1151 διὰ
805 1124 853 1150 τοῦ
873 1124 952 1159 ἁγίου

163 1162 332 1198 Πνεὺματος,
345 1165 388 1192 διὰ
401 1165 480 1193 τοῦτο
494 1167 541 1194 καὶ
555 1168 728 1203 τετιμήμεθα
743 1171 776 1204 τῇ
791 1170 887 1205 κλήσει
906 1171 954 1198 καὶ

164 1208 363 1245 ὠνομάσϐημεν
374 1210 442 1245 θεοὶ,
461 1212 550 1239 καίτοι
564 1214 634 1240 κατὰ
650 1214 731 1248 φύσιν
741 1215 791 1241 οὑκ
804 1214 880 1247 ὄντες
893 1216 955 1242 τοῦ-

163 1262 205 1287 το,
221 1254 290 1282 ἀλλὰ
309 1256 393 1292 τιμῆς
415 1257 497 1285 ἕνεκα
519 1259 567 1285 καὶ
582 1259 671 1293 δόξης.
688 1260 761 1295 Πλὴν
777 1261 800 1287 εί
816 1261 862 1288 καὶ
878 1261 956 1296 λεγό-

168 1299 237 1335 μεθα
254 1301 319 1335 θεοὶ,
337 1302 395 1330 ἀλλ’
407 1300 448 1335 εἷς
465 1305 523 1331 ἐστι
536 1305 616 1340 φύσει
631 1306 678 1333 καὶ
686 1306 806 1343 ἀληθῶς,
823 1309 871 1334 καὶ
889 1308 955 1336 ἐπά-

165 1355 203 1373 νω
215 1347 322 1375 πάντων
332 1357 338 1364 ·
360 1350 441 1385 ἡμεῖς
451 1350 480 1378 δὲ
499 1352 570 1378 κατὰ
581 1351 701 1388 μέθεξιν,
715 1353 753 1386 ὡς
769 1353 863 1389 EQ;an

448 1489 596 1517 ΨΑΛΜΟΣ
614 1491 677 1519 ΠΒ’.

327 1544 418 1582 [Ἰδοὺ
433 1548 460 1573 ol
473 1546 575 1581 ἐχθροί
586 1555 644 1576 σου
661 1547 793 1583 ἤχησαν.

992 277 1075 304 etiam
1086 276 1304 311 sapientissimus
1317 275 1420 303 Paulus
1430 276 1555 303 meminit
1565 276 1658 303 dicens
1672 285 1678 302 :
1694 286 1702 301 ι
1713 276 1783 304 Nam

992 322 1099 350 etiamsi
1110 322 1189 349 multi
1200 327 1264 349 sunt
1273 322 1320 356 qui
1331 321 1369 349 dii
1379 322 1511 349 dicuntur
1525 326 1552 349 et
1567 322 1670 349 domini
1682 327 1738 349 tum
1753 322 1782 349 in

993 368 1063 395 cmlo
1074 371 1130 395 tum
1141 367 1222 394 etiam
1234 367 1262 394 in
1275 372 1359 398 terra,
1375 367 1456 394 nobis
1473 371 1564 394 tamen
1575 374 1645 394 unus
1655 371 1697 394 est
1709 367 1783 394 Deus

994 413 1084 444 Pater,
1096 421 1129 441 ex
1142 421 1197 448 quo
1206 412 1308 445 omnia,
1320 417 1348 440 ct
1359 421 1410 440 nos
1420 421 1454 440 ex
1469 414 1528 448 ipso
1541 422 1547 439 :
1561 417 1589 439 et
1602 420 1673 439 unus
1688 412 1782 439 Domi-

994 466 1048 486 nus
1065 458 1144 486 Jesus
1161 458 1297 490 Christus,
1321 466 1369 493 per
1383 466 1466 493 quem
1487 459 1594 490 omnia,
1608 462 1637 485 et
1659 465 1709 485 nos
1733 465 1782 492 per

996 505 1085 539 ipsum
1096 505 1127 531 δ’.
1147 514 1156 530 ι
1187 504 1257 532 Sunt
1283 504 1366 540 igitur
1388 504 1513 531 nonnulli
1536 504 1653 539 gratiose
1677 508 1783 531 tantum

996 551 1129 578 nominati
1151 550 1200 578 dii.
1231 551 1321 585 Quare
1335 551 1414 578 nobis
1437 558 1546 586 quoque
1571 551 1675 578 dictum
1698 556 1741 578 est
1768 559 1784 578 a

997 596 1141 624 Psalmista
1159 605 1165 623 2
1182 606 1191 622 ‹
1209 596 1266 632 Ego
1278 597 1335 624 dixi
1354 605 1361 623 :
1379 597 1422 623 Dii
1434 596 1511 629 estis,
1531 600 1559 624 ct
1579 596 1628 623 ﬁlii
1650 597 1784 624 Altissimi

998 650 1094 670 omnes
1106 642 1139 669 “.
1160 652 1170 668 ι
1192 643 1265 671 Deus
1280 632 1347 679 ergo
1360 650 1452 675 verus,
1467 643 1639 678 unigenitum
1655 643 1703 670 Dei
1719 643 1786 670 Ver-

998 688 1079 721 bum,
1097 689 1125 715 in
1139 696 1273 724 synagoga
1291 689 1368 717 stetit
1379 689 1505 716 deorum.
1521 688 1710 722 Quorumnam
1720 696 1786 715 vero

1000 734 1135 763 deorum?
1150 734 1253 769 Nempe
1271 742 1369 763 eorum
1385 735 1443 770 qui,
1460 734 1495 762 ob
1508 734 1653 762 sacerdotii
1671 734 1788 769 dignita~

1001 784 1067 813 tem,
1083 781 1131 817 Dei
1141 781 1222 809 titulo
1239 781 1367 809 honorati
1379 786 1452 809 sunt.
1472 781 1517 809 Sic
1535 782 1608 809 enim
1620 781 1671 809 hos
1687 781 1788 808 Paulus

1001 833 1110 861 quoque
1135 832 1277 862 nuncupat
1293 827 1406 854 dicens:
1424 837 1433 853 ι
1449 827 1508 854 Diis
1531 834 1588 854 non
1609 826 1786 858 obtrectabis,

1003 880 1092 908 neque
1110 873 1229 908 principi
1242 873 1337 908 populi
1349 873 1504 901 convicium
1515 872 1598 900 facies
1609 872 1646 895 “v
1657 884 1667 902 ι

1070 1019 1148 1046 Vers.
1167 1017 1193 1045 6.
1210 1017 1279 1054 [Ego
1292 1017 1346 1044 dixi
1358 1025 1366 1044 :
1379 1016 1423 1044 Dii
1435 1017 1506 1049 estis,
1520 1021 1543 1042 et
1561 1015 1611 1050 ﬁlii
1623 1015 1737 1042 Emeisi.

1039 1075 1107 1103 Cum
1127 1075 1200 1102 enim
1223 1075 1283 1109 ejus
1304 1073 1351 1101 lilii
1369 1073 1432 1101 facti
1455 1073 1560 1105 simus,
1586 1077 1679 1108 utpote
1694 1075 1792 1099 natura

1003 1122 1155 1157 Verumque
1178 1121 1278 1148 Filium
1296 1120 1324 1147 in
1341 1124 1433 1147 mente
1450 1127 1499 1154 per
1519 1119 1651 1154 Spiritum
1668 1123 1792 1146 sanetum

1004 1168 1196 1203 suscipientes,
1215 1166 1320 1194 idcirco
1337 1166 1420 1194 etiam
1432 1165 1492 1200 ejus
1505 1165 1689 1200 appellatione
1704 1164 1792 1190 hono—

1005 1213 1058 1240 rati
1079 1219 1175 1240 sumus
1199 1219 1231 1239 ac
1250 1211 1288 1238 dii
1307 1210 1469 1245 uuucupati,
1488 1209 1552 1237 licet
1568 1209 1622 1236 hoc
1644 1217 1677 1236 ex
1695 1211 1794 1235 natura

1005 1265 1061 1284 non
1070 1264 1202 1288 essemus,
1214 1255 1261 1283 sed
1274 1260 1386 1290 propter
1402 1255 1534 1282 honorem
1549 1261 1581 1280 ac
1598 1253 1722 1288 gloriam.
1740 1252 1794 1279 Vc-

1006 1306 1161 1330 rumtamen
1174 1301 1239 1329 licet.
1260 1301 1298 1328 dii
1315 1308 1456 1332 vocemur,
1473 1299 1654 1327 nihilominus
1668 1306 1739 1326 unus
1753 1302 1795 1325 est

1006 1351 1105 1375 natura
1116 1355 1149 1374 ac
1163 1354 1258 1374 revera
1270 1345 1344 1378 talis,
1357 1345 1403 1380 qui
1420 1349 1448 1372 ct
1466 1352 1548 1380 super
1563 1351 1659 1372 omnes
1676 1347 1734 1376 est;
1745 1351 1795 1370 nos

1007 1397 1098 1421 autent
1122 1401 1172 1428 per
1196 1391 1453 1428 participationem,
1470 1391 1510 1418 uti
1528 1390 1594 1418 dixi.
1608 1406 1642 1410 —
1662 1390 1704 1417 Ex
1732 1388 1797 1417 Cor-

1008 1438 1089 1465 derio.
1103 1437 1113 1474 ]

1255 1494 1411 1523 PSALMUS
1427 1493 1557 1521 LXXXII.

1136 1552 1214 1579 Vers.
1230 1551 1256 1577 3.
1271 1549 1351 1586 [Ecce
1364 1550 1462 1577 inimici
1475 1550 1514 1577 tui
1524 1553 1683 1576 sonuerunt.

208 1601 273 1629 Ἰδοὺ
288 1602 381 1638 ἕτερον
395 1601 463 1635 εἶδος
479 1605 529 1639 τῆς
545 1605 613 1640 πρὸς
627 1605 692 1632 Θεὸν
706 1606 806 1641 ἔχθρας
819 1607 833 1633 ὁ
844 1607 953 1643 Προφή-

1043 1605 1114 1632 Ecce
1145 1605 1226 1632 aliam
1258 1604 1303 1631 hic
1328 1604 1463 1639 Propheta
1491 1604 1641 1631 inimicitia:
1666 1603 1797 1630 adversus

169 1655 219 1683 της
229 1648 345 1681 ἐξέθετο.
361 1650 393 1676 Ol
407 1649 460 1685 γὰρ
477 1650 516 1686 τῷ
523 1650 582 1686 λαῷ
592 1651 638 1678 τοῦ
648 1651 716 1678 Θεοῦ
732 1653 778 1679 καὶ
796 1654 852 1684 τοῖς
868 1653 955 1688 ἁγίοις

134 1720 139 1724 _
170 1694 369 1730 ἐχθραίνοντες,
396 1695 466 1730 πρὸς
488 1696 569 1723 αὐτὸν
597 1697 630 1724 ἂν
656 1697 794 1733 αἱροῦνται
821 1699 953 1735 πόλεμον·

170 1735 256 1776 οὕπερ
268 1740 366 1767 ἐκεῖνοι
384 1740 472 1768 δοῦλοι
487 1742 534 1769 καὶ
547 1743 641 1769 οἰκεῖοι
658 1742 730 1770 φίλοι
743 1744 930 1778 τυγχάνουσιν,
943 1744 954 1780 ]

205 1828 273 1864 [Καὶ
288 1829 330 1861 τίς
352 1829 424 1856 κατὰ
439 1829 507 1857 Θεοῦ
523 1829 720 1865 βουλεύσασθαι
737 1840 763 1858 τι
779 1832 796 1867 ἢ
817 1832 956 1860 διαθέσθαι

169 1877 187 1910 ἢ
203 1875 250 1902 καὶ
265 1875 334 1907 ὅλως
353 1876 549 1912 φαντασθῆναι,
566 1877 612 1904 τοῦ
625 1877 662 1913 μὴ
681 1877 760 1913 μόνον
774 1878 877 1913 ὕψεσιν,
889 1879 958 1906 ἀλλὰ

172 1920 217 1948 tu!
231 1921 371 1956 λογισμοῖς
386 1921 533 1958 ἀπροσίτου
554 1922 714 1958 δυνήσεται;
737 1923 806 1954 Ἀλλ’
818 1924 906 1960 ἐαυτῷ
925 1925 958 1952 τὰ

172 1966 226 1992 ’τῶν
247 1967 287 1998 εις
308 1967 407 1999 αὐτοὺς
431 1967 599 1994 πεποιθότων
619 1965 772 2001 λογίζεται·
789 1970 837 1995 καὶ
863 1969 967 1997 τούτου¹

172 2010 253 2046 χάριν
276 2010 305 2038 αί
329 2011 389 2037 κατ’
411 2011 523 2038 ἐκείνων
550 2012 693 2039 ἐπιϐουλαὶ
720 2015 780 2040 κατ’
806 2014 889 2041 αὐτοῦ
911 2015 959 2042 τοῦ

173 2055 252 2088 Θεοῦ,
266 2056 304 2089 ὡς
318 2056 419 2092 πατρὸς
433 2056 487 2084 τῶν
507 2057 759 2093 ἐπιϐουλευομένων
779 2060 826 2086 καὶ
841 2061 960 2096 προστά-

173 2111 219 2129 του
233 2103 282 2130 καὶ
295 2103 443 2138 κηδεμόνος
453 2103 586 2138 λέγονται.
601 2119 637 2124 -
655 2105 734 2137 Τίνες
749 2106 777 2133 δέ
793 2106 818 2134 οί
838 2106 888 2139 τὰς
904 2108 961 2134 ἐπι-

174 2148 272 2181 δουλὰς
288 2148 466 2185 ἐργαζόμενοι
478 2150 528 2186 (1);

311 2206 343 2232 01
356 2205 520 2240 μισοῦντές
535 2213 572 2234 σε
588 2204 666 2241 ἦραν
675 2207 823 2242 κεφαλήν.

1008 1651 1094 1678 Deum
1106 1651 1225 1686 speciem
1244 1650 1380 1685 exposuit.
1396 1650 1462 1677 Nam
1480 1650 1526 1685 qui
1541 1651 1642 1685 populo
1651 1649 1699 1676 Dei
1715 1646 1797 1685 atque

1009 1696 1110 1723 sanctis
1130 1696 1255 1724 inimicos
1266 1703 1326 1723 sese
1338 1695 1478 1728 exhibent,
1494 1699 1587 1723 contra
1605 1695 1690 1722 Deum
1708 1694 1797 1729 ipsum

1009 1742 1111 1769 bellum
1134 1745 1259 1775 movent;
1284 1742 1362 1777 cujus
1377 1742 1416 1768 illi
1434 1741 1506 1769 servi
1522 1746 1604 1776 atque
1615 1741 1694 1768 amici
1708 1740 1797 1767 intimi

1010 1788 1154 1816 exsistunt.
1167 1803 1203 1807 -——
1214 1787 1256 1814 Ea:
1269 1786 1404 1814 Cordert'o.
1418 1786 1427 1822 ]

1047 1833 1102 1870 [Et
1114 1834 1178 1869 quis
1195 1833 1341 1860 consilium
1357 1840 1456 1868 capere
1471 1837 1517 1860 aut
1529 1832 1632 1868 aliquid
1648 1840 1797 1868 opponere,

1010 1879 1054 1907 vel
1068 1879 1150 1906 etiam
1168 1879 1280 1906 omnino
1296 1878 1439 1914 imaginari
1464 1878 1566 1913 poterit
1586 1882 1681 1905 contra
1701 1879 1798 1910 Deum,

1012 1925 1060 1960 qui
1081 1932 1136 1951 non
1164 1925 1253 1952 solum
1271 1924 1376 1956 oculis,
1401 1923 1448 1951 sed
1475 1923 1558 1950 etiam
1589 1922 1800 1959 cogitationibus

1012 1971 1171 1998 inaccessas
1182 1969 1246 1996 est?
1268 1969 1369 1995 Verum
1394 1969 1452 2003 ipse
1473 1969 1524 1995 sibi
1550 1969 1663 1996 assumit
1678 1969 1723 1996 illa
1739 1977 1801 2004 (μηδ

1013 2020 1106 2046 contra
1119 2015 1192 2050 ipsos
1204 2019 1305 2042 tentata
1317 2020 1396 2047 sunt;
1413 2018 1494 2049 atque
1503 2015 1605 2042 idcirco
1619 2015 1724 2043 insidiae
1735 2015 1802 2049 ipsis

1014 2065 1124 2089 structae
1139 2064 1234 2087 contra
1247 2060 1335 2094 ipsum
1347 2059 1433 2086 Deum
1442 2059 1579 2092 dicuntur,
1589 2065 1683 2095 utpote
1696 2064 1801 2095 patrem

1014 2113 1042 2135 et
1057 2110 1175 2134 tutorem
1188 2113 1219 2133 ac
1231 2109 1414 2140 protectorem
1432 2113 1529 2132 eorum
1544 2105 1590 2140 qui
1610 2106 1719 2141 injuriis
1743 2105 1801 2132 alli-

1015 2152 1224 2185 ciuntur.-Qui
1237 2156 1329 2179 autem
1343 2151 1457 2179 insidias
1468 2155 1577 2178 struunt
1585 2152 1676 2179 ?—Ea:
1686 2151 1801 2187 eodem]

1156 2207 1208 2240 Qui
1220 2207 1332 2234 aderunt
1349 2211 1384 2240 te,
1397 2211 1476 2242 caput
1495 2207 1654 2234 extulerunt.

211 2261 249 2307 (BA
265 2260 299 2307 1⁸.Δ
309 2261 361 2290 549
382 2261 410 2295 b,
426 2262 448 2290 C
464 2262 483 2290 f.
500 2263 551 2291 178
568 2263 596 2296 b,
615 2263 636 2291 F
649 2263 668 2291 f.
689 2265 750 2298 156,
765 2264 787 2293 G
804 2264 824 2292 ί.
844 2265 889 2307 95,
904 2265 926 2293 il
941 2266 962 2293 f.
980 2270 1001 2298 ι)
1053 2266 1172 2297 Rursus,
1191 2270 1322 2300 tanquam
1332 2265 1355 2292 si
1367 2265 1401 2292 de
1415 2264 1592 2300 serpentibus
1604 2265 1802 2300 aspidibusque

177 2306 226 2333 551
243 2305 271 2339 b,
288 2305 309 2333 L
325 2306 346 2334 f.
362 2307 412 2336 196
428 2307 457 2340 Β)
475 2308 560 2336 Πάλιν
588 2309 625 2341 ὡς
649 2311 695 2336 ἐπὶ
709 2310 798 2344 δφεων
815 2305 862 2338 καὶ
885 2311 966 2338 ἀσπί-

177 2352 230 2379 δων
254 2352 320 2388 φησὶ
346 2353 377 2380 τὸ
407 2351 518 2389 «Ἦραν
544 2355 675 2390 κεφαλήν.
691 2366 704 2382 ι.
727 2356 832 2393 Ὥσπερ
857 2357 911 2393 γὰρ
940 2359 966 2385 οι

177 2397 254 2431 ὄφεις
280 2397 422 2431 δάκνοντες
446 2398 569 2435 αἴρουσιν
589 2400 681 2436 ἡρέμα
705 2400 754 2436 τὴν
778 2402 898 2438 κεφαλὴν
919 2404 966 2430 καὶ

178 2443 390 2478 ἀνακουφίζουσι
410 2444 459 2479 τῆς
474 2445 536 2480 γῆς,
553 2445 625 2472 οὕτω
639 2446 686 2472 καὶ
711 2446 736 2472 oi
763 2447 913 2482 μαχόμενοι
929 2450 963 2484 τῇ

178 2488 242 2524 δόξῃ
260 2489 377 2524 Χριστοῦ
398 2490 554 2525 ἐπαίρουσιν
570 2491 661 2526 ἡρέμα
676 2490 725 2526 τὴν
742 2491 878 2528 κεφαλήν·
895 2493 964 2521 ἀλλὰ

180 2534 311 2560 πίπτουσι
329 2535 500 2570 παραχρῆμα
511 2545 517 2551 -
537 2536 700 2571 πλήττονται
719 2537 774 2572 γὰρ
789 2539 855 2573 παρ’
870 2538 963 2571 αὑτοῦ,

180 2581 221 2607 ὅτι
243 2580 324 2612 αὑτός
344 2581 418 2607 ἐστιν
432 2581 446 2608 ο
461 2581 608 2617 συντρίϐων
630 2583 679 2614 τὰς
695 2583 816 2618 κεφαλὰς
830 2583 885 2611 τῶν
900 2585 965 2620 δρα-

180 2625 292 2652 κόντων.

183 2681 222 2710 Τὰ
241 2680 422 2715 σκηνώματα
447 2679 507 2742 “37:
528 2681 704 2743 Ἰδουμαίων,
723 2683 773 2710 καὶ
797 2685 824 2710 οἱ
845 2684 966 2718 Ἰσμαη-

495 2724 560 2743 (rat.
573 2724 601 2743 κ.
615 2725 640 2743 τ.
676 2736 684 2743 .

495 2724 560 2748 (ται,
573 2724 601 2743 κ.
615 2725 640 2744 τ.
659 2724 684 2743 Α.

218 2761 250 2796 (Β
261 2760 280 2789 f.
298 2762 350 2790 549
366 2762 395 2795 b,
412 2761 434 2789 G
448 2761 468 2789 ἰ.
483 2762 517 2790 95
531 2762 559 2795 b,
580 2762 603 2790 Η
616 2762 636 2789 f.
650 2763 701 2790 552
715 2762 743 2797 b)
762 2763 845 2798 Ἕονη
858 2764 886 2790 δὲ
899 2763 966 2791 ταῦ-

1017 2312 1101 2339 verba
1119 2310 1232 2341 faceret.
1245 2310 1283 2337 ait
1300 2319 1306 2336 :
1324 2319 1333 2336 ‹
1352 2309 1516 2337 Extulerunt
1529 2313 1619 2344 caput.
1637 2319 1646 2335 ι
1658 2309 1725 2336 Nam
1748 2309 1802 2336 sic-

1018 2356 1059 2384 uti
1073 2359 1215 2390 serpentes
1232 2355 1314 2382 tacitc
1327 2358 1410 2390 caput
1422 2353 1456 2381 ad
1472 2354 1652 2381 mordendum
1664 2355 1801 2386 attollunt,

1017 2408 1102 2436 seque
1116 2400 1175 2427 solo
1189 2400 1307 2432 elevant,
1329 2400 1368 2427 sic
1395 2399 1478 2426 etiam
1497 2398 1544 2434 qui
1566 2398 1668 2426 Christi
1689 2399 1805 2434 gloriam

1018 2450 1188 2481 oppugnant,
1210 2449 1292 2480 caput
1313 2445 1482 2480 aliquantum
1503 2444 1648 2477 attollunt;
1674 2444 1722 2471 sed
1741 2451 1804 2471 mox

1017 2491 1167 2519 concidunt
1188 2491 1222 2518 ab
1243 2490 1304 2525 ipso
1329 2490 1463 2526 percussi,
1481 2490 1528 2525 qui
1545 2490 1695 2518 draconum
1715 2489 1805 2525 capita

1018 2543 1068 2564 con
1073 2540 1161 2564 terere
1178 2536 1256 2563 solet.

1019 2686 1097 2714 Vers.
1112 2686 1138 2712 7.
1148 2683 1328 2712 Tabernacula
1341 2683 1530 2716 Nummorum,
1550 2688 1574 2710 et
1590 2683 1802 2715 Ismaelt'tte,etc.

1057 2763 1141 2791 Erant
1155 2763 1182 2790 hi
1201 2762 1310 2790 barbari
1326 2762 1419 2798 populi
1432 2762 1573 2790 etcarnali
1589 2762 1679 2790 lsraeli
1694 2761 1803 2794 infensi,

219 2820 242 2836 "
258 2819 269 2847 Ι
293 2819 354 2847 Cor.
369 2827 425 2852 vnt,
442 2819 467 2852 5,
481 2819 506 2846 6.
549 2819 570 2835 ⁵³
584 2819 654 2846 Psal.
675 2828 762 2852 Luxu,
774 2821 800 2848 6.
839 2821 861 2836 "
874 2820 933 2848 Act.
955 2828 1028 2854 xxnt,
1041 2822 1067 2849 5.

221 2875 395 2911 (1)Τίνες....
411 2876 504 2910 ἐργαζ.
520 2876 581 2903 add.
598 2885 631 2904 ex
644 2877 703 2905 eod.
724 2878 809 2905 Vatic.
825 2878 844 2905 Β
862 2878 880 2904 l'.
901 2877 952 2906 519
967 2877 994 2905 b.
