1998 3062
197 159 265 187 1267

719 155 745 184 S.
764 155 903 184 CYIIILLI
924 153 1159 181 ALEXANDRINI
1179 153 1338 180 ARCIIIEP.

1766 150 1838 179 42,}3

196 217 357 252 alienigenae
387 215 559 250 potissimum
586 215 662 242 dicti.
698 215 893 242 Verumtamen
925 213 987 240 illos

1047 221 1072 238 τα
1090 212 1215 248 βάρϐαρα
1240 211 1287 238 καὶ
1311 211 1428 246 πολέμια
1445 210 1484 245 τῷ
1507 210 1577 237 κατὰ
1601 210 1689 246 σάρκα
1714 211 1836 246 Ἰσραὴλ,

196 272 307 300 quoque
332 267 397 290 tunc
428 263 500 290 Deus
519 262 652 294 salvavit,
681 269 766 289 vanos
792 260 911 288 reddens
938 260 986 287 ho-

197 310 282 338 stium
295 310 441 337 incursus.

294 409 369 436 Vers.
381 409 406 436 9.
421 409 504 436 Assur
517 416 619 443 quoque
628 409 741 434 sociatus
761 410 799 434 est
813 407 876 434 illis.

229 465 332 493 Eodem
360 469 455 500 peccat
480 465 637 500 proposito,
662 464 709 499 qui
727 464 843 499 alicujus
864 471 985 490 mentem

194 511 312 538 naturali
329 511 433 538 lumine
453 509 595 545 prmditam
615 517 727 544 peccare
748 509 829 544 cogit.
844 508 896 541 Qui
921 515 986 535 vero

195 557 297 584 bellum
315 556 366 582 tibi
391 555 560 588 indixerunt,
587 555 741 583 Gebalitani
770 558 850 587 sunt,
878 562 985 581 necnon

195 602 266 637 Syri,
278 606 330 629 etc.

430 658 593 686 PSALMUS
611 658 754 685 LXXXIII.

285 715 362 742 Vcrs.
383 715 410 742 ‘2.
433 715 521 748 Quam
535 714 631 741 dilecta
648 714 820 741 tabernacula
835 719 880 740 tua
895 715 907 740 ἲ

230 771 342 800 :Etcrna
358 777 385 800 et
397 772 518 801 coelestia
535 772 603 800 dicit
615 772 800 799 tabernacula.

233 863 380 899 [Caeterum
397 867 543 898 postquam
562 870 609 897 per
621 862 736 897 gratiam
749 866 777 888 ct
790 861 985 896 benignitatem

1038 257 1182 292 ἀλλόφυλοι
1197 258 1381 294 διαφερόντως
1400 257 1566 292 ἐκλήθησαν.
1589 256 1659 283 Ἀλλ’
1679 256 1763 288 ἔσωζε
1784 257 1835 291 μὲν

1038 303 1182 335 κάκείνους
1201 303 1232 330 τὸ
1243 302 1396 338 τηνικαῦτα
1413 302 1441 329 δὲ
1456 302 1533 334 Θεὸς,
1547 302 1705 337 ἀπράκτους
1717 301 1766 333 τὰς
1779 301 1836 327 τῶν

1037 349 1121 376 ὲθνῶν
1141 349 1300 383 ἀποφαίνων
1315 348 1437 383 ἐφόδους.

1098 404 1154 432 Καὶ
1173 405 1199 430 Ἀ
1206 404 1304 438 σσοὺρ
1322 403 1567 438 συμπαρεγένετο
1575 404 1640 438 μετ’
1659 403 1768 431 αὐτῶν.

1074 462 1106 497 (G
1121 462 1139 489 ἰ.
1157 463 1192 490 95
1215 462 1244 498 1))
1259 462 1306 494 Εἰς
1325 461 1409 497 αὐτὴν
1432 462 1585 497 ἁμαρτάνει
1612 461 1662 497 τὴν
1690 461 1800 496 γνῶσιν,
1818 462 1836 488 ὁ

1037 509 1082 536 τὸν
1096 508 1238 543 πεφυκότα
1252 507 1314 535 νοῦν
1323 509 1388 543 ὸρᾷν
1399 507 1447 544 τὴν
1460 508 1561 542 γνῶσιν
1580 508 1747 543 ἁμαρτάνειν
1759 507 1833 543 [εστι.

1038 554 1215 591 ἁμαρτάνων]
1240 553 1401 588 ἀναγκάζει.
1423 554 1455 580 Οἱ
1470 553 1499 580 δὲ.
1515 553 1560 580 τδν
1571 553 1642 580 κατὰ
1655 554 1701 580 σοῦ
1713 554 1835 588 πόλεμον

1037 600 1233 636 ἀναδεξάμενοι
1248 601 1316 627 εἰσιν
1329 599 1426 631 Γεϐὰλ,
1440 599 1479 626 ἔτι
1493 600 1541 626 καὶ
1559 600 1685 635 Ἀοσοὺρ,
1697 601 1742 627 καὶ
1755 599 1834 634 ἑξῆς.

1322 656 1468 683 ΨᾹΛΜΟΣ
1487 656 1548 683 III“.

1184 714 1231 746 Ὠς
1243 713 1381 748 ἀγαπητὰ
1395 713 1430 740 τὰ
1441 712 1624 747 σκηνώματά
1642 720 1709 740 σου.

1075 771 1106 807 (Ε.
1122 770 1141 798 Γ.
1160 771 1210 798 175
1224 769 1252 804 b)
1270 770 1373 807 ᾼῐώνια
1386 770 1432 797 καὶ
1445 770 1594 805 ἐπουράνια
1616 769 1701 797 ταῦτα
1717 768 1750 796 τὰ
1763 779 1835 806 σκη-

1039 818 1150 852 νώματα
1163 816 1247 850 λέγει.

1200 840 1206 850 ι

1075 862 1201 897 [Ἐπειδὴ
1218 861 1246 887 δὲ
1271 862 1361 896 χάριτι
1386 861 1433 887 καὶ
1453 861 1646 898 φιλανθρωπίᾳ
1661 861 1707 887 τοῦ
1723 861 1833 893 πάντας

196 907 319 935 omnium
342 907 499 935 miserentis
522 907 570 934 Dei
592 907 680 934 vocati
708 910 773 934 sunt
789 914 803 933 a
823 905 944 939 Christo,
960 911 988 934 ct

1047 908 1220 943 >ἰκτείροντος
1235 906 1303 933 Θεοῦ
1323 907 1470 942 κέκληνται
1487 907 1564 942 παρὰ
1579 907 1708 943 Χριστοῦ,
1725 908 1771 933 καλ⁸
1787 908 1835 934 τὸν

195 954 296 981 mentis
310 954 419 981 oculum
441 953 597 988 aperientes
610 953 734 981 veritatis
749 953 839 980 lucem
856 961 986 988 suscepe-

197 1005 272 1032 runt,
287 1001 430 1028 veritatem
451 1004 650 1036 cognoverunt,
677 999 787 1035 pietatis
807 1000 864 1027 vias
881 1000 986 1026 didice~

197 1053 271 1080 runt,
287 1048 315 1074 in
328 1048 397 1074 atria
413 1047 506 1074 divina
524 1047 639 1082 ingressi
652 1047 775 1079 fuerunt,
791 1047 920 1082 deinceps
929 1054 986 1074 om-

195 1094 271 1122 nium
279 1094 448 1121 Salvatorcm
459 1093 600 1121 Christum
613 1094 815 1121 collaudarunt.
827 1109 862 1113 —
871 1093 912 1121 Ex
923 1093 986 1121 Cor-

196 1141 276 1167 dcrio.
287 1140 297 1175 ]

317 1197 392 1224 Vers.
407 1197 432 1223 4.
452 1197 551 1223 Turtur
572 1197 663 1223 nidum
690 1196 738 1223 sibi
755 1197 862 1223 invenit.

231 1253 366 1280 Carminis
391 1254 473 1289 hujus
498 1258 625 1281 auctores
653 1253 844 1285 admirantur,
869 1257 899 1280 ut
918 1253 986 1284 dixi,

195 1298 324 1326 Ecclesia:
337 1299 570 1333 pulchritudinem
581 1299 707 1326 :laudant
721 1299 833 1334 insuper
846 1299 990 1334 magistro-

196 1351 257 1371 rum
269 1344 329 1379 ejus
340 1345 413 1379 piam
430 1345 593 1372 eharitatem
604 1365 611 1376 ,
629 1345 693 1379 quia
710 1344 794 1372 veluti
805 1344 915 1379 quidam
930 1349 988 1371 tur-

197 1395 271 1418 tures
287 1390 376 1425 pullos
392 1399 456 1418 suos
470 1391 544 1426 apud
558 1391 651 1418 divina
665 1391 760 1418 fovent
778 1391 884 1417 altaria.
905 1391 989 1426 Magi-

196 1440 315 1464 strorum
328 1437 395 1472 pulli
406 1441 480 1469 sunt,
493 1437 539 1472 qui
552 1445 601 1472 per
619 1437 680 1464 illos
695 1436 777 1464 ﬁdem
795 1442 988 1472 susceperunt,

195 1490 258 1509 nam
273 1479 436 1518 spiritalium
452 1487 562 1517 patrum
578 1483 669 1510 locum
688 1486 793 1510 tenent.
813 1482 871 1509 Mos
887 1482 989 1518 quippe

195 1532 238 1555 est
261 1528 362 1556 divina:
378 1529 527 1564 Scriptura:
552 1529 729 1564 comparandi
752 1529 907 1556 turturibus
924 1536 988 1556 san-

1038 952 1088 986 τῆς
1109 952 1229 982 διανοίας
1248 951 1404 984 ἀνοίξαντες
1428 951 1567 987 ὀφθαλμὸν
1593 952 1761 984 εἰσεδέξαντο
1783 952 1836 986 τῆς

1038 997 1168 1033 ἀληθείας
1191 997 1222 1023 τὸ
1246 996 1315 1032 φῶς,
1336 998 1496 1031 ἐπέγνωσαν
1514 999 1563 1033 τὴν
1576 998 1715 1034 ἀλήθειαν,
1732 997 1836 1033 ἔμαθον

1038 1044 1087 1078 τῆς
1103 1043 1243 1075 εὐσεϐείας
1257 1044 1307 1075 τὰς
1323 1044 1411 1077 ὀδοὺς,
1424 1044 1549 1079 εἰσῆλθον
1565 1045 1605 1076 εἰς
1621 1044 1670 1075 τὰς
1686 1044 1762 1076 θείας
1785 1044 1836 1072 αὐ-

1039 1089 1097 1121 λὰς,
1114 1089 1293 1126 ὑμνολογοῦσι
1310 1089 1403 1116 λοιπὸν
1418 1090 1463 1116 τὸν
1477 1090 1531 1116 τῶν
1545 1090 1613 1117 ὅλων
1636 1091 1747 1126 σωτῆρα
1766 1091 1834 1126 X9:-

1040 1134 1126 1171 στόν.]

1185 1192 1304 1226 Τρυγὼν
1323 1190 1436 1228 [εὗρεν]
1452 1193 1585 1220 ’νοσσιὰν
1601 1192 1706 1226 ἑαυτῇ.

1077 1252 1109 1287 (Β
1123 1251 1140 1277 I'.
1163 1251 1225 1283 551,
1244 1251 1265 1278 Ε
1282 1251 1301 1277 f.
1318 1252 1370 1278 175
1383 1251 1410 1283 b,
1426 1251 1476 1278 Fl'.
1502 1252 1552 1278 158
1572 1251 1600 1284 ι),
1619 1250 1640 1278 G
1656 1249 1835 1282 f.95b,Hf.

1041 1298 1093 1325 556
1102 1297 1130 1329 b,
1142 1297 1164 1324 K
1175 1297 1194 1324 Γ.
1205 1297 1265 1330 1ὗ2,
1275 1297 1296 1324 L
1304 1297 1323 1324 Γ.
1335 1298 1385 1325 198
1392 1297 1420 1332 b)
1430 1297 1633 1333 Θαυμάζουςιν,
1646 1298 1682 1329 ὼς
1694 1297 1772 1332 ἔφην,
1783 1297 1835 1331 τῆς

1047 1344 1210 1379 Ἐκκλησίας
1220 1344 1251 1370 τὸ
1265 1343 1373 1375 κάλλος·
1385 1344 1526 1371 ἐπαινοῦσι
1538 1344 1566 1370 δὲ
1578 1343 1688 1370 καὶτῶν
1698 1344 1727 1370 ὲν
1739 1343 1838 1374 αὐταῖς

1040 1390 1210 1417 διδασκάλων
1243 1390 1274 1416 τὺ
1298 1389 1432 1423 ἐπιεικὲς,
1461 1390 1502 1417 ὅτι
1531 1390 1657 1425 καθάπερ
1674 1390 1746 1421 τινὲς
1770 1398 1838 1424 cpi»

1041 1435 1120 1470 γόνες
1149 1436 1212 1468 τοὺς
1240 1436 1346 1463 ἑαυτῶν
1373 1436 1504 1464 θάλπουσι
1521 1436 1646 1467 νεοττοὺς
1675 1436 1752 1471 παρὰ
1778 1437 1837 1467 τοῖς

1042 1481 1126 1513 θείοις
1150 1482 1365 1518 θυσιαστηρίοις.
1382 1483 1494 1509 Neo-nol
1517 1483 1544 1509 δὲ
1557 1481 1737 1514 διδασκάλων,
1759 1482 1783 1508 οἱ
1802 1481 1837 1508 δι’

1042 1527 1133 1554 αὐτῶν
1154 1528 1342 1560 πιστεύοντες·
1361 1528 1480 1564 πατέρες
1499 1529 1553 1564 γάρ
1571 1528 1624 1554 εἱσι
1640 1527 1836 1558 πνευματικοί.
1858 1530 1870 1537 ⁹

196 1578 255 1604 ctos
270 1574 408 1602 doctores.
421 1574 477 1603 Cur
497 1575 535 1608 id,
552 1575 685 1610 inquam?
707 1575 777 1608 Quia
791 1574 986 1602 vocalissimus

1047 1574 1123 1606 Ἐθος
1136 1575 1165 1601 δὲ
1180 1576 1213 1610 τῇ
1230 1574 1404 1610 θεοπνεύστῳ
1418 1575 1513 1610 Γραφῇ
1538 1573 1667 1610 τρυγόσιν
1683 1571 1838 1607 ἀφομοιοῦν

197 1625 225 1647 et
243 1620 335 1648 suavis
353 1625 395 1648 est
412 1624 519 1648 turtur:
536 1621 617 1648 nobis
631 1624 724 1648 autem
740 1620 864 1648 discendi
883 1620 989 1648 studio-

197 1666 235 1694 sis
246 1666 313 1693 tales
328 1666 456 1693 videntur
471 1675 612 1694 sacrorum
625 1667 820 1702 magistrorum
831 1675 985 1695 sermones.

198 1711 268 1739 Sunt
287 1712 371 1747 igitur
385 1712 414 1739 hi
437 1713 602 1748 spiritalium
621 1717 763 1740 turturum
779 1713 874 1741 instar.
893 1713 988 1747 Neque

197 1758 306 1786 animus
320 1763 426 1786 tantum
440 1759 547 1787 lmtatur
557 1765 585 1787 et
599 1760 710 1795 gaudet,
725 1760 773 1787 sed
790 1760 869 1795 261
889 1767 989 1794 corpus

197 1804 280 1831 etiam
301 1804 331 1831 Iit
346 1804 445 1832 laetitia:
459 1806 607 1840 particeps,
625 1813 672 1840 spe
686 1805 896 1833 resurrectionis
920 1813 988 1832 con-

198 1852 286 1883 cepta.
295 1849 325 1875 Id
337 1849 409 1876 enim
422 1850 630 1885 etsuhsequens
644 1858 735 1878 sermo
751 1851 850 1878 innuit.
861 1851 989 1886 Propter-

198 1902 231 1921 ea
253 1899 281 1921 et
300 1898 381 1922 antea
401 1895 489 1923 Deum
504 1895 596 1922 vivum
610 1895 690 1928 dixit,
710 1902 760 1923 ceu
776 1896 839 1923 vitae
853 1896 987 1924 datorem.

199 1941 279 1968 Certe
297 1939 509 1975 Babyloniorum
524 1941 573 1974 dii,
593 1941 714 1976 itemque
732 1943 867 1978 majorum
882 1947 991 1970 nostro-

198 1993 270 2018 rum,
291 1987 430 2015 exanimes
453 1987 652 2023 insensilesque
674 1989 786 2016 omnino
810 1993 890 2016 erant
913 1998 918 2015 :
936 1997 991 2024 quo

199 2031 230 2058 lit
254 2034 284 2059 ut
312 2033 420 2068 egregie
444 2041 557 2068 prorsus
595 2035 641 2069 qui
668 2035 731 2062 illos
762 2035 988 2070 dereliqucruut,

199 2077 283 2110 hunc,
304 2079 351 2114 qui
364 2087 428 2106 vere
448 2080 520 2107 Deus
535 2085 587 2113 est,
601 2081 739 2109 viventem
754 2082 906 2109 nominent.

1043 1621 1106 1652 τοὺς
1127 1621 1223 1655 ἁγίους
1242 1621 1449 1656 μυσταγωγούς.
1481 1621 1536 1647 Καὶ
1560 1620 1604 1647 διὰ
1626 1619 1704 1646 ποίαν
1726 1620 1836 1651 αἰτίαν;

1043 1667 1208 1699 Λαλίστατος
1237 1667 1284 1694 καὶ
1309 1667 1431 1703 εὕφωνός
1458 1668 1532 1694 ἐστιν
1549 1668 1566 1702 ἡ
1584 1666 1692 1702 τρυγών
1705 1674 1711 1682 ·
1726 1667 1794 1701 ἡμῖν
1808 1666 1838 1692 δὲ

1042 1713 1098 1745 τοῖς
1115 1714 1303 1749 φιλομαθέσιν,
1323 1715 1346 1741 οἱ
1366 1714 1420 1741 τῶν
1443 1714 1695 1749 μυσταγωγούντων
1717 1713 1770 1739 εἶσὶ
1793 1713 1839 1739 λό-

1043 1767 1096 1794 γοι.
1121 1759 1258 1795 Τρυγόνες
1278 1757 1324 1786 οὖν
1348 1757 1421 1786 οὗτοι
1447 1760 1501 1795 ἄρα
1519 1759 1572 1786 εἰσὶ
1593 1758 1836 1794 πνευματικοίμ).

1044 1798 1144 1839 Οὐχὶ.νὴ
1159 1804 1232 1841 ψυχὴ
1251 1804 1280 1830 δὲ
1304 1805 1372 1840 μόνη
1386 1805 1516 1838 γάννυται
1527 1805 1574 1831 καὶ¹
1591 1804 1752 1839 ἀγάλλεται,
1767 1803 1837 1830 ἀλλὰ

1043 1850 1090 1877 καὶ
1113 1849 1144 1876 τὸ
1168 1849 1247 1885 σῶμα
1264 1852 1448 1886 κεκοινώνηκε
1462 1851 1511 1885 τῆς
1531 1850 1676 1886 θυμηδίας,
1689 1850 1838 1891 δεξάμενον

1043 1895 1093 1931 τὴν
1117 1895 1211 1922 ὲλπίδα
1232 1897 1282 1931 τῆς
1295 1896 1483 1928 ἀναστάσεως.
1502 1896 1588 1923 Τοῦτο
1599 1897 1653 1932 γὰρ
1669 1898 1683 1924 ὁ
1699 1897 1777 1931 λόγος
1792 1897 1838 1923 αἱ-

1043 1941 1171 1968 νίττεται.
1200 1941 1249 1968 Διὰ
1276 1941 1355 1968 τοῦτο
1370 1942 1428 1968 ικαὶ
1444 1941 1533 1974 ζῶντα
1554 1941 1600 1969 τὸν
1618 1942 1685 1968 Θεὸν
1699 1943 1838 1979 προσηγό-

1044 1996 1152 2023 ρευσεν,
1173 1988 1210 2019 ὡς
1226 1987 1299 2022 ζωῆς
1323 1988 1481 2023 ὑπάρχοντα
1505 1989 1633 2024 χορηγόν,
1657 1989 1770 2024 Ἐπειδὴ
1783 1991 1838 2024 γὰρ

1043 2034 1090 2062 καὶ
1105 2034 1130 2061 οἱ
1147 2033 1312 2060 Βαϐυλώνιοι
1326 2033 1392 2065 θεοὶ,
1409 2035 1456 2061 καὶ
1482 2034 1531 2069 μὲν
1547 2034 1579 2070 δὴ
1597 2035 1643 2061 καὶ
1658 2035 1682 2062 οἱ
1697 2035 1752 2062 τῶν
1770 2036 1839 2070 ἠμε-

1041 2081 1130 2116 τέρων
1158 2080 1310 2116 προγόνων,
1327 2080 1373 2107 καὶ
1397 2080 1495 2115 ἄψυχοι
1517 2078 1587 2116 ἦσαν
1611 2081 1658 2108 καὶ
1679 2081 1838 2116 ἀναίσθητοι

199 2125 349 2157 παντελῶς,
367 2126 414 2152 καὶ
431 2127 503 2161 μάλα
523 2128 635 2159 εἰκότως
652 2129 676 2154 οἱ
692 2128 804 2155 ἐκείνων
817 2128 1030 2163 ἀπαλλαγέντες,
1052 2128 1141 2161 ζῶντα
1154 2127 1198 2154 τὸν
1215 2127 1303 2162 ἀληθῆ
1319 2127 1384 2154 Θεὸν
1396 2127 1569 2162 ὀνομάζουσι-

290 2184 366 2212 Vcrs.
378 2185 404 2212 5.
422 2184 509 2220 [Beati
523 2186 568 2220 qui
581 2186 701 2213 habitant
716 2187 744 2213 in
756 2187 832 2214 domo
844 2192 899 2215 tua.

234 2241 264 2268 In
285 2241 410 2269 ecclesiis
434 2242 508 2268 enim
528 2242 701 2277 potissimum
720 2243 816 2271 salutis
830 2244 990 2272 occasiones
1006 2243 1029 2272 Ι)

200 2287 333 2322 colligunt
345 2291 504 2314 sanctorum
517 2288 599 2322 periti
615 2288 769 2315 studiorum
787 2297 792 2315 :
805 2289 941 2324 siquidem
953 2290 992 2317 Io-

200 2332 296 2367 quitur
304 2333 331 2359 in
341 2333 395 2359 illis
404 2332 524 2367 Spiritus
535 2337 646 2360 sanctus
655 2342 704 2368 per
716 2335 862 2369 prophetas
871 2340 990 2368 sanctos,

200 2386 250 2413 per
263 2386 358 2405 vocem
370 2378 554 2412 apostolorum
565 2383 592 2406 et
602 2380 843 2415 crangelistarum.
858 2381 890 2408 Et
898 2389 992 2416 quem-

201 2423 349 2451 admodum
374 2424 401 2450 in
423 2425 561 2452 curatorio
587 2426 667 2453 multi
681 2427 792 2460 quidem
812 2428 905 2462 :egroti
916 2432 991 2460 sunt,

201 2470 366 2504 quandoque
391 2471 472 2498 etiam
496 2472 656 2499 morborum
674 2473 857 2505 diversorum,
876 2474 993 2508 quilibet

202 2520 294 2542 autem
318 2524 466 2551 congruam
492 2522 581 2552 potest
605 2519 738 2554 consequi
762 2519 937 2552 medicinam,
956 2520 992 2546 ita

202 2562 283 2589 etiam
301 2563 327 2589 in
339 2563 463 2590 ccclesiis
480 2565 604 2592 accidere
617 2565 780 2599 reperimus.
797 2581 831 2585 —
843 2566 884 2592 Ex
894 2565 992 2593 Corde-

204 2608 265 2644 no.1

275 2666 349 2693 Vcrs.
362 2666 387 2693 6.
406 2666 576 2694 Ascensiones
588 2668 616 2694 in
634 2667 711 2694 corde
720 2676 767 2695 suo
781 2669 918 2703 disposuit.

237 2722 373 2755 Quasnam
388 2724 581 2752 ascensiones?
594 2724 624 2751 In
636 2724 735 2751 emittm
751 2724 866 2752 scilicet.
881 2725 989 2752 Etenim

203 2769 231 2796 id
252 2771 342 2797 mente
367 2771 511 2805 agitamus,
530 2776 612 2805 atquc
633 2771 702 2797 hanc
714 2779 789 2806 spem
801 2771 925 2798 fovemus
937 2772 995 2798 fore

204 2818 234 2843 ut
255 2815 281 2842 in
304 2824 451 2851 supernam
468 2817 607 2844 civitatem
630 2817 819 2849 (lSt't?lltlllIIIllS,
837 2822 992 2844 sanctorum

1092 2185 1247 2223 [Μακάριοι
1265 2187 1291 2213 οὶ
1309 2185 1520 2219 κατοικοῦντες
1533 2186 1568 2212 ἐν
1582 2186 1621 2219 τῷ
1636 2187 1708 2218 οἴκῳ
1717 2193 1786 2213 σου.

1086 2244 1130 2270 Ἑν
1141 2242 1196 2279 γὰρ
1213 2244 1272 2275 ταῖς
1292 2243 1452 2278 ἐκκλησίαις
1482 2243 1600 2278 μάλιστα
1614 2242 1663 2274 τὰς
1677 2243 1727 2278 τῆς
1743 2241 1839 2277 ’σωτη-

1045 2290 1105 2326 ρίας
1121 2289 1298 2324 συλλέγουσιν
1311 2288 1438 2325 ἀφορμὰς
1453 2290 1478 2315 οἱ
1492 2289 1546 2316 τῶν
1563 2288 1740 2324 ἀγιοπρεπῶν
1755 2297 1840 2315 σπου-

1042 2336 1189 2371 δασμάτων
1216 2335 1415 2370 ἐπιστήμονες·
1441 2335 1519 2361 λαλεῖ
1549 2335 1603 2370 γὰρ
1635 2335 1663 2361 ὲν
1686 2335 1779 2366 αὐτοῖς
1808 2335 1839 2361 τὸ

1043 2381 1154 2417 Πνεῦμα
1180 2381 1210 2407 τὸ
1234 2381 1311 2414 ἆγιον
1335 2380 1379 2407 διὰ
1405 2380 1554 2416 προφητῶν
1572 2380 1668 2414 ἁγίων,
1682 2380 1726 2406 διὰ
1743 2381 1837 2415 φωνῆς

1043 2428 1200 2455 ἀποστόλων
1216 2428 1263 2454 καὶ
1275 2427 1487 2461 εὐαγγελιστῶν.
1505 2427 1561 2453 Καὶ
1575 2426 1669 2461 ὥσπερ
1686 2428 1713 2453 ὲν
1729 2427 1840 2462 ἰατρείῳ

1047 2474 1140 2501 πολλοὶ
1156 2475 1204 2510 μὲν
1228 2476 1251 2500 οἱ
1273 2473 1413 2505 νοσοῦντες
1431 2474 1508 2504 εἰσιν,
1525 2473 1617 2500 ὲςθότε
1629 2473 1676 2499 καὶ
1693 2472 1763 2499 κατὰ
1784 2472 1841 2498 δια-

1047 2520 1146 2554 φόρους
1173 2519 1300 2555 τρόπους,
1326 2518 1414 2551 ἔξεστι
1444 2518 1471 2544 δὲ
1499 2519 1606 2554 ἑκάστῳ
1621 2518 1670 2553 τῆς
1683 2517 1840 2553 προςεξὸροι.

1046 2566 1196 2601 θεραπείας
1221 2567 1333 2601 τυχεῖν·
1365 2564 1436 2591 οὕτω
1462 2565 1508 2592 καὶ
1534 2566 1562 2591 ἐν
1591 2566 1651 2596 ταῖς
1678 2564 1843 2599 ἐκκλησίαις

1045 2612 1233 2648 εὑρίσκομεν.]

1124 2669 1299 2701 ’Λινίιϐιὶσεις
1315 2669 1349 2695 ἐν
1361 2668 1397 2702 τῇ
1414 2667 1521 2701 καρδίᾳ
1537 2667 1630 2694 αὐτοῦ
1642 2667 1767 2694 διέθετο.

1080 2725 1111 2760 (Ε
1132 2724 1150 2751 Γ.
1169 2726 1228 2759 lii.)
1244 2725 1298 2751 Καὶ
1315 2725 1395 2756 ποίας
1413 2724 1578 2756 ἀναδάσειςς
1599 2724 1654 2756 Τὰς
1668 2725 1707 2756 εἰς
1723 2724 1843 2760 οὐρανὸν

1045 2771 1177 2806 δηλονότι.
1208 2771 1430 2806 Διενθυμούμεθα
1445 2770 1498 2806 γὰρ
1524 2771 1583 2797 καθ’
1597 2771 1720 2801 ἑαυτοὺς,
1749 2771 1798 2797 καὶ
1815 2771 1845 2797 ἐν

1045 2817 1150 2843 ἐλπίσιν
1168 2817 1249 2851 stiti)
1269 2818 1307 2842 ὅτι
1333 2818 1370 2847 ;ἱ;
1392 2817 1439 2851 τὴν
1455 2817 1509 2842 ἅλω
1536 2816 1612 2841 πόὶιν
1635 2815 1842 2850 ἁναῧηςύμεθα,

239 2891 276 2928 (1)
294 2893 351 2920 Huc
367 2902 450 2928 usque
466 2895 654 2922 tarituxmmdo
670 2895 850 2929 frngmtnittttl
865 2896 984 2922 exstabat

1047 2895 1077 2921 ml
1096 2894 1266 2922 (Iorderium.
