1998 3062
180 177 249 206 1209

804 184 838 211 IN
860 184 1021 212 PSALMUM
1042 187 1184 218 LXXXVI.

1743 197 1809 224 ΕΠ)

179 234 228 269 τὴν
240 233 295 260 τῶν
309 233 395 268 ἁγίων
408 235 524 271 μητέρα,
544 235 592 270 τὴν
607 236 635 262 ὲν
647 235 770 271 οὐρανοῖς
788 238 960 275 Ἐκκλησίαν.

1017 247 1142 277 matrem,
1155 246 1294 274 ca'lestem
1306 246 1468 281 Ecclesium,
1481 254 1563 284 atque
1572 250 1678 278 ibicum
1685 252 1807 279 omnium

177 279 258 306 κάκεῖ
277 280 445 315 συνεσόμεθα
464 281 503 315 τῷ
524 281 632 307 πάντων
651 282 757 318 Σωτῆρι
775 284 895 320 Χριστῷ.

212 324 289 360 [Θεὸς
303 325 371 352 θεῶν
389 327 403 352 ὁ
416 325 509 360 ὀφθεὶς
523 326 591 353 κατὰ
610 327 708 363 σάρκα.
729 329 775 364 Μὴ
797 326 886 356 τοίνυν
906 331 967 362 ταῖς

182 370 342 403 Ἰουδαῑκαῖς
364 371 496 406 ἀμαθίαις
523 373 732 401 κατακολουθεῖν
761 375 964 411 σπουδάζωμεν,

176 416 349 452 πιστεύωμεν
366 417 394 443 δὲ
409 417 509 452 μᾶλλον
530 418 571 445 ὅτι
591 420 638 446 καὶ
655 420 719 452 Υἱός
745 422 818 448 ἐστιν
845 421 964 455 ἀληθῶς,

176 463 222 489 καὶ
246 463 277 488 ὲκ
299 463 366 489 Θεοῦ
390 463 465 495 Θεὸς,
480 465 494 490 ὁ
508 465 577 491 κατὰ
601 465 690 500 σάρκα
704 467 736 492 ἐκ
759 467 888 500 γυναικὸς
900 469 914 494 ὁ
931 467 965 494 δι’

175 508 248 543 ἡμᾶς
262 509 458 545 καταῧεϐηκὼς
477 511 505 536 ὲν
528 511 583 542 τοῖς
605 511 666 538 καθ’
679 512 761 547 ἡμᾶς,
775 513 817 539 ἴνα
834 514 908 549 ἡμᾶς
924 515 965 546 εἰς
981 535 985 537 _

174 553 223 587 τὴν
241 554 309 581 ἰδίαν
339 556 493 592 ἁνακομίσῃ
515 557 603 591 δόξαν,
631 559 674 585 ἵνα
698 560 727 584 ἐν
744 559 818 594 αὐτῷ
829 559 859 585 τὸ
871 560 963 586 δοῦλον

174 601 332 637 υιοποιηθῇ·
353 602 491 639 τελευτήσῃ
514 604 544 630 τὺ
563 606 592 630 ἐν
612 605 751 640 πτωχείᾳ’·
773 606 896 640 κρεῖττον
917 606 963 640 γέ-

174 654 251 681 νηται
275 646 390 674 θανάτου
413 649 444 675 τὺ
464 649 516 675 ὑπὸ
541 650 655 685 φθορὰν,
673 651 749 685 ἅγιον
766 651 797 677 τὸ
812 651 856 685 ὑφ’
874 651 963 686 ἀμαρ-

173 692 245 719 τίαν.
260 693 353 720 Ταῦτα
370 693 424 729 γὰρ
443 695 532 721 πάντα
548 695 775 732 πεπλουτήκοιμεν
786 696 831 723 διὰ
840 697 890 732 τῆς
902 698 962 724 ἑπι-

174 737 286 771 φανείας
296 738 343 764 τοῦ
363 738 472 766 πάντων
483 740 561 775 ἡμῶν
575 741 701 776 Σωτῆρος
714 742 736 767 Χ
741 741 856 777 pta-106.]

343 848 431 881 Κύριε
447 849 463 875 δ
476 848 547 881 Θεὸς
563 848 622 875 τῶν
634 834 800 883 δυνάμεων.

209 904 240 940 (Β
251 903 270 931 i.
285 904 346 936 560,
358 903 409 931 Εἴ.
427 905 477 931 17ιὶ
489 904 516 935 b,
530 904 552 931 G
563 904 581 931 ί.
597 904 640 937 96,
651 905 674 931 Η
685 904 704 931 f.
721 906 783 937 558,
795 906 817 933 Κ
830 906 848 933 f.
870 907 918 934 152
930 907 958 938 Ι),
976 923 996 949 Β

172 949 193 977 L
205 949 224 976 Γ.
244 949 305 984 199)
322 949 424 985 Κύριον
441 950 469 976 δὲ
484 951 539 976 τῶν
558 951 699 985 δυνάμεων
710 952 757 978 καὶ
777 952 842 978 Θεὸν
863 952 959 978 Ἰακὼό

171 995 299 1030 ὀνομάζει
323 996 449 1030 Χριστὸν,
465 997 508 1022 ἴνα
528 997 564 1031 μή
586 1005 628 1028 τις
651 997 805 1032 πρόσφατον
822 998 901 1024 αὐτὸν
918 1007 961 1024 νο-

173 1041 239 1076 μίσῃ
254 1041 319 1067 Θεὸν
339 1041 382 1067 διὰ
400 1041 450 1075 τὴν
477 1041 547 1067 κατὰ
567 1041 655 1076 σάρκα
677 1032 814 1077 γέννησιν,
829 1043 961 1068 πιστεύω-

173 1095 222 1121 μεν
241 1087 268 1112 δὲ
285 1086 385 1121 μᾶλλον
401 1087 505 1112 ἐκεῖνον
519 1086 662 1121 ὑπάρχειν,
715 1087 761 1113 καὶ
782 1087 859 1113 αὐτοὶ
883 1087 960 1113 λελα-

170 1131 315 1166 τρεύκασιν
336 1132 360 1157 οἱ
380 1131 426 1157 τοῦ
446 1131 553 1166 Ἰσραὴλ
571 1130 698 1166 πατέρες,
714 1131 742 1157 ὃν
762 1131 789 1157 ἐν
807 1130 959 1166 προγνώσει

170 1178 321 1209 τεθέανται,
340 1174 370 1205 οὗ
386 1177 416 1203 τὸ
440 1177 588 1213 μυστήριον
616 1177 665 1203 οὐκ
687 1177 833 1212 ἠγνόησαν,
853 1178 960 1204 ἀποκαλ-

169 1224 316 1255 λύπτοντος
331 1223 450 1259 δηλονότι
467 1223 513 1249 τοῦ
528 1223 594 1249 Θεοῦ
610 1224 654 1249 καὶ
668 1224 784 1259 Πατρὸς,
802 1224 848 1250 καὶ
856 1224 898 1250 διὰ
911 1225 959 1258 τῆς

170 1270 350 1306 φωταγωγίας
361 1269 407 1296 τοῦ
422 1269 499 1303 ἁγίου
520 1269 690 1304 Πνεὺματος.

175 1327 378 1361 Ἐκτελεξάμην
392 1327 635 1361 παραριπτεῖσθαι
646 1328 679 1354 ἐν
687 1328 726 1360 τῷ
739 1329 809 1360 οἴκῳ
821 1328 871 1355 τοῦ
884 1329 957 1356 Θεοῦ

201 1362 322 1402 ιιξιλλον
337 1363 355 1396 ἡ
370 1362 464 1389 οἰκεῖν
476 1372 514 1397 με
538 1363 587 1389 ἐπὶ
612 1365 808 1398 σκηνώμασιν
825 1363 957 1398 ἁμαρτω⁸

204 1400 276 1425 λῶν.

205 1454 236 1490 (G
252 1455 270 1482 Γ.
293 1456 328 1483 96
349 1455 377 1491 b)
395 1456 450 1490 Τῆς
478 1456 526 1490 σῆς
552 1456 722 1491 κηδεμονίας,
746 1452 768 1481 ὦ
792 1455 923 1488 Δέσποτα,
944 1457 958 1483 6

170 1501 215 1531 σδς
239 1501 301 1533 λαὸς
325 1501 472 1527 ἀπολαύων
488 1501 530 1527 ἀεὶ
556 1501 595 1535 τῷ
616 1501 654 1535 σῷ
679 1501 856 1536 προσεδρεύει
888 1501 955 1536 ναῷ,

168 1545 268 1581 πολλὴν
294 1546 418 1572 ὲντεῦοεν
447 1547 496 1581 τὴν
522 1545 656 1581 ὠφέλειαν
688 1546 888 1581 καρπούμενος.
922 1547 956 1573 Ἀ

1022 289 1167 319 Servatore
1180 292 1290 321 Christo
1301 301 1444 322 versemur
1457 295 1505 331 (l).

1055 335 1147 372 [Deus
1173 337 1286 366 deorum
1310 341 1462 367 secundum
1479 333 1590 368 carnem
1605 343 1680 369 visus
1691 346 1742 369 est.
1769 343 1807 370 Nc

1020 382 1103 417 igitur
1118 383 1244 412 Judaicas
1260 385 1429 420 ignorantias
1446 387 1544 415 sectari
1555 388 1724 420 studeamus,
1740 388 1807 423 quin

1019 429 1110 462 potius
1120 430 1263 458 credamus
1274 432 1347 466 quod
1358 440 1422 460 vere
1434 433 1518 460 Filius
1528 433 1574 466 sit,
1584 438 1612 461 et
1620 434 1692 461 Deus
1700 442 1732 461 ex
1738 434 1804 465 Deo,

1018 473 1065 508 qui
1087 476 1239 503 secundum
1263 484 1372 505 carnem
1397 486 1431 505 ex
1449 479 1564 506 muliere
1576 483 1688 514 propter
1700 487 1749 506 nos
1771 479 1805 506 ad

1018 523 1112 547 nostra
1124 521 1276 555 descendit,
1298 527 1328 550 ut
1340 532 1390 551 nos
1406 524 1439 551 ad
1451 525 1588 559 propriam
1601 533 1676 552 suam
1691 525 1804 560 gloriam

1017 564 1175 600 adduceret,
1187 571 1217 594 ut
1226 568 1253 594 in
1264 568 1323 603 ipso
1335 569 1362 596 id
1372 569 1444 603 quod
1454 570 1616 597 servileerat
1627 570 1699 598 ﬁlius
1712 570 1803 603 ﬁeret;

1017 609 1043 636 id
1068 611 1141 645 quod
1161 620 1277 647 egenum
1298 617 1356 641 erat
1383 614 1558 648 ditaretur";
1583 615 1610 642 id
1627 615 1699 650 quod
1712 623 1805 642 corru-

1016 656 1103 690 ptioni
1117 657 1267 686 obnoxium
1286 664 1345 687 erat
1359 665 1475 688 mortem
1490 661 1674 695 superaret“;
1692 661 1718 688 id
1731 661 1804 695 quod

1015 707 1128 736 peccato
1139 705 1297 740 subjacchat
1312 707 1570 734 sanctitiearetur".
1588 707 1651 734 lla-c
1662 707 1734 734 enim
1747 715 1804 733 om—

1015 748 1060 776 nia
1088 750 1179 785 adepti
1204 759 1300 779 sumus
1320 761 1370 787 per
1399 753 1649 780 manil‘estatiouem
1679 753 1802 780 omnium

1015 799 1139 822 nostrum
1154 796 1303 824 Salvatoris
1314 797 1426 825 Christi.
1441 812 1476 818 -
1488 798 1530 825 Ea:
1544 797 1668 825 Corderio
1685 797 1751 834 (2).]

1171 854 1248 881 Vers.
1260 855 1287 881 9.
1304 854 1415 882 Domine
1431 855 1501 882 Deus
1514 857 1649 882 virtutum.

1048 910 1195 938 Dominum
1206 911 1341 938 virtutum
1354 915 1381 938 et
1393 912 1477 938 Deum
1489 911 1584 938 Jacobi
1596 911 1714 945 appellat
1723 910 1802 937 Citri-

1013 960 1095 988 stum,
1120 963 1154 982 uc
1168 956 1230 990 quis
1241 964 1305 983 eum
1326 961 1464 984 recentem
1483 957 1716 983 existimetDeum
1737 964 1801 990 pro-

1012 1006 1073 1035 pter
1101 1001 1273 1028 nativitatem
1299 1003 1326 1028 in
1349 1010 1442 1034 carne,
1467 1002 1515 1029 sed
1539 1002 1615 1028 illum
1639 1002 1730 1036 potius
1741 1010 1801 1029 esse

1012 1046 1166 1078 credamus,
1177 1055 1258 1081 quem
1270 1048 1322 1081 ipsi
1333 1048 1440 1074 lsraelis
1451 1053 1542 1082 patres
1552 1048 1709 1080 coluerunt,
1718 1055 1799 1082 quem

1011 1091 1167 1127 provisione
1182 1097 1350 1126 spectarunt,
1367 1093 1446 1127 cujus
1456 1094 1616 1128 mysterium
1627 1101 1681 1120 non
1692 1094 1800 1127 ignora-

1010 1141 1119 1170 verunt,
1136 1138 1275 1165 revelaute
1291 1139 1346 1166 Dco
1359 1139 1449 1171 Patre,
1466 1143 1561 1166 sancto
1577 1139 1681 1173 Spiritu
1697 1139 1799 1165 illumi-

1010 1188 1092 1211 nante
1103 1184 1153 1220 (5).

1009 1322 1088 1350 Vers.
1099 1323 1142 1348 Η.
1160 1322 1236 1356 Elegi
1251 1322 1366 1356 abjcctus
1379 1329 1432 1347 esse
1447 1321 1475 1346 iu
1493 1321 1570 1356 domo
1584 1320 1630 1346 Dei
1642 1320 1700 1350 moi,
1717 1328 1800 1354 magis

1093 1366 1173 1393 quam
1184 1355 1303 1384 habitare
1314 1357 1340 1383 in
1353 1355 1528 1383 tabernaculis
1540 1360 1714 1391 peccatorum.

1043 1447 1115 1475 Cura
1129 1451 1175 1473 tua
1188 1447 1293 1477 fruens,
1310 1453 1326 1472 ο
1339 1445 1464 1476 Domine,
1480 1445 1598 1479 populus
1612 1449 1674 1470 tuus
1698 1444 1798 1478 templo

1009 1497 1056 1520 tuo
1071 1500 1180 1526 semper
1194 1491 1306 1523 assidet,
1321 1491 1434 1518 multam
1446 1491 1509 1517 inde
1519 1490 1665 1517 utilitatem
1675 1491 1797 1524 capiens.

1007 1538 1075 1565 Nam
1091 1546 1151 1573 quae
1164 1538 1236 1565 bona
1248 1538 1290 1564 vel
1304 1537 1385 1564 unico
1398 1537 1442 1564 die
1454 1537 1492 1563 ibi
1504 1537 1631 1571 percipit,
1648 1537 1720 1563 haud
1732 1536 1797 1562 alibi

166 1592 221 1627 γὰρ
234 1592 262 1618 ὲν
282 1593 330 1627 μιᾷ
346 1593 379 1627 τῇ
398 1593 431 1628 σῇ
444 1592 536 1628 ἡμέρᾳ
549 1592 690 1628 ὲδρέψατο,
708 1592 758 1619 οὐκ
774 1592 808 1619 ἂν
824 1593 956 1628 ἑτέρωθεν

1017 1585 1141 1620 thuirat,
1165 1584 1259 1611 multis
1271 1584 1398 1611 laborans
1412 1584 1518 1610 dierum
1534 1583 1663 1609 millibus.
1684 1582 1745 1609 Haec
1754 1582 1798 1609 di-

168 1638 326 1673 συναγὰγοι,
337 1639 438 1670 πολλὰς
452 1639 594 1670 ἀναλώσας
608 1638 719 1675 ἡμερῶν
734 1638 865 1674 χιλιάδας.
879 1638 958 1665 Ταῦ-

166 1691 201 1709 τα
225 1684 274 1718 μὲν
304 1684 350 1710 καὶ
372 1685 428 1715 τοῖς
451 1684 480 1710 ὲν
505 1684 646 1711 Βαϐυλῶνι
668 1684 847 1720 δορυαλώτοις
867 1684 956 1718 λέγειν

166 1730 311 1764 ἥρμοττεν,
332 1729 457 1767 ἀσεϐέσιν
481 1729 634 1766 ἀνθρώποις
658 1731 854 1766 συμϐιωτεύειν
876 1732 956 1765 ὴναγ·

167 1775 323 1809 κασμένοις,
349 1775 444 1810 κέρδος
466 1775 492 1802 δὲ
516 1776 638 1802 ἐντεῦθεν
661 1776 851 1812 ποριζομένοις
869 1777 955 1809 οὐδὲν,

166 1819 349 1855 λογιζομένοις
365 1820 414 1855 τὴν
429 1820 482 1846 ἀπὸ
502 1819 549 1847 τοῦ
565 1820 632 1847 Θεοῦ
651 1820 703 1847 νεῶ
716 1821 796 1848 πάλιν
811 1821 954 1855 ὠφέλειαν.

235 1887 312 1923 [Ὅτι
331 1887 417 1920 ἔλεος
434 1887 482 1915 καὶ
499 1887 643 1921 ἀλήθειαν
663 1887 764 1922 ἀγαπᾷ
778 1889 896 1923 Κύριος.

200 1980 292 2015 Καλὴν
308 1979 347 2015 τῷ
360 1979 461 2015 ψαλμῷ
480 1981 494 2006 6
515 1979 657 2015 προφήτης
680 1980 813 2015 σφραγίδα
836 1980 954 2016 ἐπέθηκε
973 2017 980 2022 _

165 2026 214 2060 τὴν
229 2026 268 2057 εἰς
289 2025 355 2052 Θεὸν
377 2025 484 2055 ἐλπίδα,
506 2023 539 2061 ἦς
559 2025 692 2060 μακάριον
706 2025 832 2060 ἕχεσθαιυ
846 2027 955 2062 ἄγκυρα

165 2071 220 2107 γὰρ
246 2070 284 2106 τῷ
312 2069 513 2106 χειμαζομένῳ,
535 2071 574 2106 τῷ
598 2071 626 2098 δὲ
644 2071 842 2106 πολεμουμένῳ
865 2074 954 2108 τεῖχος

166 2116 285 2153 ἁρραγὲς
298 2116 426 2152 γίνεται.]

444 2175 593 2210 ΨΑΛΜΟΣῚ
610 2175 672 2202 HE’.

241 2229 319 2263 Πρὸς
334 2229 371 2255 σὲ
387 2229 567 2264 κεκράξομαι
584 2230 661 2264 ὅλην
677 2230 734 2265 τὴν
750 2230 873 2265 ἡμέραν.

1009 1639 1072 1658 cere
1084 1631 1208 1665 captivos
1222 1637 1332 1664 quoque
1348 1629 1420 1663 apud
1431 1629 1597 1664 Babylonem
1615 1627 1718 1659 decuit,
1734 1635 1798 1654 curn

1009 1676 1100 1711 impiis
1125 1676 1285 1702 hominibus
1308 1675 1401 1702 vivere
1415 1679 1535 1706 coactos,
1553 1674 1714 1708 nullumque
1734 1673 1798 1701 inde

1007 1721 1222 1748 emolumentum
1232 1720 1382 1754 capientes,
1392 1719 1439 1746 sed
1448 1723 1607 1754 reputantes
1614 1718 1706 1753 potius
1712 1727 1796 1753 quan.

1007 1771 1063 1794 tam
1075 1775 1090 1795 a
1102 1767 1150 1794 Dei
1165 1768 1267 1802 templo
1284 1767 1431 1794 utilitatem
1444 1766 1661 1801 essentcapturi.

1006 1884 1086 1912 Vers.
1099 1884 1142 1911 12.
1170 1883 1258 1919 [Quia
1285 1884 1492 1911 misericordiam
1514 1887 1537 1909 et
1555 1883 1691 1910 veritatem
1712 1882 1797 1917 diligit

1336 1919 1474 1946 Dominus.

1040 1975 1178 2009 Propheta
1192 1974 1258 2002 huic
1265 1975 1370 2010 psalmo
1381 1976 1527 2011 pulchrum
1540 1976 1659 2011 sigillum
1669 1974 1796 2009 apposuit

1007 2027 1082 2055 spem
1096 2020 1124 2047 in
1139 2021 1236 2053 Deum,
1259 2021 1303 2048 cui
1317 2021 1457 2049 adhaerere
1474 2022 1582 2049 beatum
1596 2025 1638 2048 est
1647 2021 1668 2037 "‘
1684 2030 1690 2047 :
1706 2021 1795 2055 siqui-

1006 2065 1068 2093 dem
1086 2067 1144 2094 haec
1165 2074 1266 2094 ancora
1291 2071 1334 2094 est
1357 2067 1513 2099 ﬂuctuanti,
1531 2071 1687 2102 oppugnato
1702 2071 1794 2094 autem

1006 2114 1048 2137 est
1061 2110 1151 2145 paries
1165 2110 1356 2138 inconcussus.
1369 2127 1403 2131 -—
1414 2112 1456 2139 Ea:
1468 2111 1616 2147 (ἴοι-ἀρνία]

1251 2167 1410 2196 PSALMUS
1424 2168 1554 2196 LXXXV.
1589 2196 1595 2200 _

1160 2226 1237 2253 Vers.
1248 2226 1274 2252 5.
1292 2225 1334 2252 Ad
1349 2229 1374 2251 te
1387 2225 1506 2253 clamabo
1522 2229 1577 2252 tota
1588 2226 1639 2252 die.

200 2285 232 2320 (Ε
251 2276 270 2312 ιζ
291 2285 352 2317 n7,
368 2286 390 2312 ιι
407 2285 425 2312 r.
444 2286 493 2313 159
506 2286 535 2321 b)
551 2286 587 2312 Τὸ
603 2285 667 2321 ὅλην
687 2286 736 2322 τὴν
760 2287 876 2322 ἡμέραν,
893 2287 953 2314 ἀντι

1042 2281 1110 2308 Tota
1123 2281 1167 2308 die
1181 2281 1258 2314 dicit,
1282 2289 1331 2316 pro
1347 2289 1396 2316 per
1410 2281 1483 2308 diem
1495 2286 1589 2314 totam,
1607 2289 1705 2316 nempe
1719 2281 1792 2308 omni

163 2329 209 2356 τοῦ
238 2329 298 2356 καθ’
312 2330 375 2365 ὃλην
393 2330 441 2366 τὴν
466 2331 581 2365 ἡμέραν,
597 2331 681 2366 ἤγουν
703 2332 732 2357 ὲν
751 2332 832 2358 παντὶ
851 2331 950 2367 καιρῷ.

163 2375 222 2411 Χρὴ
245 2375 300 2410 γὰρ
326 2376 399 2411 ἡμᾶς
411 2376 591 2408 ἀδιαλείπτως
615 2376 799 2411 προσπίπτειν
820 2377 859 2412 τῷ
875 2377 950 2412 Θεῷ,

163 2420 210 2446 καὶ
227 2421 291 2456 παρ’
308 2420 391 2447 αὐτοῦ
406 2420 450 2447 τὸν
466 2421 540 2447 ἔλεον
554 2422 702 2456 ἐπιζητεῖν.

433 2478 578 2505 ΨΛΛΜΟΣ
598 2479 670 2512 HG’.

205 2524 236 2550 Ol
254 2523 380 2558 θεμέλιοι
396 2523 489 2550 αὐτοῦ
503 2523 537 2550 ἐν
554 2524 614 2557 τοῖς
631 2524 714 2559 ὄρεσι
729 2526 791 2559 τοῖς
805 2528 909 2562 ἁγίοις.
943 2535 946 2540 “

200 2579 232 2614 (Ε
249 2579 268 2606 Γ.
289 2579 350 2614 179)
370 2580 464 2615 Ἦρεσι
484 2572 645 2616 παρεικάζει
667 2582 717 2618 τὴν
745 2583 911 2618 Ἐκκλησίαν
935 2585 952 2620 ἡ

201 2658 223 2673 ⁵⁵
239 2658 261 2684 ll
276 2657 340 2685 Cor.
359 2665 414 2687 vul.
438 2658 464 2685 9.

199 2735 506 2772 (1)7Animadvcrtamus
518 2738 625 2772 piorum
635 2738 854 2766 Christianorum
866 2739 954 2767 beatae

163 2771 191 2798 iu
201 2771 270 2808 C(elo
281 2771 539 2808 :ctcrnitatisrspeui.
554 2781 602 2808 pro
613 2782 666 2808 qua
680 2775 810 2801 mundani
827 2775 954 2802 homines

163 2811 191 2832 et
201 2806 386 2842 voluptatibus
399 2807 483 2834 dediti
500 2806 595 2842 parum
607 2806 670 2835 sunt
685 2809 804 2836 solliciti.

201 2841 391 2878 (ἓλβιιιμιιιιιι
407 2843 477 2876 apud
501 2841 665 2870 C(JI'tlt‘t'lltlll
690 2844 882 2878 fragmentum,
898 2846 954 2871 Κύ-

164 2876 484 2913 ριον-ᾷὲλτῶνδυνάμειιιν,
501 2883 564 2907 ριν..
583 2879 655 2913 quod
672 2883 695 2905 ul
719 2876 879 2907 ahecdolunl
893 2881 950 2908 (λιιι-

163 2911 202 2939 dit
221 2911 281 2939 Mai.

1007 2330 1142 2362 tempore.
1169 2326 1283 2362 Oportet
1304 2328 1376 2355 enim
1400 2336 1451 2355 nos
1465 2335 1573 2364 semper
1585 2328 1642 2356 Deo
1659 2327 1796 2373 sppplices

1005 2373 1075 2406 ﬁeri,
1093 2374 1208 2409 ejusque
1222 2374 1441 2402 misericordiam
1455 2375 1611 2410 exquirere.

1245 2471 1401 2500 psittuus
1416 2462 1556 2499 LXXXVI.

1054 2518 1132 2545 Vers.
1148 2518 1170 2544 l.
1189 2517 1374 2544 Fundamenta
1387 2519 1443 2553 ejus
1458 2519 1485 2545 in
1498 2518 1627 2545 montibus
1638 2518 1745 2544 sanctis.

1043 2586 1180 2613 Montibus
1197 2590 1338 2620 comparat
1354 2586 1505 2614 Ecclesium
1519 2585 1649 2620 inspirata
1662 2585 1796 2612 divinitus

507 2659 529 2674 λθ
545 2659 554 2685 1
575 2659 637 2687 Cor.
653 2669 695 2693 xv,
713 2661 757 2688 55.
792 2662 813 2676 ⁸⁷
833 2661 918 2689 Hebr.
934 2671 992 2696 xm,
1012 2663 1055 2690 12.
1092 2663 1195 2691 ⁸³ΡειιΙ.
1213 2672 1293 2696 Lxxu,
1314 2664 1358 2691 28.

1041 2741 1078 2777 (5)
1107 2741 1208 2777 Adhuc
1231 2746 1325 2769 contra
1348 2741 1474 2772 Arianos,
1501 2741 1555 2768 imo
1574 2745 1601 2777 et
1614 2740 1794 2777 Eusebianos.

1003 2775 1127 2813 Namque
1157 2786 1172 2804 ιι
1195 2776 1357 2804 (larsarieusi
1383 2775 1798 2813 Eusebiononnisi__miuoreni,

1003 2817 1064 2846 post
1077 2810 1196 2843 Patrem,
1212 2813 1296 2839 Deum
1314 2813 1499 2839 existimatum
1521 2818 1582 2838 esse
1605 2810 1715 2846 Filium,
1737 2817 1782 2846 ma

1003 2843 1100 2875 iiifcste
1125 2848 1294 2875 demonstrat
1313 2847 1531 2874 Montfauconius
1546 2845 1621 2881 praef.
1637 2845 1669 2873 ad
1689 2843 1795 2872 Euseb.

1002 2883 1148 2910 Continenti.
1164 2885 1188 2909 in
1206 2883 1304 2909 Psalm.
1323 2891 1380 2918 cap.
1396 2883 1421 2908 ti.
