1998 3062
202 179 265 206 ΙὶὶίΙ

708 177 736 206 S.
756 178 894 206 CYRILLI
913 176 1148 205 ALEXANDRINI
1166 178 1324 207 ARCHIEP.

1753 177 1825 206 1219

199 234 352 268 Scriptura,
367 239 480 269 propter
496 234 652 270 dogmatum
668 234 741 262 illius
753 235 939 262 altitudinem.
949 250 985 255 —-

1043 231 1213 267 ὶέόπνευστος
1239 236 1346 271 Γραφὴ,
1377 235 1422 262 διὰ
1451 235 1482 262 τὸ
1510 235 1611 271 ὑψηλὸν
1638 235 1692 262 τῶν
1708 235 1737 262 ὲν
1752 235 1824 270 αὐτῇ

199 279 304 307 Montes
318 280 409 314 itaque
429 280 620 308 existimamus
633 287 693 307 esse
704 281 851 313 Ecclesias,
865 280 923 308 sive
937 280 983 307 de-

199 329 294 360 gentes
307 325 334 352 in
350 325 383 351 iis
397 325 532 353 homines.
557 326 669 361 Templa
684 327 759 353 enim
773 334 868 353 sumus
881 326 929 354 Dei
942 326 984 353 vi-

198 370 298 402 ventis,
310 375 337 398 et
350 370 510 403 Deidomus,
523 376 553 400 ut
565 371 643 398 aiunt
656 371 802 406 Scriptum
811 371 842 398 ⁸³.
856 371 986 404 Quaenam

199 424 264 443 vero
275 416 329 444 sint
340 416 516 444 fundamenta
528 424 589 451 qua:
600 417 627 443 in
639 417 719 444 nobis
725 417 984 449 collocatChristus,

199 462 309 491 docebit
319 462 428 494 Paulus,
443 462 538 489 dicens
554 471 560 488 :
580 471 589 488 ι
604 462 695 494 Fides,
711 470 783 498 spes,
794 463 932 496 Charitas;
957 467 986 490 et

199 512 299 543 praeter
313 509 372 540 has,
398 508 529 537 fortitudo
548 516 580 536 ac
594 509 735 543 patientia,
761 509 943 544 temperantia
957 513 986 537 et

199 554 377 586 mutinentia,
392 554 574 583 mansuetudo
588 560 616 582 et
627 555 818 590 longanimitas
826 556 878 588 “,1
893 559 985 583 etomv

199 600 266 627 nino
281 600 413 627 virtutum
424 607 504 627 omne
515 608 612 635 genus.

235 646 384 673 Terrestris
399 646 474 678 Sion,
486 654 547 681 qua).
565 646 593 673 in
613 646 847 682 Judaica'fegione
858 650 910 679 est,
923 654 986 681 pars

200 694 242 718 est
264 691 340 718 urbis
352 691 514 724 Jerusalem,
536 692 643 720 excelsa
665 692 792 720 videlicet
808 700 841 719 ac
854 692 939 719 veluti
957 691 986 719 in

199 741 292 763 monte
307 737 375 769 sita;
401 737 474 765 illam
495 743 639 773 propterea
660 739 876 773 interpretantur
896 745 987 773 specu-

199 782 253 810 lam
263 783 314 818 _(l).
328 783 398 810 Huic
407 784 492 811 veluti
503 784 530 811 in
545 788 638 811 monte
653 784 769 812 conditae
786 783 862 811 Sioni
878 791 987 818 compa-

199 834 261 856 rant
277 829 436 862 Ecelesiam,
461 830 489 857 id
511 834 554 857 est
573 830 743 857 credentium
772 829 985 861 multitudinem,

198 883 282 904 saera:
301 877 411 904 Litterae
423 877 456 903 ".
475 877 523 906 Est
545 877 618 904 enim
643 877 749 904 excelsa
765 877 901 909 Ecclesia,
916 876 986 903 nihil

1035 281 1114 307 θείων
1131 281 1284 317 δογμάτων.
1298 296 1334 301 —
1350 281 1420 316 ’Όρη
1440 279 1486 308 οὖν
1505 281 1620 317 νοοῦμεν
1641 280 1691 312 τὰς
1709 280 1826 314 Ἐκκλη-

1036 327 1105 358 σίας.
1129 315 1198 362 ἦτοιὶ
1217 327 1280 358 τοὺς
1305 327 1333 353 ὲν
1363 315 1469 359 αὑταῖς.
1496 315 1576 354 ΝαοὶἺ
1590 327 1644 362 γάρ
1659 327 1743 360 ἐσμεν
1756 325 1825 351 Θεοῦ

1035 372 1146 405 ζῶντος,
1163 373 1210 399 καὶ
1224 369 1298 404 οἶκος
1314 372 1381 399 Θεοῦ
1399 373 1471 399 κατὰ
1493 372 1543 404 τὰς
1561 372 1683 407 Γραφάς.
1702 372 1769 398 Ποῖα
1795 366 1828 397 δὲ

1035 419 1106 446 αὐτά.
1121 419 1179 445 ὲστι
1198 418 1234 445 τὰ
1258 418 1370 453 θεμέλια
1392 417 1411 445 ἃ.
1437 418 1543 452 τίθησιν
1565 418 1593 444 ὲν
1613 418 1678 453 ἡμῖν
1694 415 1824 452 Χριστὸς,

1035 464 1135 497 διδάξει
1160 464 1247 498 λέγων
1264 465 1278 491 6
1291 463 1396 493 Παῦλος
1407 473 1413 480 ·
1442 473 1451 489 ι
1461 460 1681 495 Πίστις,“ὲλπὶς,
1707 462 1803 496 ἀγάπη
1816 468 1824 477 ”

1036 510 1083 537 καὶ
1099 509 1168 545 πρὸς
1187 509 1233 536 ἐπὶ
1246 508 1350 540 τούτοις
1365 508 1473 544 ἀνδρεία
1490 508 1537 535 καὶ
1557 507 1692 543 ὑπομονὴ,
1715 514 1825 541 σωφρο-

1037 555 1102 590 σύνη
1121 554 1167 581 καὶ
1184 553 1342 590 ἐγκράτεια,
1355 554 1476 589 πραότης
1491 553 1539 581 καὶ
1555 552 1741 589 μακροθυμία,
1753 562 1762 578 ι
1775 551 1826 578 καὶ

1036 600 1109 633 ἅπαξ
1123 600 1215 632 ἅπλῶς
1230 600 1284 626 πᾶν
1296 597 1364 631 εἶδος
1377 600 1486 635 ἀρετῆς.

1072 646 1103 681 (F
1115 645 1134 673 f.
1152 644 1242 681 1451))
1266 645 1299 672 Ἡ
1316 645 1436 678 ἐπίγειος
1452 643 1532 677 Σιὼν,
1554 644 1570 679 ἠ
1594 643 1664 670 κατὰ
1686 643 1735 678 τὴν
1756 643 1826 669 Ἰου-

1036 690 1114 716 δαίαν
1126 690 1228 725 χώραν,
1244 689 1324 725 μέρος
1338 689 1387 724 μέν
1398 689 1456 715 ὲστι
1468 689 1517 724 τῆς
1534 689 1722 724 Ἰερθυσαλὴμ.
1731 686 1822 723 ὑψηλὴ

1036 735 1064 762 δὲ
1083 735 1130 762 καὶ
1155 735 1250 771 ὥσπερ
1273 736 1302 762 ἐν
1318 735 1376 769 δρει
1403 733 1580 769 διακειμένη·
1607 733 1651 760 διὰ
1669 732 1750 759 τοῦτο
1776 731 1827 758 καὶ

1037 779 1218 815 ἑρμηνεύεται
1232 779 1464 812 σκοπευτήριον.
1485 778 1578 814 Ταύτῃ
1594 778 1683 804 τοίνυν
1696 779 1729 813 τῇ
1744 778 1782 809 ὡς
1794 778 1825 803 ὲν

1036 825 1094 860 ὄρει
1124 823 1283 860 διακειμὲνῃ
1307 823 1376 850 Σιὼν
1399 823 1544 855 ἀπεικάζει
1568 822 1617 857 τὴν
1648 821 1824 853 Ἐκκλησίαν,

1037 871 1121 907 ἦγουν
1135 870 1184 906 τὴν
1199 870 1253 898 τῶν
1267 870 1470 897 πιστευσάντων
1483 868 1598 904 πληθὺν,
1615 868 1646 895 τὸ
1658 868 1776 903 Γράμμα
1792 868 1826 893 τὸ

197 921 301 950 humile
321 923 443 950 habens:
459 931 521 950 nam
540 923 681 950 terrestria
704 930 800 958 sapere
813 922 985 957 dedignatur,

1043 917 1124 953 ἱερόν.
1142 915 1246 952 ’Υψηλὴ
1259 915 1324 951 γὰρ,
1337 915 1412 942 οὐδὲν
1425 915 1525 950 ἔχουσα
1539 914 1666 941 ταπεινόν
1676 921 1683 928 ⁸
1695 913 1754 940 οὐδὲ
1769 912 1825 948 γὰρ

198 967 246 994 sed
259 967 357 1002 quaerit
370 968 461 1002 potius
474 975 592 1003 superna
609 977 614 994 :
630 968 758 995 Ecclesiae
777 973 868 994 autem
882 966 985 994 alumni

199 1013 339 1040 ambulant
355 1014 467 1048 quidem
483 1014 512 1041 in
535 1018 618 1047 terra,
638 1013 686 1041 sed
703 1021 799 1041 eorum
815 1012 986 1041 conversatio

199 1058 227 1085 in
238 1059 315 1086 caelis
326 1063 367 1086 est
376 1060 410 1086 ".

341 1105 420 1140 262
439 1105 596 1133 PSALMUS
608 1105 773 1134 LXXXVIII.

227 1149 305 1177 Vers.
318 1150 344 1177 5.
363 1150 448 1185 Usque
462 1151 488 1177 in
505 1156 633 1178 aeternum
644 1160 733 1178 semen
752 1156 826 1179 tuum
845 1152 955 1188 parabo.

229 1206 334 1241 Nempe
359 1207 393 1234 de
412 1207 516 1235 semine
535 1208 595 1242 ejus
617 1208 767 1235 suscitatus
776 1213 817 1236 est
832 1208 986 1236 secundum

199 1260 310 1279 carnem
335 1252 470 1286 Christus,
487 1257 515 1280 et
529 1261 563 1280 ex
577 1253 655 1280 Iudae
676 1254 760 1286 tribu,
783 1262 817 1281 ex
830 1262 884 1289 qua
898 1254 986 1283 David

199 1299 258 1334 ipse
274 1303 334 1326 erat
347 1300 490 1327 oriundus.

341 1345 417 1372 Vers.
434 1345 477 1372 Η.
497 1345 530 1372 In
544 1345 649 1373 brachio
664 1347 769 1374 virtutis
782 1352 843 1375 tuw.

235 1389 324 1417 Patris
339 1389 482 1416 brachium
503 1390 622 1425 appellat
635 1391 745 1424 Filium,
770 1400 819 1426 per
830 1400 911 1427 quem
925 1400 985 1420 om-

199 1435 245 1463 nia
261 1435 441 1470 operatur";
469 1435 551 1464 sicuti
571 1444 653 1463 manu
669 1441 762 1465 nostra
793 1442 822 1465 et
833 1445 884 1465 nos
894 1438 987 1466 omnia

199 1481 290 1509 facere
301 1482 431 1509 solemus.

200 1576 277 1603 Vcrs.
295 1576 337 1604 l6.
363 1577 483 1610 Domina,
498 1578 525 1605 in
541 1578 640 1606 tantine
651 1579 740 1607 vultus
753 1581 791 1607 tui
803 1580 985 1610 ambulabunt.
1001 1591 1022 1620 ς

230 1666 259 1693 in
271 1666 373 1694 lumine
385 1667 458 1702 quod
469 1672 511 1695 est
522 1675 555 1695 ex
564 1667 678 1703 Spiritu,
688 1669 815 1704 quodque
827 1677 842 1697 a
850 1674 897 1698 tuo
908 1671 987 1698 vultu

200 1712 347 1744 emittitur,
371 1712 399 1739 id
423 1717 465 1740 est
489 1721 505 1740 a
531 1713 600 1741 Filio
620 1718 678 1747 tuo,
696 1715 886 1743 ambulabunt.
907 1716 988 1744 Ducit

201 1758 274 1785 enim
285 1765 335 1785 nos
352 1758 470 1793 Spiritus
482 1765 592 1788 sanctus
606 1761 640 1788 ad
653 1761 760 1797 singula
774 1769 834 1797 quae
844 1762 872 1790 in
882 1762 987 1792 lumine

201 1803 326 1832 facienda
338 1809 402 1832 sunt
418 1813 510 1840 opera.
691 1808 694 1811 ’

319 1861 395 1888 Vers.
413 1861 454 1888 l7.
471 1861 503 1889 In
517 1863 624 1890 nonu'ne
631 1867 676 1890 tuo
687 1863 867 1892 exsultabant.

238 1914 352 1951 Semper
367 1917 441 1944 enim
455 1925 506 1945 nos
519 1923 598 1945 ornat
607 1919 709 1947 Christi
722 1928 805 1955 super
817 1914 867 1949 nos
879 1921 988 1950 invoca.

202 1964 260 1992 turn
274 1970 374 1989 nomen
392 1971 398 1990 :
415 1963 550 1998 siquidem
563 1972 596 1992 ex
611 1965 722 1994 Christo
732 1965 882 1994 Christiani
893 1975 988 1996 sumus

202 2014 345 2036 nominati.

203 2064 280 2093 Vers.
293 2065 338 2092 22.
367 2065 473 2105 [Manus
498 2068 566 2094 enim
582 2076 641 2095 mea
654 2069 828 2097 auxilinbitur
839 2071 873 2105 ei,
886 2075 910 2098 et
926 2072 988 2099 bra-

378 2102 465 2129 chium
474 2111 560 2129 meum
572 2105 731 2138 coitlartabit
739 2113 809 2132 eum.

238 2145 363 2174 Salvator
378 2147 446 2174 dixit
464 2157 470 2175 :
502 2148 612 2183 «Opera
633 2157 694 2184 qua:
717 2150 793 2179 dedit
813 2152 881 2180 mihi
907 2153 988 2181 Pater

204 2195 234 2218 ut
252 2192 392 2226 perﬁciam
413 2201 459 2227 ea;
478 2193 536 2229 ipsa
555 2202 639 2229 opera
664 2203 725 2230 quae
748 2204 799 2232 ego
820 2197 891 2226 facio
910 2199 989 2226 testi-

1035 963 1108 996 ἁξιοί
1130 963 1238 998 φρονεῖν
1257 963 1292 990 τὰ
1311 963 1356 989 ἐπὶ
1380 962 1430 997 τῆς
1453 962 1516 996 γῆς,
1533 962 1610 996 ζητεῖ
1626 961 1654 987 δὲ
1673 960 1772 996 μᾶλλον
1789 959 1825 986 τὰ

1037 1010 1093 1037 ἄνω
1107 1018 1112 1024 ·
1125 1009 1173 1036 καὶ
1181 1010 1204 1035 οἱ
1218 1009 1268 1043 τῆς
1282 1008 1446 1044 Ἑκκλησίας
1456 1008 1484 1034 δὲ
1498 1008 1627 1043 τρόφιμοι
1643 1006 1826 1042 περιπατοῦσι

1038 1053 1088 1089 μὲν
1106 1053 1151 1080 ἐπὶ
1168 1053 1231 1089 γῆς,
1246 1053 1337 1088 ἔχουσι
1356 1053 1383 1079 δὲ
1397 1052 1429 1079 τὸ
1441 1052 1594 1087 πολίτευμα
1613 1053 1640 1078 ὲν
1651 1052 1786 1087 οὐρανοῖς.

1316 1098 1462 1125 ΨΑΛΜΟΣ
1480 1099 1548 1125 ΠΗ’.

1087 1145 1164 1177 ’Ἕως
1176 1144 1228 1171 τοῦ
1243 1143 1350 1176 αὶῶνος
1367 1142 1514 1178 ἑτοιμάσω
1530 1142 1563 1170 τὸ
1579 1142 1698 1177 σπέρμα
1709 1150 1777 1170 σου.

1073 1202 1105 1238 (F
1122 1201 1141 1229 ἰ.
1159 1201 1220 1234 M7,
1236 1202 1258 1229 K
1276 1201 1296 1228 f.
1312 1201 1363 1229 158
1381 1200 1409 1236 b)
1433 1200 1597 1235 Ἐγήγερται
1616 1200 1649 1226 ὲκ
1663 1198 1823 1235 σπέρματος

1037 1245 1164 1273 αὐτοῦτὸ
1178 1246 1248 1273 κατὰ
1271 1246 1362 1282 σάρκα
1385 1245 1514 1281 Χριστὸς,
1532 1245 1580 1272 καὶ
1604 1245 1637 1271 ὲκ
1658 1246 1708 1278 τῆς
1738 1244 1827 1271 Ἰούδα

1037 1292 1134 1327 φυλῆς,
1153 1292 1182 1325 ἐξ
1194 1289 1228 1328 ἦς
1245 1292 1291 1318 καὶ
1308 1292 1387 1324 αὐτὸς
1402 1290 1436 1326 ἦν
1451 1293 1464 1318 ὁ
1477 1291 1612 1327 μακάριος
1626 1291 1717 1318 Δαϐίδ.

1149 1338 1202 1365 Ἐν
1215 1337 1254 1369 τῷ
1262 1337 1403 1371 βραχίονι
1416 1335 1470 1370 τῆς
1485 1335 1639 1370 δυνάμεώς
1649 1342 1717 1362 σου.

1074 1384 1105 1420 (F
1121 1383 1141 1411 ἰ.
1156 1384 1206 1411 MS
1218 1383 1246 1419 b)
1264 1383 1399 1418 Βραχίονα
1414 1382 1442 1409 δὲ
1458 1382 1505 1409 τοῦ
1520 1381 1627 1418 Πατρδς
1641 1381 1769 1416 ὀνομάζει
1778 1380 1825 1407 τὸν

1038 1429 1119 1458 Υἰόν·
1141 1430 1249 1465 ἐνεργεῖ
1273 1429 1326 1464 γὰρ
1345 1428 1378 1455 δι’
1403 1428 1486 1455 αὐτοῦ
1507 1427 1541 1454 τὰ
1566 1428 1667 1460 πάντα,
1697 1426 1825 1462 καθάπερ

1037 1476 1133 1512 ἀμέλει
1144 1476 1190 1503 καὶ
1202 1476 1282 1511 ἡμεῖς
1298 1475 1375 1502 αὐτοὶ
1389 1475 1434 1502 διὰ
1447 1475 1497 1509 τῆς
1509 1473 1613 1501 ἑαυτῶν
1624 1473 1716 1508 χειρὸς
1736 1473 1826 1500 πάντα

1039 1523 1126 1550 ποιεῖν
1141 1521 1295 1558 εἰθίσμεθα.

1039 1579 1137 1613 Κύριε,
1157 1578 1192 1607 ἐν
1211 1577 1250 1610 τῷ
1269 1577 1342 1612 φωτί
1366 1576 1420 1604 τοῦ
1444 1575 1608 1610 προσώπου
1633 1584 1691 1602 σου
1717 1574 1829 1610 10139157-

1364 1620 1480 1639 σον-ται.

1075 1670 1107 1706 (F
1124 1669 1143 1697 f.
1163 1669 1213 1698 148
1230 1669 1259 1705 b)
1281 1669 1325 1696 Ἐν
1344 1668 1382 1705 τῷ
1402 1668 1472 1703 φωτὶ
1490 1667 1530 1703 τῷ
1544 1668 1589 1695 διὰ
1604 1667 1651 1694 τοῦ
1667 1667 1827 1703 Πνεῦματος

1037 1716 1078 1752 τῷ
1100 1715 1303 1752 ἔκπεμπομένῳ
1318 1715 1362 1742 διὰ
1382 1713 1430 1742 τοῦ
1457 1714 1504 1741 σοῦ
1522 1713 1680 1750 προσώπου,
1703 1713 1831 1741 τουτέστι

1038 1762 1085 1789 τοῦ
1103 1761 1151 1788 σοῦ
1175 1761 1255 1793 Υίοῦ,
1280 1760 1470 1797 πορεύσονται.
1496 1759 1604 1796 Ὀδηγεϊ
1626 1759 1680 1795 γὰρ
1698 1760 1773 1794 ἡμᾶς
1796 1759 1829 1786 τὸ

1039 1806 1152 1842 Πνεῦμα
1166 1806 1196 1834 τδ
1214 1806 1292 1841 ἔιγιθν
1307 1807 1347 1838 εἰς
1361 1806 1465 1833 ἕκαστα
1473 1805 1528 1832 τῶν
1544 1806 1573 1832 ὲν
1589 1805 1658 1839 φωτὶ
1673 1805 1826 1840 πρακτέων.

1153 1864 1200 1891 Ἐν
1215 1863 1256 1896 τῷ
1274 1864 1397 1898 ὀνόματί
1410 1871 1468 1891 σου
1483 1862 1730 1899 ἀγαλλιάσονται.

1075 1922 1107 1957 (F
1121 1921 1141 1949 f.
1158 1921 1210 1949 MS
1221 1921 1250 1953 b,
1267 1921 1288 1948 K
1305 1920 1325 1948 f.
1346 1920 1407 1955 159)
1431 1921 1486 1947 ’Λεὶ
1499 1920 1553 1956 γὰρ
1571 1920 1644 1955 ἡμᾶς
1659 1919 1786 1953 στεφανοῖ
1797 1919 1829 1945 τὸ

1039 1968 1123 1996 καλὸν
1143 1967 1229 2002 δνομα
1250 1966 1297 1993 τοῦ
1317 1965 1437 2001 Χριστοῦ
1459 1966 1490 1992 τὺ
1507 1965 1653 2000 ἐπικληθὲν
1675 1965 1715 1997 είς
1735 1965 1827 2000 ἡμᾶς·

1040 2012 1223 2048 ὡνομάσμεθα
1242 2011 1297 2047 γὰρ
1312 2011 1355 2038 διὰ
1370 2011 1486 2046 Χριστὸν
1500 2010 1670 2046 Χριπιανοὶ.

1040 2069 1094 2106 [Ἦ
1107 2068 1163 2103 γὰρ
1179 2067 1261 2106 ’χείρ’
1269 2076 1329 2102 μου
1348 2066 1606 2106 συναντιλήψεται
1617 2065 1710 2106 αὐτῷ,
1738 2065 1789 2092 καί
1813 2066 1830 2093 ὁ

1167 2101 1303 2137 ,βραχίὼν
1315 2110 1375 2137 μου
1395 2102 1574 2135 κατισχύσει
1591 2101 1694 2129 αὐτόν.

1082 2149 1112 2176 '0
1130 2149 1225 2184 Σωτὴρ
1238 2148 1340 2182 ἔφασκε
1350 2156 1356 2162 ·
1377 2156 1386 2173 ι
1406 2146 1447 2173 Τὰ
1462 2146 1529 2182 ἔργα
1545 2146 1563 2174 ἃ
1575 2146 1674 2173 δέδωκέ
1691 2155 1734 2182 μοι
1749 2147 1762 2172 ὁ
1772 2146 1830 2173 Πα-

1041 2195 1092 2231 τὴρ
1109 2195 1153 2222 ἵνα
1172 2194 1279 2230 ποιήσω
1299 2193 1385 2220 αὐτά·
1403 2192 1472 2220 αὐτὰ
1491 2192 1526 2219 τὰ
1548 2192 1617 2228 ἔργα
1636 2192 1654 2220 ἃ
1675 2191 1731 2226 ἐγὼ
1758 2192 1830 2218 ποιῶ

203 2238 326 2265 monium
350 2239 497 2273 perhibent
519 2240 553 2267 de
574 2249 627 2273 me,
645 2241 709 2276 quia
725 2242 784 2276 ipse
795 2244 870 2271 misit
883 2253 926 2273 me
935 2245 984 2273 ⁵⁵.»

1043 2242 1178 2278 μαρτυρεί
1192 2241 1256 2276 περὶ
1273 2240 1350 2276 ἐμοῦ,
1365 2240 1405 2267 ὅτι
1421 2239 1503 2271 αὑτός
1520 2247 1554 2274 με
1567 2239 1730 2265 ἀπέσταλκε.
1749 2248 1758 2264 ι
1773 2238 1831 2265 Καὶ

203 2282 237 2309 Et
254 2283 352 2311 iterum
373 2293 379 2311 :
400 2294 408 2310 ι
423 2284 447 2312 Α
465 2285 570 2320 meipso
584 2286 681 2321 loquor
691 2288 761 2315 nihil
782 2298 788 2316 :
805 2289 885 2318 Pater
896 2296 988 2320 autem

204 2327 231 2359 in
254 2336 296 2355 me
320 2337 433 2357 manens
451 2329 509 2366 ipse
524 2330 589 2358 facit
607 2339 689 2366 opera
704 2333 737 2361 ".
752 2344 761 2359 ι
779 2334 867 2370 Atque
880 2336 936 2364 hoc
947 2341 990 2365 est

203 2374 277 2408 quod
302 2374 384 2401 modo
405 2375 485 2403 Pater
501 2376 536 2403 de
559 2377 618 2412 ipso
631 2378 669 2405 ait
684 2388 690 2405 :
711 2389 720 2404 ι
732 2379 828 2408 Manus
840 2382 914 2409 enim
927 2390 989 2410 mea

203 2420 380 2450 ﬁuxiliabitur
387 2421 422 2454 ei,
435 2421 615 2458 etbrachium
625 2432 717 2454 meum
724 2426 969 2456 confortabiteum.
976 2438 985 2455 ι
1009 2428 1011 2430 ’

202 2479 237 2484 -—
249 2464 292 2492 Ea:
307 2464 458 2503 Corderio.]

264 2521 342 2549 Vers.
354 2522 398 2550 24.
415 2523 535 2552 0dientes
546 2534 606 2553 eum
619 2527 647 2554 in
657 2527 748 2563 [ngam
760 2533 923 2557 convertam.

232 2566 297 2594 Post
321 2568 473 2598 Servatoris
485 2578 605 2605 crucem,
623 2572 652 2600 in
664 2581 762 2608 graves
774 2578 857 2610 atque
870 2575 987 2604 inevita-

202 2611 271 2642 biles
285 2613 383 2642 incidit
397 2616 567 2645 calamitates
581 2618 738 2646 Judzeorum
753 2628 900 2657 synagoga.
918 2622 987 2650 Tra-

202 2659 251 2688 diti
261 2661 336 2688 enim
349 2661 462 2690 fuerunt
477 2663 504 2690 in
519 2664 640 2692 hostium
651 2673 758 2699 manus.
771 2666 820 2701 qui
832 2668 988 2695 universam

202 2705 324 2741 ipsorum
340 2711 484 2737 vastarunt
498 2710 638 2745 regionem
652 2719 660 2744 ;
678 2711 771 2747 itaque
784 2712 902 2749 dispersi
914 2717 987 2742 sunt.

1041 2289 1122 2317 πάλιν
1134 2297 1141 2302 ·
1166 2297 1176 2314 ι
1202 2287 1261 2314 Ἀπ’
1277 2286 1344 2322 ἐμοῦ
1363 2286 1436 2312 λαλῶ
1458 2285 1549 2312 οὐδέν’
1567 2286 1581 2312 ὸ
1606 2285 1635 2311 δὲ
1650 2285 1746 2320 Πατὴρ
1765 2284 1780 2310 ὀ
1801 2284 1831 2310 ὲν

1039 2334 1103 2371 ἐμοὶ
1118 2334 1207 2370 μένων
1221 2334 1294 2359 ποιεῖ
1307 2331 1341 2358 τὰ
1358 2331 1427 2366 ἔργα
1451 2330 1542 2362 αὑτός.
1564 2339 1572 2356 ι
1592 2331 1648 2357 Καὶ
1661 2329 1741 2357 τοῦτό
1757 2330 1831 2363 ἐστιν

1040 2380 1055 2407 ὃ
1069 2380 1145 2414 λέγει
1156 2379 1202 2406 νῦν
1214 2379 1229 2405 ὁ
1248 2377 1342 2414 Πατὴρ
1359 2378 1424 2413 περὶ
1441 2376 1524 2403 αὑτοῦ
1537 2385 1544 2393 ·
1559 2385 1568 2402 ι
1590 2377 1624 2403 Ἡ
1637 2375 1690 2411 γὰρ
1704 2375 1765 2411 χείρ
1778 2384 1829 2411 μου

1042 2424 1270 2460 συναντιλήψεται
1282 2422 1367 2458 αὐτῷ,
1383 2422 1431 2450 καὶ
1442 2423 1457 2449 ὁ
1470 2421 1590 2458 βραχίων
1607 2430 1658 2458 μου
1670 2422 1831 2458 κατισχύσει

1043 2469 1148 2507 αὐτόν]
1167 2480 1176 2496 ι

1144 2527 1219 2561 Τοὺς
1233 2527 1401 2562 μισοῦντας
1415 2526 1510 2559 αὑτὸν
1528 2526 1726 2560 τροπὼσομαι.

1077 2575 1108 2611 (ιτ
1122 2575 1141 2602 ι.
1156 2574 1207 2602 ιιι)
1217 2574 1244 2606 b,
1260 2574 1282 2601 Κ
1299 2573 1317 2601 r.
1337 2572 1399 2608 160)
1418 2572 1496 2599 Μετά
1511 2571 1564 2608 γὰρ
1580 2572 1627 2599 τδν
1641 2572 1688 2599 τοῦ
1704 2564 1845 2608 Σωτῆρος·

1042 2621 1159 2657 σταυρὸν
1175 2620 1276 2652 δειναῖς
1291 2620 1339 2646 καὶ
1358 2618 1491 2654 ἀφύκτοις
1506 2619 1703 2655 περιπέπτωκε
1724 2627 1834 2654 συμφο-

1042 2668 1102 2703 ραῖς
1120 2668 1137 2702 ἡ
1151 2666 1205 2693 τῶν
1228 2664 1364 2697 Ἰουδαίων
1384 2665 1540 2700 συναγωγή.
1562 2664 1757 2700 Παρεδόθησαν
1777 2664 1834 2699 γὰρ

1041 2713 1081 2745 εἰς
1104 2713 1197 2748 χεῖρας
1214 2710 1330 2746 ἐχθρῶν,
1346 2711 1370 2738 οἳ
1386 2710 1433 2737 καὶ
1455 2711 1545 2737 πᾶσαν
1564 2710 1653 2738 αὐτῶν
1678 2710 1834 2746 ὴρήμωσαν

1041 2758 1089 2793 τὴν
1106 2757 1198 2793 χώραν
1209 2765 1215 2771 ·
1233 2757 1281 2783 καὶ
1294 2755 1552 2792 διεσκορπίσθησαν.

237 2811 464 2854 ‘:iCor.lrl,_16.
491 2814 515 2834 ιθ
528 2814 614 2842 Galat.
633 2824 659 2848 ν,
679 2816 723 2843 22.
744 2817 765 2833 ⁸¹
778 2817 861 2845 Hebr.
879 2826 925 2851 xu,
938 2818 982 2845 22.

1056 2818 1174 2854 Philipp.
1203 2826 1241 2849 tu,
1256 2817 1299 2844 9.0.
1339 2817 1362 2832 ⁸³
1376 2816 1460 2844 llebr.
1476 2824 1506 2848 ιι,
1531 2815 1572 2842 10.
1609 2816 1631 2832 ’⁸
1648 2816 1727 2845 Joan.
1744 2825 1771 2851 ν,
1784 2815 1831 2844 56.

203 2845 227 2864 ”
242 2845 320 2874 Joan.
335 2855 390 2880 xw,
407 2848 448 2874 i0.

241 2905 279 2941 (ί)
291 2906 328 2934 De
339 2907 391 2935 hac
410 2907 535 2935 vocabuli
551 2908 676 2936 Hebraici
690 2908 751 2937 Sion
767 2909 990 2944 interpretatione
1010 2909 1129 2938 diximus
1142 2910 1168 2938 in
1187 2915 1242 2938 not.
1258 2911 1289 2939 ad
1303 2918 1373 2938 vers.
1389 2910 1420 2937 l'Z
1432 2909 1526 2946 psalmi
1546 2918 1580 2936 ix.
