1998 3062
162 188 229 218 iiiis

315 248 523 283 ’Υψωθήσεται
541 249 574 275 τὸ
593 246 683 282 κέρας
693 247 799 276 αὑτοῦ.

195 305 229 342 (F
241 305 260 332 Γ.
280 305 332 333 149
353 305 383 341 1))
402 305 482 338 Ἕθος
499 306 532 341 τῇ
551 305 723 341 θεοπνεύστῳ
746 305 843 342 Γραφῇ
867 305 952 341 κέρας

160 350 316 386 ὀνομάζειν,
331 351 378 377 ἐπὶ
392 350 441 386 μὲν
456 350 510 377 τῶν
521 350 701 386 ἁμαρτωλῶν,
714 349 765 386 τὴν
781 350 949 386 ὑπεροψίανο

160 397 207 423 ἐπὶ
223 396 251 423 δὲ
266 396 321 424 τῶν
337 396 460 428 δικαίων,
472 397 522 432 τὴν
537 397 626 429 δόξαν.

197 443 272 479 [Τοῖς
284 443 399 478 ὀνόμασι
407 444 464 475 τοῖς
479 443 597 479 μάλιστα
609 443 745 479 πρέπουσι
755 443 794 479 τῷ
804 443 892 480 Πατρὶ
903 444 950 471 καὶ¹

159 489 242 520 αὐτὸς
253 490 268 515 ὀ
283 488 347 520 Υἱὸς
361 488 517 522 δοξάζεται·
530 485 587 516 οἷόν
601 489 626 515 τί
637 497 719 524 φημι,
732 489 799 521 Θεὸς
812 488 948 525 ἀληθινὸς,

159 537 174 562 ό
192 536 288 571 Πατὴρ
311 535 391 562 τοῦτό
410 537 470 562 ἐστι
487 536 534 563 καὶ
556 536 571 562 ό
591 535 669 567 Υἱός¹
695 535 775 568 αὐτὸς
796 535 852 571 γάρ
876 536 950 562 ἔστιν

163 591 171 606 ι
186 582 202 616 ἡ
217 580 330 616 ἀλήθεια
351 581 398 607 καί¹
412 581 428 616 ὴ
443 580 510 615 ζωή.
525 589 534 606 ›
552 580 607 607 Καὶ
623 580 701 606 τοῦτο
722 580 800 614 ἒλεγε
817 579 885 615 πρὸς
902 579 947 606 τὸν

146 627 257 663 »ἑαυτοῦ
271 627 398 663 Πατέρα·
415 637 425 653 ι
445 627 507 654 Ὅτι
528 627 618 655 πάντα
632 627 666 654 τὰ
685 626 740 663 ὲμὰ
757 626 792 653 σά
808 626 877 659 ἐστι,
902 626 950 653 καὶ

159 673 195 701 τὰ
209 673 243 701 σὰ
258 673 323 708 ἐμά.
346 673 370 709 ι]

209 730 317 766 [Αὐτὸς
332 730 544 758 ἐπικαλέσεταί
557 739 607 765 με,
623 730 725 764 Πατήρ
737 739 797 765 μου
810 728 838 758 εἷ
850 729 901 758 σύ.

194 787 277 822 Θήσει
297 786 326 814 δὲ
340 786 423 813 αὑτὸν
437 788 451 813 ὁ
464 786 529 818 Θεὸς
548 787 594 813 καὶ
613 786 797 822 πρωτότοκον,
813 785 887 812 καθὰ
903 785 950 812 καὶ

159 833 265 866 Παῦλος
277 833 291 859 ὸ
311 833 397 868 μέγας
412 833 494 868 φησίν
505 840 511 847 ·
528 843 537 858 ι
555 833 603 863 Et;
615 832 645 859 τὸ
660 830 730 859 εἶναι
746 832 827 858 αὐτὸν
841 831 950 866 πρωτό-

158 889 237 907 τοκον
254 881 283 907 ὲν
299 879 406 911 πολλοῖς
420 879 560 913 ἀδελφοῖς·
577 888 588 905 ›
602 879 650 905 καὶ
662 878 760 906 πάλιν·
780 887 790 905 ι
806 877 949 913 Πρωτὸτο-

159 935 207 958 κος
221 927 255 953 ὲκ
264 925 319 952 τῶν
329 925 445 960 νεκρῶν.
459 924 506 951 καὶ
515 925 686 960 πρωτότοκος
695 924 785 960 πάσης
796 924 920 956 κτίσεως.
934 933 942 950 ι
962 926 983 954 Β

160 972 257 1006 Ἔλεγε
273 971 302 998 δὲ
323 971 371 997 καὶ
390 971 404 996 ὁ
427 971 523 1005 Σωτὴρ
545 971 579 1005 τῇ
605 969 719 1005 Μαρίᾳ”
738 978 747 995 ι
769 968 948 1004 Πορευθεῖσα,

158 1015 219 1045 εἷπε
233 1018 289 1049 τοῖς
305 1016 430 1051 ἀδελφοῖς
443 1024 493 1051 μου
503 1024 509 1031 ’
526 1015 683 1052 Πορεύομαι
699 1015 768 1050 πρὸς
780 1015 826 1041 τὸν
840 1015 951 1050 Πατέρα

160 1073 211 1101 μου
240 1064 287 1090 καὶ
313 1063 423 1098 Πατέρα
449 1061 537 1097 ὑμῶν,
562 1061 609 1088 καὶ
634 1060 702 1088 Θεόν
730 1069 781 1096 μου
810 1060 857 1087 καὶ
884 1060 950 1087 Θεὸν

159 1110 246 1145 ὑμῶν.
276 1119 286 1136 ι
305 1109 361 1136 Καὶ
380 1108 434 1144 γὰρ
460 1107 609 1143 μονογενὴς
632 1106 682 1142 μέν
709 1107 783 1133 ἐστιν
809 1107 847 1138 ὡς
871 1106 949 1138 Θεὸς,

159 1156 331 1192 πρωτότοκος
343 1155 372 1182 δὲ
388 1155 426 1187 ὡς
436 1154 580 1189 ἄνθρωπος
588 1161 594 1168 ·
608 1153 740 1188 ἀδελφοὺς
750 1153 804 1189 γὰρ
815 1153 872 1188 ἔχει
887 1153 950 1184 τοὺς

157 1201 386 1233 πεπιστευκότας.
404 1201 452 1227 καὶ
475 1200 586 1235 Πατέρα
602 1198 699 1226 ἑαυτοῦ
717 1198 796 1225 καλεῖ
816 1198 861 1225 τὸν
883 1198 950 1225 Θεὸν

158 1250 196 1282 ὡς
212 1249 292 1280 Θεός·
310 1248 378 1275 Θεὸν
394 1247 423 1274 δὲ
440 1246 524 1274 αὐτοῦ
540 1247 621 1273 πάλιν
636 1246 674 1277 ὡς
690 1244 860 1281 ἄνθρωπος]

161 1307 209 1340 El;
226 1306 279 1333 τὸν
294 1303 387 1333 αἰῶνα
399 1303 524 1338 φυλάξω
535 1303 617 1336 αὐτῷ
636 1302 669 1340 τὸ
683 1302 770 1340 ἕλερς
781 1311 852 1337 μου,
869 1301 919 1329 καὶ
929 1302 949 1337 ἡ

348 1337 474 1373 διαθήκη
482 1348 542 1374 μου
561 1338 653 1372 πιστὴ
669 1337 760 1370 αὐτῷ.

195 1397 227 1433 (F
237 1397 256 1424 f.
276 1396 338 1429 150,
358 1397 379 1424 Κ
391 1396 410 1424 f.
429 1396 480 1424 I60
499 1396 528 1431 b)
545 1395 625 1431 Αὐτῷ
642 1395 691 1430 μὲν
701 1395 740 1430 τῷ
754 1395 950 1422 πεπιστευκότι

159 1443 193 1469 δι’
212 1442 294 1469 αὑτοῦ
317 1442 374 1478 λαῷ
395 1450 479 1478 φησι·
496 1441 570 1473 ἔλεος
589 1441 618 1468 δὲ
637 1441 685 1476 τὴν
702 1440 746 1468 διὰ
763 1441 881 1472 πίστεως
898 1441 950 1475 ἄφ-

160 1497 229 1515 εσιν,
242 1488 329 1524 Πιστὴ
345 1488 374 1514 δὲ
385 1487 501 1523 διαθήκη
518 1488 578 1514 ἀντὶ
594 1486 641 1514 τοῦ
655 1486 777 1523 ἀσφαλὴς
791 1487 838 1513 καὶ
854 1486 950 1522 βεϐαία

161 1535 209 1562 καὶ
229 1534 365 1570 μένουσα·
378 1535 395 1570 ἡ
412 1534 461 1569 μὲν
484 1534 538 1571 γὰρ
556 1533 654 1570 πρώτη
673 1533 791 1570 διαθήκη
811 1532 950 1560 πέπαυται

159 1580 253 1629 διὰμτὸ
277 1580 363 1615 αὐτῆς
377 1579 487 1629 ἀσθενὲς
509 1580 557 1629 xii
581 1580 728 1615 ἀνωφελές.
752 1589 762 1606 ι
783 1579 867 1607 Οὐδὲν
895 1579 950 1615 γὰρ
963 1600 984 1629 C

160 1626 318 1653 ἐτελείωσεν
332 1627 356 1659 ,ὁ
371 1625 464 1661 νόμος.
488 1635 497 1652 ι
528 1625 670 1652 Πέπαυται
686 1625 734 1660 μὲν
749 1625 804 1661 γὰρ
818 1625 835 1660 ἡ
853 1624 950 1660 πρώτη

160 1673 278 1708 διαθήκη
295 1673 375 1703 σκιᾶς
390 1672 490 1707 ἔχουσα
506 1672 602 1702 τύπον.
613 1671 660 1698 καὶ
673 1671 752 1706 μόνον
759 1671 810 1705 τῆς
822 1671 951 1707 ἀληθείας

160 1718 209 1754 τὴν
225 1718 366 1753 μόρφωσιν
377 1725 384 1732 ·
397 1716 536 1752 εἰσαγωγὴ
550 1716 578 1742 δὲ
593 1715 706 1750 γέγονεν
720 1716 785 1751 ἡμῖν
798 1715 951 1750 κρείττονος

161 1763 277 1794 ἐλπίδος,
295 1763 327 1789 δι’
346 1759 381 1798 ἦς
404 1762 550 1797 ἐγγίζομεν
569 1761 608 1797 τῷ
632 1761 702 1796 Θεῷ,
722 1761 760 1793 ὡς
785 1762 800 1788 ό
817 1761 951 1798 μακάριος

161 1809 261 1846 γράφει
277 1808 393 1840 Παῦλος.

325 1865 352 1892 '0
370 1865 477 1900 θρόνος
493 1865 587 1892 αὑτοῦ
602 1864 641 1898 ὠς
653 1865 670 1892 ὁ
684 1864 782 1899 ἥλιος.

197 1925 229 1961 (F
246 1925 264 1952 f.
281 1924 332 1952 150
342 1928 370 1952 et
382 1924 443 1957 151¹
463 1923 485 1950 Κ
496 1923 515 1950 f.
529 1923 580 1951 160
591 1922 621 1959 1))
636 1923 736 1959 Θρόνιον
751 1922 835 1958 φησὶν
849 1923 878 1949 ὲν
893 1922 952 1949 τού-

161 1979 218 2003 τοις
241 1972 291 2006 τὴν
316 1970 404 2006 ἀρχὴν
427 1969 521 2001 αὐτοῦ,
548 1969 673 1996 τουτέστι
699 1969 750 2004 τὴν
777 1969 949 2004 Ἐκκλησίαν.

162 2017 282 2053 Χριστοῦ
295 2017 324 2044 δὲ
342 2016 438 2052 θρόνος
451 2017 468 2051 ὴ
495 2015 657 2051 Ἐκκλησία·
679 2015 883 2043 ὲπαναπαύεται
898 2015 952 2052 γὰρ

162 2064 242 2099 αὐτῇ,
255 2063 317 2090 καθ’
331 2063 349 2090 ἃ
361 2063 409 2090 καὶ
423 2063 452 2089 ἐν
464 2063 521 2094 τοῖς
538 2062 627 2096 ἁγίοις
641 2062 778 2097 ἀγγέλοις.
794 2062 952 2097 Γέγραπται

162 2109 230 2143 γάρ·
247 2118 256 2134 ι
286 2109 315 2135 '0
327 2108 442 2143 οὐρανός
457 2116 502 2143 μοι
519 2107 624 2142 θρόνος.
644 2117 653 2133 ι
672 2107 756 2143 Καὶὴ
779 2108 828 2142 μὲν
848 2108 878 2134 ἐν
896 2109 952 2140 τοῖς

162 2155 287 2190 οὐρανοῖς
307 2154 455 2190 Ἐκκλησία
475 2153 568 2190 θρόνος
589 2153 680 2181 ἐστίν·
697 2153 798 2189 ὁμοίως
820 2153 849 2180 δὲ
872 2154 952 2181 πάλιν

164 2199 210 2225 καὶ
228 2200 244 2234 ή
263 2199 310 2225 ἐπὶ
330 2200 382 2234 γῆς
397 2198 493 2234 θρόνος
505 2198 553 2225 106
567 2198 677 2226 πάντων
694 2197 772 2234 ἡμῶν
787 2197 953 2234 κρατοῦντος

163 2244 242 2272 Θεοῦ.
258 2245 355 2271 Ἔσται
371 2242 429 2277 οὖν,
455 2244 533 2280 φησὶ,
552 2245 568 2280 ἡ
589 2244 738 2280 Ἐκκλησία
753 2244 872 2280 Χριστοῦ
890 2253 953 2272 κατ-

163 2291 360 2327 αστράπτουσα
383 2291 431 2318 καὶ
455 2290 610 2326 φωτίζουσα
632 2291 682 2326 τὴν
699 2291 745 2318 ὑπ’
764 2290 889 2327 οὐρανὸν,
904 2291 952 2319 καὶ

165 2338 284 2374 μένουσα
311 2337 444 2373 διηνεκῶς
470 2337 565 2373 ὥσπερ
591 2338 606 2364 ὁ
630 2337 706 2373 ἥλιος
728 2337 776 2364 καὶ
795 2337 812 2372 ἡ
840 2337 951 2375 σελήνη.

164 2385 270 2420 Ὥσπερ
294 2385 382 2416 οὐδεὶς
397 2385 426 2412 ὲν
445 2384 571 2420 οὐρανοῖς
590 2384 637 2411 τὸν
664 2383 740 2419 ἡλίου
764 2383 812 2410 καὶ
837 2383 952 2419 σελήνης

163 2431 262 2458 κύκλον
278 2431 374 2458 σὸέσαι
389 2431 546 2466 δυνήσεται,
558 2430 645 2462 οὓτως
659 2430 748 2462 οὐδεὶς
763 2430 792 2457 ἒν
800 2430 953 2467 ἀνθρώποις

789 189 824 217 IN
843 189 1006 219 PSALMUM
1026 189 1193 220 LXXXVIII.

963 251 988 279 A

1737 196 1804 225 ΕΗ

1160 250 1237 278 Vers.
1253 250 1298 278 25.
1314 248 1407 277 Cornu
1421 251 1482 286 ejus
1494 253 1642 280 extolletur.

1036 307 1112 336 Solet
1121 307 1255 343 inspirata
1264 306 1400 335 divinitus
1406 306 1552 344 Scriptura
1561 317 1646 337 cornu
1656 309 1798 344 designare

1001 353 1171 389 superbiam,
1188 354 1212 381 si
1223 353 1257 380 de
1268 354 1464 388 peccatoribus
1475 354 1581 391 agitur;
1596 355 1709 390 gloriam
1720 361 1794 385 vero,

1001 398 1024 426 si
1039 398 1073 426 de
1085 398 1168 434 justis
1182 406 1274 426 sermo
1283 402 1334 426 est.

1039 443 1215 479 [Nominibus
1238 443 1313 470 Patri
1334 444 1454 472 maxime
1468 444 1698 471 convenientibus
1712 443 1795 470 etiam

1001 488 1060 524 ipse
1075 489 1161 517 Filius
1170 489 1339 522 honoratur;
1351 489 1428 517 verbi
1441 490 1537 525 gratia,
1550 498 1612 517 cum
1624 489 1696 522 dico,
1704 499 1712 514 Ι
1723 489 1796 516 Deus

975 564 978 567 ,
1000 543 1092 567 verus,
1103 545 1112 561 ›
1128 540 1156 563 et
1167 536 1248 563 Pater
1262 536 1316 564 hoc
1323 541 1364 564 est
1377 542 1404 564 et
1419 536 1522 563 Filius:
1535 536 1671 570 siquidem
1685 536 1742 570 ipse
1753 538 1796 562 est

1005 582 1133 610 «Veritas
1151 588 1178 611 et
1191 584 1306 611 vita".i
1339 585 1429 619 Atque
1454 584 1507 611 hoc
1533 584 1567 611 ad
1589 584 1698 611 Patrem
1714 591 1794 610 suum

1000 628 1088 656 dixit:
1103 629 1185 662 «Quia
1196 638 1256 657 mea
1267 629 1360 660 omnia
1369 633 1415 657 tua
1426 634 1501 662 sunt,
1514 634 1543 657 et
1553 635 1598 657 tua
1609 638 1668 657 mea
1676 629 1774 656 sunt“.
1782 639 1791 655 ι

999 689 1036 694 ——
1044 674 1088 701 Ex
1103 674 1253 710 Corderio.]

1035 730 1114 758 Vers.
1125 730 1170 757 27.
1190 729 1262 766 [Ipse
1278 729 1408 757 invocabit
1424 738 1478 762 me,
1492 729 1574 756 Pater
1587 737 1661 756 meus
1678 737 1703 756 εδ
1715 733 1752 755 ιιι.

1037 787 1124 814 Ponet
1147 791 1239 814 autem
1267 786 1356 821 ipsum
1378 786 1451 813 Deus
1473 785 1556 813 etiam
1568 785 1794 820 primogenitum,

1001 833 1072 860 sicut
1095 833 1179 860 etiam
1204 840 1320 868 magnus
1341 832 1385 859 ille
1404 831 1506 859 Paulus
1519 831 1568 862 ait,
1601 840 1610 856 ι
1632 830 1666 858 Ut
1683 830 1740 864 ipse
1760 829 1796 856 sit

1000 879 1202 914 primogenitus
1226 879 1255 906 in
1275 878 1372 906 multis
1396 877 1530 904 fratribus
1541 877 1597 903 ⁵⁸.»
1624 876 1658 903 Et
1671 875 1794 902 iterum:

1001 936 1009 952 ι
1021 925 1225 960 Primogenitus
1237 933 1271 952 ex
1285 925 1402 952 mortuis
1411 945 1418 957 ,
1439 928 1467 952 et
1485 922 1686 959 primogenitus
1699 921 1790 948 omnis

1001 976 1136 999 creaturae
1144 972 1194 998 ⁵³.)
1213 971 1285 1004 Quin
1298 976 1326 998 et
1339 970 1464 998 Salvator
1479 969 1569 998 Μαι-ἰῶ
1585 968 1654 995 dixit
1671 976 1677 994 :
1695 966 1794 998 «Vade,

1000 1018 1046 1046 dic
1058 1017 1192 1045 fratribus
1204 1017 1275 1044 meis
1289 1017 1378 1045 :Vado
1387 1016 1421 1044 ad
1431 1017 1540 1044 Patrem
1550 1022 1642 1042 meum
1651 1014 1796 1040 etPatrcm

999 1066 1134 1094 vestrum,
1149 1066 1177 1089 et
1191 1062 1277 1088 Deum
1289 1069 1381 1088 meum
1395 1064 1422 1088 et
1436 1061 1523 1087 Deum
1538 1062 1661 1086 vestrum
1673 1059 1705 1084 ⁶⁰.
1718 1068 1726 1083 ι
1747 1058 1796 1085 Est

999 1108 1074 1136 enim
1087 1107 1246 1142 unigenitus
1259 1107 1371 1142 quidem
1382 1110 1412 1133 ut
1422 1106 1505 1138 Deus,
1520 1105 1721 1140 primogenitus
1729 1111 1795 1130 vero

1001 1157 1033 1181 ut
1043 1154 1137 1186 homo,
1153 1161 1216 1180 nam
1229 1153 1330 1180 fratres
1342 1152 1426 1180 habet
1440 1152 1544 1182 ﬁdeles,
1556 1155 1584 1178 et
1595 1151 1703 1178 Patrem
1714 1157 1795 1176 suum

1001 1201 1120 1236 appellat
1136 1200 1221 1227 Deum
1236 1203 1267 1227 ut
1282 1199 1367 1231 Deus,
1381 1205 1478 1226 rursus
1489 1205 1557 1225 vero
1569 1197 1657 1224 Deum
1667 1203 1748 1224 suum
1766 1198 1796 1222 ut

999 1246 1094 1274 homo.
1106 1261 1142 1266 ——
1154 1245 1198 1273 Ea:
1209 1245 1362 1281 Corderi0.]

999 1303 1135 1332 νει-839.
1167 1303 1199 1330 In
1231 1306 1360 1330 u’trrnum
1387 1300 1497 1329 servabo
1518 1299 1560 1327 illi
1586 1297 1796 1326 miscricordiam

1097 1346 1196 1370 meam,
1213 1342 1237 1364 et
1249 1341 1434 1365 testamentum
1447 1344 1535 1362 meum
1549 1333 1628 1368 ﬁdele
1640 1333 1701 1368 ipsi.

1033 1396 1168 1432 Populum
1177 1396 1265 1431 ipsum
1276 1394 1426 1429 alloquitur
1436 1392 1489 1420 sibi
1502 1391 1672 1421 credentem;
1684 1387 1795 1416 miseri-

1000 1443 1121 1471 cordiam
1133 1447 1225 1470 autem
1238 1440 1417 1468 dicitveniam
1430 1446 1479 1473 per
1492 1437 1584 1464 ﬁdem.
1599 1434 1693 1462 Fidele
1702 1437 1794 1461 autem

999 1489 1091 1517 fmdus
1102 1488 1181 1521 dicit,
1191 1487 1218 1515 id
1229 1491 1272 1515 est
1283 1487 1392 1514 ﬁrmum
1406 1493 1439 1512 ac
1452 1491 1635 1520 permanens:
1646 1489 1709 1509 nam
1717 1480 1796 1515 prius

999 1535 1090 1564 {tedas
1112 1534 1232 1563 cessavit
1248 1536 1362 1568 propter
1385 1531 1471 1567 ipsius
1495 1529 1683 1557 inﬁrmitatem
1712 1532 1795 1562 atque

1001 1580 1190 1607 inutilitatem.
1205 1588 1214 1605 ι
1229 1578 1305 1606 Nihil
1319 1577 1394 1606 enim
1407 1576 1527 1612 perfecit
1538 1576 1583 1602 lex
1591 1575 1640 1601 σί.)
1659 1572 1794 1604 Cessavit,

1002 1627 1124 1661 inquam,
1143 1625 1220 1660 prius
1233 1624 1311 1656 illud,
1325 1624 1390 1659 quia
1402 1622 1578 1651 umbratilem
1589 1625 1683 1656 typum
1696 1618 1796 1646 solam-

1002 1680 1056 1707 que
1079 1670 1205 1698 veritatis
1228 1670 1350 1705 speciem
1374 1669 1516 1696 habebat:
1532 1670 1722 1694 verumtamen
1737 1663 1796 1698 spei

1001 1717 1126 1745 melioris
1150 1715 1319 1744 introductio
1332 1715 1413 1742 nobis
1425 1713 1487 1745 fuit,
1505 1713 1540 1740 ob
1555 1719 1638 1747 quam
1657 1711 1714 1738 Deo
1728 1717 1793 1744 pro—

1001 1762 1178 1802 pinquamus,
1195 1765 1225 1788 ut
1240 1760 1339 1790 beatus
1350 1758 1448 1786 scribit
1460 1757 1561 1785 Paulus
1572 1757 1605 1782 ⁵³.

1143 1871 1277 1900 Vers.57.
1297 1871 1417 1899 Thronus
1434 1871 1490 1906 ejus
1504 1871 1571 1898 sicut
1586 1869 1635 1897 sol.

1038 1929 1181 1956 Thronum
1196 1928 1250 1956 hoc
1264 1929 1324 1955 loco
1340 1928 1406 1955 dicit
1421 1927 1607 1963 principatum
1622 1925 1706 1958 illius,
1717 1925 1743 1952 id
1753 1929 1796 1952 est

1002 1974 1166 2002 Ecclesiam.
1179 1973 1248 2001 Nam
1258 1973 1363 2002 Christi
1373 1981 1470 2008 reapse
1482 1973 1598 2000 thronus
1605 1971 1777 1999 estEcclesia
1787 1980 1794 1997 :

1003 2021 1031 2048 in
1042 2021 1104 2056 ipsa
1112 2020 1186 2048 enim
1198 2020 1273 2047 velut
1284 2020 1313 2048 in
1324 2020 1427 2047 sanctis
1438 2020 1543 2055 angelis
1553 2019 1712 2054 requiescit.
1724 2018 1798 2046 Scri-

1002 2070 1080 2102 ptum
1106 2066 1208 2101 quippe
1221 2070 1264 2093 est
1279 2075 1285 2092 :
1307 2076 1315 2091 ι
1328 2066 1435 2093 (Icelum
1454 2065 1523 2092 mihi
1548 2065 1666 2093 thronus
1684 2067 1725 2092 est
1734 2064 1767 2090 θ’.
1782 2073 1790 2089 I

1003 2112 1084 2140 Certe
1101 2119 1220 2147 superna
1234 2112 1356 2139 Ecclesia
1382 2112 1475 2139 throni
1495 2111 1556 2139 vice
1570 2111 1712 2146 fungitur;
1739 2114 1797 2137 tum

1003 2163 1031 2187 et
1044 2159 1103 2187 haec
1116 2158 1255 2186 terrestris
1273 2157 1322 2185 Dei
1334 2157 1458 2185 omnium
1470 2162 1596 2185 nostrum
1612 2157 1729 2184 thronus
1745 2160 1797 2184 est.

1004 2204 1167 2240 Splendebit
1177 2204 1281 2240 itaque,
1293 2204 1393 2239 inquit,
1406 2204 1510 2232 Christi
1520 2204 1643 2232 Ecclesia
1653 2203 1800 2230 mundum-

1005 2258 1060 2286 que
1072 2249 1249 2283 illuminabit,
1262 2254 1344 2285 atque
1355 2250 1442 2278 instar
1454 2250 1519 2278 solis
1530 2250 1657 2284 lunaeque
1666 2253 1800 2284 perpetua

1005 2296 1137 2325 manebit.
1154 2297 1222 2324 Nam
1234 2296 1317 2323 sicuti
1329 2303 1410 2323 nemo
1426 2295 1453 2322 in
1466 2295 1544 2322 ccelis
1557 2295 1623 2322 solis
1637 2295 1744 2321 lumeve
1755 2301 1800 2320 0r-

1002 2342 1068 2370 'bcm
1081 2342 1260 2378 exstinguere
1280 2341 1392 2378 poterit,
1410 2341 1451 2368 sic
1473 2341 1568 2369 nullus
1581 2348 1702 2375 unquam
1716 2340 1801 2368 homo

1004 2389 1136 2417 Ecclesiae
1148 2388 1239 2416 radios
1250 2387 1308 2416 sive
1320 2386 1473 2422 spiritalem
1485 2386 1661 2422 splendorem
1670 2385 1800 2413 obscura-

1006 2436 1048 2464 bit
1062 2444 1068 2462 :
1084 2443 1147 2463 nam
1162 2442 1239 2470 aeque
1251 2441 1283 2462 ac
1294 2433 1334 2461 sol
1352 2436 1380 2461 et
1391 2433 1457 2460 luna
1469 2439 1580 2467 semper
1594 2432 1678 2460 lucet.

164 2479 324 2515 ἀμαυρώσει
338 2479 404 2505 ποτὲ
415 2479 465 2511 τὰς
477 2479 526 2515 τῆς
548 2478 713 2515 Ἐκκλησίας
723 2478 820 2513 αὐγὰς,
832 2479 892 2514 ἦτοι
919 2481 970 2518 τὴν
988 2482 1170 2520 λαμπρότητα
1193 2482 1244 2518 τὴν
1277 2481 1393 2517 νοητήν
1418 2480 1509 2516 φαίνει
1525 2479 1554 2507 δὲ
1574 2480 1620 2507 ἀεὶ
1644 2478 1770 2514 καθάπερ
1785 2478 1800 2505 ὁ

165 2528 241 2563 ἣλιος
258 2527 305 2555 καὶ
319 2528 336 2564 ὴ
354 2528 462 2564 σελήνη.

164 2584 206 2612 Σὺ
229 2584 264 2611 δὲ
284 2583 395 2612 ἀπώσω
412 2584 461 2611 καὶ
483 2584 702 2620 ἐξουδένωσας,
726 2587 876 2616 ἀνεϐάλου
898 2589 952 2616 τὸν

384 2620 514 2654 Χριστόν
527 2628 596 2652 σου,
612 2630 639 2649 κ.
655 2631 682 2649 1.
698 2622 723 2650 λ.

200 2676 232 2713 (F
244 2675 264 2704 Γ.
280 2676 327 2703 151
343 2676 371 2708 b,
389 2676 411 2703 K
427 2675 446 2703 f.
464 2676 526 2712 161)
548 2677 620 2704 Ἀντὶ
641 2678 699 2712 τοῦ,
722 2679 884 2715 ἀπωσθῆναι
901 2679 949 2707 καὶ

165 2722 377 2758 ὲξουδενωθῆναι
398 2723 623 2759 συγκεχώρηκας.
637 2724 674 2750 Οὐ
687 2725 743 2762 γὰρ
758 2727 772 2753 ὁ
785 2726 881 2762 Πατὴρ
902 2726 955 2753 ἅπ-

165 2769 255 2797 ώσατο
275 2769 324 2796 καὶ
338 2769 518 2801 ὲξουδένωσεν
537 2769 584 2796 τὸν
602 2770 668 2797 tam
686 2771 761 2804 Υἱὸν,
788 2772 910 2799 Ἰουδαῖοι
926 2772 955 2799 δὲ

167 2815 269 2852 μᾶλλον
287 2815 367 2843 τοῦτο
391 2815 570 2851 πεπράκασι,
596 2816 666 2853 πλὴν
689 2818 760 2845 κατὰ
783 2818 956 2855 συγχώρησιν

201 2896 224 2911 ⁸⁶
239 2895 316 2932 JoanA.
332 2903 385 2927 xw,
401 2895 426 2923 6.
448 2896 561 2932 ⁵710³11.
577 2906 639 2931 xvu,
654 2898 694 2926 IO.
734 2898 755 2915 "
771 2899 848 2927 Rom.
864 2908 918 2932 \‘lll,
933 2899 974 2928 20.

183 2931 225 2963 I9.
263 2931 285 2947 “
304 2930 354 2959 Isa.
372 2939 441 2965 Lm,
459 2931 481 2959 Ι.

1003 2585 1139 2614 Vers.59.
1167 2584 1205 2612 Tu
1227 2591 1288 2612 vero
1315 2582 1436 2618 repuliin
1459 2585 1484 2609 et
1506 2581 1656 2617 despexisti,
1673 2581 1807 2610 distulisti

1250 2619 1385 2647 Christum
1399 2622 1484 2649 tuum,
1502 2621 1557 2644 etc.

1040 2678 1086 2706 Sic
1096 2678 1151 2710 ait,
1166 2684 1231 2713 pro,
1245 2675 1343 2711 repelli
1361 2679 1390 2702 et
1409 2673 1514 2709 despici
1529 2673 1690 2709 permisisti.
1705 2673 1805 2708 Neque

1007 2725 1082 2754 enim
1101 2724 1182 2752 Pater
1201 2722 1343 2758 proprium
1360 2720 1461 2748 Filium
1476 2719 1578 2755 repulit
1594 2723 1641 2746 aut
1656 2719 1802 2754 despexit;-

1008 2771 1095 2800 ,ιυᾱωί
1107 2770 1199 2806 potius
1220 2769 1257 2796 ita
1269 2775 1298 2796 se
1312 2770 1466 2803 gesserunt,
1481 2770 1671 2793 verumtamen
1683 2765 1800 2800 permit,

1010 2821 1084 2845 tente
1098 2817 1152 2844 Deo
1163 2816 1253 2843 Patre.
1270 2824 1278 2841 ι
1292 2813 1429 2842 Distulisti
1437 2812 1578 2840 Christum
1591 2814 1679 2845 tuum,
1688 2821 1696 2836 ι
1710 2810 1737 2839 id
1745 2813 1805 2847 est,

1015 2899 1036 2915 δί’
1049 2898 1181 2927 Colossv,
1196 2896 1238 2928 15,
1258 2893 1301 2921 l8.
1341 2894 1361 2909 ⁵ο
1378 2892 1455 2922 Joan.
1475 2900 1519 2925 xx,
1534 2891 1575 2919 l7.
1616 2891 1635 2907 “
1649 2890 1732 2920 Ilcbr.
1750 2899 1801 2924 ηπ,
