1998 3062
218 144 286 172 ’(219

721 139 748 168 S.
771 138 909 167 CYRILLI
927 135 1163 167 ALEXANDi‘JNI
1186 134 1348 167 ARClllEl‘.

1779 136 1850 168 liiO

218 207 306 237 queos
334 199 468 231 tendunt,
485 197 616 232 dolosquc
637 201 747 224 struunt
770 206 776 223 :
803 197 844 224 vel
868 198 955 232 palam
982 202 1010 223 el.

1062 197 1190 231 ὰρτύουσί
1209 206 1280 229 τινες
1298 195 1338 229 οἷς
1353 197 1386 224 ἂν
1402 196 1551 232 βούλωνται
1568 197 1683 231 παγίδας
1703 198 1748 224 καὶ
1763 207 1847 224 κατα»

220 251 353 279 tanquam
372 244 401 270 in
423 243 468 269 die
486 242 649 277 publiceque
677 241 703 267 id
724 245 816 276 agunt.
832 241 880 268 Vel
904 241 1009 267 timoris

217 290 331 327 quidem
345 288 474 316 nocturni
494 287 626 315 vocabulo
640 291 774 314 secretum
791 286 944 321 periculurn
960 286 1008 313 de-

217 335 317 370 signat,
330 334 515 367 latentcmquc
530 332 559 358 in
575 335 655 358 nocte
670 335 698 358 et
719 331 842 358 tenebris
858 331 1007 365 malitiam;

217 380 344 415 sagittam
355 386 422 406 vero
437 378 466 405 in
479 377 528 404 die‘
545 376 683 404 volantem
706 375 774 403 dicit
787 376 965 411 conspicuam
981 380 1009 404 et

218 425 355 461 publicam
368 423 580 460 aggressionem.

315 480 393 507 Vers.
407 478 433 505 6.
447 478 468 505 Α
483 485 546 504 casu
564 482 588 504 et
603 477 731 504 dwmom’o
751 478 908 504 meridiano.

251 525 433 553 Meridianum
453 523 618 550 daemonium
632 523 750 558 appellat
767 523 882 551 acidiam
894 531 944 551 seu
961 530 1009 550 ne-

216 571 394 608 gligentiam,
419 577 480 604 qua:
503 570 645 596 nonnullis
661 569 808 604 aliquando
834 569 952 604 obrepit.
974 568 1009 596 Et

216 618 299 652 paulo
315 620 396 651 post:
411 615 512 643 Casum
541 615 668 642 nonnulli
685 615 827 650 patiuntur
844 623 906 642 cum
930 622 1009 642 mens

217 661 339 696 ipsorum
359 660 494 694 voluptati
511 660 682 692 succumbit,
698 667 760 686 eum
776 667 824 687 eor
835 659 949 686 labascit
965 663 1007 686 at-

217 714 271 741 que
284 705 318 733 ad
329 705 421 741 carnis
435 705 634 732 delectationes
647 705 816 737 devolvitur,
829 712 891 732 cum
908 704 942 732 ad
962 712 1007 732 re-

216 752 327 787 ligionis
346 759 430 786 opera
450 755 558 785 torpet,
578 755 606 778 et
616 751 728 777 virtutis
741 750 862 777 studium
886 751 1005 786 negligit.

217 796 270 824 Sed
292 800 356 823 tunc
369 796 452 822 etiam
473 795 559 822 salvat
580 795 668 828 Deus;
687 795 804 822 retrahit
825 795 898 822 enim
911 803 927 823 a
943 803 1006 824 casu

217 847 299 876 utque
314 841 414 874 acidia,
430 841 457 868 id
472 845 515 868 est
530 841 684 868 meridiano
700 840 846 868 daemonio.

337 983 420 1017 'Vers.
437 990 463 1016 7.
477 988 578 1016 Cadent
595 997 611 1015 ιι
626 988 710 1015 latere
730 991 774 1015 tuo
788 987 884 1016 millia.

252 1035 336 1062 Latus
349 1035 403 1062 hoc
422 1036 483 1062 loco
501 1034 686 1069 dicitpartetn
707 1034 846 1062 sinistram
866 1043 914 1062 seu
936 1035 1006 1062 obli-

217 1087 299 1114 quam
311 1101 317 1106 .
331 1079 445 1107 Etiamsi
463 1079 556 1113 itaque
572 1079 651 1105 multi
673 1079 745 1111 sint,
761 1079 865 1114 inquit,
877 1087 1008 1107 numero-

217 1132 271 1159 que
286 1125 365 1159 longe
379 1125 473 1159 plures
495 1124 513 1151 ii
534 1125 581 1159 qui
596 1124 740 1159 religiosos
754 1132 818 1159 erga
830 1123 915 1151 Deutn
931 1125 1008 1152 inva-

218 1170 308 1202 dunt,
333 1169 513 1196 nihilominus
529 1177 626 1197 cernes
638 1177 685 1196 eos
701 1169 765 1196 hinc
781 1173 809 1196 et
829 1169 892 1196 inde
907 1169 1008 1197 caden—

219 1219 270 1244 tes.
287 1219 372 1242 temet
386 1223 451 1242 vero
472 1215 637 1242 mirabiliter
653 1222 669 1241 α
691 1218 781 1241 tutore
801 1219 848 1242 tuo
871 1222 902 1242 ac
914 1214 1009 1242 defen-

219 1267 281 1287 sore
297 1264 444 1287 servatum.
461 1260 596 1294 Namque.
614 1264 644 1286 ut
657 1259 734 1286 aiunt
746 1267 829 1286 sacra:
848 1259 958 1287 Littera:
969 1259 1008 1291 ⁸⁸,

223 1316 231 1331 ι
255 1306 334 1332 Manu
350 1306 457 1332 occulta
474 1306 586 1333 dimicat
605 1306 677 1332 Deus
700 1309 795 1332 contra
811 1306 921 1332 Amalec
935 1306 1010 1333 omni

219 1355 351 1385 tempore.
373 1360 381 1376 ι
396 1350 490 1385 Neque
506 1351 608 1378 desinit
620 1350 789 1378 amatoribus
802 1351 859 1378 suis
875 1350 946 1378 ferre
965 1359 1009 1378 sa-

219 1395 316 1422 lutcnt.

218 1506 297 1534 Vers.
320 1506 347 1534 9.
375 1507 507 1540 Quoniam
531 1512 576 1545 ιιι,
595 1504 721 1542 Domine,
742 1518 800 1545 spes
819 1519 888 1538 mea.
908 1511 1011 1540 Altissi-

395 1551 467 1569 mum
480 1543 589 1578 posuisti
601 1544 731 1580 refugium
748 1543 831 1572 tuum.

253 1587 534 1616 Animadvertendum
554 1593 609 1620 est,
624 1589 770 1624 praedictos
787 1590 938 1619 versiculos
958 1592 1010 1619 ali-

220 1638 262 1662 ter
277 1642 291 1661 a
308 1633 472 1668 quihusdam
488 1634 614 1669 intelligi,
632 1643 762 1670 perverse
775 1636 906 1664 nimirum
925 1641 952 1664 et
967 1639 1010 1665 vi—

220 1680 303 1711 Liose;
321 1679 423 1706 ctenim
451 1679 513 1706 illos
529 1679 563 1706 ad
578 1679 664 1714 ipsius
689 1688 832 1715 personam
847 1681 949 1709 Christi
966 1691 1010 1710 re-

219 1725 322 1757 ferunt,
334 1725 494 1759 copulantes
505 1732 561 1752 uno
578 1732 659 1753 sensu
679 1734 710 1752 ac
727 1726 868 1754 dicentes:
883 1727 952 1760 Quia
969 1731 1009 1762 tu,

222 1771 346 1802 Domine,
371 1778 434 1805 spes
457 1778 534 1802 mea.
552 1770 720 1798 Altissimum
746 1773 859 1806 posuisti
877 1774 1010 1809 refugium

220 1821 310 1844 tuum.
336 1816 370 1843 Et
392 1817 474 1851 paulo
499 1821 561 1851 post
582 1824 587 1842 :
606 1816 690 1844 Aiunt
713 1817 853 1845 Christum
874 1819 1010 1855 refugium

221 1870 301 1889 suum
318 1861 419 1889 habere
433 1862 519 1889 Deum
542 1862 715 1894 altissimum,
728 1863 858 1890 videlicet
873 1865 1011 1892 caelestem

221 1909 328 1935 Patrem
346 1908 394 1942 (ι).
412 1907 498 1943 Hujus
509 1908 695 1943 intelligentiae
707 1913 803 1936 auctor
818 1909 879 1937 illis
898 1910 1011 1940 Satanas

220 1954 279 1987 fuit,
295 1954 342 1989 qui
362 1954 442 1981 talem
461 1960 558 1988 reapse
581 1954 726 1981 versiculis
749 1962 860 1982 sensum
873 1956 1009 1990 attribuit,

221 1999 249 2026 id
276 1999 349 2034 quod
381 2007 414 2026 ex
442 1999 599 2034 evangelica
632 1999 775 2034 Scriptura
805 2008 1009 2036 cognoscemus.

220 2041 288 2073 Nam
304 2053 366 2072 cum
381 2044 521 2072 Christum
543 2044 669 2077 tentavit,
686 2045 826 2072 transtulit
845 2053 928 2081 super
947 2051 1012 2074 tem-

226 2092 265 2127 pli
283 2091 473 2126 pinnaculum,
488 2091 581 2125 aitque
604 2099 611 2118 :
629 2100 638 2116 ‹
660 2090 688 2118 Si
705 2091 790 2118 Filius
807 2092 856 2119 Dei
874 2100 914 2125 es,
934 2093 1011 2120 mitte

229 2139 255 2166 te
266 2136 330 2164 hinc
344 2136 482 2164 deorsum.
501 2136 638 2172 Scriptum
658 2141 700 2164 est
712 2137 785 2164 enim
801 2146 809 2165 :
830 2139 940 2174 Angelis
954 2140 1012 2167 suis

222 2181 360 2208 mandavit
381 2181 415 2208 de
436 2186 473 2214 te,
492 2185 522 2208 ut
536 2185 561 2208 te
586 2181 742 2209 custodiant
766 2183 793 2209 in
815 2184 943 2212 omnibus
959 2185 1011 2213 viis

222 2228 276 2255 tuis
290 2228 338 2254 "9.»
356 2227 545 2255 Calumniator
560 2227 634 2254 enim
648 2232 676 2255 et
690 2228 818 2256 seductor
837 2237 899 2257 cum
911 2231 948 2258 sit
962 2231 1010 2258 Sa-
1024 2224 1048 2253 Ῑ)

221 2276 309 2305 tanas,
325 2281 386 2308 qua:
399 2273 432 2300 de
446 2273 525 2300 nobis
537 2277 616 2300 erant
627 2273 709 2305 dicta,
727 2274 778 2309 ipsi
794 2276 1010 2304 accommodavit

221 2318 324 2346 Christi
343 2318 466 2345 omnium
489 2322 614 2346 nostrum
635 2319 789 2347 Servatoris
807 2329 939 2355 personae.
956 2323 1009 2350 Ve-

222 2368 377 2391 rumtamen
390 2371 441 2390 nos
456 2363 528 2391 haud
543 2364 620 2391 illutn
641 2372 750 2392 sensum
769 2367 816 2401 qui
830 2367 936 2396 Satanae
950 2368 1009 2403 pla-

222 2414 267 2438 cct
279 2414 426 2437 sectemur.
442 2409 519 2443 Quod
543 2411 567 2438 si
585 2411 622 2438 ita
637 2411 832 2440 intellexerunt
851 2414 954 2447 Ariani,
972 2414 1010 2442 nil

201 2455 323 2496 ‘mirum
343 2459 401 2488 est;
417 2456 523 2490 parenti
547 2457 620 2483 enim
638 2464 688 2484 suo
707 2458 906 2494 obsequuntur.
924 2461 1009 2488 Porro

223 2500 339 2527 mendax
350 2505 392 2527 est
408 2500 530 2534 Satanas,
543 2507 570 2529 et
592 2503 695 2530 veritas
717 2503 743 2531 in
765 2512 798 2532 eo
819 2513 875 2533 non
897 2507 1008 2540 mansit,

223 2550 304 2580 prout
326 2546 479 2574 Servatoris
498 2548 536 2574 ait
557 2549 698 2576 oraculum
720 2549 753 2576 ".
770 2549 805 2578 Et
817 2552 911 2586 paucis
925 2552 1010 2580 inter-

223 2590 340 2624 positis:
354 2590 422 2618 Nam
440 2591 463 2618 si
482 2591 520 2624 id,
539 2597 623 2627 prout
643 2593 694 2628 ipsi
718 2599 824 2630 putant,
843 2604 940 2624 verum
962 2597 1008 2631 sit,

261 2648 284 2664 ⁸⁸
298 2649 384 2677 Exod.
404 2651 524 2683 “11,16.
557 2652 580 2668 ⁶⁹
600 2653 695 2680 Matth.
713 2661 748 2687 tv,
762 2654 788 2687 5,
805 2655 831 2682 6.
871 2656 894 2671 ⁷ο
906 2656 984 2684 Joan.
998 2665 1054 2690 vtu,

259 2709 297 2746 (l)
311 2710 423 2750 lmpiam
441 2712 512 2750 hanc
528 2721 622 2750 tgapse
639 2715 761 2742 Davidici
775 2717 905 2746 versiculi
921 2718 1006 2746 inter-

221 2747 401 2807 pretationem
422 2748 520 2774 scribit
534 2747 668 2777 Eusebius
683 2750 859 2780 Caesariensis
875 2754 901 2780 in
914 2761 964 2781 suo
971 2754 1004 2781 ad

243 2788 295 2807 une
312 2782 444 2807 Dsalmum
459 2785 663 2807 commonuit-in.
682 2793 708 2807 nl
738 2786 789 2807 tam:
806 2795 852 2807 non
883 2788 913 2807 Fr
942 2790 1004 2807 ηιιι-

243 2782 665 2824 ιιιιογρεηίῐιιιιιηιςοιηιηρη-ιιιι-ἰ-ο,
682 2793 709 2820 p.
738 2786 789 2814 596
805 2795 863 2822 seq.
882 2788 915 2815 Et
942 2790 1005 2824 qui-

221 2814 332 2855 demet
344 2816 418 2855 dicto
423 2818 521 2855 _etiar_n_
531 2819 565 2846 ad
581 2814 702 2847 Psalmo's
716 2814 913 2850 commenlario
928 2814 1005 2851 Alria—

221 2856 274 2877 nus
290 2852 408 2883 innotuit
423 2853 576 2886 Eusebius;
598 2855 634 2881 ita
650 2860 679 2882 ut
707 2861 767 2891 post
794 2860 928 2892 cognitam
944 2860 1004 2895 ejus

1062 242 1224 273 σκευάζουσι
1237 242 1344 274 δόλους·
1363 243 1379 277 ἦ
1398 241 1519 278 ἐναργῶς
1537 242 1584 269 καὶ
1598 243 1635 274 ὡς
1651 244 1680 269 ὲν
1697 243 1787 278 ἡμέρᾳ
1803 245 1852 270 tu".

1060 288 1198 322 ἐμφανῶς.
1225 287 1330 315 Οὐκοῦν
1354 287 1436 323 φόϐον
1462 288 1512 323 μὲν
1535 288 1665 323 ὀνομάζει
1692 289 1851 325 νυκτερινὸν

1059 333 1104 360 τὸν
1121 333 1161 360 ἔτι
1182 333 1347 360 λανθάνοντα
1371 333 1504 367 κίνδυνον,
1527 335 1575 361 καὶ
1597 334 1635 366 ὡς
1651 335 1682 361 ὲν
1702 334 1779 361 νυκτὶ
1802 334 1852 361 καὶ

1060 379 1149 413 σκότῳ
1172 379 1364 415 κρυπτομένην
1390 379 1578 415 πανουργίαν·
1607 379 1685 414 βέλος
1700 381 1729 406 ἐν
1757 379 1852 414 ἡμέρᾳ

1059 425 1218 460 πετόμενον,
1236 425 1285 460 τὴν
1305 425 1342 458 ὡς
1360 427 1389 452 ὲν
1407 426 1476 460 φωτὶ
1490 424 1538 452 καὶ
1555 425 1677 461 ἐναργῶς
1691 425 1848 459 ἐπιϐουλήν.

1065 482 1131 509 Ἆπὸ
1147 483 1366 518 συμπτώματος
1385 482 1434 509 καὶ
1454 482 1611 517 δαιμονίου
1631 481 1850 516 μεσημϐρινοῦ.

1096 528 1127 565 (Β
1139 528 1159 556 f.
1175 529 1228 556 574
1245 529 1306 562 b,H
1318 529 1337 556 Γ.
1355 529 1407 557 595
1422 528 1450 565 b)
1462 528 1604 564 Δαιμόνιον
1617 528 1645 555 δὲ
1663 526 1851 563 μεσημϐρινὸν

1058 572 1187 608 ὀνομάζει
1197 574 1245 608 τὴν
1254 569 1380 609 ἀκηδίαν,
1394 575 1453 609 ἦτοι
1467 574 1517 608 τὴν
1531 573 1676 609 ὀλιγωρίαν
1687 582 1693 588 ·
1706 572 1850 608 συμϐαίνει

1058 617 1087 645 δὲ
1107 618 1185 644 τοῦτό
1199 626 1271 645 τισιν
1284 618 1338 645 ἐσθ’
1356 619 1411 646 ὅτε.
1429 618 1485 645 Καὶ
1501 619 1559 654 μετ’
1573 619 1650 653 ὀλίγα
1661 626 1668 632 ·
1687 618 1851 654 Σύμπτωμα

1059 665 1149 691 τοίνυν
1167 665 1301 699 πάσχουσί
1313 673 1385 697 τινες
1400 665 1438 691 ὅτ’
1452 664 1484 692 ἃν
1498 665 1511 691 ὁ
1525 663 1586 696 νοῦς
1604 664 1707 700 ὀκλάσῃ
1721 665 1788 699 πρὸς
1803 673 1851 699 φι-

1059 711 1194 746 ληδονίαν,
1205 711 1243 737 ὅτ’
1259 711 1292 738 ἂν
1309 711 1428 746 ἀτονήσῃ
1440 711 1539 746 καρδία
1557 711 1605 737 καὶ
1616 710 1764 746 κατενεχθῇ
1781 711 1851 746 πρὸς

1059 757 1250 793 φιλοσαρκίαν,
1266 757 1304 784 ὅτ’
1319 757 1353 784 ἃν
1367 757 1503 793 ἁκηδιάσῃ
1518 756 1586 792 πρὸς
1599 757 1633 784 τὰ
1645 757 1695 792 τῆς
1709 757 1851 788 εὐσεϐείας

1059 803 1138 838 ἔργα,
1163 803 1211 829 καὶ
1227 803 1384 840 ὀλιγωρήσῃ
1404 803 1472 838 πρὸς
1500 803 1598 835 πόνους
1625 804 1689 835 τοὺς
1710 803 1780 839 ὑπὲρ
1798 803 1851 838 τῆς

1059 848 1170 884 ἀρετῆς.
1200 848 1281 875 Ἀλλὰ
1297 849 1345 876 καὶ
1355 849 1417 875 τότε
1433 848 1514 881 σώζει
1527 849 1602 882 Θεὸς,
1616 849 1781 876 ἀπαλλάττει
1793 849 1850 884 γὰρ

1058 895 1112 922 ἀπὸ
1123 895 1325 931 συμπτώματος
1342 895 1388 922 καὶ
1401 895 1430 929 ἐξ
1439 895 1563 931 άκηδίας,
1571 895 1695 923 τουτέστι
1709 895 1848 931 δαιμονίου

1061 942 1259 977 μεσημϐρινοῦ.

1154 999 1292 1026 Πεσεῖται
1305 1000 1340 1026 ἐκ
1358 999 1412 1026 τοῦ
1428 1000 1554 1033 κλίτους
1565 1007 1623 1027 σου
1635 999 1745 1034 χιλιὰς.

1095 1045 1126 1081 (C
1141 1045 1160 1072 ί.
1179 1045 1231 1073 574
1243 1045 1271 1078 b,
1285 1045 1307 1072 Η
1319 1045 1339 1072 Γ.
1354 1046 1406 1074 596
1426 1045 1454 1081 1))
1477 1046 1576 1078 Κλῖτος
1592 1046 1642 1081 μὲν
1655 1046 1708 1081 γάρ
1723 1055 1805 1082 φησιν
1816 1046 1848 1072 sb

1062 1092 1145 1127 μέρος
1165 1091 1196 1118 τὸ
1213 1092 1357 1128 ἀριστερόν
1377 1092 1436 1127 ἦτοι
1452 1091 1483 1118 τὸ
1497 1091 1621 1126 πλάγιον.
1638 1092 1742 1119 Οὐκοῦν
1761 1093 1808 1119 καὶ
1824 1092 1848 1118 εί

1060 1137 1155 1164 πολλοί
1170 1146 1244 1169 τινες
1259 1135 1326 1169 εἷεν,
1341 1136 1435 1173 φησὶν,
1452 1138 1499 1164 καὶ
1515 1137 1633 1173 ἀριθμοῦ
1653 1138 1805 1174 κρείττονες
1822 1139 1847 1164 at

1060 1185 1116 1215 τοῖς
1130 1184 1290 1219 σεϐομένοις
1304 1183 1370 1211 Θεὸν
1393 1184 1623 1217 ἐπιϐουλεύοντες,
1643 1184 1699 1211 ἀλλ’
1723 1184 1783 1218 ὄψει
1800 1184 1846 1210 πίε

1061 1238 1177 1261 πτοντας
1191 1231 1289 1261 αὐτοὺς
1307 1229 1432 1257 ἐντεῦθεν
1449 1230 1585 1262 κάκεῖθεν,
1605 1229 1635 1256 σὲ
1648 1230 1729 1257 αὑτὸν
1747 1230 1775 1256 δὲ
1793 1238 1847 1256 πα-

1062 1276 1179 1312 ραδόξοις
1191 1275 1344 1311 σωζόμενον
1358 1276 1402 1303 διὰ
1414 1275 1461 1303 τὸν
1475 1276 1662 1312 προεστηκότα
1678 1276 1726 1302 καὶ
1741 1285 1848 1312 προμα-

1060 1323 1185 1358 χόμενον.
1207 1322 1251 1355 Ὧς
1266 1322 1320 1358 γάρ
1335 1330 1417 1358 φησιν
1432 1322 1462 1349 τὸ
1479 1323 1599 1358 Γράμμα
1616 1323 1646 1349 τὺ
1667 1322 1748 1358 ίερδι,
1767 1332 1777 1348 ι
1804 1324 1848 1349 Ἐν

1061 1368 1134 1406 χειρὶ
1153 1369 1276 1407 κρυφαία
1301 1367 1413 1406 πολεμεῖ
1430 1367 1534 1407 Κύριος
1562 1369 1608 1394 ἐπὶ
1638 1368 1773 1404 Ἀμαλὴκ,
1795 1365 1849 1396 ἀπὸ

1061 1417 1163 1451 γενεῶν
1176 1417 1216 1449 είς
1231 1417 1337 1451 γενεάς.
1354 1426 1362 1443 ι
1375 1418 1413 1444 Οὐ
1427 1417 1482 1454 γὰρ
1497 1418 1667 1445 πεπαύσεται
1683 1417 1776 1450 σώζων
1793 1419 1858 1451 τοὺς

1061 1461 1226 1496 ἀγαπῶντας
1243 1461 1334 1488 αὐτόν.

1063 1519 1126 1546 Ὅτι
1141 1519 1193 1552 σὺ,
1205 1519 1303 1553 Κύριε,
1316 1519 1335 1553 ἡ
1352 1519 1440 1553 ἐλπίς
1452 1528 1511 1554 μου
1524 1527 1532 1535 ·
1549 1520 1602 1547 τὸν
1614 1520 1765 1555 "nl-(ctor-
1778 1522 1849 1548 ἔθου

1323 1555 1502 1590 καταφυγήν
1523 1562 1592 1582 σου.

1098 1599 1128 1634 (Β
1146 1599 1166 1626 f.
1194 1594 1257 1632 375,
1275 1600 1298 1627 ΙΙ
1319 1599 1339 1627 f.
1356 1601 1408 1628 597
1424 1600 1453 1635 b)
1474 1600 1710 1637 Ἐπισημήνασοαι
1723 1601 1751 1628 δὲ
1766 1602 1850 1635 ἀναγ-

1061 1645 1138 1671 καῖον
1163 1645 1204 1671 ὅτι
1225 1645 1289 1677 τοὺς
1305 1647 1504 1682 προκειμένους
1519 1647 1625 1682 στίχους
1642 1648 1742 1683 ἑτέρως
1759 1647 1850 1675 νοοῦσί

1060 1699 1143 1722 τινες,
1162 1691 1256 1723 κακῶς
1272 1692 1318 1718 καὶ
1335 1692 1597 1728 κεκιϐδηλευμένως·
1616 1695 1780 1730 ἀναφέρουσι
1795 1695 1851 1731 γὰρ

1061 1735 1159 1767 αὐτοὺς
1184 1736 1224 1768 είς
1243 1736 1273 1763 τὸ
1290 1736 1372 1763 αὐτοῦ
1395 1738 1541 1773 πρόσωπον
1563 1739 1610 1766 τοῦ
1626 1739 1746 1775 Χριστοῦ
1759 1761 1766 1770 ,
1785 1748 1850 1767 συν-

1061 1781 1192 1812 άπτοντες
1207 1782 1269 1814 τοὺς
1284 1782 1391 1817 στίχους
1406 1783 1454 1810 καὶ
1466 1784 1601 1818 λέγοντες,
1611 1785 1672 1812 Ὀτι
1687 1786 1731 1817 σὺ,
1747 1787 1846 1821 Κύριε.

1061 1827 1079 1862 ὴ
1096 1826 1172 1858 ἐλπίς
1189 1835 1252 1862 μου,
1264 1827 1310 1854 τὸν
1321 1828 1452 1863 ’Ὕψιστον
1469 1828 1530 1856 ἔθου
1545 1832 1708 1867 καταφυγήν
1725 1841 1781 1859 σου.
1795 1834 1837 1860 Κα

1062 1872 1121 1907 μετ’
1133 1871 1220 1906 ὀλίγα·
1243 1873 1312 1899 Φασὶ
1335 1873 1388 1909 γὰρ
1413 1873 1495 1902 αὑτὸν
1518 1876 1677 1912 καταφυγὴν
1707 1877 1781 1912 ἔχειν
1803 1878 1851 1906 τὸν

1063 1916 1205 1952 Ὕψιστον,
1221 1918 1300 1954 δῆλον
1309 1918 1338 1945 δὲ
1355 1919 1396 1946 ὅτι
1414 1919 1459 1946 τὸν
1475 1920 1505 1946 ὲν
1519 1921 1578 1952 τοῖς
1591 1921 1716 1957 οὐρανοῖς
1729 1924 1848 1959 Πατέρα.

1061 1963 1159 1998 Γέγονε
1185 1964 1214 1990 δὲ
1238 1965 1374 2000 πρόφασις
1397 1965 1489 1998 αὐτοῖς
1507 1967 1557 2002 τῆς
1570 1967 1696 2004 τοιαύτης
1717 1969 1821 2001 ἑννοίας
1835 1971 1850 1996 ὁ

1061 2009 1201 2043 Σατανᾶς·
1219 2009 1301 2042 αὐτὸς
1323 2010 1379 2046 γὰρ
1401 2011 1473 2038 οὕτω
1497 2013 1625 2048 νενόηκεν
1649 2014 1711 2045 τοὺς
1731 2014 1849 2050 στίχους·

1062 2055 1110 2082 καὶ
1130 2056 1209 2083 τοῦτο
1230 2056 1351 2092 ίσώμεθα
1361 2057 1393 2084 ἐκ
1406 2057 1460 2084 τῶν
1475 2058 1848 2096 εὐαγγελικῶνΓραμμάτων.

1063 2102 1126 2129 Ὀτε
1139 2102 1195 2138 γὰρ
1215 2102 1359 2138 ἐπείραζεν
1379 2102 1470 2135 αὐτὸν,
1494 2104 1631 2139 ἀνήγαγεν
1653 2105 1734 2132 αὑτὸν
1751 2105 1798 2132 ἐπὶ
1819 2106 1851 2133 τὸ

1062 2145 1209 2182 πτερύγιον
1225 2146 1272 2173 τοῦ
1290 2147 1376 2182 ἱεροῦ,
1395 2148 1442 2174 καὶ
1456 2148 1488 2183 δὴ
1501 2149 1549 2175 καὶ
1564 2149 1692 2183 ἔφασκεν·
1713 2160 1723 2177 ι
1739 2151 1771 2177 Et
1787 2151 1851 2183 Υἱὸς

1062 2186 1088 2218 εἷ
1099 2191 1147 2218 τοῦ
1161 2191 1239 2225 Θεοῦ,
1253 2191 1317 2227 βάλε
1342 2193 1453 2220 σεαυτὸν
1467 2195 1543 2221 κάτω
1557 2195 1682 2222 ἐνταῦθα.
1695 2196 1850 2230 Γέγραπται

1062 2236 1126 2282 γάρ,
1142 2236 1183 2262 ὅτι
1202 2236 1264 2268 Τοῖς
1291 2237 1418 2271 ἀγγέλοις
1436 2238 1518 2265 αὑτοῦ
1534 2239 1680 2266 ἐντελεῖται
1706 2241 1770 2276 περὶ
1789 2242 1849 2274 σοῦ,

1061 2281 1109 2309 τοῦ
1123 2282 1284 2316 διαφυλάξαι
1301 2291 1331 2309 σε
1350 2284 1379 2310 ὲν
1393 2285 1495 2316 πάσαις
1507 2286 1567 2316 ταῖς
1586 2285 1654 2317 ὁδοῖς
1666 2295 1723 2314 σου.
1740 2296 1750 2312 ›
1767 2287 1851 2315 Συκο-

1062 2328 1165 2363 φάντης
1179 2329 1234 2364 γὰρ
1249 2329 1380 2365 ὑπάρχων
1393 2330 1442 2357 καὶ
1460 2330 1560 2362 πλάνος
1573 2332 1588 2358 ὁ
1604 2332 1726 2364 Σατανᾶς
1736 2333 1770 2360 τὰ
1785 2335 1851 2369 περὶ

1061 2374 1140 2409 ἡμῶν
1159 2374 1293 2410 εἰρημένα
1313 2375 1361 2401 καὶ
1383 2375 1456 2411 αὐτῷ
1479 2376 1632 2413 προσάπτει
1652 2377 1690 2413 τῷ
1712 2379 1850 2414 προσώπῳ

1061 2418 1109 2444 τοῦ
1136 2419 1246 2446 πάντων
1272 2419 1350 2454 ἡμῶν
1372 2419 1499 2456 Σωτῆρος
1521 2422 1649 2458 Χριστοῦ.
1676 2423 1744 2448 Ἀλλ’
1769 2424 1850 2459 ἡμεῖς

1061 2462 1111 2498 οὐχ
1122 2462 1210 2494 οὓτως
1230 2463 1345 2498 νοοῦμεν
1364 2464 1402 2495 ὼς
1418 2466 1488 2492 νοεῖν
1503 2465 1563 2498 ἔθος
1585 2466 1624 2501 τῷ
1641 2463 1749 2503 Σατανᾷ
1778 2468 1810 2494 Εἰ
1821 2467 1849 2494 δὲ

1062 2507 1134 2535 οὕτω
1156 2509 1316 2544 νενοήκασιν
1341 2509 1486 2544 ’Δρειανοὶ,
1501 2510 1657 2546 θαυμαστὸν
1681 2513 1767 2539 οὐδέν’
1785 2514 1851 2540 ἁκο-

1061 2553 1186 2581 λουθοῦσι
1209 2554 1264 2590 γὰρ
1289 2554 1328 2589 τῷ
1352 2554 1408 2590 ἰδίῳ
1426 2556 1519 2592 πατρί.
1536 2556 1664 2592 Ψεύστης
1680 2559 1733 2594 γάρ
1748 2559 1822 2584 ἐστιν
1835 2560 1850 2585 ὁ

1064 2599 1195 2632 Σατανᾶς,
1211 2600 1258 2627 καὶ
1271 2600 1288 2635 ἠ
1308 2600 1420 2635 ἀλήθεια
1436 2602 1465 2627 ὲν
1480 2602 1554 2637 αὐτῷ
1569 2603 1620 2637 οὐχ
1635 2603 1760 2639 ἕστηκεν,
1779 2605 1850 2632 κατὰ

1064 2658 1108 2685 44.

1062 2720 1154 2760 operis
1165 2720 1325 2754 editionem,
1339 2721 1394 2757 jam
1413 2723 1449 2750 sit
1462 2723 1576 2756 inutilis,
1591 2724 1622 2752 Δ.
1653 2724 1785 2753 Zacharia
1804 2724 1849 2761 ju-

1061 2755 1133 2783 dice.
1153 2756 1232 2783 doeta
1250 2756 1295 2783 illa
1306 2758 1439 2783 anolozia.
1451 2764 1536 2783 uuam
1553 2759 1617 2783 olim
1645 2765 1785 2783 naravr-rat
1799 2769 1849 2783 nm

1061 2758 1133 2787 dice,
1153 2758 1232 2783 docta
1250 2758 1295 2783 illa
1306 2758 1439 2793 apologia,
1451 2764 1536 2793 quam
1553 2759 1617 2787 olim
1645 2765 1785 2792 paraverat
1799 2758 1851 2796 pro

1061 2790 1297 2832 tuenda_Eu_s_ebii
1317 2793 1478 2832 orthodoxia
1500 2794 1544 2821 Fr.
1571 2794 1698 2824 Stavolus
1717 2795 1746 2832 S.
1762 2796 1799 2828 1.,
1816 2797 1851 2824 de

1060 2826 1139 2867 cujus
1152 2861 1156 2866 _
1171 2826 1393 2867 ingditqcodice
1409 2829 1614 2867 lloeutushego
1642 2838 1703 2857 sum
1723 2831 1760 2867 _in
1788 2826 1850 2867 mea

1059 2860 1180 2888 Chronici
1194 2861 1334 2889 Eusebium
1349 2863 1469 2892 editione
1487 2860 1643 2899 Mediolan.,
1661 2865 1738 2901 praef.
1756 2874 1782 2901 p.
1794 2866 1846 2894 ult.
