  <div class='ocr_page' id='page_1' title='image "/cluster/home/n/w/nwhite01/storage/ocr_20150623/69/njp.32101077772729/706.png"; bbox 0 0 1998 3062; ppageno 0'>
   <div class='ocr_carea' id='block_1_1' title="bbox 195 139 256 167">
    <p class='ocr_par' dir='ltr' id='par_1_1' title="bbox 195 139 256 167">
     <span class='ocr_line' id='line_1_1' title="bbox 195 139 256 167; baseline 0.016 -1"><span class='ocrx_word' id='word_1_1' title='bbox 195 139 256 167; x_wconf 60' lang='lat' dir='ltr'><strong>liii</strong></span> 
     </span>
    </p>
   </div>
   <div class='ocr_carea' id='block_1_2' title="bbox 867 142 1155 171">
    <p class='ocr_par' dir='ltr' id='par_1_2' title="bbox 867 142 1155 171">
     <span class='ocr_line' id='line_1_2' title="bbox 867 142 1155 171; baseline 0 -1"><span class='ocrx_word' id='word_1_2' title='bbox 867 143 901 171; x_wconf 85' lang='lat' dir='ltr'><strong>IN</strong></span> <span class='ocrx_word' id='word_1_3' title='bbox 919 142 1082 171; x_wconf 86' lang='lat' dir='ltr'><strong>PSALMUM</strong></span> <span class='ocrx_word' id='word_1_4' title='bbox 1100 143 1155 171; x_wconf 72' lang='lat' dir='ltr'><strong>XC.</strong></span> 
     </span>
    </p>
   </div>
   <div class='ocr_carea' id='block_1_3' title="bbox 1741 150 1809 178">
    <p class='ocr_par' dir='ltr' id='par_1_3' title="bbox 1741 150 1809 178">
     <span class='ocr_line' id='line_1_3' title="bbox 1741 150 1809 178; baseline -0.015 -1"><span class='ocrx_word' id='word_1_5' title='bbox 1741 150 1752 177; x_wconf 78' lang='lat' dir='ltr'><strong>i</strong></span> <span class='ocrx_word' id='word_1_6' title='bbox 1757 150 1809 178; x_wconf 69' lang='lat'><strong>29.2</strong></span> 
     </span>
    </p>
   </div>
   <div class='ocr_carea' id='block_1_4' title="bbox 189 197 959 242">
    <p class='ocr_par' dir='ltr' id='par_1_4' title="bbox 189 197 959 238">
     <span class='ocr_line' id='line_1_4' title="bbox 189 197 959 238; baseline 0.006 -14"><span class='ocrx_word' id='word_1_7' title='bbox 189 198 238 233; x_wconf 78' lang='grc' dir='ltr'>τὴν</span> <span class='ocrx_word' id='word_1_8' title='bbox 250 197 297 225; x_wconf 81' lang='grc' dir='ltr'>τοῦ</span> <span class='ocrx_word' id='word_1_9' title='bbox 312 198 436 234; x_wconf 78' lang='grc' dir='ltr'><strong>Σωτῆρος</strong></span> <span class='ocrx_word' id='word_1_10' title='bbox 452 200 552 236; x_wconf 82' lang='grc' dir='ltr'>φωνήν.</span> <span class='ocrx_word' id='word_1_11' title='bbox 566 198 620 227; x_wconf 72' lang='grc' dir='ltr'><strong>Καὶ</strong></span> <span class='ocrx_word' id='word_1_12' title='bbox 637 199 696 235; x_wconf 81' lang='grc' dir='ltr'>μετ’</span> <span class='ocrx_word' id='word_1_13' title='bbox 708 199 794 235; x_wconf 86' lang='grc' dir='ltr'>ὀλίγα·</span> <span class='ocrx_word' id='word_1_14' title='bbox 808 201 839 228; x_wconf 89' lang='grc' dir='ltr'><strong>Εἰ</strong></span> <span class='ocrx_word' id='word_1_15' title='bbox 853 202 908 238; x_wconf 87' lang='grc' dir='ltr'>γάρ</span> <span class='ocrx_word' id='word_1_16' title='bbox 919 203 959 229; x_wconf 75' lang='grc' dir='ltr'>ὲσι</span> 
     </span>
    </p>
   </div>
   <div class='ocr_carea' id='block_1_5' title="bbox 1009 197 1810 242">
    <p class='ocr_par' dir='ltr' id='par_1_5' title="bbox 1009 204 1810 242">
     <span class='ocr_line' id='line_1_5' title="bbox 1009 204 1810 242; baseline 0.009 -14"><span class='ocrx_word' id='word_1_17' title='bbox 1009 224 1011 233; x_wconf 75' lang='grc'><strong>,</strong></span> <span class='ocrx_word' id='word_1_18' title='bbox 1027 210 1077 229; x_wconf 87' lang='lat' dir='ltr'><strong>nos</strong></span> <span class='ocrx_word' id='word_1_19' title='bbox 1089 207 1180 230; x_wconf 85' lang='lat' dir='ltr'><strong>autem</strong></span> <span class='ocrx_word' id='word_1_20' title='bbox 1195 211 1269 238; x_wconf 86' lang='lat' dir='ltr'><strong>spem</strong></span> <span class='ocrx_word' id='word_1_21' title='bbox 1279 207 1399 232; x_wconf 76' lang='lat' dir='ltr'><strong>nostram</strong></span> <span class='ocrx_word' id='word_1_22' title='bbox 1414 204 1526 232; x_wconf 75' lang='lat' dir='ltr'><strong>fecimus</strong></span> <span class='ocrx_word' id='word_1_23' title='bbox 1537 205 1635 240; x_wconf 88' lang='lat' dir='ltr'><strong>ipsum,</strong></span> <span class='ocrx_word' id='word_1_24' title='bbox 1648 207 1693 242; x_wconf 83' lang='lat' dir='ltr'><strong>qui</strong></span> <span class='ocrx_word' id='word_1_25' title='bbox 1709 208 1810 242; x_wconf 88' lang='lat' dir='ltr'><strong>pariter</strong></span> 
     </span>
    </p>
   </div>
   <div class='ocr_carea' id='block_1_6' title="bbox 189 244 974 284">
    <p class='ocr_par' dir='ltr' id='par_1_6' title="bbox 189 244 974 284">
     <span class='ocr_line' id='line_1_6' title="bbox 189 244 974 284; baseline 0.005 -13"><span class='ocrx_word' id='word_1_26' title='bbox 189 244 360 276; x_wconf 80' lang='grc' dir='ltr'>κατάὖτοὺς</span> <span class='ocrx_word' id='word_1_27' title='bbox 384 245 482 281; x_wconf 83' lang='grc' dir='ltr'>ἀληθὲς</span> <span class='ocrx_word' id='word_1_28' title='bbox 504 245 534 272; x_wconf 84' lang='grc' dir='ltr'>τὸ</span> <span class='ocrx_word' id='word_1_29' title='bbox 550 246 680 279; x_wconf 80' lang='grc' dir='ltr'>τοιοῦτον,</span> <span class='ocrx_word' id='word_1_30' title='bbox 698 247 793 274; x_wconf 77' lang='grc' dir='ltr'>ἐλπίδα</span> <span class='ocrx_word' id='word_1_31' title='bbox 819 247 868 284; x_wconf 77' lang='grc' dir='ltr'>μὲν</span> <span class='ocrx_word' id='word_1_32' title='bbox 893 248 974 278; x_wconf 83' lang='grc' dir='ltr'>αὑτὸν</span> 
     </span>
    </p>
   </div>
   <div class='ocr_carea' id='block_1_7' title="bbox 187 289 973 330">
    <p class='ocr_par' dir='ltr' id='par_1_7' title="bbox 187 289 973 330">
     <span class='ocr_line' id='line_1_7' title="bbox 187 289 973 330; baseline 0.008 -15"><span class='ocrx_word' id='word_1_33' title='bbox 187 290 268 324; x_wconf 83' lang='grc' dir='ltr'>ἡμεῖς</span> <span class='ocrx_word' id='word_1_34' title='bbox 286 289 331 316; x_wconf 81' lang='grc' dir='ltr'><strong>τὸν</strong></span> <span class='ocrx_word' id='word_1_35' title='bbox 342 291 459 326; x_wconf 78' lang='grc' dir='ltr'>Χριστὸν</span> <span class='ocrx_word' id='word_1_36' title='bbox 470 291 654 326; x_wconf 82' lang='grc' dir='ltr'><strong>πεποιήμεθα,</strong></span> <span class='ocrx_word' id='word_1_37' title='bbox 674 293 754 324; x_wconf 82' lang='grc' dir='ltr'>αὐτὸς</span> <span class='ocrx_word' id='word_1_38' title='bbox 767 293 795 319; x_wconf 79' lang='grc' dir='ltr'><strong>δὲ</strong></span> <span class='ocrx_word' id='word_1_39' title='bbox 814 295 973 330; x_wconf 83' lang='grc' dir='ltr'>καταφυγὴν</span> 
     </span>
    </p>
   </div>
   <div class='ocr_carea' id='block_1_8' title="bbox 186 334 974 374">
    <p class='ocr_par' dir='ltr' id='par_1_8' title="bbox 186 334 974 374">
     <span class='ocr_line' id='line_1_8' title="bbox 186 334 974 374; baseline 0.008 -14"><span class='ocrx_word' id='word_1_40' title='bbox 186 334 243 369; x_wconf 80' lang='grc' dir='ltr'>ἔχει</span> <span class='ocrx_word' id='word_1_41' title='bbox 262 335 306 362; x_wconf 76' lang='grc' dir='ltr'><strong>τὸν</strong></span> <span class='ocrx_word' id='word_1_42' title='bbox 321 336 439 370; x_wconf 79' lang='grc' dir='ltr'>Πατέρα-</span> <span class='ocrx_word' id='word_1_43' title='bbox 454 336 552 363; x_wconf 79' lang='grc' dir='ltr'>οὐκοῦν</span> <span class='ocrx_word' id='word_1_44' title='bbox 574 337 748 373; x_wconf 78' lang='grc' dir='ltr'><strong>βοηθουμένῳ</strong></span> <span class='ocrx_word' id='word_1_45' title='bbox 763 339 974 374; x_wconf 82' lang='grc' dir='ltr'>προσπεφεύγα-</span> 
     </span>
    </p>
   </div>
   <div class='ocr_carea' id='block_1_9' title="bbox 188 381 970 420">
    <p class='ocr_par' dir='ltr' id='par_1_9' title="bbox 188 381 970 420">
     <span class='ocr_line' id='line_1_9' title="bbox 188 381 970 420; baseline 0.008 -14"><span class='ocrx_word' id='word_1_46' title='bbox 188 388 248 415; x_wconf 88' lang='grc' dir='ltr'>μεν,</span> <span class='ocrx_word' id='word_1_47' title='bbox 261 381 374 416; x_wconf 82' lang='grc' dir='ltr'><strong>Σωτῆρα</strong></span> <span class='ocrx_word' id='word_1_48' title='bbox 395 382 531 416; x_wconf 75' lang='grc' dir='ltr'><strong>καλοῦμεν</strong></span> <span class='ocrx_word' id='word_1_49' title='bbox 552 382 597 409; x_wconf 79' lang='grc' dir='ltr'>τὸν</span> <span class='ocrx_word' id='word_1_50' title='bbox 612 385 676 419; x_wconf 83' lang='grc' dir='ltr'>παρ’</span> <span class='ocrx_word' id='word_1_51' title='bbox 693 384 787 420; x_wconf 75' lang='grc' dir='ltr'>ἐτέρου</span> <span class='ocrx_word' id='word_1_52' title='bbox 808 385 970 420; x_wconf 79' lang='grc' dir='ltr'><strong>σωζόμενον.</strong></span> 
     </span>
    </p>
   </div>
   <div class='ocr_carea' id='block_1_10' title="bbox 186 426 972 464">
    <p class='ocr_par' dir='ltr' id='par_1_10' title="bbox 186 426 972 464">
     <span class='ocr_line' id='line_1_10' title="bbox 186 426 972 464; baseline 0.008 -13"><span class='ocrx_word' id='word_1_53' title='bbox 186 426 244 452; x_wconf 84' lang='grc' dir='ltr'>Οὐκ</span> <span class='ocrx_word' id='word_1_54' title='bbox 268 426 324 452; x_wconf 75' lang='grc' dir='ltr'>ἐστι</span> <span class='ocrx_word' id='word_1_55' title='bbox 339 426 434 459; x_wconf 82' lang='grc' dir='ltr'>ταῦτα,</span> <span class='ocrx_word' id='word_1_56' title='bbox 464 427 501 462; x_wconf 85' lang='grc' dir='ltr'>μὴ</span> <span class='ocrx_word' id='word_1_57' title='bbox 526 428 639 461; x_wconf 85' lang='grc' dir='ltr'>γένοιτο.</span> <span class='ocrx_word' id='word_1_58' title='bbox 668 428 791 464; x_wconf 87' lang='grc' dir='ltr'>Λέγομεν</span> <span class='ocrx_word' id='word_1_59' title='bbox 814 430 903 457; x_wconf 82' lang='grc' dir='ltr'>τοίνυν</span> <span class='ocrx_word' id='word_1_60' title='bbox 916 431 972 462; x_wconf 86' lang='grc' dir='ltr'>τοῖς</span> 
     </span>
    </p>
   </div>
   <div class='ocr_carea' id='block_1_11' title="bbox 184 470 970 509">
    <p class='ocr_par' dir='ltr' id='par_1_11' title="bbox 184 470 970 509">
     <span class='ocr_line' id='line_1_11' title="bbox 184 470 970 509; baseline 0.008 -12"><span class='ocrx_word' id='word_1_61' title='bbox 184 470 255 497; x_wconf 79' lang='grc' dir='ltr'>οὕτω</span> <span class='ocrx_word' id='word_1_62' title='bbox 280 473 388 507; x_wconf 82' lang='grc' dir='ltr'>φρονεῖν</span> <span class='ocrx_word' id='word_1_63' title='bbox 414 473 554 500; x_wconf 75' lang='grc' dir='ltr'>εἰωθόσιν·</span> <span class='ocrx_word' id='word_1_64' title='bbox 583 473 668 500; x_wconf 87' lang='grc' dir='ltr'>Ἀλλα</span> <span class='ocrx_word' id='word_1_65' title='bbox 693 475 760 509; x_wconf 83' lang='grc' dir='ltr'>ἡμῖν</span> <span class='ocrx_word' id='word_1_66' title='bbox 791 475 907 508; x_wconf 79' lang='grc' dir='ltr'><strong>λαλεῖτε,</strong></span> <span class='ocrx_word' id='word_1_67' title='bbox 923 475 970 503; x_wconf 76' lang='grc' dir='ltr'>καὶ</span> 
     </span>
    </p>
   </div>
   <div class='ocr_carea' id='block_1_12' title="bbox 178 516 971 558">
    <p class='ocr_par' dir='ltr' id='par_1_12' title="bbox 178 516 971 558">
     <span class='ocr_line' id='line_1_12' title="bbox 178 516 971 558; baseline 0.01 -17"><span class='ocrx_word' id='word_1_68' title='bbox 178 516 364 550; x_wconf 66' lang='grc' dir='ltr'>ἁναγγέλλετε</span> <span class='ocrx_word' id='word_1_69' title='bbox 391 519 456 553; x_wconf 80' lang='grc' dir='ltr'>ἡμῖν</span> <span class='ocrx_word' id='word_1_70' title='bbox 480 519 577 554; x_wconf 79' lang='grc' dir='ltr'><strong>ἑτέραν</strong></span> <span class='ocrx_word' id='word_1_71' title='bbox 605 519 747 554; x_wconf 80' lang='grc' dir='ltr'><strong>πλάνησιν.</strong></span> <span class='ocrx_word' id='word_1_72' title='bbox 768 521 840 554; x_wconf 83' lang='grc' dir='ltr'><strong>Ἐξω</strong></span> <span class='ocrx_word' id='word_1_73' title='bbox 856 523 906 558; x_wconf 79' lang='grc' dir='ltr'><strong>τῆς</strong></span> <span class='ocrx_word' id='word_1_74' title='bbox 926 522 971 548; x_wconf 83' lang='grc' dir='ltr'><strong>εὔ-</strong></span> 
     </span>
    </p>
   </div>
   <div class='ocr_carea' id='block_1_13' title="bbox 179 561 968 601">
    <p class='ocr_par' dir='ltr' id='par_1_13' title="bbox 179 561 968 601">
     <span class='ocr_line' id='line_1_13' title="bbox 179 561 968 601; baseline 0.01 -14"><span class='ocrx_word' id='word_1_75' title='bbox 179 561 258 592; x_wconf 77' lang='grc' dir='ltr'>’θείας</span> <span class='ocrx_word' id='word_1_76' title='bbox 280 561 392 597; x_wconf 73' lang='grc' dir='ltr'>ἔρχεσθε</span> <span class='ocrx_word' id='word_1_77' title='bbox 409 563 511 598; x_wconf 70' lang='grc' dir='ltr'>τρίϐου,</span> <span class='ocrx_word' id='word_1_78' title='bbox 535 564 585 599; x_wconf 75' lang='grc' dir='ltr'>τὴν</span> <span class='ocrx_word' id='word_1_79' title='bbox 605 564 748 600; x_wconf 83' lang='grc' dir='ltr'>βασιλικὴν</span> <span class='ocrx_word' id='word_1_80' title='bbox 771 567 885 600; x_wconf 79' lang='grc' dir='ltr'><strong>ἀφέντες</strong></span> <span class='ocrx_word' id='word_1_81' title='bbox 900 567 968 601; x_wconf 80' lang='grc' dir='ltr'>ὁδὸν,</span> 
     </span>
    </p>
   </div>
   <div class='ocr_carea' id='block_1_14' title="bbox 183 606 970 646">
    <p class='ocr_par' dir='ltr' id='par_1_14' title="bbox 183 606 970 646">
     <span class='ocr_line' id='line_1_14' title="bbox 183 606 970 646; baseline 0.009 -14"><span class='ocrx_word' id='word_1_82' title='bbox 183 607 223 638; x_wconf 85' lang='grc' dir='ltr'><strong>είς</strong></span> <span class='ocrx_word' id='word_1_83' title='bbox 237 606 358 638; x_wconf 78' lang='grc' dir='ltr'><strong>ἀκάνθας</strong></span> <span class='ocrx_word' id='word_1_84' title='bbox 376 608 486 634; x_wconf 79' lang='grc' dir='ltr'>πίπτετε</span> <span class='ocrx_word' id='word_1_85' title='bbox 506 609 554 635; x_wconf 78' lang='grc' dir='ltr'>καὶ</span> <span class='ocrx_word' id='word_1_86' title='bbox 577 609 698 644; x_wconf 86' lang='grc' dir='ltr'>βόθρους,</span> <span class='ocrx_word' id='word_1_87' title='bbox 718 612 767 646; x_wconf 86' lang='grc' dir='ltr'>τῆς</span> <span class='ocrx_word' id='word_1_88' title='bbox 782 611 910 646; x_wconf 79' lang='grc' dir='ltr'><strong>ἀληθείας</strong></span> <span class='ocrx_word' id='word_1_89' title='bbox 924 613 970 639; x_wconf 85' lang='grc' dir='ltr'><strong>ὲκ-</strong></span> 
     </span>
    </p>
   </div>
   <div class='ocr_carea' id='block_1_15' title="bbox 183 651 968 690">
    <p class='ocr_par' dir='ltr' id='par_1_15' title="bbox 183 651 968 690">
     <span class='ocr_line' id='line_1_15' title="bbox 183 651 968 690; baseline 0.01 -13"><span class='ocrx_word' id='word_1_90' title='bbox 183 651 356 679; x_wconf 83' lang='grc' dir='ltr'>πεπτώκατε.</span> <span class='ocrx_word' id='word_1_91' title='bbox 382 653 454 685; x_wconf 79' lang='grc' dir='ltr'>Ἴσος</span> <span class='ocrx_word' id='word_1_92' title='bbox 478 655 524 680; x_wconf 85' lang='grc' dir='ltr'>καὶ</span> <span class='ocrx_word' id='word_1_93' title='bbox 540 655 632 690; x_wconf 78' lang='grc' dir='ltr'>ὅμοιος</span> <span class='ocrx_word' id='word_1_94' title='bbox 658 656 729 683; x_wconf 85' lang='grc' dir='ltr'>κατὰ</span> <span class='ocrx_word' id='word_1_95' title='bbox 746 657 835 684; x_wconf 81' lang='grc' dir='ltr'>πάντα</span> <span class='ocrx_word' id='word_1_96' title='bbox 850 657 908 684; x_wconf 75' lang='grc' dir='ltr'>ἐστὶ</span> <span class='ocrx_word' id='word_1_97' title='bbox 921 658 968 686; x_wconf 85' lang='grc' dir='ltr'>τοῦ</span> 
     </span>
    </p>
   </div>
   <div class='ocr_carea' id='block_1_16' title="bbox 182 697 968 737">
    <p class='ocr_par' dir='ltr' id='par_1_16' title="bbox 182 697 968 737">
     <span class='ocr_line' id='line_1_16' title="bbox 182 697 968 737; baseline 0.01 -15"><span class='ocrx_word' id='word_1_98' title='bbox 182 697 290 732; x_wconf 79' lang='grc' dir='ltr'>Πατρὺς</span> <span class='ocrx_word' id='word_1_99' title='bbox 312 699 326 724; x_wconf 90' lang='lat'><strong>6</strong></span> <span class='ocrx_word' id='word_1_100' title='bbox 345 698 419 730; x_wconf 78' lang='grc' dir='ltr'>Υἱὸς,</span> <span class='ocrx_word' id='word_1_101' title='bbox 437 700 483 726; x_wconf 80' lang='grc' dir='ltr'>καὶ</span> <span class='ocrx_word' id='word_1_102' title='bbox 496 701 638 735; x_wconf 84' lang='grc' dir='ltr'>χαρακτήρ</span> <span class='ocrx_word' id='word_1_103' title='bbox 659 703 716 727; x_wconf 79' lang='grc' dir='ltr'>ἐστι</span> <span class='ocrx_word' id='word_1_104' title='bbox 731 702 780 737; x_wconf 79' lang='grc' dir='ltr'>τῆς</span> <span class='ocrx_word' id='word_1_105' title='bbox 794 703 968 735; x_wconf 70' lang='grc' dir='ltr'><strong>ὑποστάσεως</strong></span> 
     </span>
    </p>
   </div>
   <div class='ocr_carea' id='block_1_17' title="bbox 182 743 967 785">
    <p class='ocr_par' dir='ltr' id='par_1_17' title="bbox 182 743 967 785">
     <span class='ocr_line' id='line_1_17' title="bbox 182 743 967 785; baseline 0.01 -16"><span class='ocrx_word' id='word_1_106' title='bbox 182 743 276 773; x_wconf 81' lang='grc' dir='ltr'>αὐτοῦ,</span> <span class='ocrx_word' id='word_1_107' title='bbox 286 744 367 770; x_wconf 86' lang='grc' dir='ltr'>εἰκὼν</span> <span class='ocrx_word' id='word_1_108' title='bbox 382 746 429 771; x_wconf 73' lang='grc' dir='ltr'>καὶ</span> <span class='ocrx_word' id='word_1_109' title='bbox 443 745 612 781; x_wconf 71' lang='grc' dir='ltr'><strong>ἀπαύγασμα</strong></span> <span class='ocrx_word' id='word_1_110' title='bbox 624 749 671 783; x_wconf 81' lang='grc' dir='ltr'>τῆς</span> <span class='ocrx_word' id='word_1_111' title='bbox 686 747 763 784; x_wconf 76' lang='grc' dir='ltr'>δόξης</span> <span class='ocrx_word' id='word_1_112' title='bbox 777 748 870 781; x_wconf 77' lang='grc' dir='ltr'>αὑτοῦ,</span> <span class='ocrx_word' id='word_1_113' title='bbox 886 749 967 785; x_wconf 71' lang='grc' dir='ltr'>’Ὑψι-</span> 
     </span>
    </p>
   </div>
   <div class='ocr_carea' id='block_1_18' title="bbox 181 790 636 828">
    <p class='ocr_par' dir='ltr' id='par_1_18' title="bbox 181 790 636 828">
     <span class='ocr_line' id='line_1_18' title="bbox 181 790 636 828; baseline 0.011 -13"><span class='ocrx_word' id='word_1_114' title='bbox 181 790 242 821; x_wconf 76' lang='grc' dir='ltr'>στός</span> <span class='ocrx_word' id='word_1_115' title='bbox 258 791 316 816; x_wconf 78' lang='grc' dir='ltr'>ἐστι</span> <span class='ocrx_word' id='word_1_116' title='bbox 333 791 394 817; x_wconf 82' lang='grc' dir='ltr'>καθ’</span> <span class='ocrx_word' id='word_1_117' title='bbox 412 791 430 817; x_wconf 76' lang='grc' dir='ltr'>ἃ</span> <span class='ocrx_word' id='word_1_118' title='bbox 444 792 458 817; x_wconf 84' lang='lat'><strong>6</strong></span> <span class='ocrx_word' id='word_1_119' title='bbox 476 793 571 828; x_wconf 78' lang='grc' dir='ltr'>Πατήρ</span> <span class='ocrx_word' id='word_1_120' title='bbox 590 793 636 828; x_wconf 85' lang='lat' dir='ltr'><strong>(l).</strong></span> 
     </span>
    </p>
   </div>
   <div class='ocr_carea' id='block_1_19' title="bbox 267 847 876 884">
    <p class='ocr_par' dir='ltr' id='par_1_19' title="bbox 267 847 876 884">
     <span class='ocr_line' id='line_1_19' title="bbox 267 847 876 884; baseline 0.008 -11"><span class='ocrx_word' id='word_1_121' title='bbox 267 847 385 879; x_wconf 79' lang='grc' dir='ltr'>Μάστιξ</span> <span class='ocrx_word' id='word_1_122' title='bbox 404 849 457 874; x_wconf 72' lang='grc' dir='ltr'>οὐκ</span> <span class='ocrx_word' id='word_1_123' title='bbox 472 848 564 882; x_wconf 73' lang='grc' dir='ltr'>ἐγγιεῖ</span> <span class='ocrx_word' id='word_1_124' title='bbox 572 849 610 882; x_wconf 82' lang='grc' dir='ltr'>τῷ</span> <span class='ocrx_word' id='word_1_125' title='bbox 625 849 798 884; x_wconf 69' lang='grc' dir='ltr'>σκηνώματι</span> <span class='ocrx_word' id='word_1_126' title='bbox 808 859 876 878; x_wconf 86' lang='grc' dir='ltr'>σου.</span> 
     </span>
    </p>
   </div>
   <div class='ocr_carea' id='block_1_20' title="bbox 216 934 964 974">
    <p class='ocr_par' dir='ltr' id='par_1_20' title="bbox 216 934 964 974">
     <span class='ocr_line' id='line_1_20' title="bbox 216 934 964 974; baseline 0.008 -13"><span class='ocrx_word' id='word_1_127' title='bbox 216 934 248 969; x_wconf 86' lang='grc' dir='ltr'><strong>(Β</strong></span> <span class='ocrx_word' id='word_1_128' title='bbox 261 934 279 961; x_wconf 86' lang='lat' dir='ltr'><strong>f.</strong></span> <span class='ocrx_word' id='word_1_129' title='bbox 293 935 346 962; x_wconf 73' lang='lat'><strong>275</strong></span> <span class='ocrx_word' id='word_1_130' title='bbox 363 935 390 966; x_wconf 90' lang='lat' dir='ltr'><strong>b,</strong></span> <span class='ocrx_word' id='word_1_131' title='bbox 407 935 428 961; x_wconf 93' lang='lat' dir='ltr'><strong>ll</strong></span> <span class='ocrx_word' id='word_1_132' title='bbox 451 935 469 961; x_wconf 79' lang='grc' dir='ltr'>ί.</span> <span class='ocrx_word' id='word_1_133' title='bbox 485 935 546 970; x_wconf 81' lang='grc'><strong>598)</strong></span> <span class='ocrx_word' id='word_1_134' title='bbox 565 936 601 962; x_wconf 83' lang='grc' dir='ltr'><strong>Τὸ</strong></span> <span class='ocrx_word' id='word_1_135' title='bbox 614 937 745 972; x_wconf 79' lang='grc' dir='ltr'>σκήνωμα</span> <span class='ocrx_word' id='word_1_136' title='bbox 761 939 835 974; x_wconf 78' lang='grc' dir='ltr'>παρὰ</span> <span class='ocrx_word' id='word_1_137' title='bbox 851 941 885 974; x_wconf 83' lang='grc' dir='ltr'>τῇ</span> <span class='ocrx_word' id='word_1_138' title='bbox 904 940 964 967; x_wconf 71' lang='lat' dir='ltr'><strong>Oso-</strong></span> 
     </span>
    </p>
   </div>
   <div class='ocr_carea' id='block_1_21' title="bbox 179 975 962 1021">
    <p class='ocr_par' dir='ltr' id='par_1_21' title="bbox 179 975 962 1021">
     <span class='ocr_line' id='line_1_21' title="bbox 179 975 962 1021; baseline 0.009 -16"><span class='ocrx_word' id='word_1_139' title='bbox 179 979 306 1014; x_wconf 79' lang='grc' dir='ltr'>πνεύστῳ</span> <span class='ocrx_word' id='word_1_140' title='bbox 328 980 347 1005; x_wconf 87' lang='grc' dir='ltr'>Γ</span> <span class='ocrx_word' id='word_1_141' title='bbox 351 975 422 1015; x_wconf 62' lang='grc' dir='ltr'>ρᾶφῇ</span> <span class='ocrx_word' id='word_1_142' title='bbox 440 981 470 1007; x_wconf 84' lang='grc' dir='ltr'>οὺ</span> <span class='ocrx_word' id='word_1_143' title='bbox 495 982 602 1011; x_wconf 77' lang='grc' dir='ltr'>πάντως</span> <span class='ocrx_word' id='word_1_144' title='bbox 616 981 645 1007; x_wconf 85' lang='grc' dir='ltr'><strong>τὸ</strong></span> <span class='ocrx_word' id='word_1_145' title='bbox 666 981 744 1017; x_wconf 84' lang='grc' dir='ltr'>σῶμα</span> <span class='ocrx_word' id='word_1_146' title='bbox 768 983 852 1018; x_wconf 83' lang='grc' dir='ltr'>δηλοῖ,</span> <span class='ocrx_word' id='word_1_147' title='bbox 872 985 929 1011; x_wconf 79' lang='grc' dir='ltr'>ἀλλ’</span> <span class='ocrx_word' id='word_1_148' title='bbox 945 986 962 1021; x_wconf 76' lang='grc' dir='ltr'>ἢ</span> 
     </span>
    </p>
   </div>
   <div class='ocr_carea' id='block_1_22' title="bbox 178 1024 964 1060">
    <p class='ocr_par' dir='ltr' id='par_1_22' title="bbox 178 1024 964 1060">
     <span class='ocr_line' id='line_1_22' title="bbox 178 1024 964 1060; baseline 0.01 -10"><span class='ocrx_word' id='word_1_149' title='bbox 178 1024 265 1057; x_wconf 78' lang='grc' dir='ltr'>πόλιν,</span> <span class='ocrx_word' id='word_1_150' title='bbox 284 1024 300 1060; x_wconf 85' lang='grc' dir='ltr'>ἢ</span> <span class='ocrx_word' id='word_1_151' title='bbox 322 1024 422 1060; x_wconf 78' lang='grc' dir='ltr'>χώραν,</span> <span class='ocrx_word' id='word_1_152' title='bbox 440 1026 456 1060; x_wconf 86' lang='grc' dir='ltr'>ἢ</span> <span class='ocrx_word' id='word_1_153' title='bbox 478 1024 561 1052; x_wconf 81' lang='grc' dir='ltr'>οἷκον.</span> <span class='ocrx_word' id='word_1_154' title='bbox 585 1027 752 1054; x_wconf 74' lang='grc' dir='ltr'>Πιστώσεται</span> <span class='ocrx_word' id='word_1_155' title='bbox 769 1029 797 1055; x_wconf 74' lang='grc' dir='ltr'><strong>δὲ</strong></span> <span class='ocrx_word' id='word_1_156' title='bbox 819 1029 898 1057; x_wconf 79' lang='grc' dir='ltr'>τοῦτο</span> <span class='ocrx_word' id='word_1_157' title='bbox 920 1031 964 1058; x_wconf 81' lang='grc' dir='ltr'><strong>λέ-</strong></span> 
     </span>
    </p>
   </div>
   <div class='ocr_carea' id='block_1_23' title="bbox 178 1071 963 1112">
    <p class='ocr_par' dir='ltr' id='par_1_23' title="bbox 178 1071 963 1112">
     <span class='ocr_line' id='line_1_23' title="bbox 178 1071 963 1112; baseline 0.01 -16"><span class='ocrx_word' id='word_1_158' title='bbox 178 1078 234 1104; x_wconf 86' lang='grc' dir='ltr'><strong>γων</strong></span> <span class='ocrx_word' id='word_1_159' title='bbox 248 1072 262 1096; x_wconf 89' lang='lat'><strong>6</strong></span> <span class='ocrx_word' id='word_1_160' title='bbox 276 1071 410 1106; x_wconf 86' lang='grc' dir='ltr'>μακάριος</span> <span class='ocrx_word' id='word_1_161' title='bbox 425 1071 508 1098; x_wconf 71' lang='grc' dir='ltr'><strong>Δαῦίδ</strong></span> <span class='ocrx_word' id='word_1_162' title='bbox 521 1081 527 1088; x_wconf 92' lang='grc'>·</span> <span class='ocrx_word' id='word_1_163' title='bbox 549 1081 558 1098; x_wconf 82' lang='grc' dir='ltr'><strong>ι</strong></span> <span class='ocrx_word' id='word_1_164' title='bbox 574 1073 604 1099; x_wconf 86' lang='grc' dir='ltr'><strong>Εἰ</strong></span> <span class='ocrx_word' id='word_1_165' title='bbox 621 1073 792 1109; x_wconf 68' lang='grc' dir='ltr'>ἀναϐήσομαι</span> <span class='ocrx_word' id='word_1_166' title='bbox 809 1075 857 1102; x_wconf 83' lang='grc' dir='ltr'><strong>ἐπὶ</strong></span> <span class='ocrx_word' id='word_1_167' title='bbox 870 1076 963 1112; x_wconf 82' lang='grc' dir='ltr'>κλίνης</span> 
     </span>
    </p>
   </div>
   <div class='ocr_carea' id='block_1_24' title="bbox 177 1116 960 1158">
    <p class='ocr_par' dir='ltr' id='par_1_24' title="bbox 177 1116 960 1158">
     <span class='ocr_line' id='line_1_24' title="bbox 177 1116 960 1158; baseline 0.011 -18"><span class='ocrx_word' id='word_1_168' title='bbox 177 1116 322 1150; x_wconf 79' lang='grc' dir='ltr'>στρωμνῆς</span> <span class='ocrx_word' id='word_1_169' title='bbox 339 1125 401 1151; x_wconf 88' lang='grc' dir='ltr'>μου·</span> <span class='ocrx_word' id='word_1_170' title='bbox 427 1118 451 1143; x_wconf 86' lang='grc' dir='ltr'>εἰ</span> <span class='ocrx_word' id='word_1_171' title='bbox 473 1117 550 1144; x_wconf 80' lang='grc' dir='ltr'>δώσω</span> <span class='ocrx_word' id='word_1_172' title='bbox 565 1117 648 1145; x_wconf 74' lang='grc' dir='ltr'>ὕπνον</span> <span class='ocrx_word' id='word_1_173' title='bbox 667 1120 721 1151; x_wconf 82' lang='grc' dir='ltr'>τοῖς</span> <span class='ocrx_word' id='word_1_174' title='bbox 734 1120 880 1156; x_wconf 67' lang='grc' dir='ltr'>ὀφθαλμοῖς</span> <span class='ocrx_word' id='word_1_175' title='bbox 898 1131 960 1158; x_wconf 89' lang='grc' dir='ltr'>μου,</span> 
     </span>
    </p>
   </div>
   <div class='ocr_carea' id='block_1_25' title="bbox 176 1160 961 1199">
    <p class='ocr_par' dir='ltr' id='par_1_25' title="bbox 176 1160 961 1199">
     <span class='ocr_line' id='line_1_25' title="bbox 176 1160 961 1199; baseline 0.01 -13"><span class='ocrx_word' id='word_1_176' title='bbox 176 1160 224 1187; x_wconf 73' lang='grc' dir='ltr'>καὶ</span> <span class='ocrx_word' id='word_1_177' title='bbox 245 1161 302 1192; x_wconf 84' lang='grc' dir='ltr'>τοῖς</span> <span class='ocrx_word' id='word_1_178' title='bbox 324 1161 467 1197; x_wconf 80' lang='grc' dir='ltr'>βλεφάροις</span> <span class='ocrx_word' id='word_1_179' title='bbox 490 1171 540 1197; x_wconf 83' lang='grc' dir='ltr'><strong>μου</strong></span> <span class='ocrx_word' id='word_1_180' title='bbox 561 1164 728 1199; x_wconf 83' lang='grc' dir='ltr'>νυσταγμὺν,</span> <span class='ocrx_word' id='word_1_181' title='bbox 743 1166 791 1192; x_wconf 77' lang='grc' dir='ltr'>καὶ</span> <span class='ocrx_word' id='word_1_182' title='bbox 807 1166 961 1195; x_wconf 81' lang='grc' dir='ltr'>ἀνάπαυσιν</span> 
     </span>
    </p>
   </div>
   <div class='ocr_carea' id='block_1_26' title="bbox 175 1206 959 1248">
    <p class='ocr_par' dir='ltr' id='par_1_26' title="bbox 175 1206 959 1248">
     <span class='ocr_line' id='line_1_26' title="bbox 175 1206 959 1248; baseline 0.009 -16"><span class='ocrx_word' id='word_1_183' title='bbox 175 1208 231 1237; x_wconf 84' lang='grc' dir='ltr'>τοῖς</span> <span class='ocrx_word' id='word_1_184' title='bbox 253 1208 400 1242; x_wconf 75' lang='grc' dir='ltr'>κροτάφοις</span> <span class='ocrx_word' id='word_1_185' title='bbox 417 1217 479 1243; x_wconf 84' lang='grc' dir='ltr'>μου,</span> <span class='ocrx_word' id='word_1_186' title='bbox 498 1209 549 1240; x_wconf 79' lang='grc' dir='ltr'>ἕως</span> <span class='ocrx_word' id='word_1_187' title='bbox 563 1206 593 1236; x_wconf 71' lang='grc' dir='ltr'><strong>οὗ</strong></span> <span class='ocrx_word' id='word_1_188' title='bbox 614 1209 687 1244; x_wconf 79' lang='grc' dir='ltr'>εὕρω</span> <span class='ocrx_word' id='word_1_189' title='bbox 701 1210 782 1237; x_wconf 87' lang='grc' dir='ltr'>τόπον</span> <span class='ocrx_word' id='word_1_190' title='bbox 801 1211 840 1246; x_wconf 85' lang='grc' dir='ltr'>τῷ</span> <span class='ocrx_word' id='word_1_191' title='bbox 854 1213 959 1248; x_wconf 80' lang='grc' dir='ltr'>Κυρίῳ,</span> 
     </span>
    </p>
   </div>
   <div class='ocr_carea' id='block_1_27' title="bbox 175 1253 608 1289">
    <p class='ocr_par' dir='ltr' id='par_1_27' title="bbox 175 1253 608 1289">
     <span class='ocr_line' id='line_1_27' title="bbox 175 1253 608 1289; baseline 0.005 -10"><span class='ocrx_word' id='word_1_192' title='bbox 175 1253 309 1288; x_wconf 82' lang='grc' dir='ltr'>σκήνωμα</span> <span class='ocrx_word' id='word_1_193' title='bbox 327 1253 366 1288; x_wconf 87' lang='grc' dir='ltr'>τῷ</span> <span class='ocrx_word' id='word_1_194' title='bbox 388 1254 446 1289; x_wconf 83' lang='grc' dir='ltr'><strong>Θεῴ</strong></span> <span class='ocrx_word' id='word_1_195' title='bbox 472 1255 578 1281; x_wconf 74' lang='grc' dir='ltr'>Ἰακώϐ.</span> <span class='ocrx_word' id='word_1_196' title='bbox 599 1265 608 1280; x_wconf 85' lang='grc'><strong>›</strong></span> 
     </span>
    </p>
   </div>
   <div class='ocr_carea' id='block_1_28' title="bbox 176 1315 958 1355">
    <p class='ocr_par' dir='ltr' id='par_1_28' title="bbox 176 1315 958 1355">
     <span class='ocr_line' id='line_1_28' title="bbox 176 1315 958 1355; baseline 0.008 -13"><span class='ocrx_word' id='word_1_197' title='bbox 176 1315 240 1343; x_wconf 87' lang='grc' dir='ltr'>Ὅτι</span> <span class='ocrx_word' id='word_1_198' title='bbox 267 1316 328 1349; x_wconf 79' lang='grc' dir='ltr'>τοῖς</span> <span class='ocrx_word' id='word_1_199' title='bbox 348 1316 486 1351; x_wconf 75' lang='grc' dir='ltr'><strong>ἀγγέλοις</strong></span> <span class='ocrx_word' id='word_1_200' title='bbox 508 1319 601 1346; x_wconf 83' lang='grc' dir='ltr'>αὐτοῦ</span> <span class='ocrx_word' id='word_1_201' title='bbox 621 1319 782 1347; x_wconf 73' lang='grc' dir='ltr'><strong>ἐντελεῖται</strong></span> <span class='ocrx_word' id='word_1_202' title='bbox 804 1321 871 1355; x_wconf 75' lang='grc' dir='ltr'>περὶ</span> <span class='ocrx_word' id='word_1_203' title='bbox 889 1321 958 1348; x_wconf 87' lang='grc' dir='ltr'>σοῦ.</span> 
     </span>
    </p>
   </div>
   <div class='ocr_carea' id='block_1_29' title="bbox 209 1369 960 1409">
    <p class='ocr_par' dir='ltr' id='par_1_29' title="bbox 209 1369 960 1409">
     <span class='ocr_line' id='line_1_29' title="bbox 209 1369 960 1409; baseline 0.005 -13"><span class='ocrx_word' id='word_1_204' title='bbox 209 1370 242 1405; x_wconf 82' lang='grc' dir='ltr'><strong>(Β</strong></span> <span class='ocrx_word' id='word_1_205' title='bbox 257 1369 276 1396; x_wconf 86' lang='lat' dir='ltr'><strong>f.</strong></span> <span class='ocrx_word' id='word_1_206' title='bbox 297 1370 349 1397; x_wconf 80' lang='lat'><strong>575</strong></span> <span class='ocrx_word' id='word_1_207' title='bbox 366 1371 392 1403; x_wconf 86' lang='lat' dir='ltr'><strong>b,</strong></span> <span class='ocrx_word' id='word_1_208' title='bbox 415 1371 437 1398; x_wconf 82' lang='lat' dir='ltr'><strong>ll</strong></span> <span class='ocrx_word' id='word_1_209' title='bbox 462 1372 480 1398; x_wconf 78' lang='grc' dir='ltr'>ί.</span> <span class='ocrx_word' id='word_1_210' title='bbox 502 1373 554 1400; x_wconf 81' lang='lat'><strong>598</strong></span> <span class='ocrx_word' id='word_1_211' title='bbox 572 1372 600 1408; x_wconf 85' lang='lat' dir='ltr'><strong>b)</strong></span> <span class='ocrx_word' id='word_1_212' title='bbox 619 1373 729 1405; x_wconf 81' lang='grc' dir='ltr'>Τούτοις</span> <span class='ocrx_word' id='word_1_213' title='bbox 753 1374 887 1409; x_wconf 78' lang='grc' dir='ltr'>ἐχρήσατο</span> <span class='ocrx_word' id='word_1_214' title='bbox 903 1375 960 1406; x_wconf 79' lang='grc' dir='ltr'>τοῖς</span> 
     </span>
    </p>
   </div>
   <div class='ocr_carea' id='block_1_30' title="bbox 173 1415 959 1454">
    <p class='ocr_par' dir='ltr' id='par_1_30' title="bbox 173 1415 959 1454">
     <span class='ocr_line' id='line_1_30' title="bbox 173 1415 959 1454; baseline 0.009 -14"><span class='ocrx_word' id='word_1_215' title='bbox 173 1415 274 1450; x_wconf 85' lang='grc' dir='ltr'>στίχοις</span> <span class='ocrx_word' id='word_1_216' title='bbox 287 1417 300 1442; x_wconf 89' lang='lat'><strong>6</strong></span> <span class='ocrx_word' id='word_1_217' title='bbox 310 1417 442 1450; x_wconf 81' lang='grc' dir='ltr'>Σατανᾶς,</span> <span class='ocrx_word' id='word_1_218' title='bbox 454 1418 490 1449; x_wconf 83' lang='grc' dir='ltr'>ὡς</span> <span class='ocrx_word' id='word_1_219' title='bbox 500 1417 542 1444; x_wconf 80' lang='grc' dir='ltr'><strong>ἐπ’</strong></span> <span class='ocrx_word' id='word_1_220' title='bbox 549 1418 693 1454; x_wconf 83' lang='grc' dir='ltr'>ἀνθρώπου</span> <span class='ocrx_word' id='word_1_221' title='bbox 707 1419 796 1446; x_wconf 80' lang='grc' dir='ltr'>κοινοῦ</span> <span class='ocrx_word' id='word_1_222' title='bbox 805 1420 839 1446; x_wconf 89' lang='grc' dir='ltr'>τὰ</span> <span class='ocrx_word' id='word_1_223' title='bbox 848 1419 959 1448; x_wconf 82' lang='grc' dir='ltr'>τοιαῦτα</span> 
     </span>
    </p>
   </div>
   <div class='ocr_carea' id='block_1_31' title="bbox 173 1460 958 1502">
    <p class='ocr_par' dir='ltr' id='par_1_31' title="bbox 173 1460 958 1502">
     <span class='ocr_line' id='line_1_31' title="bbox 173 1460 958 1502; baseline 0.009 -16"><span class='ocrx_word' id='word_1_224' title='bbox 173 1460 259 1494; x_wconf 85' lang='grc' dir='ltr'>λέγων</span> <span class='ocrx_word' id='word_1_225' title='bbox 284 1462 323 1497; x_wconf 86' lang='grc' dir='ltr'>τῷ</span> <span class='ocrx_word' id='word_1_226' title='bbox 347 1462 455 1490; x_wconf 86' lang='grc' dir='ltr'>πάντων</span> <span class='ocrx_word' id='word_1_227' title='bbox 478 1463 556 1499; x_wconf 79' lang='grc' dir='ltr'>ἡμῶν</span> <span class='ocrx_word' id='word_1_228' title='bbox 582 1465 688 1499; x_wconf 77' lang='grc' dir='ltr'>Σωτῆρι</span> <span class='ocrx_word' id='word_1_229' title='bbox 705 1465 826 1501; x_wconf 78' lang='grc' dir='ltr'>Χριστῷ.</span> <span class='ocrx_word' id='word_1_230' title='bbox 849 1466 958 1502; x_wconf 79' lang='grc' dir='ltr'>Ἐπειδὴ</span> 
     </span>
    </p>
   </div>
   <div class='ocr_carea' id='block_1_32' title="bbox 172 1506 956 1548">
    <p class='ocr_par' dir='ltr' id='par_1_32' title="bbox 172 1506 956 1548">
     <span class='ocr_line' id='line_1_32' title="bbox 172 1506 956 1548; baseline 0.01 -16"><span class='ocrx_word' id='word_1_231' title='bbox 172 1506 226 1541; x_wconf 82' lang='grc' dir='ltr'><strong>γάρ</strong></span> <span class='ocrx_word' id='word_1_232' title='bbox 251 1507 324 1534; x_wconf 75' lang='grc' dir='ltr'>ἐστιν</span> <span class='ocrx_word' id='word_1_233' title='bbox 337 1508 395 1539; x_wconf 77' lang='grc' dir='ltr'>ὅλος</span> <span class='ocrx_word' id='word_1_234' title='bbox 415 1509 527 1541; x_wconf 82' lang='grc' dir='ltr'>σκότος,</span> <span class='ocrx_word' id='word_1_235' title='bbox 557 1510 604 1536; x_wconf 72' lang='grc' dir='ltr'>καὶ</span> <span class='ocrx_word' id='word_1_236' title='bbox 627 1511 875 1548; x_wconf 78' lang='grc' dir='ltr'>κατεσκοτισμένην</span> <span class='ocrx_word' id='word_1_237' title='bbox 900 1513 956 1548; x_wconf 81' lang='grc' dir='ltr'>ἔχει</span> 
     </span>
    </p>
   </div>
   <div class='ocr_carea' id='block_1_33' title="bbox 170 1551 955 1593">
    <p class='ocr_par' dir='ltr' id='par_1_33' title="bbox 170 1551 955 1593">
     <span class='ocr_line' id='line_1_33' title="bbox 170 1551 955 1593; baseline 0.009 -15"><span class='ocrx_word' id='word_1_238' title='bbox 170 1551 221 1588; x_wconf 86' lang='grc' dir='ltr'>τὴν</span> <span class='ocrx_word' id='word_1_239' title='bbox 239 1552 367 1584; x_wconf 79' lang='grc' dir='ltr'>διάνοιαν,</span> <span class='ocrx_word' id='word_1_240' title='bbox 381 1552 410 1581; x_wconf 77' lang='grc' dir='ltr'>οὐ</span> <span class='ocrx_word' id='word_1_241' title='bbox 423 1555 522 1589; x_wconf 81' lang='grc' dir='ltr'>συνῆκε</span> <span class='ocrx_word' id='word_1_242' title='bbox 532 1555 584 1583; x_wconf 79' lang='grc' dir='ltr'><strong>τῶν</strong></span> <span class='ocrx_word' id='word_1_243' title='bbox 600 1557 753 1592; x_wconf 77' lang='grc' dir='ltr'>εἰρημένων</span> <span class='ocrx_word' id='word_1_244' title='bbox 767 1558 816 1593; x_wconf 84' lang='grc' dir='ltr'>τὴν</span> <span class='ocrx_word' id='word_1_245' title='bbox 831 1557 955 1593; x_wconf 82' lang='grc' dir='ltr'>δύναμιν·</span> 
     </span>
    </p>
   </div>
   <div class='ocr_carea' id='block_1_34' title="bbox 171 1598 957 1638">
    <p class='ocr_par' dir='ltr' id='par_1_34' title="bbox 171 1598 957 1638">
     <span class='ocr_line' id='line_1_34' title="bbox 171 1598 957 1638; baseline 0.005 -14"><span class='ocrx_word' id='word_1_246' title='bbox 171 1598 211 1625; x_wconf 73' lang='grc' dir='ltr'><strong>ὅτι</strong></span> <span class='ocrx_word' id='word_1_247' title='bbox 229 1598 242 1623; x_wconf 98' lang='lat'><strong>6</strong></span> <span class='ocrx_word' id='word_1_248' title='bbox 262 1598 369 1633; x_wconf 75' lang='grc' dir='ltr'>ψαλμὺς</span> <span class='ocrx_word' id='word_1_249' title='bbox 389 1599 421 1625; x_wconf 80' lang='grc' dir='ltr'>ὲκ</span> <span class='ocrx_word' id='word_1_250' title='bbox 437 1600 584 1635; x_wconf 78' lang='grc' dir='ltr'>προσώπου</span> <span class='ocrx_word' id='word_1_251' title='bbox 607 1602 706 1633; x_wconf 78' lang='grc' dir='ltr'>παντὸς</span> <span class='ocrx_word' id='word_1_252' title='bbox 721 1602 827 1628; x_wconf 82' lang='grc' dir='ltr'>δικαίου</span> <span class='ocrx_word' id='word_1_253' title='bbox 849 1602 957 1638; x_wconf 76' lang='grc' dir='ltr'>εἴρηται</span> 
     </span>
    </p>
   </div>
   <div class='ocr_carea' id='block_1_35' title="bbox 173 1643 957 1684">
    <p class='ocr_par' dir='ltr' id='par_1_35' title="bbox 173 1643 957 1684">
     <span class='ocr_line' id='line_1_35' title="bbox 173 1643 957 1684; baseline 0.004 -13"><span class='ocrx_word' id='word_1_254' title='bbox 173 1643 358 1680; x_wconf 78' lang='grc' dir='ltr'>βοηθουμένου</span> <span class='ocrx_word' id='word_1_255' title='bbox 373 1645 424 1673; x_wconf 77' lang='grc' dir='ltr'>ΰπὺ</span> <span class='ocrx_word' id='word_1_256' title='bbox 439 1647 486 1673; x_wconf 80' lang='grc' dir='ltr'>τοῦ</span> <span class='ocrx_word' id='word_1_257' title='bbox 501 1647 639 1681; x_wconf 77' lang='grc' dir='ltr'>Ὑψίστου,</span> <span class='ocrx_word' id='word_1_258' title='bbox 652 1647 727 1679; x_wconf 75' lang='grc' dir='ltr'>ὄντος</span> <span class='ocrx_word' id='word_1_259' title='bbox 741 1647 808 1674; x_wconf 85' lang='grc' dir='ltr'><strong>Θεοῦ</strong></span> <span class='ocrx_word' id='word_1_260' title='bbox 817 1648 863 1674; x_wconf 82' lang='grc' dir='ltr'><strong>τοῦ</strong></span> <span class='ocrx_word' id='word_1_261' title='bbox 876 1648 957 1684; x_wconf 74' lang='grc' dir='ltr'>οὐρα-</span> 
     </span>
    </p>
   </div>
   <div class='ocr_carea' id='block_1_36' title="bbox 171 1692 957 1728">
    <p class='ocr_par' dir='ltr' id='par_1_36' title="bbox 171 1692 957 1728">
     <span class='ocr_line' id='line_1_36' title="bbox 171 1692 957 1728; baseline 0.003 -10"><span class='ocrx_word' id='word_1_262' title='bbox 171 1692 226 1718; x_wconf 73' lang='grc' dir='ltr'>νοῦ.</span> <span class='ocrx_word' id='word_1_263' title='bbox 256 1693 386 1727; x_wconf 80' lang='grc' dir='ltr'>Ἦγνόησε</span> <span class='ocrx_word' id='word_1_264' title='bbox 409 1693 438 1719; x_wconf 75' lang='grc' dir='ltr'><strong>δὲ</strong></span> <span class='ocrx_word' id='word_1_265' title='bbox 461 1693 529 1728; x_wconf 77' lang='grc' dir='ltr'>πρὸς</span> <span class='ocrx_word' id='word_1_266' title='bbox 550 1693 636 1728; x_wconf 82' lang='grc' dir='ltr'>τούτῳ</span> <span class='ocrx_word' id='word_1_267' title='bbox 648 1695 688 1720; x_wconf 80' lang='grc' dir='ltr'><strong>ὅτι</strong></span> <span class='ocrx_word' id='word_1_268' title='bbox 704 1694 768 1726; x_wconf 81' lang='grc' dir='ltr'>Θεὸς</span> <span class='ocrx_word' id='word_1_269' title='bbox 788 1693 826 1720; x_wconf 83' lang='grc' dir='ltr'>ὢν</span> <span class='ocrx_word' id='word_1_270' title='bbox 841 1695 856 1720; x_wconf 92' lang='lat'><strong>6</strong></span> <span class='ocrx_word' id='word_1_271' title='bbox 871 1695 957 1728; x_wconf 86' lang='grc' dir='ltr'>Λόγος</span> 
     </span>
    </p>
   </div>
   <div class='ocr_carea' id='block_1_37' title="bbox 171 1737 955 1774">
    <p class='ocr_par' dir='ltr' id='par_1_37' title="bbox 171 1737 955 1774">
     <span class='ocr_line' id='line_1_37' title="bbox 171 1737 955 1774; baseline 0.005 -11"><span class='ocrx_word' id='word_1_272' title='bbox 171 1737 282 1770; x_wconf 80' lang='grc' dir='ltr'>γέγονεν</span> <span class='ocrx_word' id='word_1_273' title='bbox 299 1738 450 1773; x_wconf 78' lang='grc' dir='ltr'>ἄνθρωπος,</span> <span class='ocrx_word' id='word_1_274' title='bbox 468 1739 516 1764; x_wconf 77' lang='grc' dir='ltr'>καὶ</span> <span class='ocrx_word' id='word_1_275' title='bbox 535 1738 615 1771; x_wconf 68' lang='grc' dir='ltr'>αὐτὸς</span> <span class='ocrx_word' id='word_1_276' title='bbox 628 1738 662 1774; x_wconf 75' lang='grc' dir='ltr'>ἦν</span> <span class='ocrx_word' id='word_1_277' title='bbox 675 1741 688 1766; x_wconf 90' lang='lat'><strong>6</strong></span> <span class='ocrx_word' id='word_1_278' title='bbox 701 1740 878 1774; x_wconf 71' lang='grc' dir='ltr'>οἰκονομικῶς</span> <span class='ocrx_word' id='word_1_279' title='bbox 894 1749 955 1767; x_wconf 86' lang='grc' dir='ltr'>πει-</span> 
     </span>
    </p>
   </div>
   <div class='ocr_carea' id='block_1_38' title="bbox 171 1782 955 1821">
    <p class='ocr_par' dir='ltr' id='par_1_38' title="bbox 171 1782 955 1821">
     <span class='ocr_line' id='line_1_38' title="bbox 171 1782 955 1821; baseline 0.006 -13"><span class='ocrx_word' id='word_1_280' title='bbox 171 1782 328 1817; x_wconf 78' lang='grc' dir='ltr'>ραζόμενος.</span> <span class='ocrx_word' id='word_1_281' title='bbox 351 1783 420 1809; x_wconf 77' lang='grc' dir='ltr'><strong>Ἀλλ’</strong></span> <span class='ocrx_word' id='word_1_282' title='bbox 439 1784 453 1810; x_wconf 84' lang='grc' dir='ltr'>ὁ</span> <span class='ocrx_word' id='word_1_283' title='bbox 479 1784 528 1819; x_wconf 79' lang='grc' dir='ltr'>μὲν</span> <span class='ocrx_word' id='word_1_284' title='bbox 549 1785 681 1816; x_wconf 79' lang='grc' dir='ltr'>Σατανᾶς,</span> <span class='ocrx_word' id='word_1_285' title='bbox 697 1785 735 1816; x_wconf 86' lang='grc' dir='ltr'>ὼς</span> <span class='ocrx_word' id='word_1_286' title='bbox 758 1785 836 1821; x_wconf 67' lang='grc' dir='ltr'>ἔφην,</span> <span class='ocrx_word' id='word_1_287' title='bbox 858 1785 896 1817; x_wconf 84' lang='grc' dir='ltr'><strong>ὡς</strong></span> <span class='ocrx_word' id='word_1_288' title='bbox 909 1786 955 1813; x_wconf 76' lang='grc' dir='ltr'><strong>ἐπὶ</strong></span> 
     </span>
    </p>
   </div>
   <div class='ocr_carea' id='block_1_39' title="bbox 169 1828 954 1866">
    <p class='ocr_par' dir='ltr' id='par_1_39' title="bbox 169 1828 954 1866">
     <span class='ocr_line' id='line_1_39' title="bbox 169 1828 954 1866; baseline 0.006 -12"><span class='ocrx_word' id='word_1_289' title='bbox 169 1828 313 1863; x_wconf 81' lang='grc' dir='ltr'>ἀνθρώπου</span> <span class='ocrx_word' id='word_1_290' title='bbox 339 1829 439 1862; x_wconf 82' lang='grc' dir='ltr'>κοινοῦ,</span> <span class='ocrx_word' id='word_1_291' title='bbox 464 1829 481 1865; x_wconf 83' lang='grc' dir='ltr'>ἦ</span> <span class='ocrx_word' id='word_1_292' title='bbox 507 1829 555 1856; x_wconf 79' lang='grc' dir='ltr'>καὶ</span> <span class='ocrx_word' id='word_1_293' title='bbox 579 1830 615 1863; x_wconf 77' lang='grc' dir='ltr'><strong>ὡς</strong></span> <span class='ocrx_word' id='word_1_294' title='bbox 644 1831 686 1865; x_wconf 77' lang='grc' dir='ltr'><strong>ἐφ’</strong></span> <span class='ocrx_word' id='word_1_295' title='bbox 705 1831 764 1863; x_wconf 76' lang='grc' dir='ltr'>ὲνὺς</span> <span class='ocrx_word' id='word_1_296' title='bbox 793 1832 846 1858; x_wconf 84' lang='grc' dir='ltr'><strong>τῶν</strong></span> <span class='ocrx_word' id='word_1_297' title='bbox 869 1832 954 1866; x_wconf 81' lang='grc' dir='ltr'>ἁγίων</span> 
     </span>
    </p>
   </div>
   <div class='ocr_carea' id='block_1_40' title="bbox 170 1873 953 1911">
    <p class='ocr_par' dir='ltr' id='par_1_40' title="bbox 170 1873 953 1911">
     <span class='ocr_line' id='line_1_40' title="bbox 170 1873 953 1911; baseline 0.005 -12"><span class='ocrx_word' id='word_1_298' title='bbox 170 1873 327 1908; x_wconf 77' lang='grc' dir='ltr'>προφητῶν,</span> <span class='ocrx_word' id='word_1_299' title='bbox 343 1874 467 1910; x_wconf 75' lang='grc' dir='ltr'>εἰρῆσθαι</span> <span class='ocrx_word' id='word_1_300' title='bbox 477 1875 540 1906; x_wconf 84' lang='grc' dir='ltr'>τοὺς</span> <span class='ocrx_word' id='word_1_301' title='bbox 550 1875 645 1910; x_wconf 74' lang='grc' dir='ltr'>λόγους</span> <span class='ocrx_word' id='word_1_302' title='bbox 658 1875 857 1911; x_wconf 76' lang='grc' dir='ltr'>ὑπελάμϐανεν.</span> <span class='ocrx_word' id='word_1_303' title='bbox 876 1877 953 1903; x_wconf 82' lang='grc' dir='ltr'>Ἔστι</span> 
     </span>
    </p>
   </div>
   <div class='ocr_carea' id='block_1_41' title="bbox 168 1919 954 1958">
    <p class='ocr_par' dir='ltr' id='par_1_41' title="bbox 168 1919 954 1958">
     <span class='ocr_line' id='line_1_41' title="bbox 168 1919 954 1958; baseline 0.004 -12"><span class='ocrx_word' id='word_1_304' title='bbox 168 1919 196 1946; x_wconf 74' lang='grc' dir='ltr'><strong>δὲ</strong></span> <span class='ocrx_word' id='word_1_305' title='bbox 215 1919 269 1946; x_wconf 80' lang='grc' dir='ltr'>τῶν</span> <span class='ocrx_word' id='word_1_306' title='bbox 283 1920 465 1946; x_wconf 79' lang='grc' dir='ltr'>ἀτοπωτάτων</span> <span class='ocrx_word' id='word_1_307' title='bbox 486 1921 559 1955; x_wconf 80' lang='grc' dir='ltr'>ἡμᾶς</span> <span class='ocrx_word' id='word_1_308' title='bbox 579 1922 642 1953; x_wconf 83' lang='grc' dir='ltr'>τοὺς</span> <span class='ocrx_word' id='word_1_309' title='bbox 664 1922 767 1954; x_wconf 80' lang='grc' dir='ltr'>εἰδότας</span> <span class='ocrx_word' id='word_1_310' title='bbox 791 1921 910 1958; x_wconf 75' lang='grc' dir='ltr'>ἀκριϐῶς</span> <span class='ocrx_word' id='word_1_311' title='bbox 924 1922 954 1949; x_wconf 80' lang='grc' dir='ltr'>τὸ</span> 
     </span>
    </p>
   </div>
   <div class='ocr_carea' id='block_1_42' title="bbox 170 1965 953 2001">
    <p class='ocr_par' dir='ltr' id='par_1_42' title="bbox 170 1965 953 2001">
     <span class='ocr_line' id='line_1_42' title="bbox 170 1965 953 2001; baseline 0.004 -10"><span class='ocrx_word' id='word_1_312' title='bbox 170 1966 328 2001; x_wconf 82' lang='grc' dir='ltr'>μυστήριον,</span> <span class='ocrx_word' id='word_1_313' title='bbox 346 1965 394 1992; x_wconf 77' lang='grc' dir='ltr'>καὶ</span> <span class='ocrx_word' id='word_1_314' title='bbox 417 1966 633 1998; x_wconf 86' lang='grc' dir='ltr'>πεπιστευκότας</span> <span class='ocrx_word' id='word_1_315' title='bbox 656 1967 698 1994; x_wconf 78' lang='grc' dir='ltr'>ὅτι</span> <span class='ocrx_word' id='word_1_316' title='bbox 719 1967 786 1999; x_wconf 81' lang='grc' dir='ltr'>Θεός</span> <span class='ocrx_word' id='word_1_317' title='bbox 805 1969 889 2001; x_wconf 77' lang='grc' dir='ltr'>ἐστιν,</span> <span class='ocrx_word' id='word_1_318' title='bbox 907 1968 953 1994; x_wconf 79' lang='grc' dir='ltr'>καὶ</span> 
     </span>
    </p>
   </div>
   <div class='ocr_carea' id='block_1_43' title="bbox 169 2012 952 2049">
    <p class='ocr_par' dir='ltr' id='par_1_43' title="bbox 169 2012 952 2049">
     <span class='ocr_line' id='line_1_43' title="bbox 169 2012 952 2049; baseline 0.003 -11"><span class='ocrx_word' id='word_1_319' title='bbox 169 2012 231 2044; x_wconf 82' lang='grc' dir='ltr'><strong>Υἱὸς</strong></span> <span class='ocrx_word' id='word_1_320' title='bbox 250 2012 329 2045; x_wconf 85' lang='grc' dir='ltr'>Θεοῦ,</span> <span class='ocrx_word' id='word_1_321' title='bbox 346 2013 391 2039; x_wconf 74' lang='grc' dir='ltr'>καὶ</span> <span class='ocrx_word' id='word_1_322' title='bbox 403 2013 443 2040; x_wconf 77' lang='grc' dir='ltr'>ὅτι</span> <span class='ocrx_word' id='word_1_323' title='bbox 459 2012 492 2039; x_wconf 79' lang='grc' dir='ltr'><strong>δι’</strong></span> <span class='ocrx_word' id='word_1_324' title='bbox 510 2014 584 2048; x_wconf 79' lang='grc' dir='ltr'>ἡμᾶς</span> <span class='ocrx_word' id='word_1_325' title='bbox 607 2014 669 2040; x_wconf 83' lang='grc' dir='ltr'>καθ’</span> <span class='ocrx_word' id='word_1_326' title='bbox 681 2014 754 2049; x_wconf 78' lang='grc' dir='ltr'>ἡμᾶς</span> <span class='ocrx_word' id='word_1_327' title='bbox 776 2013 886 2048; x_wconf 78' lang='grc' dir='ltr'>γέγονεν</span> <span class='ocrx_word' id='word_1_328' title='bbox 904 2013 952 2040; x_wconf 80' lang='grc' dir='ltr'><strong>ἄν-</strong></span> 
     </span>
    </p>
   </div>
   <div class='ocr_carea' id='block_1_44' title="bbox 168 2057 949 2095">
    <p class='ocr_par' dir='ltr' id='par_1_44' title="bbox 168 2057 949 2095">
     <span class='ocr_line' id='line_1_44' title="bbox 168 2057 949 2095; baseline 0.004 -11"><span class='ocrx_word' id='word_1_329' title='bbox 168 2057 286 2093; x_wconf 85' lang='grc' dir='ltr'>θρωπος,</span> <span class='ocrx_word' id='word_1_330' title='bbox 301 2059 425 2085; x_wconf 84' lang='grc' dir='ltr'>ὑπονοεῖν</span> <span class='ocrx_word' id='word_1_331' title='bbox 445 2059 509 2094; x_wconf 81' lang='grc' dir='ltr'>περὶ</span> <span class='ocrx_word' id='word_1_332' title='bbox 520 2059 601 2086; x_wconf 80' lang='grc' dir='ltr'>αὐτοῦ</span> <span class='ocrx_word' id='word_1_333' title='bbox 618 2060 682 2091; x_wconf 81' lang='grc' dir='ltr'>τοὺς</span> <span class='ocrx_word' id='word_1_334' title='bbox 699 2059 803 2094; x_wconf 76' lang='grc' dir='ltr'>στίχους</span> <span class='ocrx_word' id='word_1_335' title='bbox 816 2059 949 2095; x_wconf 76' lang='grc' dir='ltr'>εἰρῆσθαι.</span> 
     </span>
    </p>
   </div>
   <div class='ocr_carea' id='block_1_45' title="bbox 167 2103 951 2141">
    <p class='ocr_par' dir='ltr' id='par_1_45' title="bbox 167 2103 951 2141">
     <span class='ocr_line' id='line_1_45' title="bbox 167 2103 951 2141; baseline 0.004 -12"><span class='ocrx_word' id='word_1_336' title='bbox 167 2103 223 2138; x_wconf 82' lang='grc' dir='ltr'><strong>Οὐχ</strong></span> <span class='ocrx_word' id='word_1_337' title='bbox 236 2103 350 2139; x_wconf 81' lang='grc' dir='ltr'>ἁρμόζει</span> <span class='ocrx_word' id='word_1_338' title='bbox 364 2104 453 2131; x_wconf 87' lang='grc' dir='ltr'>τοίνυν</span> <span class='ocrx_word' id='word_1_339' title='bbox 475 2104 514 2139; x_wconf 85' lang='grc' dir='ltr'>τῷ</span> <span class='ocrx_word' id='word_1_340' title='bbox 530 2104 668 2140; x_wconf 81' lang='grc' dir='ltr'>προσώπῳ</span> <span class='ocrx_word' id='word_1_341' title='bbox 682 2104 728 2132; x_wconf 83' lang='grc' dir='ltr'>τοῦ</span> <span class='ocrx_word' id='word_1_342' title='bbox 744 2105 852 2132; x_wconf 80' lang='grc' dir='ltr'>πάντων</span> <span class='ocrx_word' id='word_1_343' title='bbox 873 2105 951 2141; x_wconf 80' lang='grc' dir='ltr'>ἡμῶν</span> 
     </span>
    </p>
   </div>
   <div class='ocr_carea' id='block_1_46' title="bbox 167 2147 950 2184">
    <p class='ocr_par' dir='ltr' id='par_1_46' title="bbox 167 2147 950 2184">
     <span class='ocr_line' id='line_1_46' title="bbox 167 2147 950 2184; baseline 0.003 -10"><span class='ocrx_word' id='word_1_344' title='bbox 167 2147 294 2184; x_wconf 78' lang='grc' dir='ltr'>Σωτῆρος</span> <span class='ocrx_word' id='word_1_345' title='bbox 311 2150 333 2175; x_wconf 85' lang='grc' dir='ltr'>Χ</span> <span class='ocrx_word' id='word_1_346' title='bbox 339 2148 440 2184; x_wconf 84' lang='grc' dir='ltr'>ριστοῢ,</span> <span class='ocrx_word' id='word_1_347' title='bbox 455 2149 484 2176; x_wconf 83' lang='grc' dir='ltr'>τὸ</span> <span class='ocrx_word' id='word_1_348' title='bbox 498 2149 635 2183; x_wconf 82' lang='grc' dir='ltr'>λέγεσθαι·</span> <span class='ocrx_word' id='word_1_349' title='bbox 653 2158 663 2175; x_wconf 76' lang='grc' dir='ltr'><strong>ι</strong></span> <span class='ocrx_word' id='word_1_350' title='bbox 677 2149 729 2176; x_wconf 84' lang='grc' dir='ltr'><strong>Τὸν</strong></span> <span class='ocrx_word' id='word_1_351' title='bbox 743 2149 873 2184; x_wconf 77' lang='grc' dir='ltr'>Ὕψιστον</span> <span class='ocrx_word' id='word_1_352' title='bbox 888 2149 950 2177; x_wconf 76' lang='grc' dir='ltr'>ἔθου</span> 
     </span>
    </p>
   </div>
   <div class='ocr_carea' id='block_1_47' title="bbox 1026 249 1810 290">
    <p class='ocr_par' dir='ltr' id='par_1_47' title="bbox 1026 249 1810 290">
     <span class='ocr_line' id='line_1_47' title="bbox 1026 249 1810 290; baseline 0.008 -15"><span class='ocrx_word' id='word_1_353' title='bbox 1026 249 1162 284; x_wconf 78' lang='lat' dir='ltr'><strong>refugium</strong></span> <span class='ocrx_word' id='word_1_354' title='bbox 1182 258 1261 278; x_wconf 90' lang='lat' dir='ltr'><strong>suum</strong></span> <span class='ocrx_word' id='word_1_355' title='bbox 1280 251 1361 278; x_wconf 98' lang='lat' dir='ltr'><strong>habet</strong></span> <span class='ocrx_word' id='word_1_356' title='bbox 1374 252 1498 285; x_wconf 86' lang='lat' dir='ltr'><strong>Patrem;</strong></span> <span class='ocrx_word' id='word_1_357' title='bbox 1522 254 1644 288; x_wconf 83' lang='lat' dir='ltr'><strong>sequitur</strong></span> <span class='ocrx_word' id='word_1_358' title='bbox 1658 258 1687 281; x_wconf 90' lang='lat' dir='ltr'><strong>ut</strong></span> <span class='ocrx_word' id='word_1_359' title='bbox 1701 254 1734 282; x_wconf 88' lang='lat' dir='ltr'><strong>ad</strong></span> <span class='ocrx_word' id='word_1_360' title='bbox 1750 255 1810 290; x_wconf 82' lang='lat' dir='ltr'><strong>opis</strong></span> 
     </span>
    </p>
   </div>
   <div class='ocr_carea' id='block_1_48' title="bbox 1025 294 1808 331">
    <p class='ocr_par' dir='ltr' id='par_1_48' title="bbox 1025 294 1808 331">
     <span class='ocr_line' id='line_1_48' title="bbox 1025 294 1808 331; baseline 0.01 -11"><span class='ocrx_word' id='word_1_361' title='bbox 1025 294 1191 330; x_wconf 71' lang='lat' dir='ltr'><strong>indigentem</strong></span> <span class='ocrx_word' id='word_1_362' title='bbox 1213 296 1426 331; x_wconf 83' lang='lat' dir='ltr'><strong>eonfugerimus,</strong></span> <span class='ocrx_word' id='word_1_363' title='bbox 1440 301 1468 324; x_wconf 89' lang='lat' dir='ltr'><strong>et</strong></span> <span class='ocrx_word' id='word_1_364' title='bbox 1491 297 1663 326; x_wconf 85' lang='lat' dir='ltr'><strong>Servatorem</strong></span> <span class='ocrx_word' id='word_1_365' title='bbox 1679 308 1742 327; x_wconf 88' lang='lat' dir='ltr'><strong>eum</strong></span> <span class='ocrx_word' id='word_1_366' title='bbox 1760 308 1808 328; x_wconf 70' lang='lat' dir='ltr'><strong>n0&lt;</strong></span> 
     </span>
    </p>
   </div>
   <div class='ocr_carea' id='block_1_49' title="bbox 1024 340 1808 376">
    <p class='ocr_par' dir='ltr' id='par_1_49' title="bbox 1024 340 1808 376">
     <span class='ocr_line' id='line_1_49' title="bbox 1024 340 1808 376; baseline 0.008 -9"><span class='ocrx_word' id='word_1_367' title='bbox 1024 340 1160 368; x_wconf 82' lang='lat' dir='ltr'><strong>minemus</strong></span> <span class='ocrx_word' id='word_1_368' title='bbox 1169 342 1215 376; x_wconf 88' lang='lat' dir='ltr'><strong>qui</strong></span> <span class='ocrx_word' id='word_1_369' title='bbox 1225 342 1259 369; x_wconf 90' lang='lat' dir='ltr'><strong>ab</strong></span> <span class='ocrx_word' id='word_1_370' title='bbox 1271 343 1325 370; x_wconf 90' lang='lat' dir='ltr'><strong>alio</strong></span> <span class='ocrx_word' id='word_1_371' title='bbox 1340 348 1474 370; x_wconf 76' lang='lat' dir='ltr'><strong>servatur.</strong></span> <span class='ocrx_word' id='word_1_372' title='bbox 1495 343 1737 374; x_wconf 82' lang='lat' dir='ltr'><strong>Verumenimvero</strong></span> <span class='ocrx_word' id='word_1_373' title='bbox 1752 354 1808 373; x_wconf 87' lang='lat' dir='ltr'><strong>non</strong></span> 
     </span>
    </p>
   </div>
   <div class='ocr_carea' id='block_1_50' title="bbox 1024 383 1807 424">
    <p class='ocr_par' dir='ltr' id='par_1_50' title="bbox 1024 383 1807 424">
     <span class='ocr_line' id='line_1_50' title="bbox 1024 383 1807 424; baseline 0.008 -12"><span class='ocrx_word' id='word_1_374' title='bbox 1024 383 1061 411; x_wconf 89' lang='lat' dir='ltr'><strong>ita</strong></span> <span class='ocrx_word' id='word_1_375' title='bbox 1078 393 1124 413; x_wconf 89' lang='lat' dir='ltr'><strong>res</strong></span> <span class='ocrx_word' id='word_1_376' title='bbox 1140 387 1220 421; x_wconf 93' lang='lat' dir='ltr'><strong>plane</strong></span> <span class='ocrx_word' id='word_1_377' title='bbox 1237 395 1265 414; x_wconf 87' lang='lat' dir='ltr'><strong>se</strong></span> <span class='ocrx_word' id='word_1_378' title='bbox 1281 387 1362 423; x_wconf 79' lang='lat'><strong>265</strong></span> <span class='ocrx_word' id='word_1_379' title='bbox 1384 388 1476 415; x_wconf 88' lang='lat' dir='ltr'><strong>habet.</strong></span> <span class='ocrx_word' id='word_1_380' title='bbox 1490 388 1546 416; x_wconf 91' lang='lat' dir='ltr'><strong>Nos</strong></span> <span class='ocrx_word' id='word_1_381' title='bbox 1560 396 1625 424; x_wconf 77' lang='lat' dir='ltr'><strong>ergo</strong></span> <span class='ocrx_word' id='word_1_382' title='bbox 1643 389 1687 416; x_wconf 88' lang='lat' dir='ltr'><strong>his</strong></span> <span class='ocrx_word' id='word_1_383' title='bbox 1701 391 1747 424; x_wconf 88' lang='lat' dir='ltr'><strong>qui</strong></span> <span class='ocrx_word' id='word_1_384' title='bbox 1769 391 1807 418; x_wconf 83' lang='lat' dir='ltr'><strong>ita</strong></span> 
     </span>
    </p>
   </div>
   <div class='ocr_carea' id='block_1_51' title="bbox 1022 430 1805 470">
    <p class='ocr_par' dir='ltr' id='par_1_51' title="bbox 1022 430 1805 470">
     <span class='ocr_line' id='line_1_51' title="bbox 1022 430 1805 470; baseline 0.006 -12"><span class='ocrx_word' id='word_1_385' title='bbox 1022 430 1199 466; x_wconf 87' lang='lat' dir='ltr'><strong>interpretari</strong></span> <span class='ocrx_word' id='word_1_386' title='bbox 1217 433 1305 461; x_wconf 88' lang='lat' dir='ltr'><strong>solent</strong></span> <span class='ocrx_word' id='word_1_387' title='bbox 1319 433 1435 461; x_wconf 84' lang='lat' dir='ltr'><strong>dicimus</strong></span> <span class='ocrx_word' id='word_1_388' title='bbox 1448 443 1454 461; x_wconf 73' lang='grc' dir='ltr'><em>τ</em></span> <span class='ocrx_word' id='word_1_389' title='bbox 1472 433 1567 462; x_wconf 85' lang='lat' dir='ltr'><strong>Aliena</strong></span> <span class='ocrx_word' id='word_1_390' title='bbox 1583 435 1663 462; x_wconf 87' lang='lat' dir='ltr'><strong>nobis</strong></span> <span class='ocrx_word' id='word_1_391' title='bbox 1676 437 1805 470; x_wconf 78' lang='lat' dir='ltr'><strong>narratis;</strong></span> 
     </span>
    </p>
   </div>
   <div class='ocr_carea' id='block_1_52' title="bbox 1022 478 1806 509">
    <p class='ocr_par' dir='ltr' id='par_1_52' title="bbox 1022 478 1806 509">
     <span class='ocr_line' id='line_1_52' title="bbox 1022 478 1806 509; baseline 0.008 -6"><span class='ocrx_word' id='word_1_392' title='bbox 1022 483 1120 504; x_wconf 87' lang='lat' dir='ltr'><strong>novam</strong></span> <span class='ocrx_word' id='word_1_393' title='bbox 1145 478 1216 506; x_wconf 88' lang='lat' dir='ltr'><strong>hanc</strong></span> <span class='ocrx_word' id='word_1_394' title='bbox 1245 479 1446 508; x_wconf 83' lang='lat' dir='ltr'><strong>aberrationem</strong></span> <span class='ocrx_word' id='word_1_395' title='bbox 1469 481 1599 508; x_wconf 83' lang='lat' dir='ltr'><strong>suadetis.</strong></span> <span class='ocrx_word' id='word_1_396' title='bbox 1625 481 1705 508; x_wconf 87' lang='lat' dir='ltr'><strong>Certe</strong></span> <span class='ocrx_word' id='word_1_397' title='bbox 1730 486 1806 509; x_wconf 82' lang='lat' dir='ltr'><strong>extra</strong></span> 
     </span>
    </p>
   </div>
   <div class='ocr_carea' id='block_1_53' title="bbox 1021 524 1805 561">
    <p class='ocr_par' dir='ltr' id='par_1_53' title="bbox 1021 524 1805 561">
     <span class='ocr_line' id='line_1_53' title="bbox 1021 524 1805 561; baseline 0.006 -12"><span class='ocrx_word' id='word_1_398' title='bbox 1021 528 1129 550; x_wconf 86' lang='lat' dir='ltr'><strong>rectum</strong></span> <span class='ocrx_word' id='word_1_399' title='bbox 1146 524 1297 557; x_wconf 80' lang='lat' dir='ltr'><strong>tramitem,</strong></span> <span class='ocrx_word' id='word_1_400' title='bbox 1318 525 1417 552; x_wconf 90' lang='lat' dir='ltr'><strong>omissa</strong></span> <span class='ocrx_word' id='word_1_401' title='bbox 1438 526 1513 561; x_wconf 82' lang='lat' dir='ltr'><strong>regia</strong></span> <span class='ocrx_word' id='word_1_402' title='bbox 1533 527 1575 553; x_wconf 88' lang='lat' dir='ltr'><strong>via</strong></span> <span class='ocrx_word' id='word_1_403' title='bbox 1598 527 1760 561; x_wconf 77' lang='lat' dir='ltr'><strong>gradimini,</strong></span> <span class='ocrx_word' id='word_1_404' title='bbox 1776 527 1805 554; x_wconf 92' lang='lat' dir='ltr'><strong>in</strong></span> 
     </span>
    </p>
   </div>
   <div class='ocr_carea' id='block_1_54' title="bbox 1021 568 1802 603">
    <p class='ocr_par' dir='ltr' id='par_1_54' title="bbox 1021 568 1802 603">
     <span class='ocr_line' id='line_1_54' title="bbox 1021 568 1802 603; baseline 0.006 -9"><span class='ocrx_word' id='word_1_405' title='bbox 1021 568 1138 595; x_wconf 88' lang='lat' dir='ltr'><strong>tribulos</strong></span> <span class='ocrx_word' id='word_1_406' title='bbox 1160 568 1306 603; x_wconf 86' lang='lat' dir='ltr'><strong>foveasque</strong></span> <span class='ocrx_word' id='word_1_407' title='bbox 1329 569 1455 597; x_wconf 89' lang='lat' dir='ltr'><strong>deciditis</strong></span> <span class='ocrx_word' id='word_1_408' title='bbox 1468 590 1475 603; x_wconf 87' lang='lat'><strong>,</strong></span> <span class='ocrx_word' id='word_1_409' title='bbox 1490 578 1505 597; x_wconf 93' lang='lat' dir='ltr'><strong>a</strong></span> <span class='ocrx_word' id='word_1_410' title='bbox 1530 571 1644 598; x_wconf 82' lang='lat' dir='ltr'><strong>veritate</strong></span> <span class='ocrx_word' id='word_1_411' title='bbox 1666 572 1802 600; x_wconf 86' lang='lat' dir='ltr'><strong>receditis.</strong></span> 
     </span>
    </p>
   </div>
   <div class='ocr_carea' id='block_1_55' title="bbox 1020 614 1805 651">
    <p class='ocr_par' dir='ltr' id='par_1_55' title="bbox 1020 614 1805 651">
     <span class='ocr_line' id='line_1_55' title="bbox 1020 614 1805 651; baseline 0.006 -11"><span class='ocrx_word' id='word_1_412' title='bbox 1020 614 1127 641; x_wconf 85' lang='lat' dir='ltr'><strong>Etenim</strong></span> <span class='ocrx_word' id='word_1_413' title='bbox 1152 615 1264 649; x_wconf 59' lang='lat' dir='ltr'><strong>aequalis</strong></span> <span class='ocrx_word' id='word_1_414' title='bbox 1294 615 1446 650; x_wconf 82' lang='lat' dir='ltr'><strong>similisque</strong></span> <span class='ocrx_word' id='word_1_415' title='bbox 1471 625 1520 651; x_wconf 92' lang='lat' dir='ltr'><strong>per</strong></span> <span class='ocrx_word' id='word_1_416' title='bbox 1545 618 1635 644; x_wconf 90' lang='lat' dir='ltr'><strong>omnia</strong></span> <span class='ocrx_word' id='word_1_417' title='bbox 1667 618 1740 645; x_wconf 83' lang='lat' dir='ltr'><strong>Patri</strong></span> <span class='ocrx_word' id='word_1_418' title='bbox 1763 623 1805 646; x_wconf 87' lang='lat' dir='ltr'><strong>est</strong></span> 
     </span>
    </p>
   </div>
   <div class='ocr_carea' id='block_1_56' title="bbox 1019 660 1804 698">
    <p class='ocr_par' dir='ltr' id='par_1_56' title="bbox 1019 660 1804 698">
     <span class='ocr_line' id='line_1_56' title="bbox 1019 660 1804 698; baseline 0.005 -11"><span class='ocrx_word' id='word_1_419' title='bbox 1019 661 1114 693; x_wconf 84' lang='lat' dir='ltr'><strong>Filius,</strong></span> <span class='ocrx_word' id='word_1_420' title='bbox 1128 665 1156 688; x_wconf 87' lang='lat' dir='ltr'><strong>et</strong></span> <span class='ocrx_word' id='word_1_421' title='bbox 1170 660 1256 696; x_wconf 82' lang='lat' dir='ltr'><strong>ﬁgura</strong></span> <span class='ocrx_word' id='word_1_422' title='bbox 1270 661 1431 689; x_wconf 68' lang='lat' dir='ltr'><strong>substantia:</strong></span> <span class='ocrx_word' id='word_1_423' title='bbox 1444 663 1512 697; x_wconf 88' lang='lat' dir='ltr'><strong>ejus,</strong></span> <span class='ocrx_word' id='word_1_424' title='bbox 1526 663 1613 698; x_wconf 79' lang='lat' dir='ltr'><strong>imago</strong></span> <span class='ocrx_word' id='word_1_425' title='bbox 1632 668 1660 691; x_wconf 92' lang='lat' dir='ltr'><strong>et</strong></span> <span class='ocrx_word' id='word_1_426' title='bbox 1675 664 1804 698; x_wconf 86' lang='lat' dir='ltr'><strong>splendor</strong></span> 
     </span>
    </p>
   </div>
   <div class='ocr_carea' id='block_1_57' title="bbox 1018 706 1803 744">
    <p class='ocr_par' dir='ltr' id='par_1_57' title="bbox 1018 706 1803 744">
     <span class='ocr_line' id='line_1_57' title="bbox 1018 706 1803 744; baseline 0.005 -12"><span class='ocrx_word' id='word_1_427' title='bbox 1018 707 1111 741; x_wconf 67' lang='lat' dir='ltr'><strong>gloria:</strong></span> <span class='ocrx_word' id='word_1_428' title='bbox 1127 706 1187 741; x_wconf 89' lang='lat' dir='ltr'><strong>ejus</strong></span> <span class='ocrx_word' id='word_1_429' title='bbox 1209 707 1243 739; x_wconf 79' lang='grc'><strong>⁷⁸,</strong></span> <span class='ocrx_word' id='word_1_430' title='bbox 1268 706 1386 742; x_wconf 85' lang='lat' dir='ltr'><strong>denique</strong></span> <span class='ocrx_word' id='word_1_431' title='bbox 1409 708 1566 736; x_wconf 84' lang='lat' dir='ltr'><strong>Altissimus</strong></span> <span class='ocrx_word' id='word_1_432' title='bbox 1584 717 1660 744; x_wconf 57' lang='lat' dir='ltr'><strong>atque</strong></span> <span class='ocrx_word' id='word_1_433' title='bbox 1675 718 1707 736; x_wconf 87' lang='lat' dir='ltr'><strong>ac</strong></span> <span class='ocrx_word' id='word_1_434' title='bbox 1722 710 1803 736; x_wconf 85' lang='lat' dir='ltr'><strong>Pater</strong></span> 
     </span>
    </p>
   </div>
   <div class='ocr_carea' id='block_1_58' title="bbox 1017 755 1069 779">
    <p class='ocr_par' dir='ltr' id='par_1_58' title="bbox 1017 755 1069 779">
     <span class='ocr_line' id='line_1_58' title="bbox 1017 755 1069 779; baseline -0.019 0"><span class='ocrx_word' id='word_1_435' title='bbox 1017 755 1069 779; x_wconf 86' lang='lat' dir='ltr'><strong>est.</strong></span> 
     </span>
    </p>
   </div>
   <div class='ocr_carea' id='block_1_59' title="bbox 1018 850 1798 890">
    <p class='ocr_par' dir='ltr' id='par_1_59' title="bbox 1018 850 1798 890">
     <span class='ocr_line' id='line_1_59' title="bbox 1018 850 1798 890; baseline 0.005 -12"><span class='ocrx_word' id='word_1_436' title='bbox 1018 851 1095 879; x_wconf 80' lang='lat' dir='ltr'><strong>Vers.</strong></span> <span class='ocrx_word' id='word_1_437' title='bbox 1109 850 1311 889; x_wconf 74' lang='lat' dir='ltr'><strong>iO._Flugellum</strong></span> <span class='ocrx_word' id='word_1_438' title='bbox 1328 862 1379 880; x_wconf 85' lang='lat' dir='ltr'><strong>non</strong></span> <span class='ocrx_word' id='word_1_439' title='bbox 1393 854 1613 890; x_wconf 82' lang='lat' dir='ltr'><strong>appr0pinquabit</strong></span> <span class='ocrx_word' id='word_1_440' title='bbox 1629 855 1798 882; x_wconf 76' lang='lat' dir='ltr'><strong>tabernaculo</strong></span> 
     </span>
    </p>
   </div>
   <div class='ocr_carea' id='block_1_60' title="bbox 1380 894 1434 916">
    <p class='ocr_par' dir='ltr' id='par_1_60' title="bbox 1380 894 1434 916">
     <span class='ocr_line' id='line_1_60' title="bbox 1380 894 1434 916; baseline 0.019 -1"><span class='ocrx_word' id='word_1_441' title='bbox 1380 894 1434 916; x_wconf 70' lang='grc' dir='ltr'><strong>11ιο-</strong></span> 
     </span>
    </p>
   </div>
   <div class='ocr_carea' id='block_1_61' title="bbox 1050 943 1798 981">
    <p class='ocr_par' dir='ltr' id='par_1_61' title="bbox 1050 943 1798 981">
     <span class='ocr_line' id='line_1_61' title="bbox 1050 943 1798 981; baseline 0.005 -11"><span class='ocrx_word' id='word_1_442' title='bbox 1050 943 1268 971; x_wconf 84' lang='lat' dir='ltr'><strong>Tabernaculum</strong></span> <span class='ocrx_word' id='word_1_443' title='bbox 1286 945 1358 979; x_wconf 86' lang='lat' dir='ltr'><strong>apud</strong></span> <span class='ocrx_word' id='word_1_444' title='bbox 1376 945 1535 980; x_wconf 81' lang='lat' dir='ltr'><strong>inspiratam</strong></span> <span class='ocrx_word' id='word_1_445' title='bbox 1552 946 1720 981; x_wconf 88' lang='lat' dir='ltr'><strong>Seripturam</strong></span> <span class='ocrx_word' id='word_1_446' title='bbox 1744 955 1798 974; x_wconf 83' lang='lat' dir='ltr'><strong>non</strong></span> 
     </span>
    </p>
   </div>
   <div class='ocr_carea' id='block_1_62' title="bbox 1014 988 1796 1026">
    <p class='ocr_par' dir='ltr' id='par_1_62' title="bbox 1014 988 1796 1026">
     <span class='ocr_line' id='line_1_62' title="bbox 1014 988 1796 1026; baseline 0.005 -11"><span class='ocrx_word' id='word_1_447' title='bbox 1014 988 1118 1023; x_wconf 87' lang='lat' dir='ltr'><strong>ubique</strong></span> <span class='ocrx_word' id='word_1_448' title='bbox 1136 989 1173 1024; x_wconf 74' lang='lat'><strong>(2)</strong></span> <span class='ocrx_word' id='word_1_449' title='bbox 1189 997 1290 1024; x_wconf 90' lang='lat' dir='ltr'><strong>corpus</strong></span> <span class='ocrx_word' id='word_1_450' title='bbox 1308 990 1420 1017; x_wconf 88' lang='lat' dir='ltr'><strong>denotat</strong></span> <span class='ocrx_word' id='word_1_451' title='bbox 1441 990 1489 1026; x_wconf 80' lang='lat'><strong>(&#39;5),</strong></span> <span class='ocrx_word' id='word_1_452' title='bbox 1503 992 1551 1018; x_wconf 88' lang='lat' dir='ltr'><strong>sed</strong></span> <span class='ocrx_word' id='word_1_453' title='bbox 1570 992 1613 1018; x_wconf 91' lang='lat' dir='ltr'><strong>vel</strong></span> <span class='ocrx_word' id='word_1_454' title='bbox 1631 992 1739 1025; x_wconf 88' lang='lat' dir='ltr'><strong>urbem,</strong></span> <span class='ocrx_word' id='word_1_455' title='bbox 1754 993 1796 1019; x_wconf 79' lang='lat' dir='ltr'><strong>vel</strong></span> 
     </span>
    </p>
   </div>
   <div class='ocr_carea' id='block_1_63' title="bbox 1014 1034 1798 1068">
    <p class='ocr_par' dir='ltr' id='par_1_63' title="bbox 1014 1034 1798 1068">
     <span class='ocr_line' id='line_1_63' title="bbox 1014 1034 1798 1068; baseline 0.005 -8"><span class='ocrx_word' id='word_1_456' title='bbox 1014 1034 1164 1068; x_wconf 80' lang='lat' dir='ltr'><strong>regionem,</strong></span> <span class='ocrx_word' id='word_1_457' title='bbox 1192 1035 1234 1061; x_wconf 89' lang='lat' dir='ltr'><strong>vel</strong></span> <span class='ocrx_word' id='word_1_458' title='bbox 1249 1035 1370 1061; x_wconf 92' lang='lat' dir='ltr'><strong>domum.</strong></span> <span class='ocrx_word' id='word_1_459' title='bbox 1399 1036 1430 1062; x_wconf 88' lang='lat' dir='ltr'><strong>Ei</strong></span> <span class='ocrx_word' id='word_1_460' title='bbox 1450 1036 1490 1063; x_wconf 86' lang='lat' dir='ltr'><strong>rei</strong></span> <span class='ocrx_word' id='word_1_461' title='bbox 1512 1036 1591 1063; x_wconf 83' lang='lat' dir='ltr'><strong>[idem</strong></span> <span class='ocrx_word' id='word_1_462' title='bbox 1620 1036 1684 1063; x_wconf 80' lang='lat' dir='ltr'><strong>facit</strong></span> <span class='ocrx_word' id='word_1_463' title='bbox 1701 1037 1798 1064; x_wconf 89' lang='lat' dir='ltr'><strong>beatus</strong></span> 
     </span>
    </p>
   </div>
   <div class='ocr_carea' id='block_1_64' title="bbox 1012 1077 1795 1115">
    <p class='ocr_par' dir='ltr' id='par_1_64' title="bbox 1012 1077 1795 1115">
     <span class='ocr_line' id='line_1_64' title="bbox 1012 1077 1795 1115; baseline 0.006 -11"><span class='ocrx_word' id='word_1_464' title='bbox 1012 1077 1098 1105; x_wconf 80' lang='lat' dir='ltr'><strong>David</strong></span> <span class='ocrx_word' id='word_1_465' title='bbox 1114 1079 1209 1106; x_wconf 86' lang='lat' dir='ltr'><strong>dicens</strong></span> <span class='ocrx_word' id='word_1_466' title='bbox 1222 1088 1227 1105; x_wconf 91' lang='lat'>:</span> <span class='ocrx_word' id='word_1_467' title='bbox 1245 1088 1254 1104; x_wconf 84' lang='lat'><strong>(</strong></span> <span class='ocrx_word' id='word_1_468' title='bbox 1266 1079 1294 1106; x_wconf 87' lang='lat' dir='ltr'><strong>Si</strong></span> <span class='ocrx_word' id='word_1_469' title='bbox 1308 1080 1458 1107; x_wconf 80' lang='lat' dir='ltr'><strong>ascendere</strong></span> <span class='ocrx_word' id='word_1_470' title='bbox 1471 1081 1499 1108; x_wconf 92' lang='lat' dir='ltr'><strong>in</strong></span> <span class='ocrx_word' id='word_1_471' title='bbox 1512 1082 1614 1109; x_wconf 89' lang='lat' dir='ltr'><strong>lectum</strong></span> <span class='ocrx_word' id='word_1_472' title='bbox 1630 1082 1708 1108; x_wconf 83' lang='lat' dir='ltr'><strong>strati</strong></span> <span class='ocrx_word' id='word_1_473' title='bbox 1723 1083 1795 1115; x_wconf 84' lang='lat' dir='ltr'><strong>mei;</strong></span> 
     </span>
    </p>
   </div>
   <div class='ocr_carea' id='block_1_65' title="bbox 1013 1123 1796 1162">
    <p class='ocr_par' dir='ltr' id='par_1_65' title="bbox 1013 1123 1796 1162">
     <span class='ocr_line' id='line_1_65' title="bbox 1013 1123 1796 1162; baseline 0.006 -12"><span class='ocrx_word' id='word_1_474' title='bbox 1013 1124 1035 1150; x_wconf 95' lang='lat' dir='ltr'><strong>si</strong></span> <span class='ocrx_word' id='word_1_475' title='bbox 1050 1123 1152 1151; x_wconf 90' lang='lat' dir='ltr'><strong>dedero</strong></span> <span class='ocrx_word' id='word_1_476' title='bbox 1166 1132 1292 1151; x_wconf 90' lang='lat' dir='ltr'><strong>somnum</strong></span> <span class='ocrx_word' id='word_1_477' title='bbox 1306 1125 1394 1151; x_wconf 89' lang='lat' dir='ltr'><strong>oculis</strong></span> <span class='ocrx_word' id='word_1_478' title='bbox 1417 1127 1495 1157; x_wconf 83' lang='lat' dir='ltr'><strong>meis,</strong></span> <span class='ocrx_word' id='word_1_479' title='bbox 1526 1130 1554 1153; x_wconf 90' lang='lat' dir='ltr'><strong>et</strong></span> <span class='ocrx_word' id='word_1_480' title='bbox 1576 1127 1714 1162; x_wconf 85' lang='lat' dir='ltr'><strong>palpebris</strong></span> <span class='ocrx_word' id='word_1_481' title='bbox 1729 1129 1796 1156; x_wconf 83' lang='lat' dir='ltr'><strong>meis</strong></span> 
     </span>
    </p>
   </div>
   <div class='ocr_carea' id='block_1_66' title="bbox 1012 1169 1796 1206">
    <p class='ocr_par' dir='ltr' id='par_1_66' title="bbox 1012 1169 1796 1206">
     <span class='ocr_line' id='line_1_66' title="bbox 1012 1169 1796 1206; baseline 0.005 -10"><span class='ocrx_word' id='word_1_482' title='bbox 1012 1169 1243 1202; x_wconf 84' lang='lat' dir='ltr'><strong>dormitationem,</strong></span> <span class='ocrx_word' id='word_1_483' title='bbox 1255 1178 1286 1197; x_wconf 89' lang='lat' dir='ltr'><strong>ac</strong></span> <span class='ocrx_word' id='word_1_484' title='bbox 1297 1171 1419 1205; x_wconf 90' lang='lat' dir='ltr'><strong>requiem</strong></span> <span class='ocrx_word' id='word_1_485' title='bbox 1431 1171 1600 1206; x_wconf 83' lang='lat' dir='ltr'><strong>temporibus</strong></span> <span class='ocrx_word' id='word_1_486' title='bbox 1609 1173 1690 1206; x_wconf 86' lang='lat' dir='ltr'><strong>meis;</strong></span> <span class='ocrx_word' id='word_1_487' title='bbox 1709 1174 1796 1200; x_wconf 87' lang='lat' dir='ltr'><strong>donec</strong></span> 
     </span>
    </p>
   </div>
   <div class='ocr_carea' id='block_1_67' title="bbox 1012 1213 1795 1249">
    <p class='ocr_par' dir='ltr' id='par_1_67' title="bbox 1012 1213 1795 1249">
     <span class='ocr_line' id='line_1_67' title="bbox 1012 1213 1795 1249; baseline 0.006 -8"><span class='ocrx_word' id='word_1_488' title='bbox 1012 1214 1144 1242; x_wconf 84' lang='lat' dir='ltr'><strong>invenero</strong></span> <span class='ocrx_word' id='word_1_489' title='bbox 1168 1215 1260 1243; x_wconf 87' lang='lat' dir='ltr'><strong>locum</strong></span> <span class='ocrx_word' id='word_1_490' title='bbox 1281 1213 1408 1249; x_wconf 91' lang='lat' dir='ltr'><strong>Domino,</strong></span> <span class='ocrx_word' id='word_1_491' title='bbox 1434 1217 1643 1244; x_wconf 81' lang='lat' dir='ltr'><strong>tabernaculum</strong></span> <span class='ocrx_word' id='word_1_492' title='bbox 1667 1219 1724 1246; x_wconf 89' lang='lat' dir='ltr'><strong>Deo</strong></span> <span class='ocrx_word' id='word_1_493' title='bbox 1749 1219 1795 1246; x_wconf 81' lang='lat' dir='ltr'><strong>Ja—</strong></span> 
     </span>
    </p>
   </div>
   <div class='ocr_carea' id='block_1_68' title="bbox 1009 1260 1169 1287">
    <p class='ocr_par' dir='ltr' id='par_1_68' title="bbox 1009 1260 1169 1287">
     <span class='ocr_line' id='line_1_68' title="bbox 1009 1260 1169 1287; baseline 0.006 -12"><span class='ocrx_word' id='word_1_494' title='bbox 1009 1260 1062 1287; x_wconf 73' lang='lat' dir='ltr'><strong>cob</strong></span> <span class='ocrx_word' id='word_1_495' title='bbox 1073 1261 1144 1287; x_wconf 52' lang='lat'><strong>71-71.</strong></span> <span class='ocrx_word' id='word_1_496' title='bbox 1160 1269 1169 1286; x_wconf 66' lang='grc'><strong><em>³</em></strong></span> 
     </span>
    </p>
   </div>
   <div class='ocr_carea' id='block_1_69' title="bbox 1046 1315 1757 1352">
    <p class='ocr_par' dir='ltr' id='par_1_69' title="bbox 1046 1315 1757 1352">
     <span class='ocr_line' id='line_1_69' title="bbox 1046 1315 1757 1352; baseline 0.007 -10"><span class='ocrx_word' id='word_1_497' title='bbox 1046 1315 1125 1343; x_wconf 86' lang='lat' dir='ltr'><strong>Vers.</strong></span> <span class='ocrx_word' id='word_1_498' title='bbox 1144 1316 1187 1342; x_wconf 75' lang='lat' dir='ltr'><strong>H.</strong></span> <span class='ocrx_word' id='word_1_499' title='bbox 1205 1315 1337 1348; x_wconf 79' lang='lat' dir='ltr'><strong>Quoniam</strong></span> <span class='ocrx_word' id='word_1_500' title='bbox 1351 1317 1450 1352; x_wconf 78' lang='lat' dir='ltr'><strong>angelis</strong></span> <span class='ocrx_word' id='word_1_501' title='bbox 1463 1319 1516 1344; x_wconf 77' lang='lat' dir='ltr'><strong>suis</strong></span> <span class='ocrx_word' id='word_1_502' title='bbox 1529 1319 1665 1346; x_wconf 73' lang='lat' dir='ltr'><strong>mandavi!</strong></span> <span class='ocrx_word' id='word_1_503' title='bbox 1675 1319 1707 1346; x_wconf 85' lang='lat' dir='ltr'><strong>de</strong></span> <span class='ocrx_word' id='word_1_504' title='bbox 1725 1326 1757 1347; x_wconf 80' lang='lat' dir='ltr'><strong>te.</strong></span> 
     </span>
    </p>
   </div>
   <div class='ocr_carea' id='block_1_70' title="bbox 1045 1371 1797 1410">
    <p class='ocr_par' dir='ltr' id='par_1_70' title="bbox 1045 1371 1797 1410">
     <span class='ocr_line' id='line_1_70' title="bbox 1045 1371 1797 1410; baseline 0.008 -12"><span class='ocrx_word' id='word_1_505' title='bbox 1045 1371 1094 1399; x_wconf 85' lang='lat' dir='ltr'><strong>His</strong></span> <span class='ocrx_word' id='word_1_506' title='bbox 1110 1379 1176 1399; x_wconf 92' lang='lat' dir='ltr'><strong>usus</strong></span> <span class='ocrx_word' id='word_1_507' title='bbox 1188 1377 1230 1399; x_wconf 82' lang='lat' dir='ltr'><strong>est</strong></span> <span class='ocrx_word' id='word_1_508' title='bbox 1254 1372 1398 1400; x_wconf 85' lang='lat' dir='ltr'><strong>versiculis</strong></span> <span class='ocrx_word' id='word_1_509' title='bbox 1423 1373 1547 1407; x_wconf 82' lang='lat' dir='ltr'><strong>Satanas,</strong></span> <span class='ocrx_word' id='word_1_510' title='bbox 1568 1375 1602 1402; x_wconf 88' lang='lat' dir='ltr'><strong>de</strong></span> <span class='ocrx_word' id='word_1_511' title='bbox 1619 1380 1716 1403; x_wconf 89' lang='lat' dir='ltr'><strong>nostro</strong></span> <span class='ocrx_word' id='word_1_512' title='bbox 1737 1387 1797 1410; x_wconf 84' lang='lat' dir='ltr'><strong>om.-</strong></span> 
     </span>
    </p>
   </div>
   <div class='ocr_carea' id='block_1_71' title="bbox 1009 1417 1790 1454">
    <p class='ocr_par' dir='ltr' id='par_1_71' title="bbox 1009 1417 1790 1454">
     <span class='ocr_line' id='line_1_71' title="bbox 1009 1417 1790 1454; baseline 0.008 -10"><span class='ocrx_word' id='word_1_513' title='bbox 1009 1418 1086 1444; x_wconf 91' lang='lat' dir='ltr'><strong>nium</strong></span> <span class='ocrx_word' id='word_1_514' title='bbox 1105 1417 1250 1445; x_wconf 85' lang='lat' dir='ltr'><strong>Servatore</strong></span> <span class='ocrx_word' id='word_1_515' title='bbox 1264 1418 1385 1452; x_wconf 88' lang='lat' dir='ltr'><strong>Christo,</strong></span> <span class='ocrx_word' id='word_1_516' title='bbox 1402 1423 1530 1454; x_wconf 88' lang='lat' dir='ltr'><strong>tanquam</strong></span> <span class='ocrx_word' id='word_1_517' title='bbox 1550 1422 1688 1449; x_wconf 91' lang='lat' dir='ltr'><strong>communi</strong></span> <span class='ocrx_word' id='word_1_518' title='bbox 1700 1423 1790 1450; x_wconf 91' lang='lat' dir='ltr'><strong>homi-</strong></span> 
     </span>
    </p>
   </div>
   <div class='ocr_carea' id='block_1_72' title="bbox 1008 1464 1787 1503">
    <p class='ocr_par' dir='ltr' id='par_1_72' title="bbox 1008 1464 1787 1503">
     <span class='ocr_line' id='line_1_72' title="bbox 1008 1464 1787 1503; baseline 0.008 -13"><span class='ocrx_word' id='word_1_519' title='bbox 1008 1471 1063 1495; x_wconf 87' lang='lat' dir='ltr'><strong>ne,</strong></span> <span class='ocrx_word' id='word_1_520' title='bbox 1089 1471 1137 1491; x_wconf 91' lang='lat' dir='ltr'><strong>eos</strong></span> <span class='ocrx_word' id='word_1_521' title='bbox 1165 1464 1294 1491; x_wconf 85' lang='lat' dir='ltr'><strong>recitans.</strong></span> <span class='ocrx_word' id='word_1_522' title='bbox 1324 1465 1392 1492; x_wconf 87' lang='lat' dir='ltr'><strong>Nam</strong></span> <span class='ocrx_word' id='word_1_523' title='bbox 1420 1467 1484 1500; x_wconf 86' lang='lat' dir='ltr'><strong>quia</strong></span> <span class='ocrx_word' id='word_1_524' title='bbox 1515 1471 1588 1494; x_wconf 85' lang='lat' dir='ltr'><strong>totus</strong></span> <span class='ocrx_word' id='word_1_525' title='bbox 1618 1468 1705 1503; x_wconf 72' lang='lat' dir='ltr'><strong>caligo</strong></span> <span class='ocrx_word' id='word_1_526' title='bbox 1731 1474 1787 1502; x_wconf 89' lang='lat' dir='ltr'><strong>est,</strong></span> 
     </span>
    </p>
   </div>
   <div class='ocr_carea' id='block_1_73' title="bbox 1012 1509 1792 1546">
    <p class='ocr_par' dir='ltr' id='par_1_73' title="bbox 1012 1509 1792 1546">
     <span class='ocr_line' id='line_1_73' title="bbox 1012 1509 1792 1546; baseline 0.009 -11"><span class='ocrx_word' id='word_1_527' title='bbox 1012 1509 1188 1544; x_wconf 80' lang='lat' dir='ltr'><strong>caliginosum</strong></span> <span class='ocrx_word' id='word_1_528' title='bbox 1217 1509 1299 1536; x_wconf 86' lang='lat' dir='ltr'><strong>habet</strong></span> <span class='ocrx_word' id='word_1_529' title='bbox 1322 1515 1452 1543; x_wconf 88' lang='lat' dir='ltr'><strong>mentem,</strong></span> <span class='ocrx_word' id='word_1_530' title='bbox 1466 1519 1554 1546; x_wconf 88' lang='lat' dir='ltr'><strong>neque</strong></span> <span class='ocrx_word' id='word_1_531' title='bbox 1581 1513 1715 1540; x_wconf 88' lang='lat' dir='ltr'><strong>dictorum</strong></span> <span class='ocrx_word' id='word_1_532' title='bbox 1736 1516 1792 1542; x_wconf 88' lang='lat' dir='ltr'><strong>vim</strong></span> 
     </span>
    </p>
   </div>
   <div class='ocr_carea' id='block_1_74' title="bbox 1009 1555 1792 1595">
    <p class='ocr_par' dir='ltr' id='par_1_74' title="bbox 1009 1555 1792 1595">
     <span class='ocr_line' id='line_1_74' title="bbox 1009 1555 1792 1595; baseline 0.009 -14"><span class='ocrx_word' id='word_1_533' title='bbox 1009 1555 1143 1582; x_wconf 83' lang='lat' dir='ltr'><strong>intellexit</strong></span> <span class='ocrx_word' id='word_1_534' title='bbox 1154 1556 1191 1582; x_wconf 67' lang='lat'><strong>7“:</strong></span> <span class='ocrx_word' id='word_1_535' title='bbox 1207 1555 1281 1591; x_wconf 85' lang='lat' dir='ltr'><strong>[quia</strong></span> <span class='ocrx_word' id='word_1_536' title='bbox 1312 1556 1346 1583; x_wconf 85' lang='lat' dir='ltr'><strong>de</strong></span> <span class='ocrx_word' id='word_1_537' title='bbox 1361 1557 1483 1592; x_wconf 78' lang='lat' dir='ltr'><strong>cujusvis</strong></span> <span class='ocrx_word' id='word_1_538' title='bbox 1505 1559 1570 1593; x_wconf 86' lang='lat' dir='ltr'><strong>justi</strong></span> <span class='ocrx_word' id='word_1_539' title='bbox 1584 1567 1699 1593; x_wconf 86' lang='lat' dir='ltr'><strong>persona</strong></span> <span class='ocrx_word' id='word_1_540' title='bbox 1719 1561 1792 1595; x_wconf 88' lang='lat' dir='ltr'><strong>psal—</strong></span> 
     </span>
    </p>
   </div>
   <div class='ocr_carea' id='block_1_75' title="bbox 1009 1600 1791 1637">
    <p class='ocr_par' dir='ltr' id='par_1_75' title="bbox 1009 1600 1791 1637">
     <span class='ocr_line' id='line_1_75' title="bbox 1009 1600 1791 1637; baseline 0.008 -10"><span class='ocrx_word' id='word_1_541' title='bbox 1009 1608 1070 1628; x_wconf 89' lang='lat' dir='ltr'><strong>mus</strong></span> <span class='ocrx_word' id='word_1_542' title='bbox 1082 1600 1239 1633; x_wconf 84' lang='lat' dir='ltr'><strong>dictusfuit,</strong></span> <span class='ocrx_word' id='word_1_543' title='bbox 1253 1601 1297 1628; x_wconf 93' lang='lat' dir='ltr'><strong>cui</strong></span> <span class='ocrx_word' id='word_1_544' title='bbox 1312 1603 1449 1630; x_wconf 86' lang='lat' dir='ltr'><strong>succurrit</strong></span> <span class='ocrx_word' id='word_1_545' title='bbox 1464 1603 1632 1637; x_wconf 84' lang='lat' dir='ltr'><strong>Altissimus,</strong></span> <span class='ocrx_word' id='word_1_546' title='bbox 1647 1605 1719 1632; x_wconf 87' lang='lat' dir='ltr'><strong>Deus</strong></span> <span class='ocrx_word' id='word_1_547' title='bbox 1733 1614 1791 1634; x_wconf 72' lang='lat' dir='ltr'><strong>cte-</strong></span> 
     </span>
    </p>
   </div>
   <div class='ocr_carea' id='block_1_76' title="bbox 1008 1645 1791 1682">
    <p class='ocr_par' dir='ltr' id='par_1_76' title="bbox 1008 1645 1791 1682">
     <span class='ocr_line' id='line_1_76' title="bbox 1008 1645 1791 1682; baseline 0.006 -9"><span class='ocrx_word' id='word_1_548' title='bbox 1008 1645 1121 1681; x_wconf 81' lang='lat' dir='ltr'><strong>lorum.]</strong></span> <span class='ocrx_word' id='word_1_549' title='bbox 1135 1647 1281 1682; x_wconf 77' lang='lat' dir='ltr'><strong>ignorabat</strong></span> <span class='ocrx_word' id='word_1_550' title='bbox 1299 1647 1420 1682; x_wconf 86' lang='lat' dir='ltr'><strong>insuper,</strong></span> <span class='ocrx_word' id='word_1_551' title='bbox 1442 1649 1562 1676; x_wconf 74' lang='lat' dir='ltr'><strong>Verbum</strong></span> <span class='ocrx_word' id='word_1_552' title='bbox 1586 1650 1670 1676; x_wconf 91' lang='lat' dir='ltr'><strong>Deum</strong></span> <span class='ocrx_word' id='word_1_553' title='bbox 1690 1651 1791 1678; x_wconf 87' lang='lat' dir='ltr'><strong>factum</strong></span> 
     </span>
    </p>
   </div>
   <div class='ocr_carea' id='block_1_77' title="bbox 1007 1692 1791 1729">
    <p class='ocr_par' dir='ltr' id='par_1_77' title="bbox 1007 1692 1791 1729">
     <span class='ocr_line' id='line_1_77' title="bbox 1007 1692 1791 1729; baseline 0.006 -11"><span class='ocrx_word' id='word_1_554' title='bbox 1007 1699 1068 1719; x_wconf 87' lang='lat' dir='ltr'><strong>esse</strong></span> <span class='ocrx_word' id='word_1_555' title='bbox 1084 1692 1234 1725; x_wconf 87' lang='lat' dir='ltr'><strong>hominem,</strong></span> <span class='ocrx_word' id='word_1_556' title='bbox 1249 1698 1277 1721; x_wconf 90' lang='lat' dir='ltr'><strong>et</strong></span> <span class='ocrx_word' id='word_1_557' title='bbox 1291 1694 1380 1729; x_wconf 86' lang='lat' dir='ltr'><strong>ipsum</strong></span> <span class='ocrx_word' id='word_1_558' title='bbox 1397 1702 1457 1722; x_wconf 85' lang='lat' dir='ltr'><strong>esse</strong></span> <span class='ocrx_word' id='word_1_559' title='bbox 1471 1695 1517 1729; x_wconf 92' lang='lat' dir='ltr'><strong>qui</strong></span> <span class='ocrx_word' id='word_1_560' title='bbox 1534 1703 1562 1722; x_wconf 89' lang='lat' dir='ltr'><strong>se</strong></span> <span class='ocrx_word' id='word_1_561' title='bbox 1583 1695 1702 1723; x_wconf 86' lang='lat' dir='ltr'><strong>humano</strong></span> <span class='ocrx_word' id='word_1_562' title='bbox 1717 1705 1791 1724; x_wconf 79' lang='lat' dir='ltr'><strong>more</strong></span> 
     </span>
    </p>
   </div>
   <div class='ocr_carea' id='block_1_78' title="bbox 1007 1739 1789 1777">
    <p class='ocr_par' dir='ltr' id='par_1_78' title="bbox 1007 1739 1789 1777">
     <span class='ocr_line' id='line_1_78' title="bbox 1007 1739 1789 1777; baseline 0.005 -12"><span class='ocrx_word' id='word_1_563' title='bbox 1007 1739 1106 1765; x_wconf 89' lang='lat' dir='ltr'><strong>tentari</strong></span> <span class='ocrx_word' id='word_1_564' title='bbox 1129 1739 1293 1774; x_wconf 84' lang='lat' dir='ltr'><strong>patiebatur.</strong></span> <span class='ocrx_word' id='word_1_565' title='bbox 1320 1741 1515 1770; x_wconf 81' lang='lat' dir='ltr'><strong>Verumtamen</strong></span> <span class='ocrx_word' id='word_1_566' title='bbox 1536 1741 1663 1773; x_wconf 83' lang='lat' dir='ltr'><strong>Satanas,</strong></span> <span class='ocrx_word' id='word_1_567' title='bbox 1688 1746 1718 1769; x_wconf 89' lang='lat' dir='ltr'><strong>ut</strong></span> <span class='ocrx_word' id='word_1_568' title='bbox 1734 1743 1789 1777; x_wconf 87' lang='lat' dir='ltr'><strong>jam</strong></span> 
     </span>
    </p>
   </div>
   <div class='ocr_carea' id='block_1_79' title="bbox 1006 1783 1790 1822">
    <p class='ocr_par' dir='ltr' id='par_1_79' title="bbox 1006 1783 1790 1822">
     <span class='ocr_line' id='line_1_79' title="bbox 1006 1783 1790 1822; baseline 0.004 -11"><span class='ocrx_word' id='word_1_569' title='bbox 1006 1783 1062 1811; x_wconf 78' lang='lat' dir='ltr'><strong>dixi</strong></span> <span class='ocrx_word' id='word_1_570' title='bbox 1077 1805 1084 1817; x_wconf 91' lang='lat'><strong>,</strong></span> <span class='ocrx_word' id='word_1_571' title='bbox 1097 1788 1227 1820; x_wconf 85' lang='lat' dir='ltr'><strong>tanquam</strong></span> <span class='ocrx_word' id='word_1_572' title='bbox 1239 1785 1273 1812; x_wconf 91' lang='lat' dir='ltr'><strong>de</strong></span> <span class='ocrx_word' id='word_1_573' title='bbox 1294 1785 1405 1813; x_wconf 89' lang='lat' dir='ltr'><strong>homine</strong></span> <span class='ocrx_word' id='word_1_574' title='bbox 1419 1786 1569 1819; x_wconf 88' lang='lat' dir='ltr'><strong>communi,</strong></span> <span class='ocrx_word' id='word_1_575' title='bbox 1585 1787 1626 1814; x_wconf 92' lang='lat' dir='ltr'><strong>vel</strong></span> <span class='ocrx_word' id='word_1_576' title='bbox 1648 1787 1680 1814; x_wconf 90' lang='lat' dir='ltr'><strong>de</strong></span> <span class='ocrx_word' id='word_1_577' title='bbox 1699 1788 1790 1822; x_wconf 87' lang='lat' dir='ltr'><strong>aliquo</strong></span> 
     </span>
    </p>
   </div>
   <div class='ocr_carea' id='block_1_80' title="bbox 1005 1830 1789 1868">
    <p class='ocr_par' dir='ltr' id='par_1_80' title="bbox 1005 1830 1789 1868">
     <span class='ocr_line' id='line_1_80' title="bbox 1005 1830 1789 1868; baseline 0.004 -11"><span class='ocrx_word' id='word_1_578' title='bbox 1005 1834 1100 1857; x_wconf 87' lang='lat' dir='ltr'><strong>sancto</strong></span> <span class='ocrx_word' id='word_1_579' title='bbox 1115 1830 1249 1865; x_wconf 85' lang='lat' dir='ltr'><strong>propheta</strong></span> <span class='ocrx_word' id='word_1_580' title='bbox 1261 1831 1364 1858; x_wconf 87' lang='lat' dir='ltr'><strong>dictum</strong></span> <span class='ocrx_word' id='word_1_581' title='bbox 1381 1831 1409 1858; x_wconf 89' lang='lat' dir='ltr'><strong>id</strong></span> <span class='ocrx_word' id='word_1_582' title='bbox 1426 1839 1486 1859; x_wconf 88' lang='lat' dir='ltr'><strong>esse</strong></span> <span class='ocrx_word' id='word_1_583' title='bbox 1510 1832 1687 1860; x_wconf 81' lang='lat' dir='ltr'><strong>existimavit.</strong></span> <span class='ocrx_word' id='word_1_584' title='bbox 1706 1834 1789 1868; x_wconf 83' lang='lat' dir='ltr'><strong>Atqui</strong></span> 
     </span>
    </p>
   </div>
   <div class='ocr_carea' id='block_1_81' title="bbox 1004 1875 1789 1913">
    <p class='ocr_par' dir='ltr' id='par_1_81' title="bbox 1004 1875 1789 1913">
     <span class='ocr_line' id='line_1_81' title="bbox 1004 1875 1789 1913; baseline 0.004 -10"><span class='ocrx_word' id='word_1_585' title='bbox 1004 1875 1233 1904; x_wconf 85' lang='lat' dir='ltr'><strong>absurdissimum</strong></span> <span class='ocrx_word' id='word_1_586' title='bbox 1250 1877 1330 1909; x_wconf 89' lang='lat' dir='ltr'><strong>foret,</strong></span> <span class='ocrx_word' id='word_1_587' title='bbox 1345 1878 1367 1905; x_wconf 89' lang='lat' dir='ltr'><strong>si</strong></span> <span class='ocrx_word' id='word_1_588' title='bbox 1391 1885 1442 1905; x_wconf 86' lang='lat' dir='ltr'><strong>nos</strong></span> <span class='ocrx_word' id='word_1_589' title='bbox 1467 1879 1576 1913; x_wconf 79' lang='lat' dir='ltr'><strong>cognito</strong></span> <span class='ocrx_word' id='word_1_590' title='bbox 1597 1884 1723 1906; x_wconf 85' lang='lat' dir='ltr'><strong>accurate</strong></span> <span class='ocrx_word' id='word_1_591' title='bbox 1736 1879 1789 1907; x_wconf 89' lang='lat' dir='ltr'><strong>hoc</strong></span> 
     </span>
    </p>
   </div>
   <div class='ocr_carea' id='block_1_82' title="bbox 1004 1921 1788 1957">
    <p class='ocr_par' dir='ltr' id='par_1_82' title="bbox 1004 1921 1788 1957">
     <span class='ocr_line' id='line_1_82' title="bbox 1004 1921 1788 1957; baseline 0.005 -9"><span class='ocrx_word' id='word_1_592' title='bbox 1004 1921 1144 1957; x_wconf 80' lang='lat' dir='ltr'><strong>mysterio,</strong></span> <span class='ocrx_word' id='word_1_593' title='bbox 1172 1922 1369 1957; x_wconf 88' lang='lat' dir='ltr'><strong>credentesque</strong></span> <span class='ocrx_word' id='word_1_594' title='bbox 1384 1922 1458 1950; x_wconf 89' lang='lat' dir='ltr'><strong>hunc</strong></span> <span class='ocrx_word' id='word_1_595' title='bbox 1482 1931 1542 1951; x_wconf 88' lang='lat' dir='ltr'><strong>esse</strong></span> <span class='ocrx_word' id='word_1_596' title='bbox 1569 1924 1665 1956; x_wconf 88' lang='lat' dir='ltr'><strong>Deum,</strong></span> <span class='ocrx_word' id='word_1_597' title='bbox 1695 1929 1723 1951; x_wconf 90' lang='lat' dir='ltr'><strong>et</strong></span> <span class='ocrx_word' id='word_1_598' title='bbox 1739 1925 1788 1952; x_wconf 88' lang='lat' dir='ltr'><strong>Dei</strong></span> 
     </span>
    </p>
   </div>
   <div class='ocr_carea' id='block_1_83' title="bbox 1003 1964 1786 2001">
    <p class='ocr_par' dir='ltr' id='par_1_83' title="bbox 1003 1964 1786 2001">
     <span class='ocr_line' id='line_1_83' title="bbox 1003 1964 1786 2001; baseline 0.003 -7"><span class='ocrx_word' id='word_1_599' title='bbox 1003 1964 1114 1999; x_wconf 90' lang='lat' dir='ltr'><strong>Filium,</strong></span> <span class='ocrx_word' id='word_1_600' title='bbox 1127 1969 1155 1994; x_wconf 86' lang='lat' dir='ltr'><strong>et</strong></span> <span class='ocrx_word' id='word_1_601' title='bbox 1169 1967 1254 1995; x_wconf 90' lang='lat' dir='ltr'><strong>nostri</strong></span> <span class='ocrx_word' id='word_1_602' title='bbox 1269 1975 1349 1995; x_wconf 86' lang='lat' dir='ltr'><strong>causa</strong></span> <span class='ocrx_word' id='word_1_603' title='bbox 1361 1968 1499 1995; x_wconf 88' lang='lat' dir='ltr'><strong>hominem</strong></span> <span class='ocrx_word' id='word_1_604' title='bbox 1517 1968 1628 2001; x_wconf 82' lang='lat' dir='ltr'><strong>factum,</strong></span> <span class='ocrx_word' id='word_1_605' title='bbox 1645 1969 1786 1996; x_wconf 58' lang='lat' dir='ltr'><strong>nihilomie</strong></span> 
     </span>
    </p>
   </div>
   <div class='ocr_carea' id='block_1_84' title="bbox 1002 2012 1787 2049">
    <p class='ocr_par' dir='ltr' id='par_1_84' title="bbox 1002 2012 1787 2049">
     <span class='ocr_line' id='line_1_84' title="bbox 1002 2012 1787 2049; baseline 0.004 -10"><span class='ocrx_word' id='word_1_606' title='bbox 1002 2019 1055 2040; x_wconf 90' lang='lat' dir='ltr'><strong>nus</strong></span> <span class='ocrx_word' id='word_1_607' title='bbox 1071 2012 1105 2040; x_wconf 88' lang='lat' dir='ltr'><strong>de</strong></span> <span class='ocrx_word' id='word_1_608' title='bbox 1125 2012 1185 2048; x_wconf 91' lang='lat' dir='ltr'><strong>ipso</strong></span> <span class='ocrx_word' id='word_1_609' title='bbox 1205 2013 1280 2047; x_wconf 90' lang='lat' dir='ltr'><strong>loqui</strong></span> <span class='ocrx_word' id='word_1_610' title='bbox 1302 2013 1455 2040; x_wconf 85' lang='lat' dir='ltr'><strong>versiculos</strong></span> <span class='ocrx_word' id='word_1_611' title='bbox 1477 2013 1528 2041; x_wconf 87' lang='lat' dir='ltr'><strong>hos</strong></span> <span class='ocrx_word' id='word_1_612' title='bbox 1543 2018 1712 2049; x_wconf 87' lang='lat' dir='ltr'><strong>putaremus.</strong></span> <span class='ocrx_word' id='word_1_613' title='bbox 1727 2015 1787 2042; x_wconf 72' lang='lat' dir='ltr'><strong>Non</strong></span> 
     </span>
    </p>
   </div>
   <div class='ocr_carea' id='block_1_85' title="bbox 1002 2058 1785 2094">
    <p class='ocr_par' dir='ltr' id='par_1_85' title="bbox 1002 2058 1785 2094">
     <span class='ocr_line' id='line_1_85' title="bbox 1002 2058 1785 2094; baseline 0.004 -10"><span class='ocrx_word' id='word_1_614' title='bbox 1002 2065 1068 2093; x_wconf 78' lang='lat' dir='ltr'><strong>ergo</strong></span> <span class='ocrx_word' id='word_1_615' title='bbox 1076 2058 1203 2093; x_wconf 82' lang='lat' dir='ltr'><strong>congruit</strong></span> <span class='ocrx_word' id='word_1_616' title='bbox 1212 2062 1242 2085; x_wconf 89' lang='lat' dir='ltr'><strong>ut</strong></span> <span class='ocrx_word' id='word_1_617' title='bbox 1250 2058 1284 2085; x_wconf 88' lang='lat' dir='ltr'><strong>de</strong></span> <span class='ocrx_word' id='word_1_618' title='bbox 1296 2065 1413 2094; x_wconf 84' lang='lat' dir='ltr'><strong>persona</strong></span> <span class='ocrx_word' id='word_1_619' title='bbox 1427 2058 1514 2086; x_wconf 85' lang='lat' dir='ltr'><strong>nostri</strong></span> <span class='ocrx_word' id='word_1_620' title='bbox 1523 2059 1645 2086; x_wconf 89' lang='lat' dir='ltr'><strong>omnium</strong></span> <span class='ocrx_word' id='word_1_621' title='bbox 1658 2059 1785 2087; x_wconf 64' lang='lat' dir='ltr'><strong>Scrvato-I</strong></span> 
     </span>
    </p>
   </div>
   <div class='ocr_carea' id='block_1_86' title="bbox 1006 2103 1786 2141">
    <p class='ocr_par' dir='ltr' id='par_1_86' title="bbox 1006 2103 1786 2141">
     <span class='ocr_line' id='line_1_86' title="bbox 1006 2103 1786 2141; baseline 0.005 -12"><span class='ocrx_word' id='word_1_622' title='bbox 1006 2103 1046 2130; x_wconf 90' lang='lat' dir='ltr'><strong>ris</strong></span> <span class='ocrx_word' id='word_1_623' title='bbox 1058 2103 1161 2130; x_wconf 86' lang='lat' dir='ltr'><strong>Christi</strong></span> <span class='ocrx_word' id='word_1_624' title='bbox 1180 2103 1287 2131; x_wconf 84' lang='lat' dir='ltr'><strong>dicatur</strong></span> <span class='ocrx_word' id='word_1_625' title='bbox 1302 2111 1308 2130; x_wconf 88' lang='lat'><strong>:</strong></span> <span class='ocrx_word' id='word_1_626' title='bbox 1326 2103 1507 2131; x_wconf 72' lang='lat' dir='ltr'><strong>«Altissimum</strong></span> <span class='ocrx_word' id='word_1_627' title='bbox 1523 2105 1638 2140; x_wconf 91' lang='lat' dir='ltr'><strong>posuisti</strong></span> <span class='ocrx_word' id='word_1_628' title='bbox 1651 2106 1786 2141; x_wconf 79' lang='lat' dir='ltr'><strong>refugium</strong></span> 
     </span>
    </p>
   </div>
   <div class='ocr_carea' id='block_1_87' title="bbox 1001 2148 1786 2184">
    <p class='ocr_par' dir='ltr' id='par_1_87' title="bbox 1001 2148 1786 2184">
     <span class='ocr_line' id='line_1_87' title="bbox 1001 2148 1786 2184; baseline 0.003 -8"><span class='ocrx_word' id='word_1_629' title='bbox 1001 2153 1078 2176; x_wconf 89' lang='lat' dir='ltr'><strong>tuum</strong></span> <span class='ocrx_word' id='word_1_630' title='bbox 1089 2148 1138 2184; x_wconf 67' lang='lat'><strong>(4):</strong></span> <span class='ocrx_word' id='word_1_631' title='bbox 1154 2158 1163 2174; x_wconf 77' lang='grc' dir='ltr'><strong>ι</strong></span> <span class='ocrx_word' id='word_1_632' title='bbox 1185 2148 1286 2184; x_wconf 86' lang='lat' dir='ltr'><strong>quippe</strong></span> <span class='ocrx_word' id='word_1_633' title='bbox 1299 2149 1414 2184; x_wconf 86' lang='lat' dir='ltr'><strong>ipsemet</strong></span> <span class='ocrx_word' id='word_1_634' title='bbox 1427 2150 1582 2177; x_wconf 85' lang='lat' dir='ltr'><strong>Altissimus</strong></span> <span class='ocrx_word' id='word_1_635' title='bbox 1598 2155 1649 2183; x_wconf 89' lang='lat' dir='ltr'><strong>est,</strong></span> <span class='ocrx_word' id='word_1_636' title='bbox 1662 2152 1786 2178; x_wconf 90' lang='lat' dir='ltr'><strong>omnium</strong></span> 
     </span>
    </p>
   </div>
   <div class='ocr_carea' id='block_1_88' title="bbox 165 2193 959 2231">
    <p class='ocr_par' dir='ltr' id='par_1_88' title="bbox 165 2195 951 2231">
     <span class='ocr_line' id='line_1_88' title="bbox 165 2195 951 2231; baseline 0 -9"><span class='ocrx_word' id='word_1_637' title='bbox 165 2196 324 2230; x_wconf 78' lang='grc' dir='ltr'>καταφυγήν</span> <span class='ocrx_word' id='word_1_638' title='bbox 351 2203 415 2221; x_wconf 69' lang='grc' dir='ltr'>σου*</span> <span class='ocrx_word' id='word_1_639' title='bbox 441 2204 450 2221; x_wconf 79' lang='grc' dir='ltr'><strong>ι</strong></span> <span class='ocrx_word' id='word_1_640' title='bbox 479 2195 560 2226; x_wconf 77' lang='grc' dir='ltr'>αὐτὸς</span> <span class='ocrx_word' id='word_1_641' title='bbox 586 2195 640 2230; x_wconf 73' lang='grc' dir='ltr'><strong>γάρ</strong></span> <span class='ocrx_word' id='word_1_642' title='bbox 662 2195 735 2222; x_wconf 77' lang='grc' dir='ltr'>ἐστιν</span> <span class='ocrx_word' id='word_1_643' title='bbox 750 2196 764 2222; x_wconf 88' lang='lat'><strong>6</strong></span> <span class='ocrx_word' id='word_1_644' title='bbox 778 2195 917 2230; x_wconf 82' lang='grc' dir='ltr'>Ὓψιστος,</span> <span class='ocrx_word' id='word_1_645' title='bbox 933 2196 951 2231; x_wconf 72' lang='grc'><strong>’1)</strong></span> 
     </span>
    </p>
   </div>
   <div class='ocr_carea' id='block_1_89' title="bbox 1009 2193 1785 2231">
    <p class='ocr_par' dir='ltr' id='par_1_89' title="bbox 1009 2193 1785 2230">
     <span class='ocr_line' id='line_1_89' title="bbox 1009 2193 1785 2230; baseline 0.005 -10"><span class='ocrx_word' id='word_1_646' title='bbox 1009 2193 1150 2229; x_wconf 76' lang='lat' dir='ltr'><strong>refugium,</strong></span> <span class='ocrx_word' id='word_1_647' title='bbox 1162 2195 1285 2222; x_wconf 86' lang='lat' dir='ltr'><strong>omnium</strong></span> <span class='ocrx_word' id='word_1_648' title='bbox 1298 2195 1551 2230; x_wconf 87' lang='lat' dir='ltr'><strong>spcs,omnipotens</strong></span> <span class='ocrx_word' id='word_1_649' title='bbox 1562 2196 1651 2224; x_wconf 84' lang='lat' dir='ltr'><strong>Patris</strong></span> <span class='ocrx_word' id='word_1_650' title='bbox 1662 2197 1770 2224; x_wconf 82' lang='lat' dir='ltr'><strong>dextera</strong></span> <span class='ocrx_word' id='word_1_651' title='bbox 1776 2214 1785 2224; x_wconf 90' lang='lat'><strong>.-</strong></span> 
     </span>
    </p>
   </div>
   <div class='ocr_carea' id='block_1_90' title="bbox 165 2240 950 2277">
    <p class='ocr_par' dir='ltr' id='par_1_90' title="bbox 165 2240 950 2277">
     <span class='ocr_line' id='line_1_90' title="bbox 165 2240 950 2277; baseline 0.004 -11"><span class='ocrx_word' id='word_1_652' title='bbox 165 2241 274 2267; x_wconf 78' lang='grc' dir='ltr'>πάντων</span> <span class='ocrx_word' id='word_1_653' title='bbox 291 2240 447 2276; x_wconf 77' lang='grc' dir='ltr'>καταφυγὴ,</span> <span class='ocrx_word' id='word_1_654' title='bbox 470 2241 486 2276; x_wconf 84' lang='grc' dir='ltr'><strong>ή</strong></span> <span class='ocrx_word' id='word_1_655' title='bbox 514 2241 622 2268; x_wconf 86' lang='grc' dir='ltr'>πάντων</span> <span class='ocrx_word' id='word_1_656' title='bbox 652 2241 740 2273; x_wconf 73' lang='grc' dir='ltr'>ἐλπὶς,</span> <span class='ocrx_word' id='word_1_657' title='bbox 761 2241 778 2277; x_wconf 81' lang='grc' dir='ltr'>ἡ</span> <span class='ocrx_word' id='word_1_658' title='bbox 797 2241 885 2268; x_wconf 79' lang='grc' dir='ltr'>πάντα</span> <span class='ocrx_word' id='word_1_659' title='bbox 909 2242 950 2268; x_wconf 77' lang='grc' dir='ltr'><strong>ἰσ-</strong></span> 
     </span>
    </p>
   </div>
   <div class='ocr_carea' id='block_1_91' title="bbox 164 2286 950 2322">
    <p class='ocr_par' dir='ltr' id='par_1_91' title="bbox 164 2286 950 2322">
     <span class='ocr_line' id='line_1_91' title="bbox 164 2286 950 2322; baseline 0 -10"><span class='ocrx_word' id='word_1_660' title='bbox 164 2286 268 2322; x_wconf 83' lang='grc' dir='ltr'>χύουσα</span> <span class='ocrx_word' id='word_1_661' title='bbox 284 2286 331 2312; x_wconf 82' lang='grc' dir='ltr'><strong>τοῦ</strong></span> <span class='ocrx_word' id='word_1_662' title='bbox 348 2286 453 2322; x_wconf 79' lang='grc' dir='ltr'>Πατρὸς</span> <span class='ocrx_word' id='word_1_663' title='bbox 472 2286 555 2318; x_wconf 79' lang='grc' dir='ltr'>δεξιά.</span> <span class='ocrx_word' id='word_1_664' title='bbox 577 2286 650 2313; x_wconf 87' lang='grc' dir='ltr'>Ἔδει</span> <span class='ocrx_word' id='word_1_665' title='bbox 664 2286 752 2313; x_wconf 86' lang='grc' dir='ltr'>τοίνυν</span> <span class='ocrx_word' id='word_1_666' title='bbox 772 2286 816 2320; x_wconf 73' lang='grc' dir='ltr'><strong>ἐφ’</strong></span> <span class='ocrx_word' id='word_1_667' title='bbox 834 2286 950 2313; x_wconf 79' lang='grc' dir='ltr'>ἑκάστου</span> 
     </span>
    </p>
   </div>
   <div class='ocr_carea' id='block_1_92' title="bbox 164 2331 950 2368">
    <p class='ocr_par' dir='ltr' id='par_1_92' title="bbox 164 2331 950 2368">
     <span class='ocr_line' id='line_1_92' title="bbox 164 2331 950 2368; baseline -0.003 -8"><span class='ocrx_word' id='word_1_668' title='bbox 164 2333 218 2360; x_wconf 84' lang='grc' dir='ltr'><strong>τῶν</strong></span> <span class='ocrx_word' id='word_1_669' title='bbox 232 2333 351 2367; x_wconf 87' lang='grc' dir='ltr'>γνησίων</span> <span class='ocrx_word' id='word_1_670' title='bbox 365 2332 560 2368; x_wconf 85' lang='grc' dir='ltr'>προσκυνητῶν</span> <span class='ocrx_word' id='word_1_671' title='bbox 576 2332 695 2359; x_wconf 77' lang='grc' dir='ltr'>νοεῖσθαι</span> <span class='ocrx_word' id='word_1_672' title='bbox 714 2341 742 2359; x_wconf 83' lang='grc' dir='ltr'><strong>τε</strong></span> <span class='ocrx_word' id='word_1_673' title='bbox 765 2332 811 2359; x_wconf 72' lang='grc' dir='ltr'>καὶ</span> <span class='ocrx_word' id='word_1_674' title='bbox 824 2331 950 2367; x_wconf 80' lang='grc' dir='ltr'>λέγεσθαι</span> 
     </span>
    </p>
   </div>
   <div class='ocr_carea' id='block_1_93' title="bbox 164 2377 949 2415">
    <p class='ocr_par' dir='ltr' id='par_1_93' title="bbox 164 2377 949 2415">
     <span class='ocr_line' id='line_1_93' title="bbox 164 2377 949 2415; baseline -0.004 -9"><span class='ocrx_word' id='word_1_675' title='bbox 164 2379 238 2415; x_wconf 81' lang='grc' dir='ltr'><strong>παρά</strong></span> <span class='ocrx_word' id='word_1_676' title='bbox 257 2378 304 2406; x_wconf 82' lang='grc' dir='ltr'>τοῦ</span> <span class='ocrx_word' id='word_1_677' title='bbox 322 2378 437 2414; x_wconf 81' lang='grc' dir='ltr'>Πατρός·</span> <span class='ocrx_word' id='word_1_678' title='bbox 458 2388 467 2404; x_wconf 78' lang='grc' dir='ltr'><strong>ι</strong></span> <span class='ocrx_word' id='word_1_679' title='bbox 488 2378 540 2406; x_wconf 82' lang='grc' dir='ltr'><strong>Τὸν</strong></span> <span class='ocrx_word' id='word_1_680' title='bbox 563 2377 693 2413; x_wconf 77' lang='grc' dir='ltr'>Ὕψιστον</span> <span class='ocrx_word' id='word_1_681' title='bbox 715 2377 776 2405; x_wconf 79' lang='grc' dir='ltr'>ἔθου</span> <span class='ocrx_word' id='word_1_682' title='bbox 790 2377 949 2412; x_wconf 76' lang='grc' dir='ltr'>καταφυγήν</span> 
     </span>
    </p>
   </div>
   <div class='ocr_carea' id='block_1_94' title="bbox 999 2238 1785 2278">
    <p class='ocr_par' dir='ltr' id='par_1_94' title="bbox 999 2238 1785 2278">
     <span class='ocr_line' id='line_1_94' title="bbox 999 2238 1785 2278; baseline 0.004 -12"><span class='ocrx_word' id='word_1_683' title='bbox 999 2238 1129 2274; x_wconf 85' lang='lat' dir='ltr'><strong>Oportuit</strong></span> <span class='ocrx_word' id='word_1_684' title='bbox 1143 2240 1235 2275; x_wconf 86' lang='lat' dir='ltr'><strong>potius</strong></span> <span class='ocrx_word' id='word_1_685' title='bbox 1249 2240 1283 2268; x_wconf 91' lang='lat' dir='ltr'><strong>de</strong></span> <span class='ocrx_word' id='word_1_686' title='bbox 1298 2241 1397 2276; x_wconf 84' lang='lat' dir='ltr'><strong>quovis</strong></span> <span class='ocrx_word' id='word_1_687' title='bbox 1414 2249 1480 2269; x_wconf 85' lang='lat' dir='ltr'><strong>vero</strong></span> <span class='ocrx_word' id='word_1_688' title='bbox 1501 2241 1648 2270; x_wconf 82' lang='lat' dir='ltr'><strong>adoratore</strong></span> <span class='ocrx_word' id='word_1_689' title='bbox 1669 2243 1785 2278; x_wconf 76' lang='lat' dir='ltr'><strong>intelligi</strong></span> 
     </span>
    </p>
   </div>
   <div class='ocr_carea' id='block_1_95' title="bbox 998 2285 1785 2323">
    <p class='ocr_par' dir='ltr' id='par_1_95' title="bbox 998 2285 1785 2323">
     <span class='ocr_line' id='line_1_95' title="bbox 998 2285 1785 2323; baseline 0.005 -12"><span class='ocrx_word' id='word_1_690' title='bbox 998 2285 1102 2312; x_wconf 90' lang='lat' dir='ltr'><strong>dictum</strong></span> <span class='ocrx_word' id='word_1_691' title='bbox 1122 2293 1136 2312; x_wconf 93' lang='lat' dir='ltr'><strong>a</strong></span> <span class='ocrx_word' id='word_1_692' title='bbox 1164 2285 1263 2313; x_wconf 88' lang='lat' dir='ltr'><strong>Patre:</strong></span> <span class='ocrx_word' id='word_1_693' title='bbox 1283 2295 1292 2311; x_wconf 80' lang='grc' dir='ltr'><strong>ι</strong></span> <span class='ocrx_word' id='word_1_694' title='bbox 1306 2286 1476 2314; x_wconf 79' lang='lat' dir='ltr'><strong>Altissimum</strong></span> <span class='ocrx_word' id='word_1_695' title='bbox 1502 2288 1618 2323; x_wconf 89' lang='lat' dir='ltr'><strong>posuisti</strong></span> <span class='ocrx_word' id='word_1_696' title='bbox 1647 2288 1785 2323; x_wconf 76' lang='lat' dir='ltr'><strong>refugium</strong></span> 
     </span>
    </p>
   </div>
   <div class='ocr_carea' id='block_1_96' title="bbox 998 2332 1782 2370">
    <p class='ocr_par' dir='ltr' id='par_1_96' title="bbox 998 2332 1782 2370">
     <span class='ocr_line' id='line_1_96' title="bbox 998 2332 1782 2370; baseline 0.005 -12"><span class='ocrx_word' id='word_1_697' title='bbox 998 2335 1077 2363; x_wconf 84' lang='lat' dir='ltr'><strong>tuum</strong></span> <span class='ocrx_word' id='word_1_698' title='bbox 1090 2341 1096 2358; x_wconf 90' lang='lat'><strong>:</strong></span> <span class='ocrx_word' id='word_1_699' title='bbox 1109 2339 1165 2359; x_wconf 89' lang='lat' dir='ltr'><strong>non</strong></span> <span class='ocrx_word' id='word_1_700' title='bbox 1182 2332 1315 2360; x_wconf 86' lang='lat' dir='ltr'><strong>accedent</strong></span> <span class='ocrx_word' id='word_1_701' title='bbox 1324 2332 1358 2360; x_wconf 86' lang='lat' dir='ltr'><strong>ad</strong></span> <span class='ocrx_word' id='word_1_702' title='bbox 1383 2337 1409 2361; x_wconf 90' lang='lat' dir='ltr'><strong>te</strong></span> <span class='ocrx_word' id='word_1_703' title='bbox 1422 2334 1503 2366; x_wconf 86' lang='lat' dir='ltr'><strong>mala,</strong></span> <span class='ocrx_word' id='word_1_704' title='bbox 1517 2338 1545 2362; x_wconf 87' lang='lat' dir='ltr'><strong>et</strong></span> <span class='ocrx_word' id='word_1_705' title='bbox 1564 2333 1700 2370; x_wconf 75' lang='lat' dir='ltr'><strong>ﬂagellant</strong></span> <span class='ocrx_word' id='word_1_706' title='bbox 1726 2342 1782 2362; x_wconf 89' lang='lat' dir='ltr'><strong>non</strong></span> 
     </span>
    </p>
   </div>
   <div class='ocr_carea' id='block_1_97' title="bbox 998 2377 1782 2413">
    <p class='ocr_par' dir='ltr' id='par_1_97' title="bbox 998 2377 1782 2413">
     <span class='ocr_line' id='line_1_97' title="bbox 998 2377 1782 2413; baseline 0.005 -9"><span class='ocrx_word' id='word_1_707' title='bbox 998 2377 1232 2413; x_wconf 87' lang='lat' dir='ltr'><strong>appropinquabit</strong></span> <span class='ocrx_word' id='word_1_708' title='bbox 1254 2377 1431 2407; x_wconf 86' lang='lat' dir='ltr'><strong>tabernaculo</strong></span> <span class='ocrx_word' id='word_1_709' title='bbox 1460 2383 1517 2407; x_wconf 86' lang='lat' dir='ltr'><strong>tuo.</strong></span> <span class='ocrx_word' id='word_1_710' title='bbox 1540 2389 1549 2406; x_wconf 73' lang='grc' dir='ltr'><strong>ι</strong></span> <span class='ocrx_word' id='word_1_711' title='bbox 1579 2380 1684 2408; x_wconf 90' lang='lat' dir='ltr'><strong>Tuetur</strong></span> <span class='ocrx_word' id='word_1_712' title='bbox 1707 2380 1782 2408; x_wconf 86' lang='lat' dir='ltr'><strong>enim</strong></span> 
     </span>
    </p>
   </div>
   <div class='ocr_carea' id='block_1_98' title="bbox 195 2456 1017 2491">
    <p class='ocr_par' dir='ltr' id='par_1_98' title="bbox 195 2456 1017 2491">
     <span class='ocr_line' id='line_1_98' title="bbox 195 2456 1017 2491; baseline -0.002 -5"><span class='ocrx_word' id='word_1_713' title='bbox 195 2459 217 2474; x_wconf 87' lang='lat'>“</span> <span class='ocrx_word' id='word_1_714' title='bbox 231 2459 313 2486; x_wconf 84' lang='lat' dir='ltr'><strong>Hebr.</strong></span> <span class='ocrx_word' id='word_1_715' title='bbox 326 2467 345 2491; x_wconf 86' lang='grc' dir='ltr'><strong>ι,</strong></span> <span class='ocrx_word' id='word_1_716' title='bbox 360 2459 386 2486; x_wconf 81' lang='lat'><strong>5.</strong></span> <span class='ocrx_word' id='word_1_717' title='bbox 425 2457 485 2474; x_wconf 72' lang='lat'><strong>&quot;&#39;7&#39;</strong></span> <span class='ocrx_word' id='word_1_718' title='bbox 497 2457 568 2485; x_wconf 86' lang='lat' dir='ltr'><strong>Psal.</strong></span> <span class='ocrx_word' id='word_1_719' title='bbox 586 2465 674 2490; x_wconf 77' lang='lat' dir='ltr'><strong>cxxxt,</strong></span> <span class='ocrx_word' id='word_1_720' title='bbox 692 2457 748 2485; x_wconf 79' lang='lat'><strong>5-5.</strong></span> <span class='ocrx_word' id='word_1_721' title='bbox 787 2456 811 2473; x_wconf 74' lang='lat'><strong>&quot;&quot;</strong></span> <span class='ocrx_word' id='word_1_722' title='bbox 824 2456 918 2485; x_wconf 84' lang='lat' dir='ltr'><strong>Matth.</strong></span> <span class='ocrx_word' id='word_1_723' title='bbox 936 2465 973 2490; x_wconf 76' lang='lat' dir='ltr'><strong>iv,</strong></span> <span class='ocrx_word' id='word_1_724' title='bbox 991 2458 1017 2486; x_wconf 86' lang='lat'><em>6.</em></span> 
     </span>
    </p>
   </div>
   <div class='ocr_carea' id='block_1_99' title="bbox 200 2535 950 2572">
    <p class='ocr_par' dir='ltr' id='par_1_99' title="bbox 200 2535 950 2572">
     <span class='ocr_line' id='line_1_99' title="bbox 200 2535 950 2572; baseline -0.003 -8"><span class='ocrx_word' id='word_1_725' title='bbox 200 2537 237 2572; x_wconf 90' lang='lat' dir='ltr'><strong>(l)</strong></span> <span class='ocrx_word' id='word_1_726' title='bbox 253 2536 317 2564; x_wconf 76' lang='lat' dir='ltr'><strong>Tria</strong></span> <span class='ocrx_word' id='word_1_727' title='bbox 331 2537 389 2564; x_wconf 64' lang='lat' dir='ltr'><strong>hanc</strong></span> <span class='ocrx_word' id='word_1_728' title='bbox 403 2536 555 2572; x_wconf 72' lang='lat' dir='ltr'><strong>fragmenta</strong></span> <span class='ocrx_word' id='word_1_729' title='bbox 567 2535 606 2572; x_wconf 77' lang='lat' dir='ltr'><strong>ad</strong></span> <span class='ocrx_word' id='word_1_730' title='bbox 617 2544 643 2572; x_wconf 85' lang='lat' dir='ltr'><strong>v.</strong></span> <span class='ocrx_word' id='word_1_731' title='bbox 659 2536 748 2572; x_wconf 75' lang='lat' dir='ltr'><strong>9,_M,</strong></span> <span class='ocrx_word' id='word_1_732' title='bbox 761 2536 804 2568; x_wconf 79' lang='grc'><strong>12,</strong></span> <span class='ocrx_word' id='word_1_733' title='bbox 821 2536 950 2572; x_wconf 78' lang='lat' dir='ltr'><strong>leguntur</strong></span> 
     </span>
    </p>
   </div>
   <div class='ocr_carea' id='block_1_100' title="bbox 161 2570 948 2606">
    <p class='ocr_par' dir='ltr' id='par_1_100' title="bbox 161 2570 948 2606">
     <span class='ocr_line' id='line_1_100' title="bbox 161 2570 948 2606; baseline -0.003 -7"><span class='ocrx_word' id='word_1_734' title='bbox 161 2570 244 2599; x_wconf 77' lang='lat' dir='ltr'><strong>etiam</strong></span> <span class='ocrx_word' id='word_1_735' title='bbox 255 2572 282 2598; x_wconf 90' lang='lat' dir='ltr'><strong>in</strong></span> <span class='ocrx_word' id='word_1_736' title='bbox 291 2570 486 2598; x_wconf 81' lang='lat' dir='ltr'><strong>commentario</strong></span> <span class='ocrx_word' id='word_1_737' title='bbox 498 2570 525 2598; x_wconf 74' lang='lat' dir='ltr'><strong>S.</strong></span> <span class='ocrx_word' id='word_1_738' title='bbox 537 2571 630 2606; x_wconf 77' lang='lat' dir='ltr'><strong>Cyrilli</strong></span> <span class='ocrx_word' id='word_1_739' title='bbox 644 2571 678 2606; x_wconf 79' lang='lat' dir='ltr'><strong>ad</strong></span> <span class='ocrx_word' id='word_1_740' title='bbox 691 2570 802 2606; x_wconf 81' lang='lat' dir='ltr'><strong>Lucam,</strong></span> <span class='ocrx_word' id='word_1_741' title='bbox 812 2570 884 2606; x_wconf 81' lang='lat' dir='ltr'><strong>apud</strong></span> <span class='ocrx_word' id='word_1_742' title='bbox 898 2578 948 2606; x_wconf 75' lang='lat' dir='ltr'><strong>nos</strong></span> 
     </span>
    </p>
   </div>
   <div class='ocr_carea' id='block_1_101' title="bbox 161 2605 946 2641">
    <p class='ocr_par' dir='ltr' id='par_1_101' title="bbox 161 2605 946 2641">
     <span class='ocr_line' id='line_1_101' title="bbox 161 2605 946 2641; baseline -0.003 -7"><span class='ocrx_word' id='word_1_743' title='bbox 161 2607 217 2634; x_wconf 79' lang='lat' dir='ltr'><strong>AA.</strong></span> <span class='ocrx_word' id='word_1_744' title='bbox 244 2607 322 2641; x_wconf 72' lang='lat' dir='ltr'><strong>class.</strong></span> <span class='ocrx_word' id='word_1_745' title='bbox 345 2606 378 2633; x_wconf 84' lang='grc' dir='ltr'><strong>Τ.</strong></span> <span class='ocrx_word' id='word_1_746' title='bbox 393 2606 428 2638; x_wconf 78' lang='grc' dir='ltr'>Χ,</span> <span class='ocrx_word' id='word_1_747' title='bbox 446 2614 474 2640; x_wconf 85' lang='lat' dir='ltr'><strong>p.</strong></span> <span class='ocrx_word' id='word_1_748' title='bbox 491 2605 587 2633; x_wconf 68' lang='lat'><strong>54-56.</strong></span> <span class='ocrx_word' id='word_1_749' title='bbox 601 2605 640 2641; x_wconf 76' lang='lat' dir='ltr'><strong>[et</strong></span> <span class='ocrx_word' id='word_1_750' title='bbox 652 2605 721 2632; x_wconf 85' lang='lat' dir='ltr'><strong>Bibl.</strong></span> <span class='ocrx_word' id='word_1_751' title='bbox 743 2605 816 2633; x_wconf 44' lang='lat' dir='ltr'><strong>nova‘</strong></span> <span class='ocrx_word' id='word_1_752' title='bbox 831 2605 901 2638; x_wconf 80' lang='lat' dir='ltr'><strong>PP.,</strong></span> <span class='ocrx_word' id='word_1_753' title='bbox 914 2605 946 2638; x_wconf 92' lang='grc' dir='ltr'><strong>ΙΙ,</strong></span> 
     </span>
    </p>
   </div>
   <div class='ocr_carea' id='block_1_102' title="bbox 162 2642 302 2669">
    <p class='ocr_par' dir='ltr' id='par_1_102' title="bbox 162 2642 302 2669">
     <span class='ocr_line' id='line_1_102' title="bbox 162 2642 302 2669; baseline -0.007 0"><span class='ocrx_word' id='word_1_754' title='bbox 162 2642 213 2669; x_wconf 73' lang='grc'><strong>154</strong></span> <span class='ocrx_word' id='word_1_755' title='bbox 225 2649 302 2669; x_wconf 78' lang='lat' dir='ltr'><strong>seua.</strong></span> 
     </span>
    </p>
   </div>
   <div class='ocr_carea' id='block_1_103' title="bbox 197 2640 946 2712">
    <p class='ocr_par' dir='ltr' id='par_1_103' title="bbox 197 2640 946 2712">
     <span class='ocr_line' id='line_1_103' title="bbox 197 2640 946 2712; baseline -0.003 -7"><span class='ocrx_word' id='word_1_756' title='bbox 197 2640 340 2712; x_wconf 33' lang='lat'><strong>32:03:23.3;</strong></span> <span class='ocrx_word' id='word_1_757' title='bbox 351 2675 475 2712; x_wconf 77' lang='grc' dir='ltr'>πάντως,</span> <span class='ocrx_word' id='word_1_758' title='bbox 490 2675 537 2703; x_wconf 90' lang='lat' dir='ltr'><strong>sed</strong></span> <span class='ocrx_word' id='word_1_759' title='bbox 547 2675 659 2712; x_wconf 78' lang='lat' dir='ltr'><strong>mallem</strong></span> <span class='ocrx_word' id='word_1_760' title='bbox 668 2675 794 2712; x_wconf 70' lang='grc' dir='ltr'>πάντοτε,</span> <span class='ocrx_word' id='word_1_761' title='bbox 811 2679 894 2710; x_wconf 86' lang='lat' dir='ltr'><strong>atque</strong></span> <span class='ocrx_word' id='word_1_762' title='bbox 907 2675 946 2712; x_wconf 72' lang='lat' dir='ltr'><strong>ita</strong></span> 
     </span>
    </p>
   </div>
   <div class='ocr_carea' id='block_1_104' title="bbox 160 2710 941 2745">
    <p class='ocr_par' dir='ltr' id='par_1_104' title="bbox 160 2710 941 2745">
     <span class='ocr_line' id='line_1_104' title="bbox 160 2710 941 2745; baseline -0.003 -6"><span class='ocrx_word' id='word_1_763' title='bbox 160 2710 298 2742; x_wconf 85' lang='lat' dir='ltr'><strong>transtuli,</strong></span> <span class='ocrx_word' id='word_1_764' title='bbox 312 2710 375 2745; x_wconf 85' lang='lat' dir='ltr'><strong>quia</strong></span> <span class='ocrx_word' id='word_1_765' title='bbox 395 2715 469 2737; x_wconf 88' lang='lat' dir='ltr'><strong>certe</strong></span> <span class='ocrx_word' id='word_1_766' title='bbox 484 2711 556 2745; x_wconf 89' lang='lat' dir='ltr'><strong>apud</strong></span> <span class='ocrx_word' id='word_1_767' title='bbox 580 2711 674 2737; x_wconf 91' lang='lat' dir='ltr'><strong>divum</strong></span> <span class='ocrx_word' id='word_1_768' title='bbox 702 2711 776 2738; x_wconf 82' lang='lat' dir='ltr'><strong>Petr.</strong></span> <span class='ocrx_word' id='word_1_769' title='bbox 809 2715 895 2745; x_wconf 85' lang='lat' dir='ltr'><strong>apost.</strong></span> <span class='ocrx_word' id='word_1_770' title='bbox 909 2710 941 2742; x_wconf 86' lang='lat' dir='ltr'><strong>ll,</strong></span> 
     </span>
    </p>
   </div>
   <div class='ocr_carea' id='block_1_105' title="bbox 160 2745 942 2781">
    <p class='ocr_par' dir='ltr' id='par_1_105' title="bbox 160 2745 942 2781">
     <span class='ocr_line' id='line_1_105' title="bbox 160 2745 942 2781; baseline -0.001 -8"><span class='ocrx_word' id='word_1_771' title='bbox 160 2755 219 2781; x_wconf 86' lang='lat' dir='ltr'><strong>cap.</strong></span> <span class='ocrx_word' id='word_1_772' title='bbox 231 2754 250 2777; x_wconf 93' lang='lat' dir='ltr'><strong>l,</strong></span> <span class='ocrx_word' id='word_1_773' title='bbox 266 2747 299 2772; x_wconf 78' lang='grc'><strong>15</strong></span> <span class='ocrx_word' id='word_1_774' title='bbox 315 2750 342 2773; x_wconf 89' lang='lat' dir='ltr'><strong>et</strong></span> <span class='ocrx_word' id='word_1_775' title='bbox 357 2745 400 2777; x_wconf 71' lang='grc' dir='ltr'>Μ,</span> <span class='ocrx_word' id='word_1_776' title='bbox 415 2746 557 2780; x_wconf 77' lang='grc' dir='ltr'>σκήνωμα,</span> <span class='ocrx_word' id='word_1_777' title='bbox 572 2745 781 2778; x_wconf 75' lang='lat' dir='ltr'><strong>tabernaculum,</strong></span> <span class='ocrx_word' id='word_1_778' title='bbox 810 2753 859 2780; x_wconf 91' lang='lat' dir='ltr'><strong>pro</strong></span> <span class='ocrx_word' id='word_1_779' title='bbox 879 2753 942 2773; x_wconf 91' lang='lat' dir='ltr'><strong>cor-</strong></span> 
     </span>
    </p>
   </div>
   <div class='ocr_carea' id='block_1_106' title="bbox 158 2781 517 2816">
    <p class='ocr_par' dir='ltr' id='par_1_106' title="bbox 158 2781 517 2816">
     <span class='ocr_line' id='line_1_106' title="bbox 158 2781 517 2816; baseline -0.003 -8"><span class='ocrx_word' id='word_1_780' title='bbox 158 2789 224 2816; x_wconf 86' lang='lat' dir='ltr'><strong>pore</strong></span> <span class='ocrx_word' id='word_1_781' title='bbox 239 2781 385 2815; x_wconf 86' lang='lat' dir='ltr'><strong>aliquando</strong></span> <span class='ocrx_word' id='word_1_782' title='bbox 397 2781 517 2815; x_wconf 90' lang='lat' dir='ltr'><strong>ponitur.</strong></span> 
     </span>
    </p>
   </div>
   <div class='ocr_carea' id='block_1_107' title="bbox 195 2814 940 2851">
    <p class='ocr_par' dir='ltr' id='par_1_107' title="bbox 195 2814 940 2851">
     <span class='ocr_line' id='line_1_107' title="bbox 195 2814 940 2851; baseline 0.001 -9"><span class='ocrx_word' id='word_1_783' title='bbox 195 2817 231 2851; x_wconf 77' lang='grc'><strong>(5)</strong></span> <span class='ocrx_word' id='word_1_784' title='bbox 247 2814 304 2843; x_wconf 81' lang='lat' dir='ltr'><strong>lloc</strong></span> <span class='ocrx_word' id='word_1_785' title='bbox 318 2814 427 2850; x_wconf 83' lang='lat' dir='ltr'><strong>quoque</strong></span> <span class='ocrx_word' id='word_1_786' title='bbox 439 2821 531 2843; x_wconf 85' lang='lat' dir='ltr'><strong>contra</strong></span> <span class='ocrx_word' id='word_1_787' title='bbox 549 2815 748 2851; x_wconf 51' lang='lat' dir='ltr'><strong>Eusebium.“</strong></span> <span class='ocrx_word' id='word_1_788' title='bbox 762 2814 940 2851; x_wconf 70' lang='lat' dir='ltr'><strong>Theodorum</strong></span> 
     </span>
    </p>
   </div>
   <div class='ocr_carea' id='block_1_108' title="bbox 158 2850 939 2886">
    <p class='ocr_par' dir='ltr' id='par_1_108' title="bbox 158 2850 939 2886">
     <span class='ocr_line' id='line_1_108' title="bbox 158 2850 939 2886; baseline -0.003 -6"><span class='ocrx_word' id='word_1_789' title='bbox 158 2850 343 2880; x_wconf 74' lang='lat' dir='ltr'><strong>Heracleotaln</strong></span> <span class='ocrx_word' id='word_1_790' title='bbox 360 2859 435 2884; x_wconf 73' lang='lat' dir='ltr'><strong>mque</strong></span> <span class='ocrx_word' id='word_1_791' title='bbox 450 2851 588 2883; x_wconf 82' lang='lat' dir='ltr'><strong>Arianum,</strong></span> <span class='ocrx_word' id='word_1_792' title='bbox 605 2850 650 2884; x_wconf 86' lang='lat' dir='ltr'><strong>qui</strong></span> <span class='ocrx_word' id='word_1_793' title='bbox 669 2850 748 2877; x_wconf 82' lang='lat' dir='ltr'><strong>ambo</strong></span> <span class='ocrx_word' id='word_1_794' title='bbox 762 2850 831 2877; x_wconf 85' lang='lat' dir='ltr'><strong>hanc</strong></span> <span class='ocrx_word' id='word_1_795' title='bbox 840 2859 939 2886; x_wconf 88' lang='lat' dir='ltr'><strong>propo-</strong></span> 
     </span>
    </p>
   </div>
   <div class='ocr_carea' id='block_1_109' title="bbox 996 2534 1779 2572">
    <p class='ocr_par' dir='ltr' id='par_1_109' title="bbox 996 2534 1779 2572">
     <span class='ocr_line' id='line_1_109' title="bbox 996 2534 1779 2572; baseline 0.001 -10"><span class='ocrx_word' id='word_1_796' title='bbox 996 2538 1067 2572; x_wconf 80' lang='lat' dir='ltr'><strong>nunt</strong></span> <span class='ocrx_word' id='word_1_797' title='bbox 1079 2534 1444 2572; x_wconf 28' lang='lat' dir='ltr'><strong>interpretationemsPorro</strong></span> <span class='ocrx_word' id='word_1_798' title='bbox 1459 2536 1512 2564; x_wconf 86' lang='lat' dir='ltr'><strong>hoc</strong></span> <span class='ocrx_word' id='word_1_799' title='bbox 1531 2536 1713 2572; x_wconf 71' lang='lat' dir='ltr'><strong>fragmentum</strong></span> <span class='ocrx_word' id='word_1_800' title='bbox 1730 2543 1779 2564; x_wconf 41' lang='lat' dir='ltr'><strong>exs</strong></span> 
     </span>
    </p>
   </div>
   <div class='ocr_carea' id='block_1_110' title="bbox 997 2570 1780 2606">
    <p class='ocr_par' dir='ltr' id='par_1_110' title="bbox 997 2570 1780 2606">
     <span class='ocr_line' id='line_1_110' title="bbox 997 2570 1780 2606; baseline 0.001 -9"><span class='ocrx_word' id='word_1_801' title='bbox 997 2570 1086 2606; x_wconf 74' lang='lat' dir='ltr'><strong>stabat</strong></span> <span class='ocrx_word' id='word_1_802' title='bbox 1102 2578 1268 2606; x_wconf 82' lang='lat' dir='ltr'><strong>anonymum</strong></span> <span class='ocrx_word' id='word_1_803' title='bbox 1283 2571 1355 2605; x_wconf 91' lang='lat' dir='ltr'><strong>apud</strong></span> <span class='ocrx_word' id='word_1_804' title='bbox 1373 2571 1553 2604; x_wconf 86' lang='lat' dir='ltr'><strong>Corderium;</strong></span> <span class='ocrx_word' id='word_1_805' title='bbox 1573 2570 1621 2599; x_wconf 80' lang='lat' dir='ltr'><strong>sed</strong></span> <span class='ocrx_word' id='word_1_806' title='bbox 1631 2579 1695 2599; x_wconf 88' lang='lat' dir='ltr'><strong>ecce</strong></span> <span class='ocrx_word' id='word_1_807' title='bbox 1706 2577 1780 2598; x_wconf 84' lang='lat' dir='ltr'><strong>nunc</strong></span> 
     </span>
    </p>
   </div>
   <div class='ocr_carea' id='block_1_111' title="bbox 996 2604 1555 2641">
    <p class='ocr_par' dir='ltr' id='par_1_111' title="bbox 996 2604 1555 2641">
     <span class='ocr_line' id='line_1_111' title="bbox 996 2604 1555 2641; baseline 0.004 -9"><span class='ocrx_word' id='word_1_808' title='bbox 996 2604 1184 2641; x_wconf 14' lang='lat' dir='ltr'><strong>duo‘codices&#39;</strong></span> <span class='ocrx_word' id='word_1_809' title='bbox 1193 2607 1265 2633; x_wconf 87' lang='lat' dir='ltr'><strong>Vatt.</strong></span> <span class='ocrx_word' id='word_1_810' title='bbox 1277 2604 1378 2641; x_wconf 67' lang='lat' dir='ltr'><strong>Cj&#39;rillo</strong></span> <span class='ocrx_word' id='word_1_811' title='bbox 1394 2607 1555 2634; x_wconf 88' lang='lat' dir='ltr'><strong>inscribunt.</strong></span> 
     </span>
    </p>
   </div>
   <div class='ocr_carea' id='block_1_112' title="bbox 1031 2639 1776 2676">
    <p class='ocr_par' dir='ltr' id='par_1_112' title="bbox 1031 2639 1776 2676">
     <span class='ocr_line' id='line_1_112' title="bbox 1031 2639 1776 2676; baseline 0.003 -9"><span class='ocrx_word' id='word_1_812' title='bbox 1031 2639 1068 2676; x_wconf 68' lang='grc'><strong>(4)</strong></span> <span class='ocrx_word' id='word_1_813' title='bbox 1085 2640 1155 2668; x_wconf 87' lang='lat' dir='ltr'><strong>Hinc</strong></span> <span class='ocrx_word' id='word_1_814' title='bbox 1166 2641 1256 2668; x_wconf 87' lang='lat' dir='ltr'><strong>denuo</strong></span> <span class='ocrx_word' id='word_1_815' title='bbox 1271 2639 1461 2676; x_wconf 77' lang='lat' dir='ltr'><strong>cognoscimus</strong></span> <span class='ocrx_word' id='word_1_816' title='bbox 1472 2646 1641 2676; x_wconf 91' lang='lat' dir='ltr'><strong>quantopere</strong></span> <span class='ocrx_word' id='word_1_817' title='bbox 1659 2642 1776 2674; x_wconf 84' lang='lat' dir='ltr'><strong>intersit,</strong></span> 
     </span>
    </p>
   </div>
   <div class='ocr_carea' id='block_1_113' title="bbox 995 2673 1776 2710">
    <p class='ocr_par' dir='ltr' id='par_1_113' title="bbox 995 2673 1776 2710">
     <span class='ocr_line' id='line_1_113' title="bbox 995 2673 1776 2710; baseline 0.001 -8"><span class='ocrx_word' id='word_1_818' title='bbox 995 2673 1165 2710; x_wconf 86' lang='lat' dir='ltr'><strong>Scripturam</strong></span> <span class='ocrx_word' id='word_1_819' title='bbox 1189 2683 1295 2703; x_wconf 89' lang='lat' dir='ltr'><strong>sacram</strong></span> <span class='ocrx_word' id='word_1_820' title='bbox 1307 2673 1438 2703; x_wconf 60' lang='lat' dir='ltr'><strong>&#39;ducibus</strong></span> <span class='ocrx_word' id='word_1_821' title='bbox 1457 2673 1585 2703; x_wconf 69' lang='lat' dir='ltr'><strong>Patribus</strong></span> <span class='ocrx_word' id='word_1_822' title='bbox 1607 2677 1776 2708; x_wconf 83' lang='lat' dir='ltr'><strong>orthodoxis,</strong></span> 
     </span>
    </p>
   </div>
   <div class='ocr_carea' id='block_1_114' title="bbox 994 2711 1777 2743">
    <p class='ocr_par' dir='ltr' id='par_1_114' title="bbox 994 2711 1777 2743">
     <span class='ocr_line' id='line_1_114' title="bbox 994 2711 1777 2743; baseline 0.003 -7"><span class='ocrx_word' id='word_1_823' title='bbox 994 2717 1050 2737; x_wconf 92' lang='lat' dir='ltr'><strong>non</strong></span> <span class='ocrx_word' id='word_1_824' title='bbox 1063 2715 1154 2737; x_wconf 87' lang='lat' dir='ltr'><strong>autem</strong></span> <span class='ocrx_word' id='word_1_825' title='bbox 1170 2711 1353 2742; x_wconf 84' lang='lat' dir='ltr'><strong>heterodoxis,</strong></span> <span class='ocrx_word' id='word_1_826' title='bbox 1374 2711 1462 2738; x_wconf 91' lang='lat' dir='ltr'><strong>doctis</strong></span> <span class='ocrx_word' id='word_1_827' title='bbox 1480 2712 1543 2738; x_wconf 90' lang='lat' dir='ltr'><strong>licet</strong></span> <span class='ocrx_word' id='word_1_828' title='bbox 1554 2711 1721 2743; x_wconf 85' lang='lat' dir='ltr'><strong>hominibus,</strong></span> <span class='ocrx_word' id='word_1_829' title='bbox 1737 2711 1777 2738; x_wconf 56' lang='lat' dir='ltr'><strong>in:</strong></span> 
     </span>
    </p>
   </div>
   <div class='ocr_carea' id='block_1_115' title="bbox 995 2746 1776 2781">
    <p class='ocr_par' dir='ltr' id='par_1_115' title="bbox 995 2746 1776 2781">
     <span class='ocr_line' id='line_1_115' title="bbox 995 2746 1776 2781; baseline 0.001 -10"><span class='ocrx_word' id='word_1_830' title='bbox 995 2746 1140 2781; x_wconf 80' lang='lat' dir='ltr'><strong>terpretari</strong></span> <span class='ocrx_word' id='word_1_831' title='bbox 1164 2750 1246 2781; x_wconf 89' lang='lat' dir='ltr'><strong>atque</strong></span> <span class='ocrx_word' id='word_1_832' title='bbox 1278 2746 1442 2781; x_wconf 70' lang='lat' dir='ltr'><strong>intelligere.</strong></span> <span class='ocrx_word' id='word_1_833' title='bbox 1469 2746 1539 2774; x_wconf 87' lang='lat' dir='ltr'><strong>Ecce</strong></span> <span class='ocrx_word' id='word_1_834' title='bbox 1566 2746 1639 2772; x_wconf 89' lang='lat' dir='ltr'><strong>enim</strong></span> <span class='ocrx_word' id='word_1_835' title='bbox 1663 2753 1696 2773; x_wconf 79' lang='lat' dir='ltr'><strong>ex</strong></span> <span class='ocrx_word' id='word_1_836' title='bbox 1722 2753 1776 2773; x_wconf 93' lang='lat' dir='ltr'><strong>uno</strong></span> 
     </span>
    </p>
   </div>
   <div class='ocr_carea' id='block_1_116' title="bbox 993 2780 1777 2842">
    <p class='ocr_par' dir='ltr' id='par_1_116' title="bbox 993 2780 1777 2842">
     <span class='ocr_line' id='line_1_116' title="bbox 993 2780 1777 2842; baseline 0.001 -35"><span class='ocrx_word' id='word_1_837' title='bbox 993 2780 1132 2842; x_wconf 59' lang='lat' dir='ltr'><strong>lversiclli’lo</strong></span> <span class='ocrx_word' id='word_1_838' title='bbox 1143 2781 1190 2808; x_wconf 90' lang='lat' dir='ltr'><strong>alii</strong></span> <span class='ocrx_word' id='word_1_839' title='bbox 1204 2780 1344 2809; x_wconf 40' lang='lat' dir='ltr'><strong>’Arianum</strong></span> <span class='ocrx_word' id='word_1_840' title='bbox 1372 2780 1518 2813; x_wconf 80' lang='lat' dir='ltr'><strong>venenum,</strong></span> <span class='ocrx_word' id='word_1_841' title='bbox 1542 2781 1588 2808; x_wconf 90' lang='lat' dir='ltr'><strong>alii</strong></span> <span class='ocrx_word' id='word_1_842' title='bbox 1602 2780 1665 2808; x_wconf 71' lang='lat' dir='ltr'><strong>vitae</strong></span> <span class='ocrx_word' id='word_1_843' title='bbox 1681 2785 1777 2816; x_wconf 85' lang='lat' dir='ltr'><strong>potum</strong></span> 
     </span>
     <span class='ocr_line' id='line_1_117' title="bbox 1002 2819 1163 2842; baseline 0 0"><span class='ocrx_word' id='word_1_844' title='bbox 1002 2823 1087 2842; x_wconf 75' lang='lat' dir='ltr'><strong>laurie</strong></span> <span class='ocrx_word' id='word_1_845' title='bbox 1108 2819 1163 2842; x_wconf 84' lang='lat' dir='ltr'><strong>ant.</strong></span> 
     </span>
    </p>
   </div>
   <div class='ocr_carea' id='block_1_117' title="bbox 992 2815 1163 2843">
    <p class='ocr_par' dir='ltr' id='par_1_117' title="bbox 992 2815 1163 2843">
     <span class='ocr_line' id='line_1_118' title="bbox 992 2815 1163 2843; baseline 0.006 -2"><span class='ocrx_word' id='word_1_846' title='bbox 992 2815 1163 2843; x_wconf 85' lang='lat' dir='ltr'><strong>hauriebam.</strong></span> 
     </span>
    </p>
   </div>
  </div>
