1998 3062
183 127 253 155 £235

841 123 874 150 lN
897 122 1059 151 PSALMUM
1079 122 1170 151 XCIII.

1768 121 1821 148 εει

183 182 343 218 ιπιτίμησιν
362 183 410 209 καὶ
423 181 472 217 τὴν
486 181 673 217 ἀγανάκτησιν
696 181 781 216 δηλοῖ.
802 181 874 215 Ἔφη
892 179 946 214 γὰρ
961 179 970 205 ἐ

1028 187 1081 214 que
1105 179 1248 215 signiﬁcat.
1275 178 1321 207 Ait
1338 179 1411 207 enim
1435 178 1587 206 Salomon:
1611 188 1620 204 1
1638 178 1688 205 Fili
1714 178 1761 210 mi,
1785 186 1820 205 ne

184 227 311 263 Σολομῶν
322 235 330 243 ·
351 237 360 254 1
378 227 426 255 Υίέ
441 236 502 263 μου,
517 228 554 263 μὴ
573 227 700 262 ὀλιγώρει
718 226 844 258 παιδείας
858 225 971 260 Κυρίου,

185 274 253 309 μηδὲ
269 273 367 301 ἐκλύου
382 273 429 300 ὑπ’
446 274 529 300 αὑτοῦ
552 274 730 309 ἐλεγχόμενος
741 282 747 289 ·
763 272 791 299 ὃν
808 272 863 307 γὰρ
879 271 973 306 ἀγαπᾷ

183 319 286 354 Κύριος
305 319 447 352 παιδεύει,
468 321 597 354 μαστιγοῖ
611 319 639 346 δὲ
655 319 744 345 πάντα
760 318 818 345 υἱὸν
832 318 861 345 ὃν
884 326 974 353 παρα-

183 365 301 400 δέχεται.
324 375 333 390 ι
351 365 456 392 Οὐκοῦν
472 365 527 392 τῶν
547 365 669 400 ἐλέγχων
737 364 852 399 δύναμις
870 363 900 390 τὸ
922 371 974 398 μα-

185 410 326 443 στίζεσθαι
340 411 424 447 δηλοῖ.
436 411 507 447 --(Κ
520 411 539 438 f.
556 411 629 446 168.)
645 410 761 442 Φυσικὸς
773 409 905 445 λογισμὸς
920 418 973 444 μη-

183 456 277 492 δαμῶς
294 457 404 483 ἕλαττον
429 454 499 483 εἶναι
515 456 562 482 τοῦ
583 456 741 492 ποιηθέντος
759 455 789 482 τὺ
809 455 970 489 πεποιηκός.

185 502 320 537 ’Ἀφρονες
333 499 379 528 οὖν
395 502 508 534 εἰκότως
531 502 579 529 καί
600 501 703 537 μωροὶ,
721 501 744 528 oi
765 500 832 537 μηδέ
844 500 972 527 τοσοῦτον

182 549 362 582 γινώσκοντες
372 548 426 575 τῶν
441 548 511 575 κατὰ
522 548 602 583 φύσιν
617 547 753 584 πράξεων,
770 547 809 578 εἰς
819 547 882 578 τοὺς
897 546 973 582 παρὰ

183 593 265 628 φύσιν
281 595 439 629 ἁναγωγοὺς
464 594 612 630 λογισμοῦς
626 602 633 609 '
650 594 698 621 καὶ
719 593 758 629 τῷ
775 594 811 629 μὴ
830 593 971 628 βούλεσθαι

182 641 273 676 κρίσιν
293 641 421 677 ὑποσχεῖν
445 642 491 668 ἐπὶ
512 641 644 673 τοιούτοις
665 642 722 672 τοῖς
744 640 968 675 πεπραγμένοις·

181 686 232 721 ἤδη
250 687 296 712 καὶ
309 686 431 719 δοξάζειν
446 687 639 714 ἀναπείθουσιν
651 686 688 718 ὥς
700 686 754 713 οὐδ’
770 686 845 712 ἔσται
863 685 952 721 κρίσις
964 692 970 698 ·

181 731 211 757 sb
230 732 259 758 δὲ
279 732 409 759 ἀδύνατον
433 733 598 759 ὑπολαϐεῖν
620 733 643 759 εἰ
666 732 703 767 μὴ
723 731 771 758 καὶ
794 731 972 766 ἀνηκουστεῖν

181 778 246 812 περὶ
261 778 295 805 τὰ
309 779 454 815 λεγόμενα,
473 779 520 806 καὶ
532 779 678 806 ἀΰλεπτεῖν
693 779 756 814 περὶ
772 777 807 804 τὰ
825 777 970 813 γενόμενα,

181 824 228 850 καὶ
239 824 346 858 ἀγνοεῖν
365 825 450 851 ταῦτα
468 825 588 860 νομίσειέ
601 833 643 856 τις
659 825 706 851 τὸν
720 824 797 851 Θεόν.

216 881 248 916 (Β
262 881 281 908 l'.
299 882 362 915 585,
375 882 397 909 Il
412 882 430 909 Γ.
444 883 505 910 416.
522 882 604 910 Cord.
621 882 751 915 Diodori.)
761 880 912 917 [Ἐλέγχων
927 881 974 907 αὖ·
991 880 1010 907 Β

179 927 234 953 τῶν
253 927 302 963 τὴν
319 928 459 963 ἁμαρτίαν
475 930 488 955 ὁ
508 928 574 959 est;
591 929 641 955 οὐκ
657 928 738 959 εὐθὺς
754 927 879 963 ἐπήγαγε
895 927 928 953 τὰ
944 927 974 958 ἐξ

179 973 275 1007 ὀργῆς,
295 973 352 999 ἀλλ’
366 973 403 1005 ὡς
427 973 530 1008 ἀγαθὸς
546 974 592 1000 καὶ
610 973 802 1008 φιλάνθρωπος
813 993 820 1005 ,
840 973 888 1000 καὶ
901 973 971 1000 ἀπα-

181 1017 314 1053 ράϐλητον
339 1018 408 1054 ἔχων
432 1019 482 1054 τὴν
508 1019 682 1054 ἡμερότητα,
701 1019 843 1054 χαρίζεται
870 1019 973 1052 μᾶλλον

179 1063 271 1095 αὐτοῖς
281 1064 330 1100 τῆς
346 1064 487 1096 νουθεσίας
499 1064 529 1091 τι
545 1064 701 1100 φάρμακον,
712 1065 760 1091 καὶ
775 1064 820 1091 τὸν
834 1065 883 1100 τῆς
903 1073 973 1091 κατ-

178 1109 303 1145 ηχήσεως
324 1110 450 1146 ὲξαρτύει
484 1110 562 1145 λόγον
575 1119 582 1126 θ
601 1121 609 1137 1
640 1111 736 1137 Σῠνετε
752 1111 795 1146 δὴ,
811 1111 937 1146 ἄφρονες.
960 1120 969 1137 ι

185 1153 260 1180 Ὠσεὶ
284 1154 371 1188 λέγων
382 1163 390 1170 '
408 1155 467 1182 Κᾶν
485 1155 533 1190 et:
556 1156 572 1191 ἢ
597 1155 644 1182 καὶ
659 1155 706 1183 νῦν
723 1155 789 1191 γοῦν
805 1157 970 1192 φρονήσατε,

179 1200 270 1227 ἐκεῖνο
292 1200 353 1227 καθ’
378 1201 492 1233 ἑαυτοὺς
507 1202 716 1237 ἐννενοηκότες·
741 1211 750 1228 1
779 1201 808 1229 Ὀ
831 1202 970 1237 φυτεύσας

179 1245 284 1281 ἑτέροις
299 1247 384 1282 ἀκοὴν
398 1268 404 1279 ,
423 1247 505 1279 αὐτὸς
521 1247 571 1274 οὐκ
589 1247 699 1279 ἀκούει;
730 1248 759 1274 '0
775 1248 881 1280 πλάσας
903 1249 970 1283 ἡμῖν

178 1290 328 1327 ὀφθαλμὸν,
343 1293 391 1328 οὐχ
406 1293 458 1328 ὀρᾷ
471 1302 478 1326 ;
503 1303 512 1319 ι
533 1293 563 1319 'O
576 1294 685 1320 πάντων
699 1295 764 1330 ἡμῖν
784 1295 839 1322 τῶν
857 1294 969 1330 ἀγαθῶν

178 1337 295 1372 χορηγὸς
312 1339 394 1370 αὐτὸς
417 1339 561 1374 ἐστέρηται
583 1339 685 1367 τούτων
701 1349 708 1373 ;
726 1340 831 1368 Οὐκοῦν
851 1341 901 1373 τὰς
915 1342 970 1369 τῶν

177 1381 316 1408 ἀσυνέτων
332 1383 446 1418 ἀφέντες
461 1383 584 1419 γνώμας,
602 1385 834 1421 μνημονεύσωμεν
844 1386 969 1421 λέγοντος

177 1427 224 1453 τοῦ
241 1429 444 1464 Παροιμιαστοΰ
455 1438 461 1444 ·
479 1439 487 1455 1
510 1430 608 1466 Ὀρθὰς
618 1432 729 1467 τροχιὰς
739 1432 810 1458 ποίει
823 1434 878 1465 σοῖς
894 1434 967 1466 ποσὶ,

177 1474 224 1500 καὶ
237 1474 285 1505 τὰς
294 1475 370 1507 ὁδούς
379 1484 426 1502 σου
440 1475 612 1503 κατεύθυνον.
625 1487 634 1503 ι
650 1476 839 1513 Ἐνώπιονγὰρ
855 1479 907 1505 εἰσι
915 1478 970 1506 τῶν

176 1519 244 1546 Θεοῦ
258 1520 404 1556 ὀφθαλμῶν
419 1522 473 1548 ὁδοὶ
495 1522 591 1556 ἀνδρός
605 1530 612 1537 ·
631 1523 670 1554 εἱς
685 1523 713 1549 δὲ
729 1523 820 1556 πάσας
838 1524 887 1556 τὰς
903 1532 968 1561 τρο-

1028 229 1190 253 contemnas
1200 225 1374 261 disciplinam
1386 225 1506 256 Domini,
1520 232 1572 252 nec
1584 225 1695 252 deﬁcias
1712 232 1773 252 cum
1785 224 1819 251 ab
1843 251 1848 259 ι

1024 279 1058 299 eo
1074 272 1233 306 corripieris
1248 281 1254 298 :
1271 279 1352 307 quem
1365 272 1439 299 enim
1456 271 1546 306 diligit
1563 271 1635 298 Deus
1650 271 1775 306 corripit,
1792 276 1820 298 et

1024 318 1176 353 quemlibet
1189 317 1241 345 sibi
1255 322 1396 352 acceptum
1408 317 1493 345 ﬁlium
1503 317 1659 353 ﬂagellat”.
1668 328 1676 342 ι
1696 317 1766 352 Ergo
1775 317 1821 344 hic

1024 363 1161 391 correctio
1179 363 1386 398 castigationem
1411 363 1642 390 denotat.——Vox
1658 367 1763 390 natura:
1778 367 1821 390 est

1024 417 1165 444 nunquam
1182 410 1316 437 minorem
1326 417 1385 437 esse
1398 413 1535 437 creantem
1544 413 1646 436 creato.
1658 409 1819 444 26711ιεί-

1023 455 1131 490 pientes
1146 455 1228 490 igitur
1243 455 1384 483 enimvero
1400 455 1541 491 stultique,
1553 455 1600 491 qui
1611 463 1656 482 res
1668 460 1773 482 natura:
1785 463 1820 482 ne

1023 506 1138 529 eatenus
1144 502 1253 537 quidem
1260 507 1372 535 norunt,
1380 507 1514 537 quatenus
1520 502 1553 529 ad
1559 502 1709 529 sententias
1716 506 1820 529 natura:

1024 548 1176 575 contrarias
1187 547 1299 575 minime
1310 547 1501 580 devolvanlur,
1514 551 1542 575 et
1558 547 1693 574 factorum
1705 553 1818 574 suorum

1021 594 1157 630 judicium
1175 594 1349 627 detrectent;
1370 594 1426 621 imo
1443 598 1470 621 et
1487 593 1548 621 aliis
1567 593 1701 620 suadeant.
1711 593 1816 620 nullum

1024 641 1225 676 forcjudieium
1242 645 1287 668 :et
1303 641 1377 676 quod
1396 645 1438 668 est
1454 640 1636 676 impossibile,
1650 640 1816 676 opinentur;

1023 687 1077 714 nisi
1100 686 1172 714 forte
1192 687 1278 714 Deum
1296 691 1324 714 et
1341 687 1416 714 dicta
1433 694 1488 713 non
1505 686 1613 719 audire,
1631 691 1659 714 et
1679 686 1749 713 facta
1763 693 1817 712 non

1024 733 1126 760 intueri
1142 737 1189 760 aut
1200 733 1281 766 scire,
1295 733 1432 768 quispiam
1446 733 1594 760 existimet.

1062 879 1146 914 [Deus
1158 883 1301 914 peccatum
1311 887 1407 907 eorum
1419 879 1566 914 increpans
1578 886 1633 906 non
1645 878 1737 905 statim
1748 878 1816 905 iram

1026 925 1166 959 irrogavit,
1182 924 1229 951 sed
1242 929 1370 960 tanquam
1383 925 1473 952 bonus
1485 929 1512 952 et
1525 925 1656 957 clemens,
1668 929 1695 952 et
1711 924 1818 952 incom-

1024 970 1140 1005 parabili
1153 971 1284 1005 prtcditus
1300 970 1522 1002 mansuetudine,
1533 971 1715 998 correctionis
1725 970 1817 1005 politis

1024 1016 1202 1051 pharmaeum
1221 1016 1287 1051 ipsis
1303 1017 1415 1051 pnebet,
1429 1022 1457 1044 et
1469 1017 1650 1044 institutionis
1662 1025 1817 1044 sermonem

1024 1064 1136 1091 inchoat
1157 1064 1252 1091 dicetis
1275 1072 1280 1090 :
1306 1074 1315 1090 1
1331 1064 1487 1099 Intelligile,
1510 1064 1680 1099 insipientes.
1701 1074 1710 1090 ι
1734 1064 1816 1097 Quasi

1023 1109 1114 1137 dicat:
1134 1110 1210 1137 Licet
1235 1118 1297 1137 sero
1315 1110 1357 1137 vel
1376 1111 1526 1137 etiamnum
1544 1111 1691 1146 aliquando
1718 1111 1816 1145 sapite,

1023 1157 1075 1183 hoc
1090 1156 1163 1192 apud
1175 1156 1356 1191 vosmetipsos
1368 1156 1550 1191 recogitantes
1565 1165 1571 1182 ε
1592 1166 1600 1181 1
1618 1155 1669 1189 Qui
1682 1155 1817 1191 plantavit

1022 1203 1083 1231 aliis
1100 1211 1205 1235 aurem,
1227 1202 1285 1238 ipse
1303 1210 1358 1230 non
1378 1202 1476 1230 audit?
1493 1202 1544 1236 Qui
1563 1202 1640 1229 ﬁnxit
1657 1202 1736 1229 nobis
1748 1209 1816 1229 ocu~

1022 1248 1090 1280 lum,
1110 1257 1166 1276 non
1188 1249 1283 1276 videt?
1299 1259 1308 1274 ›
1327 1248 1378 1282 Qui
1392 1249 1470 1276 nobis
1483 1249 1618 1275 bonorum
1630 1248 1754 1276 omnium
1768 1256 1818 1275 au-

1021 1300 1081 1323 ctor
1092 1299 1144 1327 est,
1158 1296 1275 1331 ipsemet
1287 1295 1329 1322 liis
1345 1295 1468 1330 privatus
1479 1295 1534 1321 sit?
1547 1295 1640 1328 Itaque
1656 1294 1816 1328 impruden-

1021 1340 1090 1368 tium
1105 1340 1250 1375 opiniones
1266 1340 1426 1367 deserentes
1438 1339 1616 1367 recordemur
1630 1339 1815 1366 Parmmiasta:

1020 1387 1139 1415 dicentis
1156 1396 1162 1413 :
1188 1396 1196 1412 1
1218 1386 1318 1413 Reetas
1336 1386 1442 1413 orbitas
1454 1385 1495 1413 fac
1509 1385 1564 1412 tuis
1576 1385 1703 1420 pedibus,
1714 1389 1742 1412 et
1756 1385 1815 1412 vias

1021 1436 1082 1459 tuas
1092 1431 1179 1466 dirige
1191 1431 1227 1456 ".
1244 1441 1252 1456 ›
1267 1430 1333 1458 Nam
1345 1438 1436 1457 coram
1450 1430 1537 1457 oculis
1549 1430 1597 1457 Dei
1610 1433 1674 1457 sunt
1684 1429 1735 1457 viae
1745 1429 1813 1462 viri;

1021 1477 1048 1504 in
1070 1485 1166 1504 omnes
1185 1481 1277 1504 autem
1298 1476 1402 1504 orbitas
1423 1476 1482 1512 ejus
1497 1476 1554 1511 ipse
1572 1475 1738 1503 considerat.
1756 1475 1814 1503 Hoc

1020 1522 1102 1551 modo
1127 1523 1270 1550 constituti
1287 1527 1389 1550 rectam
1405 1526 1432 1549 et
1450 1522 1651 1550 immaculatam
1667 1522 1751 1549 vitam
1773 1522 1814 1549 vi-

176 1563 238 1598 χιὰς
254 1565 337 1591 αὑτοῦ
355 1566 495 1593 σκοπεύει.
523 1566 601 1593 Οὕτω
624 1567 791 1603 διακείμενοι
817 1568 863 1595 τὸν
888 1569 968 1604 ὀρθὸν

1022 1577 1126 1602 remus,
1140 1569 1217 1604 quasi
1231 1569 1287 1596 Deo
1299 1567 1472 1604 aspiciente.]

176 1610 224 1636 aut
239 1609 388 1647 ἀμώμητον
402 1611 567 1648 διαζήσομεν
580 1613 647 1648 βίον,
657 1613 694 1646 ὡς
709 1614 860 1649 ἐφορῶντος
874 1615 968 1652 Θεοῦ,1

303 1687 351 1724 ['0
366 1689 516 1717 παιδεύων
534 1690 607 1724 ἔθνη
622 1691 689 1725 οὐχὶ
702 1691 836 1726 ἐνῖἐγξειξ

212 1732 243 1763 (Β
260 1732 278 1760 f.
297 1733 359 1765 585,
374 1733 396 1760 Il
416 1733 434 1760 Γ.
449 1734 511 1761 417.
522 1733 606 1762 Cord.
620 1735 749 1771 Eusebii.)
768 1737 897 1764 Βούλεται
915 1747 966 1773 μα-

174 1778 317 1813 ταιότητος
333 1779 382 1814 μὲν
397 1779 547 1815 ἀποστῆναι
557 1781 620 1812 τοὺς
636 1782 680 1808 ἐπὶ
692 1782 742 1818 τῆς
756 1783 808 1818 γῆς
822 1783 869 1810 καὶ
881 1792 966 1819 προσ-

176 1823 280 1859 καίρων
296 1825 342 1851 καὶ
355 1825 495 1861 φθαρτῶν,
513 1825 561 1853 καὶ
571 1826 768 1863 ἀπολλυμένων
777 1830 950 1865 πραγμάτων
959 1839 965 1847 ”

174 1869 333 1897 ἀνθελέσθαι
353 1871 382 1897 δὲ
409 1872 509 1907 μᾶλλον
530 1872 564 1899 τὰ
591 1874 735 1907 πεπηγότα
758 1875 807 1902 καὶ
831 1875 965 1910 μένοντα,

176 1918 224 1942 καὶ
237 1917 277 1948 εἰς
291 1916 362 1952 ζωὴν
380 1917 552 1953 ἀποφέροντα
563 1919 612 1949 τὴν
625 1918 745 1946 αἰώνιον.
761 1921 966 1956 Διαλογισμοὺς

175 1962 204 1988 δέ
219 1970 301 1996 φησιν
316 1963 345 1988 ὲν
358 1962 464 1995 τούτοις
480 1963 529 1995 τὰς
543 1964 715 2000 ἐνθυμήσεις,
731 1966 791 2001 ἦτοι
805 1966 855 1998 τὰς
869 1967 964 1994 ἐπιθυ-

176 2007 252 2042 μίας,
267 2007 300 2039 ἃς
313 2009 354 2042 ἐφ’
369 2008 477 2045 ἑκάστῳ
490 2010 635 2045 πράγματι
651 2011 790 2039 ποιοῦνταί
807 2021 888 2045 τινες.
902 2013 917 2049 ]ι

264 2064 427 2100 [Μακάριος
441 2065 593 2100 ἅνθρωπος
612 2067 648 2095 ὃν
661 2068 701 2096 ἂν
714 2069 892 2105 παιδεύσῃς.

211 2121 243 2156 (Β
257 2121 276 2148 f.
295 2122 357 2155 585,
377 2122 400 2149 Η
420 2122 439 2150 f.
457 2123 518 2151 417.
539 2123 621 2152 Cord.
650 2124 802 2161 Anonymi.)
824 2126 965 2154 Ἐπαίδευε

175 2166 226 2202 μὲν
243 2168 306 2199 τοὺς
319 2168 512 2205 ἀρχαιοτέρους
524 2171 538 2196 ὀ
556 2170 658 2206 Μωσῆς
673 2170 723 2203 τὰς
740 2171 855 2207 νομικὰς
871 2173 965 2205 αὐτοῖς

172 2212 258 2240 τελῶν
277 2213 422 2249 λατρείας,
446 2214 503 2242 ἀλλ’
520 2216 570 2242 οὐκ
594 2213 664 2251 ἦσαν
689 2217 837 2253 μακάριοι·
861 2219 891 2245 οὐ
909 2219 963 2255 γὰρ

1097 1691 1185 1727 [Vers.
1208 1692 1250 1718 10.
1263 1691 1314 1724 Qui
1330 1692 1438 1726 corripit
1454 1695 1542 1727 gentes
1555 1700 1604 1718 non
1620 1692 1734 1726 arguet?

1020 1730 1024 1734 Α
1054 1738 1118 1766 Vult
1136 1746 1183 1766 eos
1196 1738 1308 1773 quidem
1331 1738 1378 1773 qui
1401 1738 1428 1765 in
1443 1742 1515 1765 terra
1536 1743 1599 1766 sunt
1612 1746 1626 1765 a
1648 1738 1768 1766 vanitate
1783 1742 1811 1766 et

1019 1784 1192 1819 temporariis
1212 1792 1243 1812 ac
1258 1783 1485 1819 corruptibilibus
1498 1789 1580 1819 atque
1599 1784 1710 1812 caducis
1727 1784 1811 1812 rebus

1019 1830 1172 1864 abstinere;
1187 1830 1317 1866 prtel'erre
1329 1838 1396 1858 vero
1410 1830 1502 1866 potius
1519 1831 1564 1858 illa
1577 1838 1637 1865 quae
1651 1830 1730 1858 ﬁrma
1747 1835 1811 1858 sunt

1018 1885 1049 1906 ac
1069 1878 1267 1913 permanentia,
1289 1883 1317 1905 et
1333 1878 1367 1905 ad
1387 1878 1470 1906 vitam
1487 1878 1645 1905 conducunt
1665 1878 1809 1912 sempiter-

1018 1930 1092 1950 nam.
1119 1922 1306 1957 Cogitationes
1328 1927 1420 1950 autem
1445 1922 1494 1949 hie
1514 1926 1594 1949 vocat
1616 1922 1676 1949 illas
1698 1929 1760 1956 quae
1782 1921 1810 1948 in

1018 1973 1110 1996 mente
1120 1968 1251 2000 resident,
1265 1968 1322 1995 sive
1333 1967 1571 2002 coneupiscentias
1594 1974 1663 2001 quas
1676 1973 1740 2001 erga
1751 1973 1810 1993 rem

1018 2014 1169 2050 quamlibet
1179 2014 1264 2049 aliqui
1278 2013 1402 2049 habent]

1088 2067 1176 2105 [νοτε.
1196 2068 1238 2095 12.
1255 2068 1351 2096 Beatus
1365 2070 1441 2096 homo
1457 2078 1532 2104 quem
1549 2073 1576 2095 tu
1592 2069 1728 2096 erudieris.

1052 2127 1158 2162 Moyses
1173 2126 1283 2162 quidem
1298 2132 1405 2154 veteres
1420 2126 1541 2154 erudivit
1555 2125 1656 2161 legales
1670 2126 1735 2161 ipsis
1754 2134 1807 2154 ca:-

1018 2173 1154 2200 remonias
1174 2173 1294 2205 tradens,
1309 2172 1357 2200 sed
1381 2180 1436 2199 non
1456 2176 1536 2199 erant
1555 2171 1647 2199 beati:
1670 2171 1807 2206 siquidem

1018 2218 1081 2247 non‘
1092 2219 1230 2246 habebant
1242 2219 1377 2255 justitiam
1393 2226 1453 2253 qum
1467 2222 1508 2246 est
1522 2218 1547 2244 in
1564 2217 1627 2250 ﬁde,
1642 2225 1732 2252 neque
1746 2225 1808 2245 sau-

173 2256 246 2294 εἷχον
268 2259 318 2295 τὴν
334 2261 363 2287 ἐν
386 2261 477 2287 πίστει
498 2261 689 2298 δικαιοσύνην,
707 2263 767 2290 οὐδὲ
787 2263 832 2290 τὸν
857 2264 900 2291 διὰ
915 2266 961 2292 τοῦ

1022 2265 1211 2292 etiﬁcationem
1226 2273 1286 2300 quae
1299 2269 1340 2292 est
1356 2265 1383 2291 in
1401 2264 1514 2299 Spiritu.
1533 2263 1603 2291 Vere
1623 2268 1714 2291 autem
1734 2263 1806 2291 beati

173 2305 333 2341 Πνεύματος
346 2306 491 2342 ἁγιασμόν.
510 2307 652 2344 Μακάριοι
664 2308 691 2334 δὲ
704 2309 775 2336 κατὰ
787 2309 817 2336 τὸ
831 2310 929 2346 ἀληθὲς
940 2312 964 2338 οἱ

173 2351 202 2378 ὲν
217 2351 328 2389 Χριστῷ
343 2353 537 2389 τελειούμενοι,
550 2354 653 2382 καὶτὸν
668 2355 711 2382 διὰ
724 2355 771 2383 τοῦ
786 2356 864 2391 ἁγίου
881 2358 964 2385 Ilvati-

175 2406 258 2431 ματος
273 2399 413 2435 φωτισμὸν
429 2399 495 2436 παρ’
518 2400 601 2427 αὑτοῦ
621 2401 808 2436 κερδαίνοντες
820 2423 827 2434 ,
845 2403 892 2430 καὶ
909 2404 964 2430 τῶν

173 2443 238 2477 περὶ
252 2443 334 2470 αὑτοῦ
349 2444 508 2481 μυστηρίων
521 2445 623 2481 ἀκριϐῆ
635 2445 684 2481 τὴν
699 2447 800 2481 γνῶσιν
812 2448 962 2476 καταπλου-

173 2489 313 2524 τήσαντες.
331 2490 387 2516 Καὶ
399 2491 462 2524 μετ’
482 2491 569 2525 ὀλίγα
594 2491 643 2526 (1)·
667 2492 825 2525 Παιδεύσεις
851 2494 879 2520 δὲ
900 2495 961 2522 τινα

172 2535 291 2571 coli-mw;
306 2533 379 2571 τΑρα
395 2536 439 2563 διὰ
460 2537 615 2572 μαστίγων;
631 2538 668 2565 Οὐ
685 2537 763 2565 τοῦτό
775 2548 857 2575 φησιν
870 2549 877 2556 ·
893 2541 960 2569 ἀλλὰ

173 2580 231 2613 πῶς
244 2582 336 2609 ἐνθάδε
352 2582 470 2609 νοεῖσθαι
492 2582 561 2619 χρὴ,
576 2583 657 2616 αὐτὸς
675 2584 688 2610 ὁ
708 2584 859 2621 Ψαλμῳὸὺς
875 2587 961 2623 ἑρμη-

173 2626 256 2659 νεύει,
271 2626 358 2662 λέγων
371 2637 377 2644 ·
400 2638 408 2654 1
427 2628 482 2656 Καὶ
497 2629 529 2655 ὲκ
547 2629 595 2655 τοῦ
612 2629 694 2665 νόμου
711 2639 757 2657 σου
777 2632 893 2666 διδάξεις
912 2634 961 2660 αὺ-

172 2671 228 2699 τόν.
252 2681 260 2697 ι

210 2740 232 2754 ’³
247 2741 325 2768 Prov.
346 2749 384 2773 ut,
400 2742 441 2768 ll.
482 2743 504 2759 νῖ
517 2744 596 2770 l‘rov.
616 2753 650 2772 Iv.
669 2745 711 2772 “26.

1015 2312 1055 2339 illi
1071 2312 1118 2347 qui
1133 2311 1160 2338 in
1175 2311 1284 2339 Christo
1299 2311 1414 2346 perfecti
1428 2315 1502 2342 sunt,
1517 2315 1544 2338 et
1560 2311 1593 2338 ab
1609 2311 1667 2346 ipso
1678 2319 1728 2345 per
1743 2310 1805 2346 Spi-

1015 2358 1098 2385 ritum
1122 2362 1246 2385 sanctum
1275 2357 1407 2384 illustrari
1434 2362 1607 2389 meruerunt,
1631 2360 1659 2383 et
1682 2362 1806 2384 exactam

1015 2403 1206 2439 mysteriorum
1216 2403 1275 2438 ejus
1287 2402 1412 2429 notitiam
1425 2402 1615 2429 obtinuerunt.
1628 2401 1662 2428 Et
1675 2406 1807 2437 postprin-

1013 2459 1054 2478 ca.
1086 2449 1229 2483 Quomodo
1261 2453 1352 2476 autem
1382 2448 1511 2476 erudies?
1529 2449 1598 2475 Num
1623 2449 1806 2476 verberibus?

1014 2497 1073 2524 Non
1095 2496 1131 2523 ita
1153 2496 1208 2528 ait;
1228 2496 1279 2523 sed
1292 2495 1342 2530 qui
1361 2495 1459 2523 modus
1479 2494 1514 2522 sit
1533 2495 1578 2522 hic
1600 2494 1803 2530 intelligendus,

1016 2541 1072 2577 ipse
1092 2541 1218 2577 explanat
1234 2541 1377 2570 Psalmista
1397 2540 1490 2569 dicens
1505 2550 1512 2568 :
1537 2551 1545 2567 1
1566 2541 1604 2569 De
1616 2541 1675 2576 lege
1691 2545 1736 2568 tua
1754 2541 1794 2568 do

1014 2586 1105 2614 cucris
1120 2585 1237 2621 illum.-]

211 2804 249 2841 (l)
265 2807 317 2833 Καὶ
336 2807 393 2842 μετ’
411 2808 535 2843 ὀλίγα...,
551 2808 667 2844 διδάξεις
685 2811 763 2838 αὐτόν
780 2813 911 2842 Corderio
927 2814 1036 2843 desunt.
