1998 3062
198 146 268 175 H55

401 204 478 232 γεγε.
498 204 539 232 l3.
554 205 575 232 Α
590 206 679 234 diebus
697 207 785 234 malis.

231 259 295 288 Dies
306 267 402 288 revera
415 260 513 289 nefasti
536 266 564 291 et
588 263 652 290 mali
677 264 712 291 iis
731 264 778 299 qui
795 272 909 299 prorsus
924 271 988 293 sunt

196 306 313 339 extrusi,
326 310 354 334 et
365 306 399 334 ad
409 306 479 343 ignis
487 315 595 343 poenam
611 309 773 344 profecturi,
785 310 855 340 dies.
865 311 987 346 inquam,

196 352 374 382 inexorabilis
385 354 493 390 judicii.

354 454 454 490 [Donec
466 455 584 491 fodiatur
597 463 726 492 peccator:
741 459 825 494 fovea.

160 495 186 521 "2
231 498 410 527 Peccatorum
436 506 528 529 autem
554 504 723 532 amatoribus
745 505 822 534 fovea
849 506 986 541 fodictur;

156 543 167 552 ·”
197 552 259 572 nam
271 545 306 573 ad
318 545 456 574 infernum
472 547 664 583 detrudentur,
686 556 716 578 ut
729 559 792 579 cum
807 552 905 581 Satana
922 562 987 581 cru-

195 591 330 627 cicntur.j

231 689 321 724 [νει-5.
338 690 381 718 14.
397 690 467 724 Quia
482 701 535 720 non
551 695 660 730 repellet
673 696 800 725 Dominus
813 699 949 734 populum.

229 735 290 763 Non
304 737 379 764 enim
396 745 483 773 usque
498 747 607 776 semper
623 743 749 777 permisit
766 752 817 772 nos
837 745 865 772 in
882 747 986 780 peccati

194 779 289 809 faveas
304 782 456 817 deturbari,
477 785 526 813 sed
547 786 649 821 eripuit
664 791 692 815 et
707 789 828 816 servavit
846 779 896 818 nos
914 791 986 827 inju-

195 826 297 855 riarum
323 828 477 857 immemori
497 831 583 866 gratia
600 832 753 868 justiticans
776 835 884 870 impios,
902 826 986 865 etab

195 873 270 900 omni
285 874 366 902 sorde
381 875 503 903 liberans
512 877 728 914 coinquinatos.]

229 964 353 993 Excessit
363 967 474 1002 quidem
490 976 506 995 a
519 969 599 997 nobis
612 970 685 1005 quod
698 971 731 998 ad
745 979 855 1000 carnem
877 974 985 1008 attinet,

194 1015 256 1046 post
273 1019 349 1039 suam
366 1021 380 1040 a
394 1015 511 1042 mortuis
525 1017 768 1051 resurrectionem,
785 1019 813 1045 in
826 1019 924 1047 coelum
941 1029 986 1049 re-

194 1057 259 1090 dux,
280 1062 307 1086 et
326 1059 360 1086 ad
379 1060 427 1087 Dei
447 1061 536 1088 Patris
557 1062 698 1091 dexteram
717 1065 825 1093 sedens.
848 1066 902 1094 Sed
922 1068 986 1102 quia

194 1107 289 1139 utpote
306 1105 380 1133 Deus
393 1107 485 1134 omnia
499 1107 604 1142 implet,
620 1117 708 1145 eoque
726 1114 783 1138 tum
800 1112 911 1145 uelum,
929 1117 985 1140 tum

194 1149 253 1185 ipsa
274 1155 346 1179 terra
361 1152 441 1187 plena
455 1158 507 1187 est,
527 1160 650 1183 amanter
668 1156 808 1185 credimus
826 1166 890 1186 eum
913 1167 987 1186 nunc

194 1204 304 1232 quoque
328 1199 473 1227 nobiscum
491 1201 611 1234 versari,
634 1202 812 1239 ejusdemque
833 1212 885 1240 ope
905 1213 985 1240 posse

195 1249 244 1269 nos
253 1242 353 1270 diaboli
364 1243 475 1272 fraudes
484 1253 624 1280 superare,
633 1249 792 1283 peccatique
803 1250 985 1285 tyrannidem,

193 1292 222 1314 et
240 1289 446 1323 congenitarum
461 1291 632 1326 voluptatum
651 1293 845 1323 incursionem.
868 1295 900 1322 Et
916 1305 985 1331 pau-

193 1333 230 1359 εὶι
255 1333 408 1369 interjectis.
429 1335 500 1363 Num
528 1337 628 1372 igitur,
653 1338 718 1374 quia
747 1347 798 1368 nos
822 1341 933 1376 quidem
958 1342 985 1370 in

193 1378 297 1406 mundo
312 1381 473 1414 mansimus,
492 1382 550 1418 ipse
566 1388 656 1411 autem
673 1385 706 1413 ad
723 1385 830 1414 Patrem
850 1389 984 1423 ascendit,

193 1424 228 1451 ab
241 1426 413 1455 amatoribus
430 1428 488 1455 suis
500 1428 594 1456 abest?
609 1429 719 1459 Minime
739 1433 861 1467 gentium
875 1443 881 1461 :
906 1443 985 1462 nam—

193 1478 247 1505 que
273 1471 389 1507 ipsemet
408 1475 554 1510 spopondit
580 1476 660 1505 nobis
685 1487 690 1504 :
718 1487 726 1504 ‹
750 1479 809 1506 Νοη
832 1480 985 1516 relinquam

194 1525 242 1545 vos
257 1518 405 1554 orphanos,
419 1520 467 1548 sed
482 1521 517 1549 ad
531 1531 580 1550 vos
595 1523 703 1551 veniam
716 1525 748 1552 ".
770 1536 778 1552 ι
797 1527 878 1554 Venit
893 1533 984 1556 autem

709 150 738 177 S.
759 151 897 179 CYl'ULLI
916 153 1156 182 ALEXANDRINI
1173 155 1331 183 ARCHIEP.

1761 155 1832 185 {£36

1255 213 1316 247 Ἀφ’
1337 212 1456 248 ἡμερῶν
1470 211 1619 247 πονηρῶν.
1661 237 1671 244 ,

1076 269 1107 305 (Β
1129 270 1148 297 r.
1166 271 1228 304 535,
1255 270 1278 298 n
1293 270 1312 297 r.
1331 270 1382 297 m
1397 270 1437 304 b.)
1460 269 1578 305 Ἡμέραι
1593 261 1647 304 γὰρ
1662 269 1746 300 tvm;
1763 270 1834 296 ἀπο-

1040 316 1140 352 φράδες
1154 317 1201 343 καὶ
1211 316 1329 352 πονηραὶ
1342 317 1398 348 τοῖς
1413 315 1612 351 ὰποτμηθεῖσιν
1625 315 1766 347 ὁλοτελῶς,
1782 315 1831 341 καὶ

1038 363 1080 394 εἰς
1094 363 1207 390 κόλασιν
1219 363 1270 398 τῆς
1281 362 1325 389 διὰ
1342 362 1427 397 πυρὸς
1441 361 1652 397 κατοιχήσεσθαι
1675 360 1831 396 μέλλουσιν,

1039 410 1066 437 αξ
1083 409 1136 445 τῆς
1154 409 1306 436 ἀδεκάστου
1322 409 1452 444 κρίσεως.

1129 467 1215 504 [Ἕως
1227 465 1262 496 οὗ
1279 467 1374 502 ὀρυγῇ
1386 466 1426 499 τῷ
1440 465 1604 502 ἁμαρτωλῷ
1615 466 1740 501 βόθρος.

1075 515 1107 550 (Β
1127 515 1146 542 ί.
1164 515 1227 547 585,
1243 514 1266 542 ll
1278 514 1297 541 Γ.
1313 515 1365 542 M7
1379 513 1408 541 b.
1424 513 1506 541 Cord.
1519 512 1659 548 Alterius.)
1683 513 1745 544 Τοῖς
1771 512 1834 546 φιλ-

1038 560 1282 597 αμαρτήμοσιδὲὸ
1308 559 1403 595 βόθρος
1424 559 1604 594 ὀρυγὴσεται·
1631 558 1832 594 καταπεμφθῆ-

1039 615 1130 634 σονται
1153 606 1206 642 γὰρ
1231 606 1271 638 εἰς
1295 605 1358 641 ᾅδου
1372 625 1379 639 ,
1404 604 1441 636 ὡς
1464 604 1698 640 κολασθησόμενοι
1724 602 1832 638 σὺν-τῷ

1039 653 1156 688 Σατανᾷ.
1169 652 1179 690 ]

1126 700 1200 737 [Ὅτι
1215 701 1270 728 οὐκ
1290 699 1442 727 ἀπώσεται
1455 699 1564 733 Κύριος
1583 697 1636 724 τὸν
1651 699 1738 725 λαόν.

1075 748 1109 784 (H
1120 747 1139 775 f.
1152 748 1203 774 M7
1218 747 1245 774 b.
1255 746 1340 774 Cord.
1357 745 1511 781 Anonymi.)
1522 745 1560 772 Οὐ
1573 745 1626 780 γὰρ
1637 744 1717 780 μέχρι
1732 743 1834 775 παντὸς

1040 794 1252 830 συγκεχώρηκεν
1266 794 1340 829 ἡμᾶς
1357 793 1413 825 τοῖς
1422 793 1473 827 τῆς
1489 792 1627 828 ἁμαρτίας
1645 790 1832 826 ὑποφέρεσθαι

1040 842 1158 877 βάθροις.
1180 840 1236 867 ἀλλ’
1251 839 1369 873 ἐξείλετο
1385 839 1432 866 καὶ
1447 839 1567 865 σέσωκεν
1581 837 1765 873 ἀμνησικάκῳ
1782 837 1833 872 χά-

1003 891 1025 919 Β
1040 897 1096 925 ριτι
1117 887 1267 917 δικαιώσας
1291 887 1355 917 τοὺς
1383 885 1510 917 ἀσεϐεῖς,
1534 884 1583 911 καὶ
1612 883 1698 918 ῥύπου
1730 882 1833 914 παντὸς

1037 933 1196 967 ἀπαλλάξας
1208 933 1270 964 τοὺς
1289 929 1538 967 μεμολυσμένους.]

1075 979 1107 1015 (Β
1121 979 1140 1006 f.
1156 979 1210 1007 585
1223 978 1251 1011 b,
1266 977 1289 1005 ll
1302 977 1321 1004 f.
1338 977 1401 1012 418)
1423 976 1599 1026 Ἀπεδήμησε
1615 975 1670 1026 γαρ
1683 974 1732 1026 αφ’
1752 974 1832 1026 ἡμιίιν

1037 1027 1067 1054 τό
1084 1035 1116 1061 γε
1128 1023 1196 1062 ἧκον
1205 1025 1293 1051 εἰπεῖν
1304 1024 1344 1055 εις
1358 1023 1408 1059 τὴν
1421 1023 1520 1058 σάρκα,
1538 1021 1607 1056 μετὰ
1617 1021 1667 1056 τὴν
1681 1021 1713 1047 ἐκ
1726 1021 1833 1055 νεκρῶν

1037 1072 1195 1104 ἀναϐίωσιν,
1213 1069 1333 1098 ἀνελθὼν
1348 1070 1377 1096 ὲν
1390 1070 1447 1101 τοῖς
1459 1069 1585 1104 οὐρανοῖς
1600 1067 1648 1094 καὶ
1670 1067 1785 1098 καθίσας
1802 1067 1832 1092 ὲν

1036 1119 1111 1154 δεξιᾷ
1127 1117 1174 1144 τοῦ
1190 1117 1258 1144 Θεοῦ
1272 1116 1320 1143 καὶ
1335 1115 1452 1151 Πατρός.
1476 1114 1585 1149 Ἐπειδὴ
1605 1114 1634 1140 δὲ
1646 1113 1712 1145 Θεός
1725 1114 1782 1139 ἐστι
1797 1112 1832 1139 τὰ

1037 1166 1126 1193 πάντα
1142 1163 1254 1199 πληρῶν
1264 1184 1271 1196 ,
1288 1163 1334 1189 καὶ
1353 1161 1451 1197 μεστὸς
1473 1161 1522 1196 μὲν
1539 1160 1612 1187 ἐστιν
1628 1161 1641 1187 ὁ
1655 1159 1770 1195 οὐρανὸς
1783 1159 1832 1185 αὐ-

1036 1211 1084 1238 τοῦ
1095 1231 1103 1243 ,
1121 1209 1208 1246 μεστὴ
1222 1209 1251 1236 δὲ
1272 1209 1319 1236 καὶ
1335 1209 1352 1243 ἡ
1376 1207 1509 1242 σύμπασα
1530 1206 1567 1242 γῆ
1583 1227 1590 1239 ,
1607 1205 1769 1240 διακείμεθα
1784 1204 1834 1231 καὶ

1038 1255 1213 1290 πιστεύομεν,
1239 1254 1280 1280 ὅτι
1304 1253 1351 1280 καὶ
1375 1253 1422 1279 νῦν
1450 1253 1508 1279 ἐστι
1530 1251 1590 1288 μεθ’
1613 1251 1704 1287 ἡμῶν,
1729 1251 1776 1277 καὶ
1797 1250 1832 1276 δι’

1037 1300 1120 1328 αὐτοῦ
1135 1299 1315 1335 κερδαίνομεν
1332 1298 1362 1325 τδ
1379 1297 1510 1325 δύνασθαι
1526 1297 1604 1333 νικᾷν
1626 1297 1674 1328 τὰς
1692 1295 1833 1331 μεθοδείας

1036 1348 1084 1375 τοῦ
1097 1346 1225 1375 διαϐόλου
1239 1367 1246 1379 ,
1261 1347 1308 1373 καὶ
1326 1346 1375 1381 τῆς
1389 1345 1528 1381 ἁμαρτίας
1550 1343 1600 1379 τὴν
1611 1343 1768 1378 τυραννίδα.
1785 1343 1834 1369 καὶ

1035 1394 1090 1422 τῶν
1098 1392 1227 1429 ἐμφύτων
1233 1392 1335 1428 ἡδονῶν
1354 1392 1402 1428 τὴν
1410 1391 1514 1426 ἔφοδον.
1524 1389 1579 1417 Καὶ
1592 1389 1656 1425 μετ’
1666 1386 1801 1423 delira.“
1807 1389 1832 1424 ρ’

1037 1439 1085 1467 οὖν
1099 1439 1247 1474 ἐπειδήπερ
1261 1439 1342 1474 ἡμεῖς
1358 1438 1406 1474 μὲν
1419 1439 1447 1465 ὲν
1461 1436 1500 1472 τῷ
1510 1437 1605 1472 κόσμῳ
1622 1435 1831 1470 μεμενήκαμεν,

1036 1487 1117 1518 αὐτὸς
1131 1486 1160 1513 δὲ
1177 1484 1260 1520 ἀνέϐη
1277 1484 1346 1521 πρὸς
1362 1484 1409 1510 τὸν
1424 1483 1535 1517 Πατέρα
1546 1502 1553 1514 ,
1567 1482 1675 1515 ἀπέστη
1691 1480 1744 1506 τῶν
1761 1481 1830 1514 ἀγα-

1040 1533 1155 1559 πώντων
1172 1531 1252 1558 αὐτόν
1266 1540 1273 1564 ;
1292 1530 1426 1566 Οὐδαμῶς
1438 1538 1445 1545 ·
1470 1528 1550 1560 αὐτὸς
1567 1527 1621 1563 γὰρ
1637 1527 1709 1562 ἡμᾶς
1725 1525 1832 1560 πεπλη-

193 1562 226 1590 ad
248 1571 316 1597 nos,
341 1573 404 1592 cum
426 1574 477 1601 pro
498 1575 526 1595 se
545 1573 573 1596 et
590 1573 718 1605 tanquam
741 1571 861 1607 seipsum
882 1573 916 1600 ad
935 1582 984 1602 nos

1042 1578 1190 1614 ροφόρηκεν
1215 1562 1317 1603 εἰπών·
1344 1562 1438 1602 (Ὀὺκ
1463 1574 1562 1609 ἀφήσω
1581 1562 1654 1608 ὑμᾶς
1678 1571 1830 1607 ὀρφανοὺς,

194 1608 268 1636 misit
278 1610 459 1645 Paracletum,
473 1613 500 1640 id
511 1618 552 1641 est
566 1615 762 1649 procedentem
777 1626 792 1644 a
803 1618 883 1646 Patre
897 1619 984 1654 Spiri—

194 1657 264 1687 tum,
279 1655 328 1691 qui
341 1662 382 1685 est
396 1658 479 1686 etiam
496 1659 581 1694 ipsius
596 1661 657 1688 Filii
670 1663 798 1698 proprius
811 1664 859 1699 (1).

193 1807 282 1844 [Vcrs.
306 1813 348 1842 15.
373 1813 675 1857 Quoadusquejnstitia
701 1825 868 1848 convertatur
891 1823 918 1849 in
936 1825 985 1857 ju-

533 1852 641 1880 dictum.

226 1895 364 1924 Justitiam
379 1897 490 1931 quidem
509 1903 589 1926 vocat
603 1899 743 1928 Christum
756 1910 762 1928 :
779 1903 817 1930 ait
832 1908 923 1932 autem
942 1905 985 1940 ip-

193 1948 254 1968 sum
279 1940 314 1968 ad
339 1941 474 1976 judicium
506 1951 701 1979 reversurum;
732 1954 796 1975 nam
826 1951 985 1978 conculcata

193 1991 280 2015 morte
299 1992 457 2023 assumptus
477 1993 529 2022 est,
553 1993 582 2017 et
601 1990 635 2017 ad
661 1992 800 2020 caelestem
824 1995 932 2023 Patrem
954 2004 986 2025 ac

192 2035 278 2062 Deum
294 2036 427 2069 ascendit,
441 2036 488 2064 sed
507 2041 569 2072 post
586 2039 738 2073 praestituta
752 2045 875 2077 tempora
895 2051 986 2071 rever-

195 2086 269 2109 tetur
280 2083 312 2117 ad
330 2083 476 2118 judicium,
489 2088 517 2111 et
530 2093 592 2113 cum
606 2093 641 2113 eo
658 2094 754 2115 omnes
767 2089 834 2116 recti
850 2090 944 2123 corde,
958 2091 985 2118 id

194 2132 236 2156 est
247 2129 358 2166 sancti.)

228 2217 337 2246 Justitia
360 2223 404 2247 est
424 2220 481 2254 ipse
500 2220 624 2248 omnium
645 2220 774 2249 Servator
798 2227 826 2250 ct
840 2223 981 2252 Dominus.

1036 1623 1106 1652 ἀλλὰ
1126 1623 1241 1658 ἔρχομαι
1264 1621 1334 1657 πρὸς
1355 1621 1454 1656 ὑμᾶς.»
1471 1617 1574 1646 Ἦλθεν
1593 1619 1646 1653 γὰρ
1661 1617 1728 1652 πρὸς
1744 1617 1832 1652 ἡμᾶς,

1037 1669 1200 1701 ἀποστείλας
1216 1669 1281 1704 ἡμῖν
1297 1667 1354 1694 ἀνθ’
1370 1665 1467 1694 ἑαυτοῦ
1482 1666 1529 1692 καὶ
1544 1665 1581 1697 ὡς
1599 1666 1695 1691 ἑαυτὸν
1710 1664 1755 1690 τον
1775 1664 1831 1690 Πα-

1038 1716 1182 1752 ράκλητον,
1198 1714 1322 1741 τουτέστι
1339 1713 1368 1740 τὸ
1380 1714 1413 1739 ὲκ
1427 1712 1475 1739 τοῦ
1492 1712 1599 1747 Πατρὸς
1611 1710 1831 1745 ἐκπορευόμενον

1037 1761 1159 1798 Πνεῦμα,
1172 1761 1237 1788 ι’διον
1251 1761 1280 1788 δὲ
1298 1760 1421 1796 ὑπάρχον
1437 1759 1484 1786 καὶ
1499 1759 1582 1786 αὑτοῦ
1598 1757 1644 1784 τοῦ
1662 1757 1738 1783 Υίοῦ.

1080 1820 1168 1856 [Ἕως
1179 1817 1215 1847 οὗ
1228 1818 1408 1852 δικαιοσύνη
1425 1815 1591 1851 ἐπιστρέφῃ
1604 1816 1649 1848 εἷς
1664 1815 1776 1849 κρίσιν.

1073 1900 1106 1936 (Β
1125 1899 1144 1926 f.
1160 1899 1213 1927 385
1226 1898 1254 1926 b.
1270 1897 1293 1925 Η
1308 1897 1328 1924 i'.
1342 1897 1393 1925 ωε
1407 1896 1437 1924 b.
1451 1895 1535 1924 Cord.
1550 1894 1713 1929 Athanasii.)
1726 1895 1831 1920 Δικαιο-

1038 1946 1120 1981 σύνην
1143 1945 1193 1981 μὲν
1209 1944 1338 1979 ὀνομάζει
1353 1942 1471 1978 Χριστόν
1482 1951 1489 1958 ·
1507 1941 1683 1977 ἐπιστρέψειν
1701 1940 1730 1966 δέ
1746 1947 1831 1974 φησιν

1036 1992 1077 2023 εἰς
1096 1991 1187 2027 κρίσιν
1203 1990 1285 2017 αὐτόν
1298 1998 1305 2004 ·
1331 1988 1473 2024 ἀνελήφθη
1492 1989 1541 2024 μὲν
1565 1987 1619 2022 γὰρ
1638 1987 1764 2022 πατήσας
1784 1985 1830 2012 τὸν

1037 2037 1163 2069 θάνατον,
1176 2035 1321 2073 καὶιάνέὸη
1332 2035 1402 2071 πρὸς
1410 2035 1456 2061 τὸν
1469 2034 1500 2060 ὲν
1514 2034 1571 2065 τοῖς
1583 2033 1707 2069 οὐρανοῖς
1720 2032 1830 2067 Πατέρα

1036 2084 1084 2110 καὶ
1098 2083 1181 2115 Θεὸν,
1197 2082 1254 2109 ἀλλ’
1267 2081 1428 2117 ἐπιστρέψει
1451 2079 1523 2107 κατὰ
1542 2080 1655 2115 καιροὺς
1669 2080 1709 2111 εἰς
1724 2079 1828 2114 κρίσιν,

1036 2130 1083 2157 καὶ
1095 2130 1144 2156 σὺν
1157 2128 1232 2164 αὐτῷ
1252 2128 1354 2160 πάντες
1368 2127 1392 2154 οἱ
1408 2127 1498 2158 εὖθείς
1510 2127 1544 2162 τῇ
1564 2126 1673 2161 καρδίᾳ,
1687 2125 1828 2151 τουτέστιν

1036 2176 1061 2202 οἱ
1081 2175 1162 2210 ἆγιοι.

1074 2221 1105 2257 (Β
1121 2221 1139 2248 f.
1155 2220 1208 2248 585
1221 2220 1248 2252 b,
1263 2219 1286 2247 ll
1303 2219 1322 2246 ί·-
1339 2219 1390 2247 “8
1402 2218 1442 2254 b.)
1458 2217 1621 2252 Δικαιοσύνη
1634 2217 1708 2244 ἐστὶν
1721 2216 1802 2247 αὐτὸς
1814 2216 1829 2242 ὀ

192 2264 238 2292 Sic
249 2265 323 2292 enim
338 2265 466 2293 eumdem
479 2265 552 2293 Deus
567 2267 649 2294 Pater
662 2272 819 2295 sanctorum
837 2270 984 2305 propheta-

1042 2268 1091 2295 τῶν
1105 2268 1174 2294 ὅλων
1188 2266 1284 2302 Σωτὴρ
1295 2266 1342 2293 καὶ
1358 2265 1470 2302 Κύριος.
1486 2263 1565 2292 Οὕτω
1578 2264 1634 2300 γὰρ
1648 2263 1729 2290 αὐτὸν
1738 2264 1752 2290 ό
1762 2263 1828 2294 Θεὸς

193 2318 254 2338 rum
269 2318 316 2339 ore
329 2315 471 2346 nuncupat
482 2311 577 2339 dicens
592 2321 598 2339 :
615 2321 624 2338 ι
638 2312 846 2349 Appropinquat
856 2316 931 2343 brevi
942 2318 985 2353 ju-

192 2355 266 2384 stitia
277 2363 349 2389 mea,
363 2360 391 2383 et
404 2356 594 2384 misericordia
611 2365 671 2385 mea
685 2366 747 2386 mox
764 2362 906 2395 apparebit
919 2363 951 2389 ³³.
971 2373 980 2390 ι

195 2401 228 2429 Et
243 2401 326 2437 paulo
341 2405 409 2436 post.
430 2401 614 2430 Convertetur
639 2404 666 2431 in
684 2404 829 2439 judicium,
849 2407 875 2434 id
894 2413 936 2436 est
951 2410 984 2438 dc

191 2447 262 2475 celo
274 2446 366 2474 veniet
378 2454 439 2474 cum
455 2447 541 2483 gloria
558 2449 648 2478 Patris
661 2450 714 2483 sui,
729 2453 923 2482 comitantibus
935 2464 984 2483 an-

192 2492 270 2527 gelis.
283 2497 313 2520 ut
326 2493 459 2521 mundum
471 2494 544 2529 juste
555 2495 670 2530 judicet.
689 2496 765 2524 Tunc
782 2499 865 2532 enim,
882 2500 979 2536 inquit,

197 2548 204 2564 ι
223 2545 286 2566 eum
298 2538 407 2574 justitia
423 2545 600 2568 convertetur
617 2541 645 2569 in
656 2542 801 2577 judicium,
815 2545 891 2580 juxta
907 2547 979 2575 illam

191 2588 283 2617 erunt,
306 2594 314 2610 ι
336 2584 363 2612 id
379 2589 420 2612 est
434 2593 497 2614 cum
516 2586 573 2619 illa,
591 2594 687 2616 omnes
700 2589 767 2617 recti
785 2591 879 2624 corde,
901 2593 927 2620 id
942 2598 984 2622 est

189 2632 266 2667 justi.

228 2777 250 2792 ⁹¹
263 2777 341 2804 Joan.
357 2785 412 2809 xlv,
427 2777 468 2804 18.
508 2779 531 2793 ⁹⁶
548 2778 599 2805 lsa.
619 2787 670 2812 Lvt,
689 2781 712 2806 Ι.

229 2845 267 2878 (I)
281 2844 338 2885 line
356 2849 412 2885 tu_m
426 2846 459 2872 ad
474 2851 598 2885 naturam
615 2847 732 2882 Spiritus
746 2851 830 2878 sancti
846 2851 975 2885 pertinet,

194 2882 251 2906 tum
261 2880 344 2908 etiam
358 2881 391 2907 ad
406 2881 616 2914 processioncm.

1037 2314 1084 2341 καὶ
1097 2313 1192 2348 Πατὴρ
1200 2312 1245 2339 διὰ
1256 2311 1311 2338 τῶν
1326 2311 1410 2346 ἁγίων
1423 2310 1571 2346 προφητῶν
1583 2309 1711 2345 ὀνομάζει
1722 2308 1810 2343 λέγων
1820 2317 1826 2322 ‘

1038 2371 1046 2386 ι
1072 2360 1191 2394 Ἐγγίζει
1210 2358 1279 2395 ταχὺ
1297 2359 1313 2394 ὴ
1329 2357 1486 2392 δικαιοσύνη
1503 2366 1568 2392 μου,
1584 2357 1632 2383 καὶ
1643 2356 1674 2382 τὸ
1689 2355 1763 2386 ἔλεός
1775 2363 1827 2390 μου

1034 2405 1270 2440 ἀποκαλυφθῆναι.
1289 2413 1298 2430 ι
1317 2403 1372 2432 Καὶ
1392 2404 1455 2438 μετ’
1476 2403 1574 2437 ὀλίγα·
1593 2402 1630 2437 (‘2)
1651 2401 1826 2437 Ἐπιστρέψει

1036 2452 1076 2482 εἰς
1088 2452 1189 2487 κρίσιν,
1199 2450 1338 2477 τουτέστιν
1350 2449 1379 2482 ἐξ
1392 2449 1506 2485 ούρανοῦ
1520 2449 1742 2484 παραγενήσεται
1753 2447 1782 2473 ὲν
1793 2449 1826 2482 τῇ

1035 2498 1099 2534 δόξῃ
1116 2497 1163 2524 τοῦ
1175 2497 1282 2533 Πατρδς
1296 2496 1379 2524 αὑτοῦ
1392 2495 1460 2531 μετὰ
1472 2496 1526 2522 τῶν
1538 2495 1623 2530 ἁγίων
1635 2495 1768 2530 ἀγγέλων,
1783 2495 1827 2521 ἵνα

1036 2544 1115 2580 κρίνῃ
1126 2544 1174 2579 τὴν
1185 2543 1348 2578 οἰκουμένην
1359 2543 1388 2568 ὲν
1396 2541 1563 2577 δικαιοσύνῃ.
1574 2542 1640 2568 Τότε
1651 2541 1717 2576 γὰρ,
1731 2540 1825 2575 φησὶν,

1036 2599 1045 2615 ι
1062 2590 1126 2616 ὅταν
1140 2591 1156 2624 ὴ
1172 2588 1330 2624 δικαιοσύνη
1352 2587 1504 2624 ἐπιστρέψῃ
1525 2588 1565 2619 εἰς
1580 2587 1680 2622 κρίσιν,
1700 2586 1826 2621 ἐχόμενοι

1033 2636 1119 2671 αὐτῆς
1143 2635 1263 2667 ἔσονται,
1292 2644 1301 2660 ι
1319 2633 1460 2660 τουτέστιν
1475 2634 1559 2668 ἐγγὺς
1577 2633 1624 2659 καὶ
1644 2632 1709 2667 περὶ
1728 2630 1825 2666 αὐτὴν,

1032 2683 1091 2716 ἦτοι
1105 2682 1153 2708 σὺν
1169 2681 1249 2716 αὐτῇ,
1265 2679 1367 2711 πάντες
1382 2680 1504 2711 ala-305?;
1517 2681 1549 2714 τῇ
1562 2678 1671 2714 καρδίᾳ,
1684 2679 1826 2705 τουτέστιν

1032 2728 1056 2754 οἱ
1069 2727 1178 2755 δίκαιοι.

1069 2852 1106 2892 (ἢ)
1119 2853 1241 2892 sequens
1254 2855 1387 2888 particula
1403 2861 1489 2885 exstat
1501 2857 1572 2892 apud
1584 2856 1760 2890 Cordcrium,
1772 2858 1824 2885 sub

1036 2887 1115 2915 titulo
1130 2887 1269 2924 Anonymi.
