1998 3062
153 170 220 199 HS”!

204 226 267 264 [Τις
280 223 485 259 ἀναστήσεταί
491 232 541 258 μοι
555 222 605 250 ἐπὶ
619 221 881 255 πονηρευομένοις;

190 285 221 320 (Β
237 284 255 313 f.
273 284 335 316 384,
351 282 374 310 Π
390 282 409 310 f.
432 282 491 310 H9.
511 280 592 308 Cord.
609 278 762 314 Anonymi.)
783 277 936 312 Μαχομὲνῳ

156 340 211 366 μοι,
225 330 301 366 φησὶ,
315 329 384 356 κατὰ
397 330 450 355 τῶν
466 325 689 363 πονηρευομένων
704 325 746 356 τίς
761 323 935 358 συναντιστή-

155 385 249 409 uarat;
270 376 286 411 ἢ
307 375 349 407 τίς
366 372 627 410 συμπαραστὴσεταί
647 380 692 406 μοι
712 370 756 397 ἐπὶ
777 371 832 401 τοῖς
855 370 937 404 ἐργα-

155 422 278 457 ζομένοις
293 421 341 457 τὴν
361 419 493 455 ἀνομίανς
512 419 567 445 Καὶ
583 418 633 444 οὐκ
647 416 817 451 ἀγνοούντων
835 415 908 441 ἐστὶν
922 415 938 449 ἡ

155 469 242 504 φωνὴ.
258 468 314 494 ἀλλ’
329 465 359 494 εὖ
373 467 481 493 εἰδότων
498 465 545 492 καὶ
562 463 783 492 πεπιστευκότων
799 462 839 488 ὅτι
852 461 939 495 πάντη

155 522 184 540 τε
198 513 244 539 καὶ
261 512 370 543 πάντως
387 509 622 546 συμπαραστάτην
635 507 727 540 ἕξουσι
744 506 872 542 Χριστὸν,
894 506 941 532 καὶ

156 557 236 588 αὐτὸς
249 557 345 588 αὐτοὺς
359 555 500 588 ἑξελεῖται,
514 554 562 580 καὶ
576 552 733 589 κρείττονας
746 551 880 586 ἀποφανεῖ
893 550 942 586 τῆς

157 603 210 630 τῶν
230 602 335 638 ἐχθρῶν
355 600 529 636 δυστροπίας.

265 658 305 695 [Ei
321 657 428 692 ἔλεγον
440 665 445 670 ·
462 655 646 683 Σεσάλευται
660 655 675 680 ὁ
686 653 763 687 ποῦς
771 662 840 688 μου.

195 717 226 752 (Β
241 716 258 743 f.
273 717 336 748 581,
353 715 375 742 li
390 715 409 742 ί.
426 715 485 742 U9.
496 713 577 741 Cord.
596 711 750 747 Anonymi.)
766 711 837 738 Πόδα
852 709 879 736 δέ
892 718 944 744 φη·

161 771 203 790 σιν
223 762 251 788 ὲν
267 761 372 793 τούτοις
395 760 424 786 οὗ
440 760 485 786 τὸν
502 758 548 785 τοῦ
572 758 699 793 σώματος
714 757 771 792 (μὴ
789 756 844 791 γὰρ
860 755 941 782 τοῦτο

160 807 317 843 ὑπολάϐῃς)
333 827 340 839 ,
356 806 423 832 ἀλλὰ
436 805 485 840 τὴν
507 805 555 839 τῆς
575 804 694 835 διανοίας
716 802 812 838 ῥοπὴν,
833 801 879 828 καὶ
896 801 946 836 τῆς

160 853 248 888 ψυχῆς
275 852 323 887 τὴν
341 851 460 886 θέλησιν,
480 851 526 884 ἀφ’
545 847 578 885 ἦς
596 850 638 884 ἐφ’
665 849 779 875 ἕκαστον
800 847 854 874 τῶν
875 854 945 881 πρα-

811 163 845 190 lN
866 160 1026 190 PSALMUM
1044 159 1134 188 XCIII.

949 221 969 249 A
985 219 1072 255 [νοτε.
1087 218 1130 245 16.
1148 216 1211 249 Quia
1226 219 1345 251 exsurget
1361 215 1422 241 mihi
1441 214 1565 241 adversus
1579 211 1773 248 malignantes?

1704 153 1771 181 l238

1021 275 1097 307 Mihi,
1114 273 1211 308 inquit,
1227 272 1357 300 adversus
1371 270 1550 306 malignantes
1561 267 1700 296 dimicanti
1711 267 1772 302 quis

988 320 1199 356 suﬂ‘ragabitur?
1212 319 1255 346 vel
1272 318 1334 353 quis
1354 317 1484 345 consistet
1504 315 1637 343 adversus
1658 321 1773 349 operan—

989 374 1030 396 tes
1043 366 1232 402 iniquitatem?
1245 365 1307 392 Haec
1321 372 1373 392 vox
1386 371 1441 390 non
1455 367 1497 390 est
1517 360 1710 397 ignorantium,
1725 359 1773 387 sed

990 419 1063 442 recte
1073 413 1219 441 scientium
1230 415 1257 438 et
1267 410 1438 438 credentium
1451 417 1478 437 sc
1491 408 1602 435 omnino
1618 413 1648 434 ac
1665 413 1773 440 semper

989 461 1129 491 Christum
1143 457 1333 486 auxiliatorem
1347 456 1499 487 habituros,
1516 460 1596 490 atque
1611 453 1687 481 illum
1702 453 1775 487 ipsos

990 511 1159 541 erepturum,
1168 509 1195 531 et
1208 503 1383 530 inimicorum
1394 501 1512 528 versutia
1523 499 1678 534 superiores
1686 502 1776 526 osten-

992 551 1109 587 surum]

1060 652 1149 687 [Veis
1170 650 1212 677 18.
1226 649 1254 677 Si
1267 649 1382 676 dicebam
1398 656 1406 675 .'
1422 647 1506 674 Motus
1517 651 1552 672 est
1571 654 1613 680 pes
1629 653 1709 671 nwus.

1030 708 1129 736 Pedem
1145 711 1236 734 autem
1250 714 1304 733 non
1319 704 1443 740 corporis
1456 703 1500 730 hic
1513 702 1579 730 dicit
1594 701 1694 738 (neque
1707 701 1780 728 enim

994 755 1048 783 hoc
1059 753 1202 789 opineris),
1216 752 1264 781 sed
1275 751 1374 779 mentis
1389 750 1609 786 propensionem,
1624 752 1706 782 atque
1720 747 1781 774 ani-

996 802 1033 828 mi
1048 801 1228 832 voluntatem,
1243 807 1296 834 qua
1317 798 1350 826 ad
1366 797 1501 832 quidlibet
1522 794 1657 831 agendum
1674 794 1783 821 accedi—

996 855 1068 874 mus.
1091 845 1243 883 Unicuique
1267 845 1341 871 enim
1367 842 1467 870 mentis
1490 849 1546 870 suae
1569 840 1783 875 gubernaculum

161 899 264 926 κτικῶν
280 897 428 933 ἐρχόμεθα.
449 898 584 928 Ἕκαστος
599 896 653 931 γὰρ
671 895 749 930 ἡμῶν
771 895 947 921 πεπίστευται

1008 890 1189 919 :oncreditum
1199 894 1250 917 est.
1261 889 1354 924 Itaque
1363 892 1468 915 amator
1478 886 1620 918 castitatis,
1634 889 1661 912 et
1672 885 1719 920 qui
1729 884 1784 912 Deo

159 945 211 980 τῆς
235 944 330 971 ἑαυτοῦ
345 943 464 974 διανοίας
478 943 508 969 τὸ
527 942 665 977 πηδάλιον.
682 940 786 968 Οὐκοῦν
800 941 814 966 ὁ
829 940 878 975 μὲν
899 939 948 973 τῆς

160 989 273 1023 ἁγνείας
298 988 434 1024 ἐραστὴς,
461 987 508 1013 καὶ
537 986 586 1022 τὴν
612 986 823 1020 θεοφιλεστάτην
848 983 948 1018 ἐγκρά-

160 1043 236 1062 τειαν
251 1035 343 1061 ἀσκῶν
358 1033 565 1065 ὑποσαλεύεται,
575 1032 704 1063 πολλάκις
714 1030 950 1065 καταστρέφοντος

161 1081 208 1107 τοῦ
223 1081 345 1112 Σατανᾶ,
371 1079 583 1115 προσηκόντως,
604 1078 673 1113 πρὸς
688 1077 818 1108 ἐκτύπους
832 1075 928 1112 ἡδονάς
943 1083 949 1089 ·

163 1126 234 1159 πλὴν
249 1125 386 1162 ὲπαμύνει
402 1126 449 1152 καὶ
465 1124 546 1156 σώζει
561 1125 575 1150 ὀ
586 1123 676 1159 Θεός.]

164 1184 199 1210 Δὶ
217 1181 422 1216 παρακλήσεις
443 1188 501 1208 σου
524 1181 678 1214 εὔφραναν
701 1179 740 1214 (1)
764 1177 821 1213 τὴν
843 1176 951 1212 ψυχήν

523 1224 594 1250 μου.

201 1274 233 1310 (Β
248 1273 267 1300 1⁸.
282 1273 344 1304 384,
362 1273 385 1299 H
401 1272 420 1299 f.
438 1272 490 1299 M9
505 1271 544 1306 b.)
564 1271 723 1306 Παρακαλεί
744 1270 810 1302 Θεὸς
823 1271 886 1302 τοὺς
903 1270 954 1297 κόι-

167 1326 281 1354 μνοντας
300 1318 369 1352 ὑπὲρ
383 1317 498 1352 ἀρετῆς,
511 1317 574 1348 τοὺς
592 1315 740 1347 πονοῦντας
753 1315 785 1341 δι’
802 1315 952 1347 εὐσέόειαν,

165 1364 229 1394 τοὺς
246 1363 393 1398 κατορθοῦν
406 1362 547 1394 ἐθέλοντας
562 1362 611 1396 τὴν
629 1361 799 1398 ἀρέσκουσαν
814 1361 889 1396 αὐτῷ
905 1370 954 1388 πο-

166 1409 277 1441 λιτείαν,
292 1409 355 1440 τοὺς
372 1407 607 1443 κατανεκροῦντας
617 1407 647 1433 τὸ
661 1407 763 1442 κίνημα
777 1407 828 1441 τῆς
842 1407 952 1442 σαρκὸς,

167 1455 215 1481 καὶ
232 1454 402 1490 μαχομένους
425 1455 480 1485 τοῖς
506 1453 580 1484 ἰδίοις
596 1453 745 1488 θελήμασιν
759 1473 765 1485 ,
791 1453 843 1484 ἕως
868 1452 900 1479 ἂν
924 1453 963 1479 τὸ·

169 1500 386 1535 σπουδαζόμενον
402 1499 624 1535 κατορθώσωσιν.

240 1555 288 1590 Μὴ
304 1556 533 1590 συμπροσέσται
553 1563 602 1582 σοι
618 1556 724 1590 θρόνος
739 1555 882 1590 ἀνομίας;

204 1610 235 1644 (Β
250 1610 269 1638 f.
286 1611 348 1643 581,
374 1610 396 1637 Η
421 1610 440 1638 f.
459 1610 533 1645 4‘20.)
557 1610 685 1646 Ἀνομίαν
706 1611 754 1646 μὲν
770 1611 896 1646 ὀνομάζει
911 1614 955 1638 τὸν

171 1657 293 1682 Σατανᾶν
306 1665 312 1670 ·
331 1656 446 1690 ἀνομίας
467 1656 519 1691 γάρ
537 1657 595 1682 ἐστι
620 1657 666 1682 καὶ
690 1656 825 1691 ἁμαρτίας
843 1657 956 1692 εὑρετὴς

171 1703 218 1728 καὶ
231 1701 401 1733 διδάσκαλος
412 1701 426 1727 ό
439 1701 467 1727 δὲ
483 1701 575 1736 θρόνος
588 1701 713 1741 σημαίνει
725 1701 775 1736 τὴν
785 1702 881 1738 ἀρχὴν,
898 1702 957 1737 ¹ἦτοι

170 1748 219 1782 τὴν
235 1747 368 1780 ἐξουσίαν.
387 1745 451 1782 Ἀρ⁴
467 1745 524 1777 οὖν,
544 1743 566 1773 ὦ
580 1747 712 1779 Δέσποτα,
731 1747 823 1782 φησὶν,
843 1747 901 1774 ἔστι
916 1756 958 1780 τις

170 1793 257 1825 οὕτως
272 1792 382 1828 ἀμαθὴς
403 1793 449 1819 καὶ
466 1792 605 1825 ἀσύνετος,
626 1792 663 1824 ὡς
677 1792 803 1828 οἰηθῆναι
828 1793 872 1819 καὶ
887 1794 958 1820 κατὰ

171 1838 234 1866 νοῦν
249 1839 354 1871 λαῦεῖν,
373 1840 414 1866 ὅτι
433 1838 483 1874 τῆς
499 1839 546 1873 σῆι³
564 1839 701 1874 βασιλείας
716 1839 842 1871 κοινωνός
856 1840 929 1866 ἐστιν
944 1841 959 1866 ὁ

171 1885 222 1920 τῆς
246 1885 361 1920 ἀνομίας
383 1885 487 1920 θρόνος,
512 1885 650 1912 τουτέστιν
669 1886 685 1920 ἡ
703 1885 750 1912 τοῦ
769 1886 892 1912 διαϐόλου
912 1894 959 1911 τυ-

174 1932 264 1966 ραννὶς
279 1932 326 1958 καὶ
344 1931 432 1966 ἀρχή;
448 1932 492 1966 Μὴ
507 1931 621 1965 γένοιτο,
637 1931 718 1966 φησίν
729 1939 736 1946 ⁸
760 1931 840 1966 μόνος
854 1931 909 1965 γὰρ
931 1929 958 1957 εῐ

172 1978 238 2015 Θεὸς
256 1978 302 2004 καὶ
322 1977 375 2004 τῶν
391 1977 530 2012 δυνάμεων
545 1978 647 2013 Κύριος
659 1997 666 2009 ,
679 1977 726 2003 καὶ
740 1978 887 2012 κατάρχεις
904 1977 958 2003 τῶν

172 2022 242 2050 ὅλων
259 2022 327 2057 μετὰ
346 2022 391 2048 τοῦ
410 2023 475 2049 ἰδίου
490 2023 605 2058 Πατρός.

211 2068 242 2103 (Β
257 2068 277 2095 Γ.
297 2068 348 2096 584
365 2067 393 2101 b,
417 2067 439 2095 Η
457 2068 518 2095 ΔΞΙ.
536 2067 618 2095 Cord.
634 2067 788 2103 Anonymi.)
810 2067 888 2104 [Ἐπὶ
906 2067 960 2104 γὰρ

175 2113 256 2140 παντὶ
271 2113 336 2148 θείῳ
354 2113 547 2149 προστάγματι
563 2112 677 2139 πλάσσει
695 2112 778 2139 κόπον
791 2114 805 2139 ό
818 2113 940 2144 Σατανᾶς
952 2121 959 2128 ·

174 2160 205 2186 οὺ
219 2158 273 2194 γὰρ
285 2159 317 2194 ἐᾷ
337 2159 400 2190 τοὺς
417 2157 565 2194 κατορθοῦν
579 2155 720 2190 ὲθὲλοντας
733 2158 782 2193 τὴν
802 2158 902 2194 ἀρετὴν
915 2155 960 2185 εὖ·

175 2204 261 2236 κόλως
271 2203 349 2230 τοῦτο
361 2203 490 2230 δύνασθαι
505 2203 582 2239 δρᾷν,
601 2202 773 2230 ἐπιϐουλεύει
790 2203 818 2229 δὲ
833 2203 880 2229 καὶ
897 2204 959 2230 ὲπι-

997 936 1180 972 gratissimam
1212 939 1322 962 exercet
1353 933 1569 964 continentiam,
1598 938 1785 965 saepenumero

998 986 1196 1012 commovetur,
1210 981 1275 1008 dum
1291 980 1373 1008 Satau
1389 980 1489 1014 ipsum,
1504 978 1545 1005 uti
1567 977 1676 1009 assolet,
1690 976 1723 1003 ad
1740 977 1785 1004 ab-

999 1028 1096 1055 surdas
1115 1027 1224 1062 instigat
1244 1027 1413 1061 voluptates;
1427 1029 1616 1052 verumtamen
1638 1023 1787 1058 opitulatur

999 1077 1028 1101 et
1041 1077 1132 1100 servat
1146 1071 1242 1108 Deus.)

1000 1171 1077 1199 Vers.
1101 1171 1143 1198 19.
1164 1169 1361 1198 Consolatione:
1378 1173 1430 1196 tuo:
1447 1169 1647 1203 lwtiﬁcauerunt
1671 1169 1790 1196 animum

1348 1213 1443 1232 meam.

1036 1260 1199 1288 Consolatur
1208 1259 1280 1288 Deus
1295 1267 1343 1288 eos
1359 1261 1406 1295 qui
1418 1260 1601 1296 defatigantur
1611 1263 1723 1295 propter
1733 1259 1789 1286 vir-

1005 1309 1101 1337 tutem,
1115 1305 1270 1333 laborantes
1284 1305 1393 1340 pietatis
1403 1313 1495 1338 causa,
1506 1306 1570 1333 vita:
1582 1313 1668 1342 genus
1682 1305 1733 1340 ipsi
1747 1312 1792 1332 ao-

1003 1356 1113 1385 ceptum
1124 1351 1222 1378 sectari
1230 1351 1363 1384 volentes,
1373 1351 1464 1379 carnis
1472 1355 1574 1378 motum
1584 1350 1790 1381 mortiﬁcantes,

1005 1396 1120 1423 suismet
1130 1395 1318 1423 voluntatibus
1328 1396 1498 1428 resistentes,
1510 1396 1599 1424 donee
1611 1396 1638 1424 id
1650 1395 1723 1431 quod
1736 1400 1792 1423 stu-

1005 1441 1080 1469 diose
1094 1442 1249 1475 intendunt,
1261 1446 1334 1470 recte
1350 1442 1501 1478 perﬁciant.

1048 1549 1124 1576 Vers.
1136 1547 1179 1575 20.
1198 1548 1267 1575 Num
1283 1548 1424 1575 adhwrebit
1439 1548 1484 1575 tibi
1500 1547 1572 1574 sedes
1586 1547 1754 1582 iniquitatis?

1041 1606 1196 1640 lniquitatis
1219 1606 1353 1633 vocabulo
1376 1605 1504 1633 Satanam
1527 1605 1660 1640 designat,
1683 1604 1729 1640 qui
1753 1609 1795 1632 est

1007 1653 1159 1687 iniquitatis
1180 1652 1339 1687 peccatique
1356 1652 1482 1679 inventor
1503 1659 1535 1678 ac
1558 1651 1696 1686 magister,
1717 1651 1796 1679 sedes

1007 1703 1100 1726 autem
1122 1698 1234 1726 denotat
1256 1698 1441 1733 principatum
1463 1705 1511 1724 seu
1532 1701 1704 1732 potestatem.
1724 1697 1795 1724 Num

1007 1752 1082 1780 ergo,
1095 1744 1218 1776 Domine,
1237 1748 1278 1771 est
1292 1744 1447 1779 quisquam,
1463 1745 1512 1775 ait,
1525 1743 1593 1770 adeo
1605 1743 1758 1770 ineruditus
1769 1749 1797 1770 et

1008 1790 1150 1825 insipiens,
1165 1791 1212 1826 qui
1226 1794 1303 1826 putet
1317 1795 1364 1818 aut
1384 1790 1475 1817 animo
1494 1789 1628 1821 admittat,
1646 1788 1796 1824 quidquam

1009 1836 1110 1871 negotii
1124 1844 1186 1863 cum
1202 1845 1285 1872 regno
1298 1842 1345 1864 tuo
1356 1836 1457 1863 habere
1476 1835 1569 1863 sedem
1590 1834 1752 1869 iniquitatis,
1769 1834 1796 1861 id

1009 1885 1051 1907 cst
1067 1880 1168 1908 diaboli
1185 1881 1356 1916 tyrannidem
1377 1889 1410 1908 ac
1427 1879 1629 1915 principatum?
1645 1879 1733 1912 Absit,
1754 1878 1797 1905 iu-

1010 1926 1069 1960 quit
1087 1935 1093 1952 :
1117 1927 1191 1954 solus
1209 1927 1283 1954 enim
1301 1931 1331 1954 tu
1350 1927 1421 1954 Deus
1440 1933 1479 1958 es,
1498 1926 1631 1953 virtutum
1654 1925 1796 1956 Dominus,

1011 1972 1186 2007 omniumque
1196 1980 1289 2000 rerum
1307 1972 1477 2000 dominatum
1493 1971 1598 1999 habens
1610 1979 1672 1998 cum
1686 1970 1798 2006 proprio

1011 2017 1101 2044 Patre.

1047 2063 1172 2100 [Satanas
1181 2064 1253 2091 enim
1264 2063 1339 2091 omni
1349 2063 1443 2091 divino
1455 2063 1582 2090 mandato
1592 2062 1712 2090 laborem
1723 2061 1800 2089 attin-

1011 2109 1065 2144 git;
1082 2117 1144 2136 nam
1161 2109 1274 2137 minime
1289 2109 1354 2136 sinit
1371 2109 1433 2136 illos
1442 2109 1489 2144 qui
1501 2109 1629 2136 virtutem
1646 2109 1735 2135 colere
1751 2116 1800 2136 cu-

1012 2155 1090 2190 piunt
1104 2159 1134 2182 ut
1150 2155 1228 2182 facile
1249 2155 1302 2183 hoc
1319 2163 1449 2190 peragere
1462 2155 1577 2190 possint,
1594 2155 1641 2181 sed
1656 2154 1800 2182 insidiatur

1013 2206 1040 2229 et
1060 2202 1182 2234 insultat,
1201 2206 1283 2236 atque
1301 2201 1330 2228 iu
1353 2201 1445 2229 foveas
1467 2200 1620 2236 iniquitatis
1640 2200 1799 2235 pertrahere

175 2249 257 2285 πηδᾷ,
274 2249 322 2276 καὶ
337 2249 377 2282 εἰς
391 2250 453 2280 τοὺς
467 2249 516 2284 τῆς
531 2249 644 2284 ἀνομίας
659 2248 772 2285 βόθρους
795 2249 953 2285 κατασύρειε

1012 2247 1124 2275 molitur
1144 2247 1204 2275 illos
1224 2247 1270 2282 qui
1292 2255 1389 2282 puram
1413 2245 1700 2282 rcligiosissimamque
1715 2246 1799 2273 vitam

176 2296 308 2330 ἐπιχειρεῖ
317 2295 381 2325 τοὺς
396 2294 536 2325 ἐθέλοντας
551 2293 599 2329 τὴν
615 2294 702 2329 εὐαγῆ
711 2294 758 2320 καὶ
771 2294 960 2328 ὲννομωτάτην

177 2341 347 2376 κατορθῶσαι
362 2340 444 2375 ζωήν.
465 2350 474 2366 ι
492 2340 606 2367 Πλάττει
619 2340 708 2367 τοίνυν
719 2340 802 2367 κόπον
817 2339 865 2365 ἐπὶ
882 2348 962 2374 προσ-

176 2388 307 2423 τάγματι,
326 2397 335 2413 »
355 2387 507 2422 μαχόμενος
520 2386 640 2422 δηλονότι
654 2387 714 2418 ταῖς
728 2385 814 2418 θείαις
830 2386 961 2418 ἐντολαῖς,

178 2433 226 2460 καὶ
241 2433 289 2459 οὐκ
303 2433 354 2459 ὲῶν
371 2434 434 2464 τοὺς
451 2432 570 2466 ἀγαθοὺς
586 2432 686 2468 ἄνδρας
700 2432 849 2466 κατορθοῦν
866 2431 959 2463 αὑτάς.

185 2479 378 2514 ’Λποτραχόνει
400 2479 429 2505 δὲ
456 2479 556 2513 μᾶλλον
578 2478 627 2514 τῆς
651 2478 792 2509 εὐσεϐείας
816 2478 864 2512 τὴν
890 2477 959 2508 ὁδὸν,

178 2525 318 2559 λειοτάτην
332 2521 413 2551 οὖσαν
429 2525 475 2551 καὶ
486 2524 690 2559 εὑτροχωτάτην
705 2525 761 2555 τοῖς
774 2523 896 2550 ἐθέλουσι
913 2523 959 2558 βαν

177 2571 260 2602 δέξειν
276 2568 383 2604 αὐτήν]

305 2625 511 2659 Θηρεύσουσιν
522 2625 569 2651 ἐπὶ
585 2626 689 2660 ψυχὴν
702 2625 831 2652 δικαίου.

217 2673 254 2707 (Β
273 2671 292 2698 f.
309 2671 370 2703 585,
390 2670 412 2697 ΙΙ
435 2670 454 2697 f.
470 2670 531 2697 421.
546 2669 628 2697 Cord.
648 2670 800 2706 Anonymi.)
820 2669 963 2706 [Ἐπιϐου-

217 2739 254 2775 (1)
270 2739 309 2775 Ita
320 2738 420 2775 legitur
432 2737 568 2775 εθφραναν
583 2737 609 2764 in
626 2738 767 2775 codicibus
780 2738 918 2775 Vaticanis
931 2737 962 2775 Β,

179 2772 268 2807 Ῑ),Ἐ,
291 2774 321 2805 F,
343 2773 375 2802 G.
396 2773 429 2804 ll,
450 2772 623 2808 K;quodque
636 2773 707 2800 idem
720 2778 763 2801 est
777 2773 918 2808 ηὖφραναν
936 2773 963 2800 in

180 2809 261 2850 codd.
305 2812 332 2836 et
346 2807 437 2850 ἥκεις
449 2807 581 2850 ςγτὶίιυηι
602 2807 842 2850 quoque‘legis‘s'ei
851 2813 963 2850 apparet

181 2853 213 2871 σν(
231 2844 317 2878 ipsius
332 2843 531 2878 explanatione;
548 2844 776 2877 consentiuntque
794 2843 924 2878 Vulgatus
937 2847 964 2870 et

181 2879 214 2907 ε.
223 2878 567 2914 Augustinus,0bservante
576 2877 693 2906 Nobilio.
706 2877 738 2905 At
748 2878 832 2905 codex
842 2878 964 2905 omnium

1013 2293 1157 2320 instituere
1172 2296 1308 2328 satagunt.
1324 2303 1332 2317 ι
1347 2293 1436 2328 Fingit
1451 2293 1542 2327 itaque
1554 2292 1676 2319 laborem
1692 2292 1719 2319 in
1731 2299 1798 2327 pra:—

1011 2343 1101 2374 ccpto,
1116 2348 1124 2364 ι
1140 2338 1240 2365 divinis
1254 2345 1350 2373 nempe
1364 2338 1498 2366 mandatis
1511 2337 1697 2373 repugnando,
1710 2345 1799 2372 neque

1013 2385 1087 2412 viros
1102 2384 1203 2419 probos
1216 2384 1311 2411 eadem
1324 2384 1471 2412 observare
1486 2385 1656 2420 permittens.
1672 2384 1801 2419 Asperio-

1013 2438 1070 2457 rem
1087 2437 1152 2457 vero
1165 2429 1254 2457 reddit
1269 2430 1340 2457 viam
1359 2430 1478 2465 pietatis,
1498 2438 1559 2457 cum
1573 2438 1606 2457 ex
1620 2437 1649 2457 se
1664 2429 1801 2457 levissima

1015 2481 1041 2504 et
1052 2476 1085 2503 ad
1097 2475 1298 2503 decurrendum
1307 2476 1511 2511 expeditissima
1524 2476 1558 2503 sit
1568 2483 1627 2503 cum
1638 2475 1743 2511 ingredi
1754 2483 1801 2503 vo-

1013 2521 1157 2550 lentibusJ

1142 2623 1272 2650 Vers.21.
1287 2623 1454 2650 Vcnabuntur
1471 2625 1588 2650 animum
1602 2624 1678 2658 justi.

1052 2667 1135 2703 [Viris
1149 2667 1221 2695 enim
1237 2668 1336 2696 sanctis
1350 2667 1512 2695 insidiantur
1523 2668 1598 2703 pravi
1618 2673 1699 2703 atque
1715 2668 1802 2703 impo-

1017 2737 1144 2772 princeps
1157 2741 1186 2765 et
1193 2736 1382 2764 nobilissimus
1388 2737 1546 2769 Vaticanus,
1556 2736 1638 2764 habet
1646 2736 1801 2771 ἠγάπησαν,

1017 2772 1177 2804 dilexerunt,
1195 2773 1283 2806 prima
1305 2779 1398 2804 manu,
1414 2772 1534 2799 secunda
1549 2776 1639 2799 tamen
1653 2771 1802 2806 εὕφραναν,

1018 2815 1098 2841 quam
1112 2807 1213 2835 codicis
1226 2807 1386 2835 varietatem
1400 2807 1526 2835 Nobilius
1537 2806 1801 2835 nonanimadvertit.

1019 2842 1071 2869 Sed
1083 2842 1183 2870 bellum
1193 2847 1234 2870 est
1247 2850 1309 2870 cum
1319 2842 1416 2870 eodem
1429 2843 1537 2870 Nobilio
1547 2843 1704 2872 observare.
1720 2841 1803 2877 Didy-

1019 2885 1092 2904 mum
1100 2877 1311 2906 Alexandrinum
1320 2883 1461 2913 utramque
1469 2878 1532 2905 olim
1540 2878 1685 2906 lectionem
1692 2876 1802 2904 vidisse.

1044 2995 1059 3008 θ
