1998 3062
174 165 238 196 iiii

838 165 871 193 ΚΝ
891 165 1052 195 PSALMUM
1071 166 1160 194 XCIV.

1728 169 1738 195 Ι
1743 168 1795 195 2(ίῖ

174 231 182 247 ι
201 221 411 257 Προσδεχόμενοι
420 221 470 256 τὴν
483 220 620 256 μακαρίαν
629 220 723 247 ἐλπίδα
737 221 784 247 καὶ
795 220 950 254 ἐπιφάνειαι.

1007 223 1033 247 et
1046 217 1192 248 adventum
1214 221 1307 256 gloria
1325 221 1414 257 magni
1432 220 1480 249 Dei
1499 221 1694 257 etljSalvatoris
1708 222 1792 249 nostri

170 267 218 303 τῆς
228 267 305 303 δόξης
320 267 366 294 τοῦ
388 267 505 302 μεγάλου
522 266 590 293 Θεοῦ
606 266 654 293 καὶ
668 266 793 302 Σωτῆρος
806 266 885 302 ἡμῶν
903 267 954 302 ’1η-

171 313 217 339 σοῦ
230 312 358 347 Χριστοῦ.
376 322 387 339 ι
402 312 411 349 ]

205 369 236 403 (Β
251 368 269 395 f.
284 369 346 397 586.
361 369 383 396 Η
400 369 419 396 1³.
432 369 493 396 425.
509 368 590 396 Cord.
604 367 846 404 Diodori.)[[lot'ou;
861 368 952 401 θεούς’;

169 411 241 448 Ἀρα
249 414 441 449 ψευδωνύμως
452 415 504 447 ;οὺ
516 414 595 441 τοῦτό
610 423 702 451 φησιν,
717 414 784 441 ἀλλὰ
798 415 860 446 τοὺς
869 415 897 441 ὲν
909 414 954 440 οὗ-

170 458 244 494 ρανῷ
264 460 312 486 καὶ
333 461 379 486 ἐπὶ
392 460 443 494 τῆς
457 460 526 494 γῆς·
547 460 685 493 τουτέστι,
701 460 751 492 τὰς
776 460 887 494 λογικὰς
906 460 953 487 καὶ

169 504 224 530 ἄνω
234 504 373 540 δυνάμεις,
383 506 430 532 καὶ
445 506 538 539 ἁγίους
545 505 573 532 δὲ
584 507 647 538 τοὺς
660 506 739 538 ὄντας
754 506 800 533 ἐπὶ
821 508 870 542 τῆς
884 507 950 542 γῆς·

168 547 208 581 οἷς
226 549 255 576 τὸ
269 550 319 585 τῆς
333 550 459 586 θεότητος
473 551 673 585 ὄνομα-δέδοται
689 551 764 587 παρᾶ
778 551 825 578 τοῦ
844 553 952 578 πάντων

168 595 296 622 ἐπέκεινα
310 595 394 631 τιμῆς
409 596 489 623 ἕνεκα
504 597 551 623 καὶ
565 596 653 632 δόξης.
667 596 759 628 Οὕτως
770 597 858 623 αὐτῶν
876 597 922 623 καὶ
939 597 953 623 ὁ

168 641 320 676 Ψαλμῳδὸς
329 641 540 677 διαμνημονεύει
552 642 653 676 λέγων·
671 651 680 668 ι
696 642 762 674 Θεὸς
774 642 841 669 θεῶν
852 642 953 678 Κύριος

168 688 292 723 ἐλάλησε,
310 697 319 714 ι
340 688 387 714 καὶ
403 688 436 715 τὰ
446 687 533 724 ἑξῆς]

264 741 330 777 [Καὶ
342 742 378 769 τὰ
393 742 457 776 ὕψη
471 742 532 769 τῶν
549 742 641 776 ὁρέων
650 742 744 769 αὑτοῦ
764 742 858 769 ἐστιν.

202 797 233 831 (Β
247 797 266 824 f.
284 797 346 829 586,
364 797 388 825 ΙΙ
401 798 421 825 f.
438 799 489 826 425
503 798 528 825 ι).
540 799 623 826 Cord.
639 799 792 835 Anonymi.)
803 799 870 827 Ποῖά
881 799 953 824 ἐστιν

167 841 255 878 ὑψηλὰ
271 842 326 869 τῶν
347 843 451 878 ὀρέωνς
475 853 484 870 ι
511 845 651 876 τουτέστι,
674 845 708 871 τὰ
723 845 865 879 ὲπηρμένα
882 844 952 871 κατὰ

1005 266 1070 293 Jesu
1085 265 1187 294 Christi
1198 265 1232 292 θ’.
1251 265 1275 302 ι]

1041 379 1151 415 [Quales
1162 379 1246 406 deos?
1262 380 1331 407 Num
1351 380 1411 407 falsi
1429 376 1566 407 nominis?
1578 380 1636 407 Non
1651 380 1703 407 hoc
1716 380 1793 413 dicit,

1003 427 1052 454 sed
1065 435 1114 455 eos
1127 427 1175 462 qui
1194 427 1222 454 in
1237 427 1307 455 caelo
1328 432 1393 455 sunt
1416 431 1441 454 et
1463 434 1545 462 super
1565 431 1676 457 terram,
1695 425 1722 452 id
1741 430 1792 455 est,

1004 472 1151 500 rationales
1160 476 1188 500 et
1206 480 1338 507 supernas
1352 473 1477 504 virtutes,
1499 471 1565 506 quin
1581 475 1608 498 et
1623 473 1731 497 sanctos
1746 470 1793 504 qui

1003 518 1031 545 in
1044 523 1118 546 terra
1130 523 1212 551 sunt;
1224 518 1325 553 quibus
1339 518 1373 545 ab
1387 525 1420 545 eo
1435 518 1481 553 qui
1492 525 1574 552 super
1584 523 1680 544 omnes
1690 520 1732 542 est
1741 515 1792 542 ho-

1002 565 1077 591 noris
1096 569 1123 591 et
1143 564 1236 599 glorize
1251 572 1332 591 causa
1347 572 1445 591 nomen
1466 563 1617 590 divinitatis
1633 562 1725 589 datum
1740 565 1790 588 est.

1003 610 1060 637 Hoc
1073 610 1154 637 modo
1165 610 1246 636 etiam
1259 610 1401 637 Psalmista
1418 616 1514 636 eorum
1539 608 1603 635 facit
1625 607 1792 635 mentionem

1003 653 1112 681 dicens:
1126 663 1134 679 ι
1149 653 1222 680 Deus
1230 653 1343 680 deorum
1353 652 1601 680 Dominuslocutus
1609 652 1692 684 est”,
1705 661 1714 677 ι
1727 649 1792 687 etc.]

1076 745 1164 782 [νοτε.
1175 746 1201 773 4.
1215 745 1249 773 Et
1260 746 1411 773 altitudines
1422 746 1550 773 montium
1558 746 1637 780 ipsius
1650 749 1721 772 sunt.

1043 811 1051 827 ι
1082 801 1248 829 Altitudines
1273 799 1340 829 vero
1367 802 1512 834 montium,
1531 811 1540 827 ›
1568 801 1595 828 id
1610 804 1662 833 est,
1679 808 1711 828 ea
1732 808 1793 835 qua:

1005 847 1155 874 secundum
1172 847 1287 882 gloriam
1302 847 1407 873 elevata
1424 851 1498 878 sunt,
1510 846 1575 873 etin
1588 845 1664 873 cmlis
1675 845 1792 872 maxime

166 887 216 922 τὴν
227 887 317 921 δόξαν,
333 889 379 915 καὶ
394 889 612 924 περιφανέστερα
622 889 676 916 τῶν
687 890 716 916 ὲν
730 889 855 925 οὐρανοῖς
865 897 872 904 ·
891 890 950 924 Ἀρ-

1007 892 1167 926 conspicua;
1185 896 1214 918 ut
1227 892 1410 927 Principatus,
1432 891 1546 924 Throni,
1561 891 1694 923 Virtutes,
1710 891 1792 918 Pole-

108 950 113 955 ι
166 934 221 968 καὶ,
235 934 340 969 Θρόνοι,
356 934 500 969 Δυνάμεις,
520 934 664 967 Ἐξουσίαι,
677 934 853 969 κυριότητες,
876 935 953 969 Ἀρχ-

165 980 288 1014 άγγελοι,
306 980 353 1006 καὶ
367 979 437 1006 αὐτὰ
451 980 485 1006 τὰ
511 980 647 1015 Σεραφίμ.
668 979 747 1006 Ἀλλὰ
763 980 849 1006 ταῦτα
865 980 953 1006 πάντα

165 1024 248 1051 αὐτοῦ
267 1025 358 1052 ἐστιν·
389 1026 404 1051 ὀ
422 1025 470 1060 μὲν
489 1025 543 1060 γὰρ
567 1025 605 1057 ὡς
631 1025 696 1057 Υἱὸς
720 1025 891 1060 συγκάθηται
913 1024 952 1060 τῷ

165 1071 264 1106 Πατρὶ,
281 1071 306 1097 oi
319 1070 348 1097 δὲ
367 1071 557 1106 παρεστήκασι
571 1071 790 1106 λειτουργοῦντες
805 1069 890 1105 αὐτῷ,
904 1070 953 1097 καὶ

165 1116 330 1150 δοξολογίαις
347 1115 541 1151 στεφανοῦντες
554 1115 661 1152 autem]

319 1183 393 1219 ["On
407 1183 500 1211 αὐτοῦ
516 1184 602 1211 ἐστιν
614 1183 632 1217 ἠ
649 1184 802 1211 θάλασσα.

201 1241 233 1273 (Β
249 1240 268 1267 f.
285 1240 347 1273 386,
363 1240 385 1267 Η
400 1240 419 1267 i.
438 1241 490 1268 425
502 1240 530 1267 b.
547 1239 630 1267 Cord.
649 1240 788 1273 Alterius.)
799 1237 873 1271 Εἶδες
892 1239 952 1270 πῶς

165 1287 302 1321 Δεσπότην
329 1285 410 1312 αὑτὸν
437 1285 616 1320 ἀποφαίνεται
637 1285 692 1312 τῶν
713 1286 862 1318 ἁπάντωνς
890 1284 952 1316 Πῶς

165 1332 245 1367 ἡμεῖς
260 1331 437 1367 θαυμάζομεν
455 1332 518 1363 τοὺς
538 1331 585 1358 ἐπὶ
599 1331 651 1366 γῆς
667 1331 812 1367 βασιλέαςς
834 1330 889 1365 Γῆς
905 1330 952 1357 καὶ

165 1379 302 1413 θαλάσσης
317 1378 449 1410 δεσπότας
471 1378 568 1409 αὐτοὺς
581 1378 750 1412 ὀνομάζομεν
761 1385 769 1392 ο
785 1377 853 1404 ἀλλὰ
870 1377 951 1412 μέχρι

164 1424 265 1451 τούτων
282 1424 494 1460 ἐπιμετροῦντες
516 1424 607 1455 αὐτοῖς
619 1424 668 1455 τὰς
687 1423 826 1458 εὐφημίας
837 1443 844 1455 ,
859 1423 951 1450 οὐκέτι

166 1470 279 1505 ποιητὰς
307 1470 405 1501 αὐτοὺς
431 1469 486 1496 τῶν
511 1469 653 1504 στοιχείων
683 1468 810 1503 γενέσθαι
843 1468 949 1503 φαμέν·

165 1515 265 1550 πρέπει
280 1514 334 1550 γὰρ
348 1515 427 1542 τοῦτο
445 1515 517 1550 μόνῳ
534 1514 572 1549 τῷ
586 1514 632 1540 ἐπὶ
645 1513 753 1541 πάντων
768 1513 827 1549 Θεῷ
840 1522 847 1530 ·
869 1514 951 1546 αὐτὸς

1004 941 1099 969 states,
1121 937 1336 969 Dominationes,
1354 936 1527 971 Arehangeli,
1540 939 1621 970 atque
1634 935 1690 970 ipsa
1710 934 1791 962 Sera-

1003 982 1090 1017 phim.
1116 983 1220 1010 Verum
1245 983 1303 1010 haec
1327 983 1418 1009 omnia
1436 982 1522 1017 ipsius
1547 986 1627 1014 sunt;
1654 980 1791 1016 siquidem

1004 1032 1132 1063 tanquam
1152 1028 1238 1055 Filius
1263 1036 1326 1055 cum
1344 1028 1424 1055 Patre
1447 1027 1565 1060 residet,
1585 1027 1623 1054 illi
1640 1034 1705 1054 vero
1725 1026 1792 1053 assi-

1002 1076 1080 1099 stunt
1102 1072 1154 1107 ipsi
1177 1072 1376 1104 ministrantes,
1394 1076 1423 1100 et
1450 1072 1563 1099 laudum
1586 1071 1702 1099 canticis
1727 1079 1791 1099 eum

1002 1123 1175 1146 coronantes.
1181 1118 1192 1154 ]

1126 1185 1215 1222 [νοτε.
1233 1185 1259 1212 5.
1279 1184 1411 1218 Quoniam
1435 1185 1518 1221 ipsius
1532 1188 1570 1211 est
1585 1193 1669 1211 mare.

1037 1240 1118 1268 Vides
1147 1241 1286 1276 quomodo
1311 1241 1400 1276 ipsum
1425 1241 1616 1268 universorum
1645 1240 1791 1267 Dominum

1001 1295 1062 1315 esse
1081 1287 1268 1314 demonstret?
1288 1287 1432 1320 Quomodo
1448 1295 1499 1314 nos
1521 1287 1690 1314 admiramur
1705 1291 1792 1314 terre-

1002 1343 1052 1362 nos
1069 1335 1167 1370 reges?
1184 1334 1276 1361 Terrae
1294 1342 1325 1361 ac
1344 1334 1429 1361 maris
1441 1334 1567 1360 dominos
1581 1333 1655 1368 ipsos
1665 1333 1791 1360 nomina-

1002 1389 1062 1408 mus
1075 1390 1082 1407 :
1097 1385 1286 1407 verumtamen
1307 1380 1366 1407 istis
1385 1380 1472 1407 titulis
1487 1379 1684 1414 appellationes
1696 1387 1792 1406 eorum

1001 1426 1191 1458 admetientes,
1212 1425 1423 1460 haudquaquam
1439 1425 1512 1460 ipsos
1531 1424 1644 1459 opifices
1660 1424 1783 1451 elemen-

1003 1476 1092 1498 torum
1115 1478 1176 1498 esse
1198 1470 1336 1504 dicimus;
1365 1478 1429 1498 nam
1454 1471 1507 1497 hoc
1527 1470 1578 1496 soli
1598 1469 1791 1497 universorum

1002 1517 1057 1544 Deo
1078 1516 1203 1551 congruit
1220 1525 1226 1542 ε
1246 1515 1383 1550 siquidem
1404 1515 1462 1550 ipse
1481 1515 1674 1542 universorum
1695 1518 1792 1541 auctor

165 1561 219 1597 γάρ
231 1562 288 1587 ἐστι
301 1561 355 1587 τῶν
365 1561 433 1587 ὅλων
446 1560 637 1596 γενεσιουργὸς
653 1561 700 1587 καὶ
715 1560 850 1595 τεχνίτης.
871 1560 950 1587 Ἰἰκέ-

1007 1567 1029 1591 et
1042 1562 1134 1598 opifex
1157 1562 1274 1590 exsistit.
1299 1562 1417 1590 Veniant
1431 1562 1513 1597 igitur
1528 1561 1575 1596 qui
1593 1565 1698 1593 errant,
1719 1565 1747 1588 et
1758 1561 1790 1588 ad

164 1615 254 1634 τωσαν
264 1607 353 1633 τοίνυν
363 1607 388 1633 οι
402 1606 635 1641 πλανώμενοι,καὶ
646 1606 713 1641 πρὸς
723 1606 753 1632 τὸ
761 1607 809 1640 τῆς
822 1606 950 1641 ἀληθείας

165 1652 337 1688 ὲρχὲσθωσαν
357 1652 430 1686 (pair
449 1653 706 1686 ἐπιγινωσκέτωσαν
731 1652 790 1687 μεθ’
810 1652 888 1688 ἡμῶν
905 1652 950 1679 τὸν

165 1698 411 1734 ὲνανθρωπήστιντα
433 1698 480 1725 τοῦ
505 1698 572 1725 Θεοῦ
603 1698 704 1733 Λόγον·
729 1698 950 1734 ὀμολογείτωσαν

164 1745 205 1770 ὅτι
220 1744 267 1771 καὶ
280 1744 346 1776 Θεός
359 1745 417 1771 ἐστι
435 1745 481 1771 καὶ
495 1744 562 1771 Θεοῦ
583 1744 645 1776 Υἱὸς
660 1744 727 1771 κατὰ
745 1744 898 1780 dtis/305mm]

184 1800 300 1835 [Δεῦτε.
323 1800 600 1836 προσκυνήσωμεν,
626 1801 675 1829 καὶ
701 1802 930 1837 προσπέσωμεν.

196 1857 229 1892 (li
238 1857 257 1884 Γ.
273 1857 333 1884 424.
348 1856 430 1884 Cord.
441 1857 587 1890 Theodori.)
597 1857 681 1884 Ὅταν
692 1857 775 1892 ἴδητε,
785 1858 876 1893 φησὶν,
886 1857 950 1884 εῖδει

163 1903 202 1938 τῷ
214 1903 274 1929 καθ’
287 1903 372 1938 ἡμᾶς,
388 1903 469 1938 ἤγουν
486 1904 514 1929 ὲν
526 1903 681 1938 ἁνθρωπείᾳ
694 1905 795 1939 μορφῇ,
812 1904 951 1939 πεφηνότα

163 1948 209 1975 τὸν
228 1948 281 1974 τῶν
304 1948 372 1974 ὅλων
394 1947 507 1982 βασιλέα
525 1948 573 1974 κσιὶ¹
596 1949 716 1984 Κύριον,
742 1948 788 1975 τὸν
805 1948 949 1984 σύνθρονον

164 1994 203 2028 τῷ
219 1993 305 2028 Πατρὶ
317 1993 381 2020 Θεὸν
399 1993 492 2027 Λόγον.
509 1993 546 2029 μὴ
557 1994 709 2030 ἁγνοήσητε
723 1994 772 2030 τὴν
783 1995 948 2028 οἰκονομίαν,

166 2039 204 2073 μὴ
223 2037 326 2072 φύγητε
347 2038 377 2064 τὸ
393 2039 555 2073 προσκυνεῖν
578 2038 663 2074 αὐτῷ,
681 2038 719 2074 μὴ
741 2038 948 2074 παραιτήσησθε

164 2084 195 2110 τὸ
209 2084 390 2118 προσπίπτειν
403 2084 490 2118 αὐτῷ’
504 2084 637 2118 ὲπίγνωτε
650 2085 678 2111 δὲ
693 2085 803 2120 μᾶλλον,
818 2085 858 2111 ὅτι
870 2084 950 2116 αὑτός

166 2130 240 2156 ἔστιν
254 2130 268 2156 ὁ
277 2129 342 2161 Θεὸς
352 2129 442 2165 ἡμῶν,
461 2130 508 2156 καὶ
520 2131 599 2166 ἡμεῖς
616 2130 680 2162 λαὸς
694 2131 786 2158 αὑτοῦ.
799 2131 809 2167 ]

218 2185 364 2221 [Σήμερον
372 2185 427 2212 ἐὰν
442 2185 496 2220 τῆς
511 2185 613 2220 φωνῆς
629 2186 722 2214 αὐτοῦ
734 2187 896 2221 ἀκούσητε.

1004 1608 1128 1636 veritatis
1146 1608 1244 1635 lumen'
1253 1608 1399 1640 accedant;
1422 1611 1570 1642 agnoscant
1586 1607 1730 1634 nobiscum
1751 1607 1795 1633 in.

1004 1659 1145 1682 carnatum
1188 1654 1236 1682 Dei
1265 1654 1402 1686 Verbum;
1437 1653 1622 1680 confiteantur
1658 1653 1790 1688 quoniam

1003 1699 1154 1728 secundum
1165 1699 1308 1727 veritatem
1321 1699 1394 1726 Dcus
1403 1702 1446 1726 cst
1459 1702 1485 1725 et
1503 1698 1588 1726 Filius
1604 1696 1680 1734 Dei.]

1075 1796 1164 1833 [γει-δ.
1179 1796 1205 1823 6.
1224 1796 1323 1829 Venite,
1335 1796 1484 1828 adoremus,
1495 1800 1518 1822 et
1532 1794 1713 1831 procidamus.

1037 1859 1162 1893 Quando,
1185 1858 1287 1893 inquit,
1310 1857 1338 1884 in
1354 1857 1440 1892 ﬁgura
1452 1861 1555 1888 nostra.
1575 1855 1680 1883 scilicet
1697 1855 1723 1882 in
1737 1854 1789 1881 hu-

1003 1912 1082 1931 mana
1102 1904 1188 1930 forma
1202 1923 1209 1935 ,
1238 1902 1428 1929 universorum
1456 1909 1546 1936 regem
1570 1909 1602 1928 ac
1624 1900 1789 1931 Demittunt,

1002 1949 1125 1984 ejusdem
1147 1956 1209 1975 cum
1229 1948 1308 1975 Patre
1333 1947 1423 1974 throni
1446 1947 1533 1974 Deum
1550 1946 1685 1978 Verbum,
1706 1953 1789 1980 appa-

1003 1995 1092 2022 ruisse
1121 1994 1257 2026 V'ideritis,
1285 1993 1370 2020 nolite
1397 1992 1522 2027 ignorare
1546 1991 1789 2026 dispensationem,

1006 2040 1089 2068 nolite
1115 2039 1307 2074 subterfugere
1325 2038 1411 2073 ipsius
1427 2037 1614 2064 adorationem
1625 2057 1632 2069 ,
1649 2044 1683 2063 ne
1697 2036 1788 2063 detre—

1003 2085 1082 2113 ctetis
1090 2085 1141 2120 ipsi
1150 2083 1307 2119 procidere;
1320 2083 1386 2118 quin
1397 2082 1489 2117 potius
1496 2082 1646 2117 agnoscite,
1657 2080 1788 2116 quoniam

1004 2131 1061 2165 ipse
1077 2134 1118 2158 est
1129 2130 1200 2157 Deus
1213 2132 1316 2161 noster,
1333 2132 1362 2155 et
1373 2136 1423 2155 nos
1440 2128 1558 2163 populus
1574 2127 1683 2164 ipsius.]

1095 2186 1183 2222 [γει-ε.
1197 2185 1222 2212 8.
1240 2185 1323 2212 Hodie
1336 2185 1359 2212 si
1372 2192 1458 2212 vocem
1473 2185 1529 2220 ejus
1546 2184 1693 2211 audieritis.

201 2242 234 2277 (Π
243 2242 261 2269 l'.
273 2242 335 2270 425.
348 2242 431 2270 Cord.
443 2242 570 2277 Eusebii.)
586 2243 639 2269 Kal.
649 2243 675 2269 τί
685 2243 742 2270 ἐστι
755 2244 785 2270 τὸ
798 2244 949 2277 aliusper;

1038 2243 1071 2270 Et
1087 2242 1153 2277 quid
1174 2245 1216 2269 est
1239 2241 1305 2268 illud
1328 2241 1425 2268 hodie?
1439 2241 1541 2276 Nempe
1558 2244 1666 2275 tempus
1685 2241 1787 2268 instans

164 2287 243 2314 Κατὰ
256 2287 300 2314 τὸν
311 2287 474 2322 ἐνεστηκότα
484 2288 603 2323 δηλονότι
613 2288 715 2323 καιρὸν,
731 2288 828 2316 καθ’ὂν
841 2289 952 2322 γέγονεν

164 2333 307 2368 ἄιθρωπος
327 2335 342 2360 ὁ
360 2334 508 2368 μονογενὴς
529 2333 575 2360 τοῦ
599 2334 666 2360 Θεοῦ
690 2335 793 2368 Λόγος·
818 2335 878 2361 τότε
896 2335 950 2371 γὰρ

165 2379 282 2410 ἅπαντες
298 2378 456 2414 ἠκούσαμεν
471 2379 520 2414 τῆς
533 2379 623 2414 φωνῆς
639 2379 732 2406 αὑτοῦ.
750 2380 786 2406 Οὐ
803 2380 855 2415 γὰρ
873 2380 950 2407 λελά-

164 2423 231 2458 ληκε
244 2424 311 2459 πρὸς
327 2425 401 2459 ἡμᾶς
419 2424 455 2451 δι’
474 2425 531 2456 ἐνὸς
549 2425 602 2451 τῶν
617 2425 702 2459 ἁγίων
719 2426 805 2457 τινός·
820 2425 877 2452 ἀλλ’
889 2425 949 2452 οὐδὲ

165 2470 194 2494 ἐν
206 2469 281 2501 τάξει
304 2470 451 2505 προφητῶν
465 2471 638 2505 παραγέγονε,
657 2472 723 2507 πρὸς
739 2473 822 2507 ἡμᾶς,
838 2472 894 2499 ἀλλ’
911 2472 948 2504 ὡς

164 2515 230 2546 Θεὸς
247 2515 300 2542 τῶν
313 2516 381 2542 ὅλων
398 2518 448 2543 καὶ
461 2517 574 2553 Κύριος.
589 2517 598 2553 ]

287 2570 530 2606 [Τεσσαράκοντα
548 2573 600 2606 ἔτη
620 2573 825 2608 προσώχθισα.

201 2625 242 2658 (Β.
259 2625 277 2651 f.
295 2625 346 2652 586
363 2625 390 2652 b.
410 2625 493 2652 Cord.
510 2626 645 2662 Eusebii.)
659 2628 702 2664 [Οἱ
717 2629 771 2662 γὰρ
795 2629 824 2662 ἐξ
845 2629 951 2664 Ἰσραὴλ

165 2673 223 2703 ταῖς
242 2671 368 2704 ἀπειλαῖς
394 2672 536 2706 προσέχειν
557 2673 607 2699 οὐκ
623 2673 769 2709 ἠθέλησαν,
790 2675 849 2701 οὐδὲ
869 2683 951 2710 μετα-

167 2717 261 2753 μελείᾳ
274 2717 353 2744 λῦσαι
367 2719 415 2753 τὴν
427 2718 541 2753 ἀπειλὴν
556 2718 759 2755 ὴΰουλήθησαν·
778 2718 807 2747 οὗ
826 2720 857 2756 δὴ
870 2721 949 2756 χάριν

164 2764 212 2798 τῆς
227 2764 280 2795 τοῖς
291 2764 425 2798 πατράσιν
437 2764 643 2799 ἐπηγγελμένης
656 2766 704 2792 οὐκ
714 2766 873 2800 ἀπήλαυσαν
887 2767 948 2802 γῆς’

165 2808 214 2842 τὴν
231 2807 283 2843 γὰρ
296 2809 402 2843 ἐκείνην
414 2808 586 2835 κατάπαυσιν
598 2810 679 2836 αὐτοῦ
698 2811 946 2849 προσηγόρευτεν.]

203 2876 225 2891 ‘"
241 2876 293 2904 Tit.
311 2885 337 2910 ιι,
356 2877 396 2904 l5.
434 2879 456 2894 ’³
472 2878 543 2906 Psal.
558 2886 627 2912 ειη,
642 2879 665 2906 i.

839 2946 886 2953 ιλιι-ι
907 2947 923 2953 -

1003 2297 1049 2316 seu
1070 2295 1200 2323 praesens.
1214 2295 1268 2322 quo
1289 2287 1460 2322 unigenitum
1482 2286 1529 2313 Dei
1547 2286 1665 2314 Verbum
1689 2286 1787 2313 factum

1001 2340 1042 2363 cst
1057 2336 1139 2362 homo
1152 2344 1158 2360 :
1175 2339 1240 2361 tunc
1255 2333 1328 2360 enim
1343 2340 1439 2360 omnes
1454 2339 1548 2359 vocem
1557 2332 1615 2366 ejus
1624 2331 1787 2358 audivimus.

1000 2382 1059 2409 Non
1084 2381 1158 2408 enim
1176 2380 1209 2407 ad
1233 2387 1282 2407 nos
1305 2379 1388 2406 verba
1405 2378 1470 2405 fecit
1492 2385 1541 2412 per
1563 2385 1646 2404 unum
1671 2377 1786 2412 aliquem

1000 2431 1171 2459 sanctorum;
1183 2433 1272 2461 neque
1283 2425 1309 2452 in
1319 2424 1431 2452 modum
1437 2423 1631 2458 prophetarum
1643 2423 1675 2450 ad
1685 2430 1736 2450 nos
1744 2430 1787 2449 vc-

1000 2472 1057 2504 nit,
1081 2471 1127 2499 sed
1144 2475 1273 2506 tanquam
1290 2470 1363 2497 Deus
1382 2469 1571 2496 universorum
1586 2476 1618 2495 ac
1636 2467 1788 2502 Dominus.)

1079 2573 1167 2609 [νοτε.
1183 2572 1224 2600 10.
1240 2571 1427 2608 Quadraginta
1440 2572 1517 2598 annis
1533 2572 1644 2607 offensus
1662 2571 1710 2606 fui.

1037 2629 1164 2656 lsraelitze
1180 2628 1253 2656 enim
1269 2628 1353 2655 minis
1369 2628 1512 2655 attendere
1526 2628 1685 2660 noluerunt,
1701 2635 1787 2662 nequc

1003 2682 1052 2710 per
1075 2675 1264 2709 pcenitentiam
1293 2673 1400 2701 amoliri
1434 2674 1507 2701 illam
1533 2674 1786 2705 comminationem,

1004 2726 1116 2757 propter
1140 2722 1213 2757 quod
1237 2722 1331 2756 utique
1356 2725 1456 2748 terram
1482 2719 1605 2755 patribus
1627 2719 1787 2754 promissam

1004 2768 1117 2795 minime
1139 2767 1229 2802 adepti
1254 2772 1333 2800 sunt;
1360 2766 1433 2794 illam
1465 2763 1551 2793 enim'
1566 2773 1642 2792 suam
1665 2765 1787 2798 requiem

1004 2813 1171 2850 appellarit]
