1998 3062
219 169 288 198 ίειδ

484 226 642 255 PSALMUS
657 227 735 255 XCV.

289 283 378 319 [Veis
396 283 420 310 l.
437 282 549 310 Caritate
559 282 671 310 Domino
684 283 814 309 canticum
831 290 938 309 nouum.

253 339 350 367 Omnia
367 339 438 367 facta
454 343 518 367 sunt
534 339 560 366 in
574 338 685 366 Christo
697 346 776 370 nova,
796 342 824 365 et
837 341 929 365 vetera
946 345 1009 373 per-

216 386 411 413 transierunt’
429 394 435 411 :
460 388 488 412 et
507 385 534 412 in
557 384 638 411 nobis
663 383 805 418 impletum
827 387 869 411 est
887 383 959 418 quod
982 383 1009 410 in

218 431 289 459 libro
309 431 480 459 Psalmorum
504 431 636 465 scriptum
651 434 712 457 est:
737 439 746 455 ι
772 430 960 457 Renovabitur
980 434 1011 458 ut

218 478 316 513 aqurla:
327 481 457 513 juventus
473 481 519 504 tua
534 477 554 502 ’.
573 485 582 501 ι
600 475 741 510 Siquidem
758 475 784 503 in
803 475 912 504 Christo
928 476 1008 503 inno-

215 525 272 551 vari
289 531 393 556 sumus,
410 523 579 558 deponentes
596 522 706 557 quidem
721 522 730 538 ³
749 532 758 547 ε
780 526 900 550 veterem
919 522 1009 550 homi-

214 578 291 602 nem,
309 569 356 604 qui
377 568 562 603 corrumpitur
574 568 726 595 secundum
738 568 874 595 desideria
889 567 1007 600 erroris;

218 613 364 641 induentes
385 620 451 641 vero
473 621 588 645 novum,
614 613 661 647 qui
684 617 832 640 renovatur
857 613 1008 640 secundum

212 660 363 695 imaginem
382 661 441 695 ejus
454 659 502 695 qui
518 659 621 687 creavit
635 659 711 686 illum
724 660 744 686 ’⁸.
765 659 789 695 ι]

217 721 300 756 268
311 720 388 748 Vers.
396 720 422 748 2.
432 720 595 748 Amumtiate
606 720 638 747 de
649 720 689 748 die
697 721 723 747 in
733 721 800 748 diem
810 720 929 748 salutare
941 723 1006 757 ejus.

249 809 397 844 Cuiusnam
414 809 500 836 vero?
512 809 615 843 Nempe
633 808 680 836 Dei
700 808 789 835 Patris
799 828 806 840 ,
819 807 918 835 Filium
932 808 1007 836 scili-

216 860 259 883 cet
274 856 307 883 de
318 864 372 890 quo
388 855 454 882 dicit
467 855 546 882 nobis
561 863 610 890 per
626 862 710 881 unum
726 854 759 882 de
774 855 876 882 sanctis
888 855 1007 889 prophe-

217 902 269 929 tis:
295 911 303 927 ι
325 901 533 937 Appropinquat
553 901 629 928 brevi
645 901 751 935 justilia
771 908 842 932 mea,
855 905 883 927 et
897 900 1006 927 miseri-
1025 908 1044 936 Β

215 947 308 974 cordia
320 954 380 974 mea
391 955 454 974 mox
467 947 626 982 apparebit;
642 947 761 974 salutare
777 955 843 974 vero
855 954 946 973 meum
958 954 1007 974 ceu

215 993 319 1028 lampas
331 993 498 1020 aceendetur
511 993 531 1019 ⁵.
553 1002 562 1018 ι
583 993 777 1020 Misericordim
799 994 898 1028 quippe
918 998 945 1020 et
963 995 1007 1029 ju—

214 1039 296 1066 stitiae
316 1038 426 1066 nomine
450 1039 550 1066 Filium
572 1039 698 1074 indigitat
722 1048 728 1065 :
751 1048 800 1075 per
822 1039 909 1074 ipsum
934 1041 1008 1067 enim

215 1085 388 1112 clementiam
402 1085 506 1120 experti
521 1093 625 1117 sumus,
641 1090 668 1112 et
685 1093 794 1112 omnem
809 1086 922 1121 justitite
936 1087 1008 1113 viam

215 1131 373 1159 didicimus.
390 1131 425 1158 Et
440 1132 521 1167 paulo
536 1137 604 1167 post.
620 1132 708 1159 Dictio
723 1132 754 1158 de
770 1132 811 1159 die
831 1133 859 1159 in
879 1132 947 1159 diem
960 1141 1008 1167 po-

216 1178 290 1204 nitur
308 1185 358 1213 pro
373 1178 452 1205 Omni
470 1177 532 1211 die;
554 1178 627 1213 quod
644 1185 709 1205 sane
733 1178 920 1213 prmstiterunt
935 1178 1007 1206 beati

214 1225 353 1259 discipuli,
366 1224 412 1260 qui
428 1224 504 1252 nullo
515 1224 699 1259 praetermisso
714 1229 837 1259 tempore
852 1232 901 1259 per
913 1232 1009 1259 quam-

215 1271 281 1298 libet
291 1270 430 1306 regionem
446 1270 640 1304 civitatemque
654 1270 856 1300 discurrerunt,
869 1269 1007 1297 Christum

215 1317 383 1348 nuntiantes,
393 1323 554 1350 sacramque
568 1316 722 1343 doctrinam
734 1315 884 1342 tradentes.
893 1331 928 1335 ——
938 1316 1009 1343 Prat-

214 1363 376 1390 dicaverunt
386 1363 493 1390 cunctis
505 1362 608 1397 ubique
619 1362 727 1397 populis
736 1369 781 1389 res
790 1363 849 1397 ejus
857 1362 1006 1393 mirabiles,

215 1409 338 1444 prodigia
356 1409 452 1444 ipsius,
471 1409 496 1435 id
513 1413 554 1436 est
573 1408 716 1443 magniﬁca
736 1416 819 1443 opera
837 1414 937 1443 praeter
947 1416 1007 1436 om-

215 1455 291 1483 nium
306 1456 537 1491 exspectationem
554 1459 669 1490 patrata.

212 1572 302 1608 [\‘ers.
327 1577 353 1604 4.
377 1576 508 1609 Quoniam
533 1585 643 1617 nm_q_mt_s
670 1576 796 1604 Dominus
822 1582 846 1603 et
867 1576 1007 1604 laudabilis
1023 1586 1045 1617 ς

566 1620 652 1639 mmts.

250 1663 361 1698 Magnus
377 1671 470 1690 revera
485 1662 619 1689 Dominus
629 1667 722 1690 noster
737 1663 830 1690 etDeo
843 1663 1008 1690 convenien-

214 1710 346 1737 tissimam
364 1709 449 1736 habet
470 1716 553 1743 super
571 1716 668 1736 onmes
692 1709 881 1736 excellentiam
901 1718 907 1736 :
928 1717 1008 1736 nemo

213 1760 305 1784 autem
325 1755 437 1782 omnino
457 1755 507 1789 ipsi
520 1763 569 1789 par
581 1759 624 1781 est
636 1759 665 1782 et
675 1755 926 1782 consubstantialis.
942 1755 1009 1783 Uni-

213 1807 264 1827 cus
277 1799 350 1826 enim
366 1802 408 1826 est
423 1804 519 1826 natura
536 1798 623 1826 Filius
636 1806 717 1826 verus
740 1800 788 1827 Dei
806 1808 838 1827 ac
859 1800 960 1832 Patris,
981 1807 1008 1828 et

213 1846 353 1874 Genitoris
371 1845 414 1872 sui
430 1845 609 1881 dignitatibus
628 1851 787 1879 coronatus,
803 1847 950 1875 laudabilis
965 1848 1007 1875 ni—

213 1893 276 1924 mis,
294 1892 321 1919 id
334 1897 386 1924 est,
401 1893 596 1928 gloriﬁcandus
609 1893 690 1921 etiam
708 1902 722 1920 a
744 1894 872 1929 supernis
886 1900 914 1922 et
927 1895 1008 1922 cccle-

213 1939 303 1966 stibus
315 1938 468 1973 spiritibus,
482 1943 510 1966 et
525 1939 559 1966 ab
577 1940 610 1966 iis
627 1941 673 1974 qui
687 1940 714 1967 in
726 1944 798 1968 terra
816 1946 890 1968 sunt.
901 1941 1007 1969 Novum

213 1986 299 2020 igitur
313 1985 451 2012 canticum
464 1986 542 2020 juxta
555 1985 627 2013 dicta
641 1986 732 2017 docet,
753 1987 816 2014 novi
833 1988 933 2015 cantici
954 1988 1008 2015 Do-

214 2031 319 2058 minum
337 2038 465 2067 magnum
480 2031 599 2066 aliquem
615 2039 675 2059 esse
687 2036 715 2059 et
729 2032 894 2059 laudabilem
914 2033 1006 2067 nimis,

213 2082 296 2112 atque
320 2077 433 2112 insuper
447 2077 600 2105 terribilem
621 2085 704 2113 super
725 2085 821 2105 omnes
845 2078 912 2107 deos
929 2089 935 2106 :
952 2087 1009 2107 ma-

213 2131 296 2157 gnum
312 2123 423 2158 quidem
443 2127 473 2150 ut
485 2123 533 2150 Dei
549 2123 668 2151 Verbum
685 2129 713 2151 et
733 2125 857 2152 omnium
875 2125 1007 2154 Condito-

214 2177 290 2202 rem;
314 2169 481 2197 laudabilem
506 2177 573 2196 vero
598 2174 728 2204 tanquam
752 2170 955 2199 benef-actorem
977 2180 1008 2200 ac

213 2215 382 2243 vaatorem
400 2216 539 2247 omnium;
556 2215 708 2243 terribilem
719 2223 785 2243 vero
801 2225 854 2244 non
867 2218 1005 2250 omnibus,

730 170 760 198 S.
782 169 919 198 CYRlLLl
939 169 1176 197 ALEXANDRINI
1196 170 1356 200 ARCHIEP.

1789 174 1858 201 [225

1346 228 1495 255 ΨΛΛΜΟΣ
1513 229 1570 262 ιιεν.

1202 282 1327 319 [ᾊσατε
1339 283 1378 317 τῷ
1389 285 1486 320 Κυρίῳ
1499 282 1581 321 ᾆσμα
1595 286 1708 314 καινόν.

1097 340 1128 370 (Β
1151 340 1170 368 f.
1189 341 1241 368 587
1264 341 1292 368 b.
1317 341 1400 370 Cord.
1421 342 1557 379 Eusebii.)
1583 344 1676 371 Πάντα
1696 344 1810 380 γέγονεν
1825 346 1858 373 ἐν

1061 386 1172 422 Χριστῷ
1187 387 1278 420 καινὰ,
1289 388 1336 415 καὶ
1349 387 1384 414 τὰ
1395 389 1497 424 ἀρχαῖα
1511 390 1634 426 παρῆλθε
1647 399 1652 405 ·
1668 392 1716 418 καὶ
1729 393 1772 427 ἐῳ*
1787 393 1856 428 ἡμῖν

1062 432 1239 468 πεπλήρωται
1266 434 1296 460 τὸ
1319 435 1347 460 ὲν
1378 435 1463 471 βίϐλῳ
1489 436 1613 472 Ψαλμῶν
1640 438 1854 474 γεγραμμένον

1064 488 1072 504 ι
1099 479 1368 516 Ἀνακαινισθήσεται
1381 481 1419 514 ὠς
1432 482 1512 509 ἀετοῦ
1535 483 1660 519 ήνεότης
1687 493 1744 512 σου.
1761 495 1771 511 ι
1794 486 1856 512 ‘Av-

1061 524 1257 560 εκαινίσθημεν
1282 526 1337 562 γὰρ
1361 528 1390 553 ὲν
1405 527 1537 564 Χριστῷ,
1554 538 1563 554 ε
1588 529 1634 555 τὸν
1665 530 1713 564 μὲν
1737 531 1856 557 πα)αιὺν

1060 569 1203 605 ἄνθρωπον
1221 571 1421 607 ἀποδυσάμενοι
1435 592 1442 605 ,
1457 574 1503 600 τὸν
1524 575 1703 610 φθειρόμενον
1720 577 1790 604 κατὰ
1803 577 1857 610 τὰς

1061 615 1209 651 ἐπιθυμίας
1223 617 1272 652 τῆς
1289 618 1397 654 ἀπάτης
1410 626 1416 634 ·
1431 620 1608 656 ἐνδυσάμενοι
1623 621 1651 648 δὲ
1665 622 1711 648 τὸν
1725 623 1795 655 νέον,
1807 624 1856 650 τὸν

1061 661 1293 698 ἀνακαινούμενον
1304 664 1364 690 κατ’
1378 664 1470 691 εἰκόνα
1485 666 1532 692 τοῦ
1547 666 1690 699 κτίσαντος
1705 667 1795 695 αὐτόν.
1815 678 1824 694 ι
1842 668 1853 704 ]

1058 729 1292 765 Εὐαγγελίζεσθε
1313 731 1436 777 ἡμέρας
1456 733 1492 765 ἐξ
1514 733 1627 795 ἡμέρας
1649 735 1683 762 τὸ
1704 736 1856 771 σωτήριον

1343 776 1448 795 αυτυυ.
1460 777 1487 795 κ.
1502 777 1527 795 τ.
1560 791 1566 795 .

1343 776 1448 799 αυτυυ,
1460 777 1487 795 κ.
1502 777 1527 796 τ.
1542 776 1566 796 Λ.

1095 827 1127 862 (Β
1141 827 1160 854 f.
1177 828 1239 860 588,
1255 829 1278 855 Il
1295 829 1313 855 ί.
1328 830 1404 864 429.)
1416 830 1504 857 Αὐτοῦ
1520 830 1549 857 δὲ
1563 831 1651 864 τίνοςς
1669 832 1854 867 Δηλονὸτιτοῦ

1059 872 1127 899 Θεοῦ
1143 874 1190 900 καὶ
1206 875 1326 911 Πατρός·
1347 876 1470 903 τουτέστι
1489 877 1534 904 τὸν
1550 877 1633 912 Υἱὸνς,
1650 879 1715 914 περὶ
1729 876 1759 906 οὐ
1785 888 1854 914 φησι

1060 919 1128 954 προς
1147 921 1221 954 ἡμᾶς
1233 920 1266 947 δι’
1283 921 1342 953 ἑνὸς
1363 922 1418 949 τῶν
1440 923 1526 957 ἁγίων
1544 924 1708 959 προφητῶν·
1727 935 1738 951 ε
1763 925 1855 959 Ἐγγί-

1059 963 1101 995 ζει
1120 966 1189 1000 ταχύ
1203 967 1220 1001 ἡ
1236 967 1395 1003 δικαιοσύνη
1411 977 1474 1004 μου,
1496 970 1543 996 καὶ
1557 970 1587 996 τὸ
1599 970 1673 1002 ἔλεός
1687 979 1737 1006 μου
1751 971 1854 998 ἀποκα-

1059 1009 1210 1046 λυφθῆναισ
1226 1012 1256 1039 τὸ
1274 1013 1303 1039 δὲ
1321 1014 1455 1049 σωτήριόν
1471 1023 1521 1050 μου
1535 1015 1573 1048 ὡς
1590 1016 1701 1051 λαμπὰς
1715 1017 1853 1053 καυθήσε-

1058 1064 1112 1082 ται.
1129 1065 1138 1081 ι
1159 1057 1253 1090 Ἔλεος
1266 1058 1295 1085 δὲ
1313 1062 1360 1086 καὶ
1370 1060 1546 1096 δικαιοσύνην
1564 1062 1691 1096 ὀνομάζει
1708 1063 1753 1090 τὸν
1766 1064 1831 1090 Υίόν
1844 1073 1850 1080 ·

1058 1100 1214 1138 ἠλεήθημεν
1229 1103 1283 1139 γὰρ
1296 1104 1330 1131 δι’
1352 1105 1435 1132 αὐτοῦ
1448 1127 1456 1139 ,
1472 1108 1520 1134 καὶ
1545 1108 1744 1144 μεμαθήκαμεν
1760 1111 1853 1136 πᾶσαν

1058 1147 1117 1174 ὁδον
1129 1148 1312 1185 δικαιοσύνης.
1328 1151 1383 1178 Kal
1395 1153 1459 1186 μετ’
1483 1153 1579 1188 ὀλίγα·
1600 1155 1636 1180 Τὸ
1648 1155 1676 1181 δὲ
1690 1155 1805 1190 ἡμέραν
1818 1156 1852 1188 ἐξ

1059 1193 1172 1227 ἡμέρας
1182 1214 1189 1226 ,
1203 1195 1263 1221 ἀντὶ
1273 1196 1319 1222 τοῦ
1332 1197 1410 1224 Κατὰ
1426 1199 1516 1225 πᾶσαν
1534 1199 1651 1235 ἡμέραν·
1664 1200 1677 1226 ὃ
1686 1201 1717 1236 δὴ
1732 1202 1779 1228 καὶ
1790 1210 1854 1228 κατ-

1058 1238 1192 1274 ώρθωσαν
1207 1241 1231 1267 οἱ
1257 1241 1387 1278 μακάριοι
1409 1244 1545 1279 μαθηταί·
1570 1245 1665 1272 οὐδένα
1691 1246 1746 1282 γὰρ
1762 1256 1853 1282 παρα-

1058 1284 1199 1312 λελοίπασι
1217 1287 1324 1323 καιρδν,
1343 1288 1405 1316 καθ’
1422 1290 1451 1316 ὃν
1470 1291 1500 1317 οὐ
1517 1291 1650 1327 περιῆσαν
1669 1292 1739 1319 κατὰ
1762 1294 1853 1320 πᾶσαν

1058 1330 1150 1367 χώραν
1165 1341 1194 1359 τε
1218 1334 1266 1360 κα)¹
1289 1334 1376 1368 πόλιν,
1395 1336 1635 1373 εὐαγγελιζόμενοι
1649 1338 1695 1365 τὸν
1714 1339 1852 1374 Χριστὸν,

1058 1378 1106 1405 καὶ
1120 1379 1150 1405 τὸ
1168 1378 1239 1407 Θεῖον
1255 1381 1463 1417 ἱερουργοῦντες
1479 1384 1620 1420 κήρυγμα.
1635 1400 1669 1405 ——
1682 1385 1854 1421 Διεκήρυξαν

1057 1425 1085 1451 δὲ
1101 1426 1158 1457 τοῖς
1175 1426 1347 1462 ἁπανταχόσε
1364 1428 1439 1461 λαοῖς
1459 1430 1494 1456 τὰ
1512 1430 1604 1463 ἔνδοξα
1618 1431 1701 1458 αὐτοῦ
1712 1453 1720 1466 ,
1738 1433 1771 1459 τὰ
1786 1433 1854 1459 θαν-

1060 1472 1145 1507 μάσια
1160 1473 1253 1506 αὐτοῦ,
1265 1475 1387 1502 τουτέστι
1401 1476 1450 1507 τὰς
1467 1472 1686 1514 μεγαλοπρεπεῖξ
1699 1479 1854 1514 μεγαλουρ-

1057 1518 1131 1552 γίας,
1143 1519 1178 1545 τὰ
1192 1520 1352 1555 παραδόξως
1369 1522 1558 1558 τετελεσμένα.

1133 1586 1208 1622 [Ὅτι
1223 1587 1317 1623 μέγας
1331 1589 1438 1622 Κύριος
1451 1590 1499 1617 καὶ
1516 1591 1632 1625 αἰνετός
1652 1593 1779 1627 σφόδρα.

1096 1669 1127 1703 (Β
1140 1668 1159 1696 Γ.
1174 1669 1226 1696 588
1243 1669 1271 1702 b,
1288 1669 1310 1696 ll
1324 1670 1344 1697 f.
1357 1670 1420 1702 450,
1437 1671 1519 1699 Cord.
1534 1672 1687 1709 Anonymi.)
1701 1674 1797 1707 Μέγας
1810 1674 1854 1700 ὃν-

1058 1724 1112 1747 τως
1126 1716 1140 1742 ὁ
1160 1716 1264 1752 Κύριος
1278 1717 1369 1752 ἡμῶν,
1396 1718 1444 1745 καὶ
1471 1719 1710 1756 θεοπρεπεστάτην
1727 1721 1782 1756 ἔχει
1803 1722 1855 1756 τὴν

1059 1762 1130 1789 κατὰ
1144 1763 1252 1790 πάντων
1270 1763 1409 1800 ὑπεροχήν
1443 1766 1499 1798 ἴσος
1512 1766 1540 1792 δὲ
1555 1767 1601 1793 καὶ
1615 1766 1759 1801 ὁμοούσιος
1777 1768 1854 1802 αὐτῷ

1060 1808 1200 1841 παντελῶς
1219 1809 1382 1843 οὐδείς-ιΕἷς
1402 1811 1456 1847 γάρ
1479 1812 1553 1839 ἐστιν
1570 1813 1635 1844 Υἱὸς
1651 1813 1731 1848 φύσει
1748 1814 1854 1850 ἀληθὴς

1058 1853 1105 1882 τοῦ
1119 1855 1186 1881 Θεοῦ
1206 1856 1253 1882 καὶ
1267 1856 1384 1891 Πατρὺςν
1411 1858 1456 1884 καὶ
1475 1860 1531 1890 τοῖς
1557 1859 1603 1885 τοῦ
1622 1859 1749 1892 τεκόντος
1770 1861 1854 1888 αὐτὸν

1058 1900 1198 1936 ἀξιώμασι
1215 1901 1444 1937 στεφανούμενος,
1464 1903 1569 1936 αῐνετὸς
1583 1903 1697 1939 σφόδρα,
1716 1905 1852 1938 τουτέστι,

1058 1947 1200 1981 δοξολογού
1205 1955 1285 1983 μενος
1301 1948 1377 1984 παρά
1387 1957 1417 1975 τε
1430 1948 1484 1975 τῶν
1495 1950 1551 1976 ἄνω
1564 1949 1612 1976 καὶ
1622 1950 1651 1976 ἐν
1663 1951 1720 1982 τοῖς
1728 1951 1853 1987 οὐρανοῖς

1060 1994 1236 2029 πνευμάτων,
1255 1995 1301 2021 καὶ
1318 1995 1395 2031 παρὰ
1402 1994 1456 2022 τῶν
1474 1995 1559 2023 ὄντων
1574 1997 1620 2023 ἐπὶ
1631 1996 1693 2032 γῆς.
1707 1997 1744 2024 Τὸ
1760 1998 1853 2025 καινὸν

1058 2038 1105 2066 οὖν
1121 2037 1198 2076 ᾆσμα
1214 2040 1282 2076 πρὸς
1298 2041 1354 2073 τοῖς
1370 2042 1526 2076 εἰρημένοις
1539 2042 1671 2076 διδάσκει,
1690 2043 1736 2070 τὸν
1751 2044 1854 2079 Κύριον

1058 2085 1106 2112 τοῦ
1134 2086 1230 2112 καινοῦ
1251 2086 1374 2122 ᾄσματος
1396 2088 1484 2122 μέγαν
1499 2089 1560 2114 τινὰ
1588 2087 1723 2117 εἶναικαὶ
1748 2090 1854 2117 αἱνετδν

1060 2132 1172 2166 σφόδρα,
1191 2133 1238 2158 καὶ
1254 2133 1322 2167 πρὸς
1342 2133 1446 2165 τούτοις
1462 2134 1577 2169 φοϐερὸν
1597 2136 1643 2162 ἐπὶ
1663 2136 1768 2167 πάντας
1790 2136 1854 2168 τοὺς

1061 2178 1138 2210 θεούς
1149 2186 1155 2193 ·
1171 2179 1259 2213 μέγαν
1273 2179 1322 2214 μὲν
1337 2179 1375 2211 ὡς
1391 2180 1458 2207 Θεοῦ
1480 2181 1578 2215 Λόγον,
1595 2183 1642 2209 καὶ
1664 2183 1774 2210 πάντων
1798 2184 1849 2218 Δη-

1061 2226 1206 2261 μιουργόψ
1220 2226 1325 2252 αῑνετδν
1337 2226 1365 2252 δὲ
1380 2227 1417 2259 ὡς
1431 2228 1582 2263 εὐεργέτην
1599 2229 1644 2255 καὶ
1661 2230 1774 2264 Σωτῆρα
1785 2230 1848 2256 πάν-

213 2262 261 2289 sed
279 2261 312 2288 iis
327 2261 374 2296 qui
392 2261 457 2288 olim
476 2261 514 2288 dii
526 2261 709 2293 habebantur,
729 2261 832 2290 scilicet
849 2264 940 2298 pravis
952 2263 1008 2291 dae-

1062 2279 1130 2298 των·
1152 2271 1268 2307 φοϐερὸν
1280 2272 1308 2298 δὲ
1326 2272 1356 2298 οὐ
1372 2273 1464 2303 πᾶσιν,
1481 2261 1620 2306 αλλὰ-τοίς
1643 2261 1844 2310 πάλαιΙνομιζο-

214 2307 352 2339 monibus,
372 2314 441 2341 quos
462 2315 477 2334 ο
499 2307 590 2334 medio
613 2307 734 2340 sustulit,
756 2309 892 2343 repellens
912 2318 1007 2337 eorum

213 2361 278 2388 erga
289 2353 416 2380 homines
428 2353 551 2380 insidias.
566 2353 605 2380 Ne
615 2358 705 2380 autem
717 2360 812 2382 contra
823 2361 941 2388 sanctos,
961 2357 1008 2392 qui

214 2399 297 2426 etiam
312 2398 351 2425 dii
365 2399 548 2433 appellantur,
562 2399 650 2433 ipsum
667 2400 818 2427 terribilem
828 2409 888 2428 csse
903 2402 1008 2430 dictum

214 2444 373 2479 suspiceris.
391 2445 546 2472 necessario
563 2445 722 2480 subjunxit'
740 2457 748 2471 ι
764 2446 897 2479 Quoniam
913 2456 1008 2476 omnes

215 2491 252 2519 dii
275 2491 397 2526 gentium
417 2491 560 2519 daemonia.
583 2501 592 2516 ι
612 2491 671 2526 ipse
687 2497 779 2520 autem
795 2493 928 2521 Dominus
947 2502 1005 2521 ma—

215 2545 285 2571 gnus
296 2541 338 2564 est
350 2541 378 2564 et
389 2537 535 2565 laudabilis
546 2537 651 2573 nimis]

365 2637 453 2673 μοι-ς.
470 2638 495 2664 Pi.
511 2638 554 2665 Dii
571 2639 689 2672 gentium
707 2639 849 2666 dwmoniu.

249 2699 277 2726 Id
291 2705 343 2731 est,
355 2699 432 2734 pravi
445 2703 472 2727 et
483 2699 618 2726 immundi
633 2699 758 2735 spiritus,
771 2701 817 2735 qui
831 2701 879 2728 Dei
890 2702 1002 2736 gloriam

213 2744 266 2771 sibi
289 2744 448 2777 vindicant,
474 2748 502 2772 ct
523 2745 601 2779 quasi
628 2745 770 2780 pulverem
793 2747 938 2780 quemdam
961 2748 1002 2775 in-

213 2790 299 2817 seitia:
313 2791 458 2826 caliginem
480 2791 619 2818 tuentibus
636 2791 780 2819 hominum
796 2791 952 2825 offundunt,
970 2803 1003 2821 ne

213 2839 322 2861 sursum
354 2836 517 2870 aspicientes
544 2836 736 2864 universorum
763 2836 938 2864 Conditorem
974 2847 1004 2865 ae

1059 2316 1150 2351 μένοις
1177 2317 1258 2348 θεοῖς,
1285 2317 1386 2352 δηλαδὴ
1405 2319 1462 2349 τοῖς
1491 2321 1618 2355 πονηροῖς
1644 2320 1779 2355 δαίμοσιν,
1805 2321 1849 2353 οὓς

1058 2361 1192 2393 καθεῖλεν,
1209 2361 1350 2394 ἀπελάσας
1365 2362 1416 2397 τῆς
1429 2364 1499 2390 κατὰ
1510 2364 1564 2390 τῶν
1574 2365 1725 2400 ἀνθρώπων
1739 2366 1846 2392 επιϐου-

1056 2407 1115 2442 λῆς.
1139 2408 1240 2443 Διόπερ
1257 2408 1301 2434 ἵνα
1320 2409 1357 2444 μὴ
1378 2410 1450 2436 κατὰ
1473 2410 1529 2436 τῶν
1548 2410 1643 2444 ἁγίων,
1661 2410 1716 2437 τῶν
1731 2411 1762 2446 δὴ
1782 2411 1850 2439 θεῶν

1057 2454 1332 2489 προσηγορευμένων,
1344 2455 1489 2487 ὑπολάϐοις
1500 2456 1580 2482 αὐτὸν
1588 2455 1704 2491 φοϐερὸν
1714 2457 1851 2492 εἰρῆσθαι,

1061 2500 1217 2533 ἀναγκαίως
1224 2501 1364 2535 ἐπήγαγεν
1373 2510 1380 2517 ·
1395 2511 1404 2528 ι
1418 2501 1479 2528 Ὂτι
1491 2502 1592 2534 πάντες
1604 2503 1628 2528 οί
1637 2503 1694 2529 θεοὶ
1701 2503 1755 2530 τῶν
1767 2503 1852 2530 ἐθνῶν

1059 2546 1196 2582 δαιμόνια.
1217 2557 1225 2572 ι
1241 2547 1326 2580 Αὐτὸς
1341 2548 1370 2575 δὲ
1388 2549 1402 2574 ὁ
1419 2549 1521 2583 Κύριος
1538 2549 1623 2584 μέγας
1641 2551 1699 2577 ἐστὶ
1718 2551 1764 2578 καὶ
1781 2551 1837 2578 sive

1059 2592 1104 2625 τος
1117 2593 1229 2628 σφόδρα.
1246 2593 1255 2629 ]

1218 2649 1263 2684 [οἱ
1280 2650 1343 2677 Θεοὶ
1358 2650 1416 2677 τῶν
1429 2651 1524 2677 ἐθνῶν
1541 2651 1690 2686 δαιμόνια.

1095 2705 1126 2739 (Β
1145 2705 1164 2732 i‘.
1177 2706 1228 2733 588
1249 2707 1278 2738 b,
1297 2707 1319 2734 Il
1336 2707 1355 2734 f.
1378 2707 1441 2735 450.
1458 2707 1541 2736 Cord.
1559 2709 1701 2742 Alterius.)
1719 2711 1853 2738 Τουτέοτι

1059 2750 1165 2786 πονηρὰ
1181 2751 1229 2776 καὶ
1244 2751 1387 2786 ἀκάθαρτα
1403 2753 1558 2788 πνεύματα,
1570 2754 1618 2789 τὴν
1630 2754 1676 2781 τοῦ
1693 2755 1762 2782 Θεοῦ
1773 2755 1853 2788 δόξαν

1058 2796 1101 2829 ἐφ’
1118 2796 1224 2828 ἑαυτοῖς
1242 2797 1410 2832 ἁρπάζοντα,
1427 2799 1473 2826 καὶ
1485 2798 1581 2836 ὥσπερ
1594 2800 1654 2827 τινὰ
1666 2801 1740 2827 κόνιν
1754 2801 1804 2837 τὴν
1820 2803 1853 2829 ἐκ

1058 2841 1107 2876 τῆς
1126 2841 1245 2876 ἀμαθίας
1271 2843 1356 2877 ἀχλὺν
1377 2846 1437 2876 ταῖς
1461 2845 1591 2877 διανοίαις
1617 2847 1672 2873 τῶν
1698 2847 1856 2883 ἀνθρώπων

248 2911 260 2952 ξ
276 2912 297 2940 ll
313 2912 376 2956 Cor.
398 2922 423 2946 ν,
446 2914 487 2941 i7.
526 2916 535 2929 ⁸
548 2915 617 2942 Psal.
637 2916 721 2948 (211,3.
762 2915 771 2929 ³
788 2916 887 2951 thes.
904 2924 942 2950 Iv,
958 2917 1001 2944 22.
1042 2918 1050 2935 "
1067 2919 1170 2949 Coloss.
1193 2929 1230 2954 Ill,
1252 2921 1291 2948 l0.
1331 2923 1340 2938 ⁸
1357 2922 1408 2950 lsa.
1427 2930 1477 2956 va,
1498 2923 1526 2957 l;
1547 2932 1609 2957 an,
1627 2925 1652 2952 l.
