1998 3062
230 169 299 200 1247

282 232 360 260 Vers.
376 232 416 259 12.
434 232 504 259 Tunc
515 233 605 260 omnia
618 231 692 259 silvae
706 231 778 265 tigna
792 227 969 256 exsultabuut.

265 288 391 316 Profecto
408 297 581 325 nequaquam
600 288 718 316 dicimus
729 286 786 313 ﬁeri
799 293 880 321 posse
890 289 921 312 ut
932 285 1023 312 insen—

229 333 320 362 sibilia
331 334 404 370 ligna
420 336 563 369 laetentur;
575 335 601 362 id
612 334 685 362 enim
702 333 795 369 potius
811 336 919 359 sanctos
932 331 1022 362 decet,

229 390 299 417 quos
311 381 494 418 potissimum,
514 382 625 410 Christo
640 380 699 408 orbi
718 379 903 410 illucescente,
919 377 1023 405 laetatos

229 428 308 456 dicit.

264 485 342 514 Vers.
361 486 403 513 l5.
423 485 554 517 Quoniam
564 485 633 511 venit
647 482 865 519 adjudicandam
876 486 985 509 terram.

266 543 347 570 Venit
358 542 471 570 consilio
481 550 515 569 ex
526 541 658 576 dignitate
668 540 717 568 Dei
731 543 868 574 suscepto.
877 537 1022 566 Damnabit

229 589 383 625 principem
401 589 534 615 malorum
546 587 676 619 belluam,
689 591 771 622 atque
786 586 814 613 in
829 586 918 620 ignem
931 584 1021 611 inces-

229 632 342 659 sabilem
358 632 458 659 mittet.
475 632 617 659 Liberabit
627 639 676 659 eos
689 629 738 666 qui
755 630 806 658 sub
818 631 877 665 ejus
889 629 1021 657 ditionem

229 679 408 711 devenerant,
421 686 471 706 nos
483 678 621 709 videlicet.
634 685 666 705 ac
680 677 733 704 ﬁde
745 675 915 713 justiﬁcabit.

493 787 650 815 PSALMUS
661 787 751 814 XCVI.

265 846 341 872 Vers.
362 846 385 872 Ι.
404 845 505 876 Davidi,
524 843 629 880 quando
646 848 719 871 terra
736 844 792 879 ejus
806 844 926 870 restituta
939 848 986 870 est.

727 167 754 195 S.
775 164 913 195 CYRILLI
933 161 1169 192 ALEXANDRINI
1189 161 1347 190 ARClllEP.

1039 229 1062 257 Α
1080 227 1148 253 Τότε
1163 225 1402 260 ἀγαλλιάσονται
1419 223 1518 250 πάντα
1533 221 1569 249 τὰ
1580 221 1661 254 ξύλα
1677 220 1730 248 τοῦ
1740 220 1870 255 δρυμοῦ.

1799 159 1811 186 ’l
1816 157 1875 186 248

1111 283 1143 317 (Β
1158 283 1178 310 l'.
1193 281 1269 317 390.)
1292 280 1329 308 οὔ
1344 280 1368 307 τί
1391 279 1443 307 πού
1458 287 1549 315 φαμεν
1564 279 1601 310 ὡς
1625 278 1680 305 τῶν
1697 277 1871 313 ἀναισθήτων

1076 329 1162 362 ξύλων
1175 328 1206 355 τὸ
1226 328 1332 363 χαίρειν
1355 325 1432 353 ἐστί·
1453 326 1553 362 πρέπει
1573 325 1595 352 δ’
1610 324 1643 352 ἂν
1661 324 1760 360 μᾶλλον
1779 323 1872 359 ἁγίοις

1075 376 1105 403 τὸ
1119 375 1225 411 χρῆμα.
1236 373 1283 406 οὒς
1297 373 1330 409 δὴ
1346 373 1446 409 μᾶλλον
1461 371 1577 407 ἡσθῆναί
1588 380 1681 407 φησιν,
1696 371 1869 406 ἐπιλάμψαν-

1075 431 1119 454 τος
1134 421 1172 457 τῷ
1185 421 1280 456 κόσμῳ
1293 419 1422 456 Χριστοῦ.

1219 476 1282 503 Ὀτι
1297 475 1417 510 ἔρχεται
1431 474 1546 524 κρίζρειν
1559 473 1617 507 τὴν
1635 472 1703 508 γῆν.

1108 534 1141 569 (Β
1156 533 1175 561 f.
1190 533 1254 565 590,
1268 533 1291 560 ΙΙ
1311 532 1330 560 f.
1347 532 1400 559 55$
1414 531 1455 566 1).)
1472 529 1559 558 Ἦλθε
1574 531 1629 567 γὰρ
1644 530 1706 566 ὁσία
1720 529 1803 565 ψήφῳ
1819 528 1870 556 καὶ

1075 579 1222 614 Θεοπρεπεῖ
1242 577 1423 614 χρησάμενος.
1447 576 1633 604 Καταδικάσει
1649 575 1700 610 μὲν
1712 575 1758 602 τὸν
1777 574 1866 610 ἀρχέ-

1074 633 1158 652 κακον
1176 624 1257 660 Οῆρα,
1276 624 1324 650 καὶ
1341 625 1382 656 εις
1398 623 1447 659 τὴν
1468 623 1553 658 φλόγα
1568 622 1672 658 πέμψει
1687 622 1735 658 τὴν
1748 621 1870 657 ἀκοίμη-

1074 680 1132 698 τον.
1157 671 1334 707 Λυτρώσεται
1348 670 1376 696 δὲ
1390 670 1453 701 τοὺς
1467 669 1513 696 ὑπ’
1535 668 1616 696 αὐτὸν
1632 668 1788 703 γεγονότας,
1804 676 1870 695 του-

1074 717 1165 744 τέστιν
1184 717 1268 753 ἡμᾶς,
1285 716 1332 743 καὶ
1348 714 1489 742 δικαιώσει
1503 714 1604 741 πίστει.

1344 776 1491 803 nam}:
1528 777 1593 809 ιιςν.

1166 833 1208 867 Τῷ
1221 833 1320 865 Δαόὶὸ,
1338 833 1387 860 ὅτε
1400 833 1419 867 ἠ
1428 832 1466 868 γῆ
1482 832 1575 860 αὑτοῦ
1593 831 1779 859 καθίσταται.

265 903 351 930 David
365 901 515 937 saepissime
528 901 681 936 appellatus
697 905 740 928 est
750 900 784 928 ab
803 900 934 935 inspirata
949 900 1023 928 Scri—

1108 893 1140 927 (B
1160 892 1179 919 f.
1202 892 1254 919 590
1278 891 1306 923 b,
1323 890 1346 918 II
1363 890 1383 918 f.
1401 890 1453 918 455
1475 889 1515 924 b.)
1541 889 1624 916 Δαϐἲδ
1642 889 1692 923 μὲν
1715 887 1866 923 ὠνομάσθη

230 953 310 983 ptura
329 953 409 975 natus
430 948 463 975 de
489 948 574 982 stirpe
597 947 709 974 Davidis
732 947 884 975 secundum
910 955 1022 974 carnem

229 994 371 1026 Christus;
387 994 458 1021 sicut
472 993 554 1020 etiam
566 993 659 1026 lsracl,
681 993 790 1020 oriundi
805 993 923 1025 lsraele;
940 993 1023 1020 etJa-

229 1040 292 1071 coh,
309 1040 419 1067 oriundi
429 1047 462 1067 ex
473 1047 516 1066 eo.
529 1039 644 1066 Canitur
656 1047 721 1074 ergo
738 1039 859 1074 psalmus
873 1038 968 1066 Davidi
982 1047 1024 1066 se-

229 1085 350 1112 cundum
364 1093 474 1113 carnem
489 1079 610 1113 Christo.
624 1084 801 1118 Quandonam
814 1092 881 1112 vero
898 1089 926 1112 et
942 1093 1023 1120 quam

230 1131 266 1158 ob
278 1139 335 1158 rem
349 1131 611 1164 canitur?Quando,
623 1131 723 1166 inquit,
738 1135 810 1158 terra
824 1131 883 1166 ejus
897 1131 1024 1158 restituta

231 1176 290 1203 fuit.
312 1176 347 1203 Et
363 1175 443 1211 paulo
458 1180 526 1211 post.
547 1176 683 1211 Apparuit
696 1176 776 1204 nobis
790 1177 960 1212 unigenitum
975 1177 1023 1204 Dei

229 1222 362 1254 Verbum,
387 1222 610 1256 perturbationes
631 1222 747 1255 sedavit,
771 1227 872 1250 terram
893 1222 1023 1250 restituit.

229 1267 351 1300 Quanam
369 1275 433 1295 vero
455 1268 536 1303 269
557 1268 584 1295 id
605 1273 696 1295 actum
713 1268 748 1296 sit
765 1269 881 1301 ratione,
904 1269 1024 1304 psalmus

229 1313 340 1341 docebit
354 1322 360 1340 :
379 1323 387 1339 ι
407 1314 540 1341 Dominus
552 1313 687 1349 regnavit,
698 1314 816 1341 exsultet
833 1317 916 1346 terra,
928 1313 1023 1342 laeten-

230 1364 276 1386 tur
303 1359 398 1388 insulm
420 1360 523 1388 multae.
551 1369 560 1386 ι
587 1360 632 1388 Sic
656 1368 714 1387 rem
741 1364 862 1388 nostram
886 1360 1022 1393 restituit;

229 1413 329 1440 nempe
346 1407 411 1441 quia
427 1406 555 1434 Christus
567 1406 700 1442 regnavit.
718 1405 780 1433 Haec
790 1410 832 1433 est
843 1406 1024 1434 solemnitatis

230 1459 261 1479 ca
265 1460 322 1480 υείι.

335 1554 424 1590 [Vers.
445 1554 472 1581 2.
490 1553 598 1582 Iustitia
615 1558 639 1581 et
652 1555 783 1590 judicium
799 1554 917 1582 directio.

1075 937 1240 974 πλεισταχοῦ
1253 937 1328 973 παρὰ
1337 937 1387 972 τῆς
1396 935 1576 963 θεοπνεύστου
1588 935 1701 970 Γραφῆς
1710 936 1725 961 ὁ
1733 935 1765 961 ὲκ
1780 934 1868 970 σπέρ-

1077 993 1162 1020 ματος
1177 983 1259 1011 Δαὸἱδ
1270 982 1389 1017 γεγονὼς
1404 981 1475 1008 κατὰ
1490 982 1580 1017 σάρκα
1590 981 1705 1017 Χριστός
1716 989 1723 996 ·
1740 980 1868 1016 καθάπερ

1075 1030 1172 1064 ἀμέλει
1191 1029 1239 1056 καὶ
1268 1028 1388 1064 Ἰσραὴλ,
1405 1028 1430 1054 οἱ
1443 1027 1473 1061 ἐξ
1497 1026 1607 1062 Ἰσραὴλ
1621 1048 1628 1060 ,
1646 1027 1695 1053 καὶ
1716 1025 1824 1058 Ἰακὼϐ,
1841 1026 1868 1052 οι

1075 1075 1105 1108 ἐξ
1120 1074 1226 1102 Ἰακώϐ.
1239 1074 1349 1110 ’ᾼδεται
1361 1073 1451 1100 τοίνυν
1461 1073 1475 1099 ὁ
1487 1071 1595 1108 ψαλμδς
1605 1071 1645 1106 τῷ
1652 1071 1735 1098 Δαὸὶδ
1747 1071 1786 1106 τῷ
1795 1070 1868 1098 κατὰ

1076 1121 1166 1156 σάρκα
1194 1119 1317 1156 Χριστῷ.
1345 1118 1455 1154 ’ᾼδεται
1483 1117 1512 1144 δὲ
1535 1118 1600 1144 πότε
1630 1117 1678 1143 καὶ
1703 1117 1749 1143 ἐπὶ
1777 1116 1866 1149 slew;

1081 1167 1188 1197 Ὁπότε,
1199 1167 1291 1202 φησιν,
1300 1166 1317 1200 ὴ
1339 1165 1375 1200 γῆ
1388 1164 1470 1191 αὑτοῦ
1480 1163 1610 1199 κατέστη.
1621 1163 1673 1191 Καὶ
1683 1164 1747 1198 μετ’
1766 1163 1865 1197 ὀλίγα.

1082 1213 1232 1247 Ἐπέφανεν
1253 1211 1308 1246 γὰρ
1331 1211 1397 1246 ἡμῖν
1413 1212 1427 1238 ὁ
1449 1210 1598 1246 μονογενὴς
1613 1209 1659 1236 τοῦ
1677 1209 1744 1236 Θεοῦ
1769 1209 1867 1244 Λόγος,

1076 1259 1179 1286 ἔπαυσε
1189 1259 1252 1290 τοὺς
1266 1257 1407 1294 θορύϐους,
1422 1257 1574 1291 κατέστησε
1593 1256 1642 1292 τὴν
1657 1256 1719 1290 γῆν.
1739 1255 1794 1282 Καὶ
1806 1255 1868 1281 τίνα

1075 1304 1187 1340 τρόπον,
1205 1304 1220 1330 ὁ
1234 1302 1342 1338 ψαλμὺς
1357 1302 1459 1335 διδάξει
1477 1301 1565 1336 λέγων
1578 1311 1585 1318 ·
1601 1311 1610 1327 ι
1633 1302 1662 1328 '0
1678 1301 1781 1336 Κύριος
1801 1300 1868 1327 £61-

1077 1350 1210 1383 σίλευσεν,
1235 1348 1411 1383 ἀγαλλιάσθω
1437 1349 1453 1384 ἡ
1473 1350 1520 1383 γῆ,
1537 1347 1767 1383 εὐφρανθήτωσαν
1789 1346 1868 1382 νῆσοι

1076 1394 1182 1422 πολλαί.
1201 1404 1210 1421 ι
1226 1394 1305 1422 Οὕτω
1320 1394 1440 1428 κατέστη
1457 1393 1491 1420 τὰ
1504 1393 1566 1420 καθ’
1581 1394 1654 1428 ἡμᾶς
1664 1401 1672 1409 ·
1689 1392 1868 1428 βεϐασίλευκε

1075 1440 1130 1476 γὰρ
1153 1442 1167 1468 ὁ
1194 1440 1322 1476 Χριστός.
1341 1439 1415 1475 Αὕτη
1441 1440 1554 1474 γέγονεν
1578 1441 1627 1475 τῆς
1647 1439 1743 1475 ἑορτῆς
1762 1439 1778 1474 ἡ
1799 1438 1869 1474 πρό.

1077 1494 1168 1520 φασις.

1194 1542 1386 1578 [Δικαιοσύνη
1399 1541 1449 1569 καὶ
1461 1541 1550 1577 κρηια
1561 1541 1762 1575 κατόρθωσις.¹

265 1611 401 1647 Regnavit
417 1611 492 1638 enim
509 1618 593 1645 super
610 1618 661 1638 nos
678 1610 815 1643 Christus,
830 1615 861 1639 ut
877 1611 929 1639 ﬂde
944 1611 1023 1647 justi-

1112 1599 1144 1635 tB
1154 1598 1174 1626 ί.
1188 1600 1250 1631 591,
1267 1599 1288 1626 H
1303 1599 1322 1626 ί.
1338 1599 1400 1627 457.
1416 1597 1498 1626 Cord.
1513 1598 1666 1633 Anonymi.)
1684 1598 1869 1626 Βεὸασίλευκι

231 1657 326 1685 ﬁcaret
349 1665 398 1684 eos
417 1656 465 1692 qui
486 1661 565 1684 erant
582 1658 610 1684 in
627 1658 757 1693 peccatis.
783 1658 854 1686 Usus
872 1662 915 1685 est
932 1662 1023 1686 autem

229 1703 314 1731 etiam
334 1703 391 1731 Deo
412 1703 494 1739 digno
521 1707 549 1731 et
575 1704 696 1739 benigno
718 1703 823 1739 judicio
842 1713 848 1730 :
865 1703 1025 1739 justiﬁeavit

230 1750 305 1776 enim
319 1757 374 1776 non
388 1757 422 1776 ex
437 1749 701 1784 operibusjustitire,
717 1750 765 1777 sed
782 1749 935 1777 secundum
955 1750 1025 1777 mul-

231 1801 287 1823 tam
304 1794 522 1821 misericordiam
540 1802 617 1822 suam
630 1795 651 1821 ⁹.
667 1794 739 1828 Quin
753 1799 782 1823 et
799 1803 848 1830 per
863 1803 960 1830 aquam
973 1796 1025 1823 sal-

231 1848 280 1868 vos
296 1848 347 1868 nos
364 1839 438 1867 fecit.
456 1840 508 1867 Per
525 1840 634 1875 qualem
648 1844 744 1867 autem
761 1840 876 1875 aquam?
895 1848 945 1875 per
960 1848 1024 1868 san-

230 1891 302 1914 etam
324 1894 423 1922 nempe
449 1887 604 1922 mysticam,
622 1886 650 1914 in
677 1894 731 1922 qua
753 1887 888 1914 contritus
907 1891 934 1914 et
957 1895 1024 1914 con-

230 1933 365 1963 ('ulcalus,
383 1933 438 1960 imo
454 1932 547 1967 potius
562 1932 645 1960 etiam
661 1932 823 1960 interfectus
838 1937 881 1960 est
896 1933 941 1960 ille
955 1933 1025 1960 mul—

232 1983 323 2005 torum
343 1979 464 2013 capitum
484 1977 578 2011 draco,
600 1981 628 2005 et
648 1978 729 2005 simul
758 1985 821 2006 cum
845 1985 878 2006 eo
899 1978 1024 2013 malignae

231 2022 369 2050 virtutes]

345 2079 434 2115 [Vers.
453 2079 479 2107 5.
500 2079 573 2115 Ignis
590 2082 653 2106 ante
668 2080 755 2115 ipsum
774 2079 910 2115 praecedet.

265 2136 356 2171 Ignem
373 2143 427 2163 non
445 2136 559 2164 omnino
579 2136 738 2164 sensibilem
759 2136 830 2164 hanc
844 2141 872 2164 et
888 2136 1024 2163 visibilem

231 2181 367 2208 ﬂammam
382 2185 471 2214 vocat,
489 2181 537 2208 sed
554 2180 674 2207 divinam
695 2181 815 2215 aliquam
830 2181 885 2208 vim
908 2181 1024 2216 inexpu-

230 2226 379 2262 gnabilem,
397 2231 425 2254 et
444 2226 658 2258 irresistibilem,
677 2230 705 2253 et
722 2226 920 2258 inevitabilem,
939 2227 1024 2254 instar

1075 1645 1130 1681 γὰρ
1144 1645 1223 1681 ήμῶν
1237 1646 1250 1672 ὁ
1268 1644 1396 1681 Χριστὸς,
1410 1645 1453 1671 ἵνα
1465 1643 1598 1679 δικαιώσῃ
1608 1645 1641 1679 τῇ
1659 1644 1749 1670 πίστει
1764 1644 1828 1676 τοὺς
1839 1644 1871 1671 ἐν

1076 1691 1234 1727 ἁμαρτίαις.
1257 1691 1406 1726 Ἐχρήσατο
1425 1690 1454 1716 δὲ
1477 1690 1525 1717 καὶ
1550 1690 1698 1724 θεοπρεπεῖ
1721 1689 1768 1716 καὶ
1805 1689 1869 1724 φιλ-

1075 1738 1169 1773 αγάοῳ
1179 1738 1303 1773 κρίματι·
1320 1737 1479 1764 δεδικαίωκε
1494 1737 1549 1772 γὰρ
1563 1737 1612 1763 οὒκ
1626 1737 1655 1769 ἐξ
1670 1737 1757 1771 ἔργων
1766 1736 1870 1763 δικαίο-

1077 1784 1170 1818 σύνης,
1191 1783 1260 1810 ἀλλὰ
1273 1783 1343 1810 κατὰ
1357 1783 1423 1810 πολὺ
1437 1783 1521 1809 αὐτοῦ
1532 1783 1615 1814 ἔλεος.
1633 1782 1741 1809 Σέσωκε
1752 1782 1780 1808 δὲ
1794 1782 1870 1817 ἡμᾶς

1075 1831 1122 1857 καὶ
1142 1829 1174 1856 δι’
1194 1829 1300 1861 ὓδατος.
1319 1831 1357 1856 Δι’
1375 1829 1470 1861 ὕδατος
1489 1829 1518 1855 δὲ
1538 1829 1615 1856 ποίου
1629 1838 1636 1862 ;
1651 1828 1698 1855 τοῦ
1716 1828 1794 1862 ἁγίου
1816 1837 1868 1862 μυ-

1077 1874 1171 1902 στικοῦ
1184 1875 1316 1910 δηλονότι,
1333 1876 1361 1903 ὲν
1405 1875 1548 1910 συνετρίϐη
1557 1875 1604 1901 καὶ
1617 1874 1783 1907 πεπάτηται,
1799 1873 1868 1908 μᾶλ-

1075 1921 1119 1948 λον
1132 1921 1160 1947 δὲ
1175 1921 1222 1947 καὶ
1235 1920 1374 1947 ἀπόλωλεν
1391 1921 1406 1946 ὁ
1426 1919 1615 1953 πολυκέῳαλος
1632 1919 1752 1954 δράκων,
1775 1918 1824 1945 καὶ
1839 1919 1870 1945 αξ

1077 1969 1125 1996 σὺν
1140 1967 1213 2004 αὐτῷ
1226 1967 1355 2003 δυνάμεις
1375 1966 1518 2002 πονηραί]

1184 2066 1258 2103 [Πῦρ
1273 2066 1401 2093 ἐνώπιον
1415 2066 1507 2093 αὐτοῦ
1524 2065 1774 2100 προπορεύσεται.

1112 2125 1155 2160 ((B
1169 2123 1188 2151 Γ.
1203 2124 1251 2152 591
1264 2124 1292 2156 ι),
1312 2124 1334 2151 H
1350 2123 1368 2150 Γ.
1383 2123 1446 2150 457.
1458 2123 1542 2150 Cord.
1557 2122 1698 2157 Alterius.)
1713 2122 1773 2158 Πῦρ
1785 2130 1870 2158 φησιν

1076 2170 1107 2197 οὺ
1119 2170 1228 2202 πάντως
1241 2169 1320 2196 τοῦτο
1334 2169 1364 2196 τὸ
1379 2169 1516 2203 αἰσθητὸν,
1526 2168 1589 2195 οὔτε
1602 2168 1651 2203 μὲν
1665 2168 1713 2203 τὴν
1725 2167 1870 2203 ὁρωμένην

1077 2217 1174 2252 φλόγα,
1193 2216 1261 2243 ἀλλὰ
1276 2215 1352 2242 θείαν
1367 2215 1429 2242 τινὰ
1442 2214 1557 2250 δύναμιν
1573 2215 1688 2250 ἄμαχον,
1711 2214 1758 2241 καὶ
1770 2214 1869 2241 δυσάν-

230 2261 302 2307 ignis
323 2272 450 2299 inimicos
469 2271 529 2305 ejus
550 2271 738 2299 devorantem.
759 2271 792 2298 Hi
813 2276 904 2299 autem
919 2277 947 2300 et
961 2272 1023 2307 qui-

1079 2272 1169 2300 τητον,
1185 2263 1231 2290 καὶ
1245 2263 1468 2297 δυσδιάφευκτον,
1482 2270 1517 2287 πυ
1524 2261 1568 2297 ρὸς
1581 2261 1659 2296 δίκην
1673 2261 1870 2287 κατεσθίουσαν

230 2317 292 2345 dem
310 2325 367 2352 pra:
384 2317 490 2344 caneris
507 2320 586 2344 erant
609 2317 700 2344 infesti
719 2317 867 2350 daemones,
884 2322 911 2345 et
936 2319 1025 2354 gregis

229 2371 327 2390 eorum
345 2362 491 2397 przefect'us
509 2371 516 2389 :
533 2362 608 2390 hunc
624 2370 678 2390 una
695 2370 757 2390 cum
775 2363 883 2391 caeteris
901 2363 1026 2391 Salvator

230 2408 392 2435 combussit.
415 2408 475 2435 Non
494 2407 567 2435 enim
587 2408 668 2435 aliter
685 2408 754 2443 eripi
774 2413 901 2443 poterant
921 2409 968 2444 qui
991 2410 1026 2437 ab

231 2453 291 2489 ipso
305 2454 333 2480 in
346 2458 419 2481 terra
431 2454 668 2489 opprimebantur,
678 2455 741 2487 nisi,
755 2455 878 2483 adinstar
890 2456 960 2491 ignis
975 2464 1024 2484 cu-

228 2494 435 2535 jusdamfiram
459 2508 536 2527 suam
560 2500 773 2529 devastatrieem
799 2506 827 2529 et
851 2502 1023 2530 abolitrieem

231 2545 283 2580 ipsi
308 2545 465 2581 irrogasset.
488 2546 533 2575 Sic
557 2547 649 2582 itaque
664 2548 767 2575 exemit
788 2555 836 2575 eos
853 2548 900 2583 qui
924 2549 958 2575 ab
976 2549 1023 2576 illo

230 2591 436 2624 detinebantur,
451 2593 571 2621 servavit
585 2593 719 2628 captivos,
734 2593 863 2622 liberavit
881 2594 1021 2630 deceptos,

230 2641 258 2665 at
274 2637 307 2664 ad
328 2637 420 2665 lumen
436 2637 560 2666 veritatis
574 2637 704 2673 voeavil.j

292 2773 380 2808 [Vera
400 2775 425 2801 4η.
441 2774 592 2802 Illua‘crunl
609 2774 717 2810 fulgura
732 2775 786 2810 ejus
805 2775 859 2802 orbi
875 2780 961 2803 τρι-ναί.

262 2819 396 2854 Apparuit
412 2821 514 2848 Christi
541 2820 670 2856 splendor
692 2821 798 2849 cum-tis
819 2825 897 2849 terra!
915 2822 1024 2857 populis

272 2894 282 2909 ⁸
303 2897 358 2924 Tit.
382 2906 420 2931 Ill,
445 2899 471 2926 5.

1077 2311 1139 2342 τοὺς
1157 2309 1338 2345 ἐχορεύοντας
1361 2308 1446 2344 αὐτῷ.
1463 2305 1542 2335 Οὗτοι
1566 2308 1594 2334 δὲ
1615 2305 1686 2343 ἦσαν
1701 2307 1749 2333 καὶ
1768 2306 1822 2343 πρό
1838 2314 1868 2340 γε

1076 2355 1131 2381 τῶν
1147 2354 1235 2382 ἄλλων
1256 2354 1280 2380 οἱ
1301 2354 1435 2388 ἀλιτήριοι
1460 2353 1597 2388 δαίμονες,
1625 2353 1672 2378 καὶ
1687 2352 1738 2386 τῆς
1766 2351 1870 2386 ἀγέλης

1078 2400 1167 2427 αὐτῶν
1187 2399 1337 2434 ἐπιστάτης
1349 2407 1356 2414 ·
1372 2398 1467 2425 τοῦτον
1489 2397 1653 2432 κατέφλεξεν
1670 2398 1684 2423 ό
1704 2396 1798 2431 Σωτὴρ
1815 2397 1870 2427 τοῖς

1079 2447 1170 2478 ἄλλοις
1187 2444 1267 2480 ὁμοῦ.
1283 2445 1320 2470 Οὐ
1341 2443 1395 2479 γὰρ
1408 2441 1442 2479 ἦν
1464 2443 1565 2478 ἑτέρως
1585 2441 1724 2474 ἐξελέσθαι
1741 2441 1805 2472 τοὺς
1825 2441 1870 2466 ἐπὶ

1077 2493 1127 2527 τῆς
1141 2491 1193 2526 γῆς
1207 2491 1252 2517 ὑπ’
1268 2490 1341 2525 αὐτῷ
1353 2489 1527 2528 γενομένους,
1544 2489 1568 2514 εἰ
1583 2487 1620 2523 μὴ
1637 2487 1762 2522 καθάπερ
1776 2495 1803 2512 τι
1815 2486 1870 2522 πῦρ

1078 2538 1183 2573 ἀφῆκεν
1201 2536 1276 2571 αύτῷ
1298 2536 1347 2571 τὴν
1371 2534 1537 2562 δαπανῶσάν
1562 2543 1591 2560 τε
1612 2533 1660 2560 καὶ
1685 2532 1871 2567 ἀφανίζουσαν

1078 2584 1162 2618 αὐτὴν
1178 2583 1274 2619 ὀργήν.
1292 2582 1386 2613 Οὕτως
1400 2580 1447 2608 οὖν
1463 2581 1581 2614 ἐξείλετο
1593 2581 1658 2612 τοὺς
1675 2580 1721 2606 ὑπ’
1739 2579 1814 2614 αὑτῷ
1827 2587 1869 2613 γε·

1075 2630 1199 2664 γονότας,
1217 2629 1322 2655 σέσωκε
1336 2628 1399 2660 τοὺς
1410 2628 1440 2654 ἐν
1456 2627 1640 2662 αἰχμαλωσίᾳ,
1659 2625 1796 2661 ἐρρύσατο
1809 2625 1872 2656 τοὺς

1077 2674 1313 2710 πεπλανημένους,
1341 2673 1388 2700 καὶ
1408 2674 1448 2705 εἰς
1474 2673 1505 2699 τὸ
1528 2673 1578 2708 τῆς
1603 2671 1734 2708 ἀληθείας
1758 2671 1871 2698 ἐκάλεσε

1077 2719 1158 2756 νὼς-1

1120 2776 1272 2811 [Ἕφανην
1289 2776 1319 2801 ιιῐ
1335 2775 1485 2809 ἀστραπαὶ
1500 2774 1592 2802 αὑτοῦ
1605 2773 1642 2808 τῇ
1658 2773 1833 2809 οἷκοινμένῃ.

1113 2822 1143 2856 (Β
1157 2821 1175 2848 Γ.
1190 2822 1238 2849 591
1256 2822 1284 2854 b,
1303 2821 1324 2847 Η
1340 2821 1359 2848 1⁵.
1373 2821 1423 2849 «158
1441 2821 1522 2849 Cord.
1539 2821 1694 2857 Anonymi.)
1706 2820 1874 2855 Πεφανέρω-
