1998 3062
149 188 217 216 1249

801 186 835 214 IN
855 186 1018 214 PSALMUM
1038 186 1127 215 XCVI.

1709 191 1778 219 £250

147 255 192 273 ται
211 246 264 281 γὰρ
285 245 323 280 (1)
340 245 355 280 ὴ
371 246 505 281 έκλαμψις
520 245 566 272 τοῦ
583 246 701 281 Χριστοῦ
713 247 768 278 τοῖς
779 247 829 273 ἀνὰ
845 247 934 274 πᾶσαν

990 252 1013 274 et
1025 248 1108 275 corda
1122 247 1277 274 illustravit.
1296 247 1327 274 Et
1343 251 1400 282 post
1415 256 1510 282 pauc.
1524 249 1624 276 Beatus
1637 249 1779 277 Psalmista

146 292 197 324 τὴν
213 292 274 326 γῆν,
291 292 338 318 καὶ
356 291 510 326 πεφώτικεν
527 291 576 322 τὰς
589 291 716 317 ἁπάντων
731 292 854 327 καρδίας.
877 292 932 319 Καὶ

145 339 208 371 μετ’
228 338 316 373 ὀλίγα
328 345 334 352 ·
353 337 460 363 Ἔοικεν
483 337 512 363 ὲν
535 337 640 367 τούτοις
654 337 667 362 ὁ
686 338 820 372 μακάριος
840 338 938 373 Ψαλμ-

149 384 217 418 ῳδὸς
233 383 376 418 ἀστραπὰς
392 382 536 418 ὀνομάζειν
548 381 667 417 Χριστοῦ
680 383 744 414 τοὺς
759 383 790 409 τὸ
805 384 875 410 Θεῖον
890 384 937 410 καὶ

147 427 324 461 εὖαγγελικὺν
339 426 548 463 ἱερουργοῦντας
560 428 702 462 κήρυγμα,
720 428 858 454 τουτέστιν
868 429 937 455 ἁπο-

148 472 258 503 στόλους
267 472 315 498 καὶ
328 472 536 506 εὐαγγελιστὰς,
549 469 588 503 οἷς
597 472 644 499 καὶ
652 472 734 504 αὐτὸς
741 473 794 508 ἔφη
808 473 935 507 Χριστός⁶

149 527 159 544 ι
185 518 279 552 Ὑμεῖς
298 518 359 543 ἐστε
383 517 413 544 τὸ
432 517 489 552 φῶς
504 517 550 543 τοῦ
573 517 686 552 κόσμου.
704 527 713 543 ι
741 518 799 549 Φῶς
816 518 866 553 μὲν
882 518 937 554 γὰρ

147 563 177 589 τὸ
193 561 321 596 ἀληθινὸν
339 562 418 593 αὑτός
433 563 507 588 ἐστιν
526 563 539 588 ὁ
556 562 629 594 Υἱὸς,
651 561 847 596 καταφωτίζων
864 562 935 589 ᾶπα-

147 616 196 634 σοιν
208 607 296 634 κτίσιν
310 607 434 643 λογικήν.
454 607 564 642 Ἐπειδὴ
582 607 609 633 δὲ
621 607 749 642 γεγόνασι
767 607 875 642 μέτοχοι
889 607 935 634 τοῦ

147 653 213 687 παρ’
225 652 307 678 αὐτοῦ
326 651 424 686 φωτὸς,
443 652 491 678 καὶ
507 653 583 679 αὐτοὶ
603 662 655 688 χρη
661 653 803 688 ματίζουσι
818 653 875 688 φῶς
888 653 935 680 τοῦ

146 698 260 733 κόσμου.
276 696 355 725 Οὗτοι
372 698 463 725 τοίνυν
477 700 501 725 οἱ
518 698 571 725 τῶν
584 699 769 733 εὐαγγελικῶν
788 700 936 735 κηρυγμά-

144 753 199 770 των
209 744 345 780 ἱερουργοὶ
357 744 482 780 καθάπερ
489 745 629 780 ἀστραπαὶ
636 745 776 779 γεγόνασι,
784 746 833 780 τὴν
843 745 939 773 ὑπόὺ-

146 788 226 824 patva
238 788 424 824 διατρέχοντες
434 789 582 824 πανταχοῦ,
594 791 641 816 καὶ
654 790 684 816 τὸ
700 790 770 818 Θεῖον
783 791 831 817 καὶ
842 790 936 825 νοητὸν

145 836 204 867 ταῖς
221 834 276 862 τῶν
294 835 567 871 μυσταγωγουμένων
592 836 716 872 καρδίαις
734 837 936 871 εἰσπέμποντες

146 880 226 917 φῶς]

328 938 419 974 [Εἷδε,
438 938 488 965 καὶ
504 938 655 971 ἐσαλεύθη
669 937 687 971 ἢ
699 937 749 972 γῆ.

181 983 224 1019 ((B
235 983 255 1010 f.
271 983 334 1015 592,
357 983 380 1010 ll
395 983 413 1010 f.
428 983 490 1010 459.
504 983 756 1018 C0rd:.4nonymi.)
771 983 807 1009 Τὸ
822 983 849 1009 δὲ
863 981 933 1016 εἶδε,

146 1029 206 1056 ἀντὶ
230 1029 278 1055 τοῦ
296 1029 455 1063 ἀνέϐλεψεν.
478 1028 622 1064 Προειπὼν
648 1029 702 1063 γὰρ
722 1029 762 1056 ὅτι
786 1029 889 1064 ἔφαναν
907 1030 936 1056 αἱ

145 1075 284 1110 ἀστραπαὶ
312 1075 394 1102 αὑτοῦ
418 1076 450 1110 τῇ
466 1076 622 1111 οἰκουμένῃ,
650 1075 830 1102 διαδείκνυσιν
855 1075 936 1108 εὐθὺς

148 1121 210 1147 ὅσον
225 1120 349 1155 ὠφέλησε
363 1120 412 1156 τὴν
432 1121 595 1155 ὑπουράνιον
608 1121 638 1147 τὸ
655 1121 842 1156 ἀποσταλῆναι
860 1121 935 1157 παρὰ

145 1166 264 1202 Χριστοῦ
281 1166 330 1198 τὰς
346 1166 445 1202 νοητὰς
465 1166 619 1202 ἀστραπὰς,
639 1166 674 1192 δι’
689 1163 725 1193 ὧν
740 1166 869 1201 ἐλέγομεν
887 1175 935 1201 ση-

147 1211 289 1248 μαίνεσθαι
315 1213 378 1243 τοὺς
409 1213 504 1246 ἁγίους
530 1212 697 1243 ἀποστόλους
719 1212 766 1238 καὶ
791 1213 934 1246 com/an.-

146 1258 221 1291 στὰς,
236 1255 274 1285 ὧν
289 1259 349 1290 ταῖς
371 1258 520 1292 πανσόφοις
538 1258 743 1293 μυσταγωγίαις
759 1257 905 1292 ἁνέὁλεψεν
918 1259 934 1294 ἡ

144 1305 193 1339 γῆἶ
208 1304 383 1340 Κατὸροωμα
396 1303 426 1330 δὲ
443 1303 490 1330 καὶ
505 1303 585 1330 τοῦτο
600 1303 647 1329 τοῦ
662 1304 772 1330 πάντων
784 1302 863 1338 ἡμῶν
876 1303 933 1329 Σω-

145 1350 227 1385 τῆρος
240 1348 383 1385 Χριστοῦ]

298 1407 336 1433 Τὰ
351 1406 404 1440 ὄρη
419 1406 491 1433 ὡσεὶ
509 1406 601 1440 κηρὸς
616 1406 780 1440 ἑτάκησαν.

182 1488 214 1524 (Β
227 1487 245 1522 Γ,
268 1487 331 1519 592,
348 1487 401 1514 llf.
419 1487 495 1519 459.)
515 1487 586 1522 Ὅρη
606 1486 633 1513 δέ
655 1495 737 1522 φησιν
757 1486 807 1518 τὰς
830 1486 934 1522 ὑψηλάς

146 1535 192 1562 καὶ
212 1534 403 1570 ὑπερηφάνους
422 1533 550 1568 δυνάμεις
565 1532 614 1564 τὰς
634 1532 834 1567 ἀντικειμένας,
852 1533 934 1568 ἦγουν

146 1581 209 1613 τοὺς
228 1581 452 1616 κοσμοκράτορας
465 1578 513 1605 τοῦ
530 1579 642 1610 σκότους
659 1578 765 1610 τούτου,
779 1578 822 1604 διὰ
836 1578 934 1613 πολλὴν

988 294 1015 321 in
1034 294 1077 321 his
1089 293 1164 320 visus
1184 299 1226 321 est
1240 294 1341 321 Christi
1360 294 1469 329 fulgura
1488 295 1630 322 nominare
1650 296 1712 323 illos
1731 298 1779 331 qui

988 341 1108 368 divinam
1121 345 1148 368 et
1162 341 1347 375 evangelicam
1364 340 1586 375 praedicationem
1602 342 1778 370 administra-

988 387 1063 419 bant,
1076 386 1103 413 id
1120 391 1160 413 cst
1175 387 1314 421 apostolos
1328 391 1356 414 et
1372 387 1563 422 evangelistas,
1578 387 1678 422 quibus
1695 389 1778 415 etiam

987 433 1045 467 ipse
1059 432 1185 460 Christus
1199 425 1290 459 dixit?
1311 443 1320 457 ί
1334 433 1388 460 Vos
1403 434 1468 460 estis
1480 433 1526 460 lux
1542 433 1637 459 mundi
1651 433 1681 460 ⁸⁸.
1702 443 1710 458 i
1733 433 1776 460 Si-

987 478 1099 513 quidem
1118 479 1165 505 lu.\‘
1182 486 1247 505 vera
1265 482 1307 505 est
1326 479 1383 513 ipse
1399 478 1494 510 Filius.
1512 479 1557 512 qui
1573 486 1682 505 onmem
1699 486 1775 506 crea-

987 528 1077 551 turam
1106 524 1266 551 rationalem
1287 524 1422 551 illuminat
1440 524 1471 550 “.
1492 523 1560 551 Cum
1581 529 1672 552 autem
1690 525 1774 559 parti-

987 568 1062 603 cipes
1077 568 1141 595 facti
1164 567 1218 595 sint
1237 568 1308 595 lucis
1327 569 1397 603 ejus,
1417 568 1469 603 ipsi
1489 576 1598 603 quoque
1617 569 1663 596 lux
1682 570 1777 597 mundi

987 614 1169 649 appellantur.
1184 614 1216 641 lli
1233 614 1325 648 itaque
1340 615 1561 649 evangelicorum
1578 615 1777 649 praeconiorum

984 660 1140 687 administri
1162 660 1248 687 instar
1269 660 1407 695 fulgurum
1431 665 1578 687 evaserunt
1602 665 1688 687 totum
1710 661 1777 687 sub—

987 706 1126 733 ctelestem
1142 705 1237 732 orbem
1251 705 1372 740 undique
1389 709 1591 740 percurrentes,
1610 713 1641 732 ac
1657 705 1777 732 divinam

987 760 1019 780 ac
1040 752 1191 787 spiritalem
1208 752 1298 779 lucem
1319 759 1413 779 eorum
1433 759 1502 786 quos
1523 751 1695 779 instruebant
1714 759 1776 778 ροτ-

987 798 1070 826 dibus
1088 797 1266 834 ingerentes]

1167 940 1258 976 [Vidih
1276 945 1301 967 et
1317 946 1447 969 commota
1463 947 1501 969 est
1518 947 1600 970 terra.

1022 985 1158 1012 Caeterum
1180 987 1252 1013 istud
1275 987 1349 1019 vidit,
1378 995 1438 1022 pro,
1461 988 1575 1023 aspexit.
1602 989 1671 1017 Cum
1703 990 1777 1018 enim

986 1030 1158 1064 prwdixisset
1171 1031 1244 1065 quod
1260 1031 1399 1059 illuxerint
1415 1033 1522 1068 fulgura
1537 1035 1597 1069 ejus
1611 1035 1670 1062 orbi
1687 1041 1776 1069 terrae.

986 1076 1077 1102 statim
1098 1076 1218 1103 ostendit
1234 1081 1367 1115 quantum
1387 1078 1447 1104 orbi
1467 1079 1622 1107 subcaelesti
1644 1082 1778 1115 profuerit

986 1127 1001 1146 a
1016 1120 1126 1147 Christo
1147 1120 1279 1155 spiritalia
1300 1121 1408 1156 fulgura
1427 1122 1525 1149 emissa
1544 1123 1639 1156 fuisse,
1654 1132 1703 1159 per
1717 1134 1778 1160 qua

985 1166 1105 1194 diximus
1117 1171 1228 1194 sanctos
1239 1167 1378 1202 apostolos
1389 1172 1416 1194 et
1426 1168 1606 1203 evangelistas
1618 1170 1776 1204 signiﬁcari,

985 1219 1102 1246 quorum
1123 1220 1253 1247 perquam
1278 1213 1449 1247 sapientibus
1469 1213 1688 1242 institutionibus
1705 1219 1778 1244 terra

986 1256 1115 1291 respexit.
1140 1256 1275 1284 Cmterum
1298 1257 1350 1284 hoc
1373 1257 1455 1284 etiam
1479 1258 1602 1285 omnium
1628 1259 1778 1287 Salvatoris

985 1301 1074 1328 nostri
1090 1301 1193 1329 Christi
1208 1302 1315 1329 illustre
1329 1309 1398 1336 opus
1413 1301 1488 1338 fuit.]

987 1400 1062 1428 Vcrs.
1101 1401 1127 1428 5.
1153 1401 1253 1429 Montes
1273 1403 1339 1428 sicut
1360 1411 1420 1444 cera
1442 1404 1576 1438 [luxerunt
1600 1412 1688 1432 coram
1708 1406 1777 1440 {acie

1357 1446 1423 1473 ελιιε.

1021 1481 1127 1509 Montes
1154 1482 1222 1509 dicit
1249 1483 1371 1511 excelsas
1399 1484 1586 1519 superbasque
1617 1490 1776 1520 potestates,

985 1525 1157 1554 adversarius
1189 1527 1336 1561 nimirum;
1363 1528 1420 1554 sive
1447 1533 1568 1557 rectores
1600 1531 1775 1559 tenebrarum

987 1571 1095 1604 harum,
1109 1580 1178 1607 quos
1195 1573 1230 1600 ob
1246 1573 1358 1600 multam
1376 1574 1532 1608 superbiam
1548 1576 1688 1604 montibus
1699 1585 1776 1604 como

146 1626 216 1661 ἄγαν
234 1625 425 1661 ὑπερηφανίαν
440 1625 516 1660 δρεσι
533 1623 851 1660 παρεικαζομένους.“Ας
865 1632 934 1650 κατ-

990 1622 1074 1652 parat.
1090 1617 1143 1645 Has
1155 1617 1283 1646 Servatur
1295 1622 1444 1653 potestates
1457 1627 1526 1646 cerae
1542 1620 1627 1648 instar
1640 1622 1774 1656 dissolvit,

146 1671 240 1706 έτηξεν
254 1671 268 1697 ὁ
295 1670 391 1706 Σωτὴρ
402 1669 467 1696 ὡσεὶ
478 1669 573 1704 κηρὸν,
589 1666 645 1695 οἶόν
654 1677 680 1695 τι
700 1668 754 1704 πῦρ
767 1668 843 1704 κηρῷ
853 1676 935 1704 προσ-

146 1717 288 1754 ὃεϐληκός.

152 1773 362 1809 [Ὰνήτγεέλιιν
373 1774 400 1800 οἱ
413 1772 535 1807 οὐρανοὶ
546 1771 603 1806 τὴν
617 1770 815 1805 δικαιοσύνην
828 1771 933 1798 αὑτοῦ.

181 1829 213 1864 (Β
231 1827 250 1855 f.
275 1828 338 1860 592,
366 1828 388 1855 H
410 1827 429 1856 f.
451 1827 514 1856 459.
530 1826 613 1855 Cord.
635 1827 772 1863 Alterius.)
797 1818 935 1863 οὐρανούς

147 1883 230 1909 φησιν
243 1876 272 1901 ὲν
287 1873 393 1906 τούτοις
417 1874 468 1900 οὐκ
489 1873 556 1900 αὐτὸ
577 1873 608 1900 τὸ
622 1874 764 1908 στοιχεῖον,
790 1873 857 1900 ἀλλὰ
871 1875 935 1907 τοὺς

146 1921 226 1951 δντας
245 1919 274 1945 ὲν
289 1919 425 1954 οὐρανοῖς,
447 1918 573 1945 τουτέστι
588 1918 650 1952 τοὺς
666 1919 760 1952 ἁγίους
784 1920 916 1954 ἀγγέλους
926 1928 933 1936 ι

147 1963 221 1991 οὗτοι
236 1965 285 1999 τὴν
302 1964 477 1999 δικαιοσύνην
491 1963 538 1990 τοῦ
552 1963 619 1990 Θεοῦ
634 1964 682 1990 καὶ
700 1964 805 1999 Πατρὸς
819 1965 935 1999 ἀναγγε-

147 2010 233 2037 λοῦσι.
251 2010 358 2036 Σέσωκε
373 2010 426 2045 γὰρ
436 2011 499 2040 τοὺς
513 2009 558 2035 ἐπὶ
566 2009 627 2044 γῆς,
643 2009 790 2040 δικαιώσας
804 2010 831 2035 ἐν
845 2010 935 2036 πίστει

147 2057 180 2090 τῇ
197 2056 225 2082 ὲν
237 2055 357 2091 Χριστῷ.
378 2054 455 2081 Οὕτω
473 2054 528 2089 γὰρ
546 2054 654 2090 πλήρης
669 2054 781 2088 γέγονεν
804 2055 821 2089 ή
835 2055 870 2090 γῆ
886 2055 936 2090 τῆς

147 2101 226 2135 δόξης
242 2099 336 2126 αὑτοῦ.
356 2099 426 2126 Ἀλλ’
443 2100 505 2126 ἐπεὶ
520 2099 567 2125 καὶ
581 2100 597 2134 ὴ
619 2098 758 2135 πρακτικὴ
772 2099 857 2135 ἀρετὴ
874 2099 937 2125 πολ-

148 2145 231 2181 λαχοῦ
258 2144 417 2179 δικαιοσύνη
446 2144 587 2176 καλεῖται,
627 2144 729 2179 ταύτην
760 2144 936 2179 ἁναγγέλλειν

148 2189 350 2226 πραγματικῶς
366 2190 441 2224 μόνοι
464 2190 553 2216 ἴσασιν
568 2190 592 2216 οἱ
607 2190 726 2225 οὐρανοὶ,
744 2189 819 2221 ὄντες
839 2190 936 2226 ἄνδρες

148 2235 257 2262 δίκαιοι.
284 2234 523 2270 Ἐπιδεικνυμένην
550 2234 604 2270 γὰρ
622 2235 713 2261 πίστιν
738 2235 884 2269 ἀναγγελεῖ
896 2235 935 2261 δί-

149 2290 235 2314 καιος,
258 2281 308 2317 τῆς
329 2281 447 2313 πίστεως
464 2280 554 2308 αὐτῶν
577 2281 617 2312 εις
637 2280 810 2317 δικαιοσύνην
830 2280 934 2315 λογιζο-
952 2290 973 2317 ι)

150 2326 257 2363 μένης-1

237 2384 487 2422 [Προσκυνήσατε
496 2383 586 2417 αὐτῷ,
598 2383 706 2416 πάντες
717 2383 846 2418 ἄγγελοι.

186 2432 217 2465 (Β
230 2432 250 2459 f.
265 2431 318 2459 592
329 2431 358 2463 b,
369 2431 402 2458 Η.
412 2431 431 2458 f.
444 2431 506 2458 440.
517 2429 600 2458 Cord.
610 2429 765 2465 Anonymi.)
780 2430 839 2456 Τίνι
854 2437 932 2464 προσ-

150 2480 242 2506 κυνεῖν
276 2478 479 2510 ὲπιτάττονται;
507 2476 618 2512 Χριστῷ
640 2475 776 2509 δηλονότι,
797 2475 935 2501 τουτέστιν

151 2524 392 2558 ὲνανθρωπήσαντι
404 2522 443 2558 τῷ
454 2523 610 2556 Μονογενεῖ,
631 2531 641 2547 ε
661 2521 744 2548 Ὅταν
757 2521 822 2557 γὰρ,
841 2522 934 2556 φησὶν,

152 2570 287 2605 εἰσαγάγῃ
304 2570 351 2596 τὸν
359 2569 532 2604 πρωτότοκον
547 2569 586 2599 εἰς
595 2568 644 2603 τὴν
654 2568 827 2602 οἰκουμένην,
844 2567 934 2600 λέγει·

152 2616 207 2643 Καὶ
224 2615 491 2651 προσκυνησάτωσαν
506 2613 578 2648 αὐτῷ
592 2614 692 2645 πάντες
705 2613 816 2648 ἄγγελοι
831 2613 908 2640 Θεοῦ.
924 2622 933 2639 ›

158 2659 325 2695 ’Δναγκαὶως
340 2659 373 2694 δὴ
391 2658 507 2685 ἐνταῦθα
520 2658 568 2693 τὴν
586 2657 769 2693 προσκύνησιν
782 2657 836 2684 τῶν
853 2657 935 2692 ἀγγέ-

152 2707 205 2733 λων
231 2706 387 2741 εῐσήγαγεν,
411 2704 454 2730 ἵνα
475 2703 511 2738 μὴ
536 2702 724 2738 αἰσχυνθῶμεν
750 2703 937 2738 προσκυνῆσαι

152 2752 213 2787 Θεῷ
232 2752 261 2778 ὃν
275 2749 475 2787 προσκυνοῦσιν
491 2748 615 2783 ἄγγελον
632 2748 691 2783 ἅμα
706 2748 738 2783 δὴ
761 2748 881 2784 γνῶμεν,
899 2748 937 2781 ὡς

154 2799 194 2830 εἱς
209 2797 334 2830 ἀγγέλων
346 2795 423 2829 τάξιν
435 2795 459 2821 οἱ
475 2793 689 2829 προσκυνοῦντες
698 2793 743 2820 τὸν
756 2794 822 2820 Θεὸν
830 2794 938 2829 ἀνερχό-

987 1669 1115 1699 tanquam
1133 1664 1203 1699 ignis
1219 1664 1347 1692 videlicet
1363 1672 1432 1692 certe
1449 1665 1576 1701 injectus.

1073 1763 1160 1799 [Vers.
1179 1764 1205 1792 6.
1225 1765 1456 1792 Annuntiaverunt
1473 1766 1529 1792 εαἸί
1541 1766 1684 1800 justitiam.

1020 1818 1111 1847 Ctelos
1131 1819 1176 1846 hic
1195 1823 1276 1846 vocat
1296 1827 1351 1847 non
1367 1820 1533 1848 elementum
1549 1822 1648 1856 ipsum,
1666 1823 1713 1851 sed
1728 1832 1777 1852 eos

986 1864 1033 1898 qui
1051 1864 1079 1891 in
1097 1864 1167 1891 coelo
1183 1869 1258 1897 sunt,
1272 1865 1300 1892 id
1317 1870 1359 1893 est
1376 1870 1485 1894 sanctos
1503 1868 1614 1902 angelos
1629 1877 1634 1893 :
1652 1868 1679 1894 hi
1693 1869 1776 1904 justi-

986 1910 1051 1937 tiam
1071 1910 1119 1937 Dci
1139 1917 1171 1937 ac
1188 1910 1277 1938 Patris
1300 1911 1473 1938 annuntiant.
1490 1912 1615 1940 Servavit
1635 1914 1709 1941 enim
1728 1923 1776 1944 eos

986 1956 1033 1991 qui
1054 1956 1082 1982 in
1106 1960 1178 1983 terra
1200 1960 1273 1988 sunt,
1289 1957 1443 1991 justificans
1462 1957 1535 1991 ipsos
1552 1958 1580 1985 in
1595 1958 1649 1986 ﬁde
1661 1959 1775 1987 Christi.

987 2001 1032 2028 Sic
1045 2001 1118 2029 enim
1134 2002 1212 2036 plena
1227 2001 1298 2029 facta
1314 2005 1356 2029 est
1373 2006 1445 2029 terra
1459 2003 1545 2038 gloria
1559 2005 1627 2039 ejus.
1640 2004 1775 2033 Caeterum

987 2053 1049 2073 cum
1064 2046 1145 2073 etiam
1157 2046 1277 2081 practica
1291 2047 1378 2074 virtus
1387 2055 1575 2081 saepenumero
1584 2049 1689 2084 justitia
1703 2059 1775 2078 nun—

987 2094 1112 2126 cupetur,
1132 2091 1202 2118 hanc
1218 2091 1269 2118 soli
1287 2091 1349 2119 cteli
1366 2093 1487 2126 practice
1500 2094 1663 2122 annuntiare
1674 2096 1774 2128 sciunt,

986 2136 1034 2170 qui
1049 2141 1114 2163 sunt
1130 2136 1181 2162 viri
1192 2136 1268 2171 justi.
1287 2136 1456 2165 Declaratam
1474 2139 1548 2166 enim
1571 2139 1652 2167 fidem
1670 2149 1776 2168 annun-

987 2181 1066 2208 tiabit
1082 2182 1183 2217 justus,
1202 2190 1264 2209 cum
1286 2181 1354 2210 fides
1371 2191 1466 2211 eorum
1488 2184 1522 2211 ad
1541 2185 1675 2220 justitiam
1693 2194 1774 2222 repu-

987 2231 1060 2254 tetur
1073 2226 1118 2262 ".]

1095 2376 1183 2415 [Vers.
1197 2380 1223 2405 7.
1240 2379 1356 2406 Adorate
1369 2387 1438 2412 eum,
1455 2388 1544 2408 omnes
1559 2382 1656 2416 angeli.

1023 2425 1174 2458 Quemnam
1200 2425 1314 2453 adorare
1336 2425 1487 2460 jubentur?
1502 2426 1641 2455 Christum
1667 2429 1773 2464 utique.

989 2469 1017 2497 id
1040 2474 1083 2497 est
1107 2470 1284 2505 Unigenitum
1309 2470 1492 2499 incarnatum.
1521 2481 1530 2498 ε
1550 2472 1664 2505 Quando
1688 2475 1773 2507 enim,

990 2517 1089 2552 inquit,
1113 2517 1263 2545 introducit
1284 2516 1499 2551 Primogenitum
1519 2519 1547 2546 in
1568 2519 1662 2547 orbem
1683 2525 1772 2553 terraz.

989 2563 1078 2590 dicit:
1093 2563 1127 2589 Et
1146 2562 1261 2589 adorent
1277 2570 1340 2589 eum
1362 2570 1458 2591 omnes
1476 2564 1564 2600 angeli
1580 2565 1628 2592 Dei
1641 2566 1671 2592 ".
1688 2575 1697 2591 ι
1719 2566 1774 2593 Ne-

989 2610 1109 2637 cessario
1125 2614 1216 2636 autem
1236 2610 1281 2638 hic
1299 2611 1458 2646 angelorum
1481 2611 1667 2639 adorationem
1687 2612 1773 2640 intro-

989 2655 1077 2688 duxit,
1093 2663 1128 2683 ne
1143 2655 1339 2684 erubescamus
1359 2657 1444 2684 Deum
1463 2657 1540 2684 illum
1562 2658 1677 2685 adorare
1692 2666 1775 2694 quem

988 2701 1076 2736 angeli
1095 2701 1227 2735 adorant;
1248 2701 1329 2729 simul
1348 2706 1440 2730 autem
1458 2702 1576 2729 sciamus
1601 2703 1673 2737 quod
1688 2704 1774 2731 Deum

987 2747 1134 2774 adorantes
1145 2746 1178 2774 ad
1191 2746 1351 2782 angelorum
1362 2746 1486 2774 ordinem
1502 2746 1690 2774 aseendamus.
1705 2747 1775 2774 Praz-

987 2798 1073 2826 terea,
1092 2793 1222 2828 quoniam
1244 2793 1404 2828 angelorum
1426 2793 1568 2828 proprium
1588 2797 1630 2820 est
1649 2793 1774 2826 adorare,

189 2856 211 2872 “
230 2854 324 2882 Matth.
341 2861 367 2886 v,
388 2852 432 2880 14.
471 2852 489 2867 ¹¹
506 2851 582 2879 Joan.
601 2859 620 2882 1,
636 2850 662 2878 9.
702 2851 722 2866 "
741 2851 820 2879 Rom.
839 2860 875 2884 iv,
892 2852 917 2879 5.

996 2851 1079 2879 Ilebr.
1098 2859 1117 2885 ι,
1133 2851 1158 2879 6.

193 2914 230 2947 (ι)
247 2912 473 2948 Πεφανέρωταιμ.
492 2910 615 2946 καρδίας.
631 2909 693 2938 llaec
706 2918 761 2938 non
779 2915 842 2938 sunt
859 2911 886 2937 in
898 2910 936 2938 Co

990 2911 1038 2939 rio.
1055 2911 1196 2939 Accedunt
1209 2919 1240 2938 ex
1260 2910 1321 2940 cod.
1332 2910 1421 2938 Vatic.
