1998 3062
219 179 281 207 1251

723 175 751 202 S.
772 172 908 202 CYRILLI
928 173 1162 200 ΑιιιιιΑΝυιιιΝι
1182 172 1341 200 ARCHIEP.

1773 172 1843 200 1⁵252

215 242 270 261 non
291 232 412 261 adorari.
436 233 579 260 Damones
602 231 696 266 igitur,
715 231 762 265 qui
785 232 869 258 etiam
892 230 927 257 ab
953 230 1002 257 hac

1059 229 1136 264 μεθα.
1152 229 1224 264 Πρὸς
1243 228 1346 260 τούτοις
1359 228 1398 255 ὅτι
1420 228 1473 254 τῶν
1489 228 1613 263 ἀγγέλων
1631 227 1661 255 τδ
1681 229 1844 263 προσκυνεῖν

215 280 375 314 angelorum
403 279 537 314 dignitate
559 277 738 309 exciderunt,
761 277 870 304 adorari
895 276 1005 311 quidem

215 329 356 360 poterunt,
368 324 416 352 sed
427 331 523 352 errore
537 324 648 351 illorum
665 323 712 357 qui
730 323 804 357 ipsos
815 322 953 357 adorant.]

321 421 410 457 [Vers.
428 420 454 448 8.
475 421 592 452 Audiuit,
613 424 638 447 et
656 419 749 447 imam
768 424 806 446 est
825 419 900 446 Sion.

249 478 364 506 Videtur
381 477 464 512 igitur
485 476 530 503 hic
548 483 639 504 sermo
657 476 685 503 in
702 476 746 504 his
760 477 877 511 primam
897 476 1006 503 Iudaeo-

215 533 277 551 rum
296 524 466 551 vocationem
489 522 629 549 declarare
652 522 786 555 voluisse,
808 530 890 557 quam
912 521 1006 557 utique

215 570 331 604 primam
349 575 458 603 quoque
479 567 607 595 Christus
627 567 740 595 fecerat.
762 568 820 595 Hoc
838 568 920 595 ctiam
940 568 1005 594 olim

215 622 265 649 per
290 613 400 640 Davidis
426 620 521 640 vocem
549 613 640 640 aiebat
667 612 761 640 dicens
783 622 789 639 ε
812 622 821 639 ‹
840 613 897 648 Ego
914 616 1004 640 autem

215 659 382 686 constitutus
396 666 456 685 sum
474 666 520 685 rex
536 658 570 685 ab
582 665 615 686 co
632 665 714 693 super
726 658 792 686 Sion
809 662 929 684 montem
941 664 1005 684 san-

215 708 290 731 ctum
311 705 380 740 ejus,
401 704 553 739 praedicans
575 708 741 738 praeceptum
765 703 873 730 Domini
890 703 921 729 “.
941 712 950 728 ι
976 702 1004 729 id

214 754 266 782 est,
280 750 451 777 manifestam
470 749 550 777 faciet
568 749 669 777 bonam
687 749 735 776 Dei
754 756 785 776 ac
800 748 890 776 Patris
905 748 1004 776 volun-

216 795 323 831 tatem]

389 840 479 876 [Vers.
495 841 538 867 11.
555 840 611 867 Lua:
626 846 684 867 orta
699 845 736 867 est
745 840 827 875 justo.

248 886 317 913 Illud
331 892 390 914 orta
407 891 444 913 est
458 886 524 914 dicit
539 894 598 921 pro,
612 886 710 913 oritur.
729 885 758 913 Si
772 886 834 920 quis
852 885 924 912 cnim
937 892 1001 920 pro-

1058 274 1133 305 τδιον,
1147 275 1178 300 οὐ
1195 274 1226 300 τὸ
1240 274 1462 309 προσκυνεῖσθαι.
1474 273 1506 301 Οἱ
1521 274 1612 300 τοίνυν
1623 273 1759 308 δαίμονες,
1775 274 1844 301 ἁπο-

1057 320 1186 351 πεσόντες
1198 320 1244 346 καὶ
1253 319 1354 354 ταύτης
1367 320 1415 354 τῆς
1424 319 1502 352 ἀξίας
1509 320 1564 346 τῶν
1576 319 1710 354 ἀγγέλων,
1723 327 1845 355 προσκυ-

1057 363 1162 390 νεῖσθαι
1171 363 1342 399 δυνήσονται,
1357 363 1414 391 ἀλλ’
1425 364 1516 400 ἀπάτῃ
1526 364 1580 391 τῶν
1593 364 1842 400 προσκυνούντων]

1207 420 1361 456 ξἪκουσε-ῖ,
1375 420 1423 446 καὶ
1439 420 1589 455 εὐφράνθη
1602 420 1687 448 Σιών,

1093 476 1125 509 (Β
1150 476 1169 503 f.
1194 476 1256 508 592,
1272 471 1295 502 II
1309 476 1328 503 f.
1347 475 1398 503 MO
1412 476 1440 510 b,
1459 475 1541 504 Cord.
1563 475 1716 512 Anonymi.)
1734 477 1843 503 Ἔοικεν

1056 519 1139 548 οὖνέν
1152 521 1255 553 τούτοις
1269 523 1333 557 ἡμῖν
1344 522 1441 556 ὁλόγος
1451 522 1501 556 τὴν
1516 521 1628 558 πρώτην
1639 522 1692 549 τῶν
1708 523 1844 549 Ἰουδαίων

1056 567 1153 603 κλῆσιν
1177 566 1320 602 βούλεσθαι
1344 568 1521 604 καταδηλοῦν,
1549 568 1582 603 ἢν
1601 568 1632 603 δὴ
1658 569 1705 595 καὶ
1730 568 1844 604 πρώτην

1056 613 1202 647 ἐποιήσατο
1217 612 1344 648 Χριστός.
1362 612 1447 639 Τοῦτο
1460 614 1508 639 κει.)⁸
1529 613 1614 640 πάλαι
1632 613 1675 640 διὰ
1689 615 1779 649 φωνῆς
1795 614 1843 641 τοῦ

1055 657 1137 685 Δαὸὶδ
1153 657 1204 692 ἔφη
1223 657 1325 692 λέγων·
1347 668 1356 684 ι
1383 657 1453 692 Ἐγὼ
1470 658 1497 684 δὲ
1523 659 1693 695 κατεστάθην
1717 659 1844 694 βασιλεὺς

1056 703 1102 729 ὑπ’
1116 703 1198 729 αὐτοῦ
1216 703 1262 729 ὲπ).
1275 702 1345 729 Σιὼν
1359 703 1421 739 ὅρος
1432 703 1462 729 τδ
1478 704 1555 738 ἆγιον
1569 704 1663 737 αὑτοῦ,
1677 704 1844 738 διαγγέλλων

1055 749 1085 775 τὸ
1099 749 1263 784 πρόσταγμα
1278 749 1389 785 Κυρίου.
1405 758 1414 774 ι
1427 749 1566 782 Τουτέστι,
1581 750 1696 785 φανερὸν
1709 750 1845 785 καταστή-

1056 803 1097 821 σει
1113 794 1143 821 τὸ
1157 794 1258 828 ἀγαθὸν
1272 794 1378 829 θέλημα
1395 794 1442 821 τοῦ
1457 794 1524 821 Θεοῦ
1538 795 1584 821 καὶ
1599 794 1729 831 Πατρόςέ

1252 840 1328 876 [Φῶς
1344 841 1477 868 ἀνέτειλε
1489 841 1529 873 τῷ
1543 841 1657 875 δικαίῳ.

1091 887 1122 922 (Β
1138 887 1157 914 ι.
1178 888 1230 915 595
1243 887 1265 913 II
1279 886 1299 913 ί.
1314 885 1376 913 ΜΞ.
1387 885 1470 913 Cord.
1484 886 1638 922 Anonymi.)
1659 887 1695 913 Τὸ
1708 887 1844 914 ἀνέτειλέ

213 932 266 959 Lus
284 939 316 958 ac
336 932 427 967 justus
444 936 495 963 est,
515 931 581 958 huic
598 931 710 958 omnino
728 932 757 958 in
775 935 866 958 mente
881 934 909 957 et
921 930 1002 957 corde

1059 941 1138 968 φησιν
1152 933 1211 959 ἀντὶ
1228 932 1274 959 τοῦ
1296 932 1445 959 ἀνατέλλει.
1459 933 1515 963 Πᾶς
1525 932 1581 967 γὰρ
1593 933 1619 958 εἰ
1630 932 1672 964 τίς
1685 933 1759 959 ἐστιν
1773 934 1844 967 ἀγα-

214 976 335 1010 spiritale
359 984 390 1004 ac
413 976 535 1004 divinum
557 976 650 1003 lumen
671 977 806 1004 oboritur.
825 976 1001 1010 Nequaquam

213 1023 286 1049 enim
310 1030 451 1050 sacrorum
474 1023 669 1050 charismatum
695 1026 823 1057 expertes
847 1026 929 1049 erunt
954 1022 1001 1056 qui

215 1067 368 1094 studiorum
388 1068 507 1094 cultores
524 1071 588 1094 sunt
603 1068 780 1102 optimorum.
801 1067 841 1094 Illi
860 1066 942 1102 igitur
954 1067 1001 1102 qui

214 1112 362 1146 practicam
379 1112 518 1144 virtutem,
532 1119 592 1147 quae
605 1112 711 1147 justitia
728 1116 911 1147 nuncupatur,
925 1119 1002 1139 exer-

214 1157 282 1189 cuit,
298 1157 393 1185 oborta
407 1162 450 1185 est
470 1158 518 1185 lux
539 1157 712 1193 cognitionis,
732 1165 792 1192 quas
812 1165 867 1184 non
889 1161 931 1184 est
949 1157 1001 1184 alia

214 1210 295 1237 quam
311 1203 358 1230 lux
378 1210 452 1235 vera,
472 1202 505 1230 de
525 1210 579 1238 qua
593 1203 674 1230 Pater
690 1202 759 1229 dixit
778 1223 783 1229 .
804 1212 812 1228 ι
829 1202 1002 1230 Timentibus

214 1253 304 1276 autem
317 1256 416 1276 nomen
430 1255 520 1275 meum
535 1249 641 1283 orietur
654 1248 694 1275 sol
706 1248 818 1284 justitize
835 1248 864 1275 ".
884 1258 892 1274 ι
907 1249 916 1285 j

514 1348 600 1375 Raetis
617 1349 703 1374 corde.

250 1405 325 1449 Quid.
340 1405 484 1441 significat,
504 1410 609 1433 rectum
626 1405 728 1433 habere
743 1406 807 1433 cor?
826 1406 927 1441 Nempe
940 1413 1000 1433 erc-

215 1453 290 1477 ctum
302 1454 329 1478 et
342 1449 508 1477 invertibile.

315 1505 402 1536 [Vers.
422 1505 465 1533 1'2.
482 1506 632 1539 Lctam‘m’,
646 1507 719 1540 iusti,
736 1508 763 1534 in
780 1507 899 1534 Domino.

248 1561 382 1589 Convenit
402 1562 475 1590 enim
498 1570 592 1589 revera
613 1562 789 1598 diligentibus
813 1563 952 1590 Christum
974 1567 1002 1590 et

1055 977 1100 1008 θος
1115 977 1162 1003 καὶ
1177 977 1290 1009 δίκαιος,
1310 976 1395 1011 τούτῳ
1409 977 1516 1008 πάντως
1532 977 1571 1008 είς
1584 975 1646 1003 νοῦν
1662 977 1709 1003 καὶ
1727 976 1842 1011 καρδίαν

1054 1020 1083 1046 τδ
1096 1020 1190 1054 νοητὸν
1204 1020 1251 1046 καὶ
1269 1020 1340 1046 θεῖον
1355 1019 1497 1047 ἀνατέλλει
1513 1020 1580 1054 φῶς.
1605 1019 1644 1047 Οὗ
1660 1020 1714 1055 γὰρ
1733 1021 1844 1056 ἄμοιροι

1053 1065 1107 1092 τῶν
1121 1065 1200 1100 ἱερῶν
1215 1065 1320 1092 ἔσονται
1335 1065 1511 1101 χαρισμάτων
1524 1067 1548 1092 οἱ
1563 1066 1615 1093 τῶν
1627 1067 1747 1102 ἀρίστων
1762 1075 1843 1093 σπου-

1054 1112 1197 1146 ὼσμάτων
1206 1112 1378 1147 ἐπιμεληταί.
1393 1112 1438 1148 Τῷ
1451 1113 1540 1140 τοίνυν
1551 1113 1601 1148 τὴν
1611 1113 1765 1149 πρακτικὴν
1779 1113 1843 1149 ἀρε-

1053 1157 1113 1192 τὴν,
1125 1157 1302 1192 ’δικαιοσύνην
1315 1157 1495 1193 καλουμένην,
1508 1158 1709 1193 κατορθώσαντι
1721 1159 1842 1187 ἀνέτειλε

1055 1199 1112 1233 φῶς
1135 1199 1280 1233 γνώσεως,
1304 1200 1354 1226 οὐκ
1374 1201 1439 1228 ἄλλο
1462 1201 1594 1236 τυγχάνον
1618 1202 1666 1228 τοῦ
1687 1203 1775 1237 φωτὸς
1793 1203 1843 1230 τοῦ

1055 1244 1191 1280 ἀληθινοῦ,
1208 1247 1272 1281 περὶ
1286 1242 1317 1272 οὗ
1330 1247 1345 1273 ό
1360 1247 1454 1282 Πατὴρ
1468 1245 1538 1273 εἷπε·
1560 1256 1570 1273 ‹
1593 1248 1654 1279 Τοῖς
1664 1247 1693 1274 δὲ
1706 1248 1841 1283 φοϐουμέ-

1055 1298 1110 1322 νοις
1125 1290 1155 1316 τὸ
1168 1291 1255 1326 ὄνομα
1267 1300 1318 1326 μου
1329 1292 1453 1318 ἁνατελεῖ
1467 1292 1541 1327 ἥλιος
1554 1293 1738 1328 δικαιοσύνης.
1754 1293 1780 1329 ι]

1272 1348 1337 1381 Τοῖς
1353 1349 1453 1376 motat
1464 1348 1501 1383 τῇ
1514 1349 1630 1384 καρδίᾳ.

1089 1403 1121 1437 (Β
1136 1403 1155 1430 f.
1170 1403 1222 1430 595
1235 1403 1264 1435 b,
1279 1403 1302 1431 11
1319 1403 1338 1431 f.
1359 1404 1412 1431 442
1425 1404 1464 1437 1).)
1484 1405 1538 1432 Καὶ
1549 1404 1576 1431 τί
1591 1406 1648 1432 ἔστι
1663 1405 1694 1432 τὸ
1710 1404 1777 1441 εύοῆ
1791 1405 1842 1439 τὴν

1055 1447 1168 1482 καρδίαν
1186 1447 1277 1482 ἔχειν;
1293 1448 1329 1474 Τὸ
1348 1446 1404 1475 οἷον
1419 1448 1502 1484 ὀρθὴν
1517 1448 1564 1475 καὶ
1580 1448 1767 1483 ἁδιάστροφον.

1160 1504 1374 1540 Εὐφράνθητε,
1390 1505 1507 1537 δίκαιοι,
1520 1504 1555 1531 ἐν
1568 1505 1607 1538 τῷ
1617 1506 1726 1540 Κυρίῳ.

1089 1561 1123 1596 (Β
1138 1561 1156 1588 f.
1175 1560 1227 1588 593
1245 1560 1274 1589 b.
1289 1562 1311 1588 Η
1322 1561 1341 1588 f.
1357 1561 1410 1589 442
1424 1561 1452 1589 1).
1468 1561 1551 1589 Cord.
1566 1561 1720 1598 Anonymi.)
1735 1563 1845 1598 Πρέπει

214 1606 323 1640 pietatis
337 1607 515 1639 amatoribus,
532 1611 563 1634 ut
581 1607 608 1634 in
624 1607 683 1641 ipso
699 1607 847 1641 plurimum
866 1607 1001 1639 laetentur,

1059 1606 1107 1641 γὰρ
1120 1607 1205 1638 ὅντως
1223 1607 1281 1638 τοῖς
1296 1607 1423 1641 ἀγαπῶσι
1438 1608 1554 1642 Χριστὸν
1571 1609 1617 1635 καὶ
1631 1610 1688 1640 τοῖς
1700 1608 1750 1643 τῆς
1763 1609 1842 1634 εὐσε-

215 1652 254 1678 uti
271 1655 298 1679 et
319 1652 348 1679 in
367 1652 446 1679 bonis
468 1660 528 1687 quae
549 1652 584 1679 ab
606 1652 667 1687 ipso
686 1652 812 1680 donanda
830 1656 894 1680 sunt
911 1652 1001 1684 nobis,

215 1697 319 1725 scilicet
331 1698 507 1732 spiritalibus,
521 1706 582 1733 quae
594 1698 676 1725 etiam
690 1706 817 1728 securum
833 1701 861 1725 et
876 1702 1002 1726 constan-

201 1775 207 1780 ν
216 1747 272 1771 tem
288 1748 391 1772 motum
408 1744 533 1779 habent.]

332 1840 499 1875 Confitemini
513 1842 648 1868 memoria:
661 1841 809 1868 sanctitatis
824 1848 891 1876 ejus.

250 1885 393 1914 Confessio
414 1886 527 1914 denotat
549 1887 698 1921 gratiarum
718 1885 1001 1920 actionem..0portet

216 1932 299 1967 igitur
321 1932 422 1967 gratias
446 1939 525 1968 agere
545 1932 609 1966 quia
630 1932 678 1967 qui
700 1932 773 1959 Deus
791 1935 887 1966 suapte
903 1935 1001 1959 natura

215 1981 258 2005 est
280 1982 309 2005 et
327 1978 450 2005 omnium
476 1978 610 2005 Dominus
631 1982 660 2005 et
676 1978 765 2005 Patris
785 1977 935 2010 confessor,
953 1977 1000 2012 qui

215 2031 310 2051 omnes
329 2023 461 2058 dignitate
479 2028 601 2058 superat,
620 2023 747 2059 dignatus
764 2027 807 2051 est
820 2030 924 2051 memor
940 2030 1000 2050 esse

216 2069 303 2096 nostri
323 2079 329 2095 :
350 2077 454 2096 memor
473 2077 550 2102 vero,
565 2069 714 2097 benedixit.
738 2068 815 2102 Quod
833 2068 934 2103 pariter
950 2077 1001 2097 nos

215 2114 325 2142 docebit
347 2115 444 2143 beatus
466 2115 552 2142 David
575 2115 671 2142 dicens
689 2123 696 2141 :
717 2124 725 2140 ι
740 2114 872 2142 Dominus
896 2122 1000 2142 memor

215 2159 267 2186 fuit
282 2160 381 2193 nostri,
393 2165 422 2188 et
436 2160 575 2188 benedixit
588 2159 667 2188 nobis
679 2161 710 2187 “.
729 2170 738 2186 ι

471 2215 627 2243 PSALMUS
643 2216 745 2244 XCVII.

289 2263 362 2290 Vers.
378 2263 405 2289 2.
423 2262 535 2289 Caritate
550 2262 661 2289 Domino
676 2265 805 2292 canticum
824 2275 928 2294 novum.

251 2319 356 2346 Novum
372 2318 401 2345 fit
416 2318 562 2350 canticum,
575 2319 638 2354 quia
654 2321 745 2348 omnia
761 2322 789 2349 in
802 2322 912 2351 Christo
932 2333 1001 2352 nova
1017 2309 1042 2339 θ

215 2367 289 2392 sunt.
300 2367 392 2389 vetera
405 2362 571 2390 transierunt
583 2364 614 2390 ’⁷.
628 2363 662 2390 Et
676 2365 755 2399 paulo
770 2371 836 2401 post.
849 2367 913 2403 [Sed
929 2377 999 2404 qua-

216 2408 252 2435 lia
270 2408 402 2435 sunthaec
416 2408 506 2435 nova?
516 2415 613 2444 nempe
624 2417 685 2444 quae
704 2418 754 2445 per
768 2411 908 2440 Christum
930 2414 999 2442 facta

215 2458 289 2480 sunt.
313 2453 383 2480 Olim
404 2453 549 2488 siquidem,
577 2455 616 2482 uti
639 2455 780 2490 dicebam,
806 2459 998 2488 universorum

216 2497 288 2524 Deus
306 2505 355 2532 per
372 2497 480 2533 Moysen
496 2499 580 2526 Israel
602 2500 744 2533 liberavit,
764 2507 792 2530 et
808 2504 905 2532 acerba
928 2505 1000 2539 ipsos

216 2542 347 2570 servitute
370 2544 470 2570 exemit
485 2553 491 2570 :
505 2544 572 2579 quin
594 2550 622 2572 et
641 2546 810 2574 Pharaonem
829 2556 998 2584 persequens

216 2587 243 2614 in
257 2595 330 2615 mare
348 2589 487 2622 demersit,
505 2595 587 2625 atque
602 2591 684 2619 inhoc
703 2591 761 2626 ipso
772 2593 940 2628 gloriﬁcatns
958 2600 1001 2623 est

214 2633 295 2661 Deus.
308 2633 362 2662 Sed
381 2635 426 2662 illa
441 2636 551 2670 quidem
571 2636 600 2663 in
618 2637 686 2671 ipsis
704 2638 886 2674 contigerunt.
902 2640 1002 2668 Videa-

214 2687 276 2707 mus
289 2685 380 2708 autem
399 2689 469 2708 nova
485 2690 546 2716 quae
557 2690 606 2718 per
617 2682 757 2711 Christum
770 2688 846 2719 gesta
859 2685 921 2713 sint.
942 2687 1000 2714 Non

214 2727 295 2754 unica
313 2734 379 2762 gen
402 2727 543 2763 redempta
556 2733 608 2762 est,
624 2734 654 2756 ut
672 2730 738 2757 olim
755 2730 833 2758 solus
845 2731 936 2764 Israel,
952 2733 999 2760 sed

246 2805 267 2820 “
280 2804 350 2832 Psal.
368 2813 396 2838 ιι,
409 2805 435 2832 6.
476 2805 496 2822 "
509 2806 623 2834 Malach.
639 2816 674 2840 iv,
687 2808 712 2835 2.
754 2808 774 2823 ιε
789 2808 859 2835 Psal.
877 2817 949 2841 cxtn,
968 2809 1009 2836 12.

1056 1652 1131 1683 ὃείας
1144 1652 1282 1687 ἐρασταῖς,
1298 1652 1329 1678 τὸ
1351 1653 1394 1679 ἐπ’
1410 1653 1484 1688 αὑτῷ
1498 1653 1559 1680 λίαν
1575 1653 1779 1689 εὐφραίνεσθαι,
1792 1653 1841 1679 καὶ

1054 1696 1100 1723 ἐπὶ
1113 1697 1169 1728 τοῖς
1181 1696 1372 1732 δοθησομένοις
1388 1698 1453 1732 ἡμῖν
1468 1697 1581 1732 ἀγαθοῖς
1595 1699 1662 1734 παρ’
1678 1698 1770 1730 αὐτοῦ,
1790 1699 1840 1733 δη-

1052 1740 1138 1768 λονότι
1153 1743 1356 1777 πνευματικοῖς,
1370 1741 1389 1769 ἃ.
1404 1744 1451 1769 καὶ
1474 1743 1583 1778 ἀσφαλῆ
1594 1744 1641 1770 καὶ
1654 1744 1841 1779 ἀναπόϐλητον

1052 1787 1109 1822 ἔχει
1125 1787 1174 1822 τὴν
1190 1788 1279 1815 κτίσιν
1297 1788 1362 1822 (ed.,
1374 1788 1515 1825 κίνησιν)].

1059 1842 1305 1877 Ἔξομολογεῖσθε
1316 1843 1353 1878 τῇ
1361 1844 1464 1879 μνήμῃ
1478 1845 1533 1879 τῆς
1550 1845 1721 1880 ἁγιωσύνης
1734 1846 1838 1873 αὐτοῦ.

1087 1887 1119 1922 (Β
1134 1887 1154 1914 f.
1169 1888 1220 1915 595
1233 1888 1261 1914 b.
1275 1888 1298 1914 11
1313 1887 1332 1914 1⁵.
1349 1888 1423 1923 445.)
1444 1889 1475 1914 Ἠ
1490 1889 1682 1925 ἐξομολόγησις
1696 1889 1744 1924 τὴν
1759 1889 1840 1925 εὐχα-

1053 1932 1158 1968 ριστίαν
1168 1933 1251 1968 δηλοῖ.
1264 1934 1314 1969 Δεῖ.
1324 1932 1412 1961 τόίνυν
1427 1923 1597 1969 εὐχαριστεῖν
1663 1923 1728 1966 Θεὸς
1742 1934 1780 1961 ὢν
1790 1923 1840 1969 ξύ-

1052 1987 1093 2005 σει
1109 1979 1155 2005 καὶ
1169 1978 1270 2014 Κύριος
1286 1979 1340 2006 τῶν
1354 1979 1421 2007 ὅλων
1435 1979 1483 2006 καὶ
1501 1979 1643 2015 σύνθρονος
1659 1980 1698 2015 τῷ
1715 1981 1814 2016 Πατρὶ,
1826 1981 1840 2007 6

1051 2025 1142 2052 ἐπάνω
1157 2025 1263 2053 πάντων
1289 2026 1335 2052 καὶ
1351 2025 1420 2060 ὑπὲρ
1435 2026 1537 2058 πάντας
1548 2047 1554 2059 ,
1571 2025 1738 2062 κατηξίωσεν
1761 2025 1840 2061 ήμῶν

1051 2071 1215 2106 ποιήσασθαι
1228 2072 1347 2106 μνήμην·
1367 2071 1556 2106 μνημονεύσας
1571 2071 1600 2098 δὲ
1612 2091 1618 2103 ,
1633 2071 1680 2098 καὶ
1692 2071 1837 2107 ηὑλόγησε.

1051 2117 1107 2144 Καὶ
1121 2116 1199 2143 τοῦτο
1212 2116 1310 2149 διδάξει
1325 2116 1412 2150 λέγων
1425 2118 1439 2143 ό
1454 2117 1588 2152 μακάριος
1605 2117 1695 2144 Δαῦίδ·
1716 2126 1726 2144 ι
1738 2117 1840 2152 Κύριος

1051 2161 1174 2197 ἐμνήσθη
1187 2162 1276 2197 ὴμῶν,
1290 2162 1337 2189 καὶ
1350 2162 1500 2197 ηὑλόγησεν
1510 2162 1595 2197 ἡμᾶς.
1616 2170 1626 2186 ι

1331 2218 1477 2244 ΨΔΛΜΟΣ
1492 2218 1548 2251 ιιΖι.

1194 2263 1304 2298 ’ᾼσατε
1317 2263 1358 2296 τῷ
1374 2264 1473 2297 Κυρίῳ
1485 2260 1567 2298 ᾆσμα
1582 2263 1696 2291 καινόν.

1089 2323 1120 2357 (Β
1135 2323 1154 2350 f.
1170 2322 1221 2350 595
1234 2322 1262 2355 1),
1274 2322 1296 2349 11
1307 2322 1326 2350 f.
1340 2322 1415 2356 445.)
1426 2321 1527 2349 Καινδν
1539 2322 1569 2348 τὺ
1581 2319 1668 2357 ᾆσμα·
1684 2321 1772 2348 πάντα
1786 2321 1840 2356 γὰρ

1055 2370 1083 2396 ἐν
1090 2369 1199 2404 Χριστῷ
1207 2368 1298 2401 καινὰ,
1308 2368 1341 2394 τὰ
1349 2369 1450 2403 ἀρχαῖα
1459 2368 1607 2404 παρῆλθεν.
1616 2367 1838 2402 ΚαιμετὊλίγα.

1056 2414 1124 2450 [Καὶ
1140 2415 1203 2441 ποῖα
1220 2414 1259 2449 (1)
1273 2412 1361 2440 ταῦτά
1379 2414 1437 2440 ἐστι
1451 2414 1486 2440 τὰ
1503 2414 1599 2447 καινάς
1618 2413 1653 2440 τὰ
1663 2414 1707 2440 διὰ.
1720 2412 1838 2449 Χριστοῦ

1055 2461 1184 2496 δηλονότι.
1201 2461 1289 2487 Πάλαι
1306 2461 1355 2496 μὲν
1372 2460 1440 2495 γὰρ,
1461 2460 1498 2492 ὡς
1512 2461 1589 2495 ἔφην,
1605 2459 1776 2495 ὲλυτρώσατο
1797 2459 1841 2486 διὰ

1055 2506 1195 2537 Μωῦσέως
1210 2506 1255 2532 τὸν
1275 2505 1380 2541 Ἰσραὴλ
1400 2507 1413 2532 ὁ
1427 2505 1480 2532 τῶν
1496 2505 1563 2531 ὅλων
1578 2505 1657 2537 Θεὸς,
1672 2505 1719 2531 καὶ
1735 2505 1837 2540 πικρᾶς

1054 2552 1150 2583 αὐτοὺς
1166 2551 1282 2583 ἐξείλετο
1296 2551 1428 2582 δουλείας·
1445 2551 1624 2584 κατεπνίγετο
1638 2550 1666 2577 δὲ
1685 2551 1730 2577 καὶ
1745 2551 1774 2577 ὲν
1793 2549 1840 2576 Θαρ-

1053 2597 1139 2632 λάσσῃ
1152 2597 1256 2623 διώκων
1272 2597 1287 2623 ὁ
1301 2596 1409 2632 Φαραὼ,
1424 2597 1470 2623 καὶ
1485 2597 1528 2622 ἐπ’
1541 2596 1615 2631 αὐτῷ
1626 2596 1659 2631 δὴ
1670 2596 1759 2630 τούτῳ
1774 2595 1842 2626 Θεὸς

1053 2642 1202 2675 ἐδοξάζετο.
1224 2642 1292 2669 Ἀλλ’
1309 2643 1337 2669 ἐν
1349 2642 1454 2673 τούτοις
1468 2641 1518 2675 μὲν
1535 2642 1568 2668 τὰ
1582 2641 1705 2669 ἐκείνων.
1726 2641 1841 2676 Ἰδωμεν

1051 2689 1080 2715 δὲ
1096 2689 1131 2715 τὰ
1143 2689 1223 2716 καινὰ
1232 2689 1267 2716 τὰ
1282 2688 1326 2715 διὰ
1339 2686 1468 2724 Χριστοῦ.
1489 2688 1546 2722 Οὐχ
1561 2687 1589 2714 ἓν
1602 2687 1677 2718 ἔθνος
1688 2686 1840 2721 ὲλυτρώθη,

1052 2733 1122 2760 καθὰ
1137 2735 1184 2761 καὶ
1200 2734 1282 2761 πάλαι
1299 2734 1378 2769 μόνος
1390 2734 1404 2760 ὁ
1422 2733 1539 2769 Ἰσραὴλ,
1553 2733 1687 2760 σέσωσται
1698 2732 1727 2760 δὲ
1742 2732 1842 2769 μᾶλλον

1050 2811 1071 2825 ¹⁷
1085 2811 1106 2837 Il
1122 2810 1183 2838 Cor.
1198 2819 1223 2841 ν,
1244 2811 1275 2838 17

249 2860 288 2896 (1)
302 2861 484 2889 Καί’ποῑα....
498 2863 724 2899 ἀπηλλάγημεν.
745 2865 783 2892 Ex
801 2865 931 2892 Corderio
944 2866 994 2893 sub

1059 2867 1118 2894 nino
1137 2868 1271 2895 Timothei.
