1998 3062
151 168 220 197 i253

800 166 834 193 IN
855 166 1016 195 PSALMUM
1031 167 1134 196 XCVII.

1712 172 1782 200 1254

149 229 166 263 ἠ
181 227 312 263 σύμπασα
324 226 369 262 γῆ.
391 225 447 253 Οὐκ
463 225 604 260 ἄνθρωπον
620 225 766 259 Αἰγύπτιον
789 227 939 262 πεπνιγμέ-

1004 227 1119 254 mivcrsa
1147 227 1238 261 potius
1262 231 1335 254 terra
1360 233 1467 255 servata
1493 233 1544 256 est.
1571 229 1630 256 Non
1656 229 1782 258 videmus

149 281 194 300 vov
207 273 314 308 ὁρῶμεν
334 273 362 299 ὲν
377 271 511 307 θαλάσσῃ,
531 270 588 297 ἀλλ’
606 271 687 298 αὑτὸν
704 272 747 298 τὸν
763 272 879 305 ἀλαζόνα
893 272 940 299 καὶ

150 320 287 355 ἀλιτήριον
308 319 430 345 Σατανᾶν
445 317 572 348 πεσόντα,
589 317 637 343 καὶ⁷
650 317 775 352 κείμενον
787 318 840 345 ὺπὺ
857 318 940 349 πόδας

150 365 243 399 ἀγίων-
266 365 336 399 "Ea":
353 364 408 400 γάρ
424 373 474 390 που
493 363 619 398 Χριστός·
638 372 647 388 ‹
672 363 737 390 Ἰδοὺ
755 363 859 390 δέδωκα
876 364 940 399 ὑμῖν

151 411 274 443 ἐξουσίαν
292 411 387 437 πατεῖν
409 409 501 436 ἐπάνω
513 409 601 443 ὅφεων
615 408 662 434 καὶ
679 410 816 444 σκορπίων
830 409 878 436 καὶ
895 410 941 436 ἐπὶ

151 458 241 483 πᾶσαν
252 456 301 491 τὴν
312 455 426 491 δύναμιν
441 454 487 481 τοῦ
502 455 611 490 ἐχθροῦ,
627 455 674 481 καὶ
687 455 762 482 οὐδὲν
773 456 846 490 ὑμᾶς
855 456 886 482 οὐ
903 457 940 491 μὴ

151 501 277 536 ἀδικήσῃ.
301 509 310 525 ι
332 501 428 534 Ὀφεις
449 500 477 526 δὲ
496 500 544 526 καὶ
568 500 714 535 σκορπίους
738 501 865 536 ὀνομάζει
879 502 941 534 τοὺς

152 547 286 582 πονηροὺς
305 547 354 574 καὶ
376 547 494 578 ἰοϐόλους
510 546 649 582 δαίμονας·
663 542 700 573 ὧν
718 546 767 582 τῆς
784 547 940 582 σκαιότητος

150 594 295 628 ἀπηλλάγη
300 593 374 629 item]

186 649 242 676 Καὶ
256 649 317 683 μετ’
331 650 428 684 ὀλίγα·
453 649 515 676 Ἐπὶ
530 649 602 676 τίσιν
614 650 667 683 ἄρα
683 650 729 676 καὶ
745 649 824 681 ποίας
835 649 942 684 ἔχοντες

150 694 198 721 τοῦ
223 695 335 729 ψάλλειν
354 694 403 726 τὰς
420 695 547 730 ἀφορμὰς
559 715 566 727 ,
592 696 672 725 αὑτός
694 703 723 721 σε
741 695 821 722 πάλιν
842 695 942 727 διδάξει

151 741 246 775 λέγων·
273 751 282 766 ι
306 741 368 767 Ὄτι
385 740 531 775 θαυμαστὰ
548 740 675 775 ἐποίησεν
695 742 709 767 ὁ
729 741 839 776 Κύριος.
859 751 867 766 ι
888 741 942 768 Καὶ

151 789 214 815 ποῖα
231 788 317 815 ταῦτά
329 788 405 820 ἐστις
420 788 460 814 Τὰ
475 787 601 822 ἐξαίρετα
620 788 667 814 καὶ
681 788 908 824 τεθαυμασμένα,
925 787 942 815 ἃ

152 834 301 869 πεποίηκεν
319 834 332 860 ὁ
348 833 403 861 τῶν
421 833 489 860 ὅλων
503 834 598 870 Σωτὴρ
614 834 661 860 καὶ
677 834 790 869 Κύριος.

291 900 442 936 [’Ἑσωσεν
455 900 536 932 αὐτῷ
553 901 570 934 ἡ
590 900 674 932 δεξιὰ
693 901 796 927 αὐτοῦ.

184 953 293 980 ”Εσωσε
308 954 362 989 γὰρ
382 955 430 989 τὴν
446 954 491 980 ὑπ’
502 954 618 990 οὐρανὸν
635 955 651 989 ἠ
673 955 748 988 δεξιὰ
763 955 808 982 τοῦ
825 956 941 990 Πατρὸς,

151 999 289 1036 τουτέστιν
311 1001 325 1026 ὸ
348 999 420 1031 Υἱός
436 999 522 1030 οὕτως
545 1000 626 1026 αὐτὸν
646 1001 693 1026 καὶ
715 1000 796 1031 αὐτὸς
811 1001 825 1027 ὁ
848 1000 943 1035 Πατὴρ

152 1047 278 1083 ὀνομάζει
290 1047 377 1081 λέγων
389 1054 394 1061 -
414 1047 491 1073 ("Ott
500 1045 559 1081 ἀρῶ
568 1045 663 1078 sig/toi;
681 1046 794 1081 οὐρανὸν
808 1045 856 1081 τὴν
865 1046 945 1081 χεῖρά

154 1103 214 1130 μου,
232 1094 279 1121 καὶ
293 1094 413 1129 ὀμοῦμαι
426 1093 475 1128 τὴν
493 1092 583 1125 δεξιάν
598 1101 658 1128 μου,
679 1102 687 1118 ι
712 1093 741 1119 ἐν
789 1092 944 1126 ὲστερέωσα

152 1141 198 1167 τὸν
213 1140 339 1175 οὐρανὸν,
357 1139 404 1166 καὶ
424 1138 593 1174 ὲθεμελίωσα
607 1138 658 1174 τὴν
671 1138 732 1173 γῆν.

189 1195 318 1232 [Διέσωσε
334 1195 390 1231 γὰρ
404 1196 421 1230 ἡ
437 1195 511 1228 δεξιὰ
524 1194 570 1221 τοῦ
590 1193 660 1220 Θεοῦ
675 1194 722 1220 καὶ
734 1193 852 1228 Πατρδς,
867 1202 946 1220 τουτ-

154 1242 228 1268 ἐστιν
243 1242 257 1267 ὁ
268 1241 342 1273 Υἱὸς,
353 1241 391 1276 τῷ
407 1241 464 1275 ἰδίῳ
475 1241 618 1275 γεννήτορι
630 1240 681 1274 τὴν
706 1239 867 1274 οἰκουμένην
878 1239 946 1274 πρὸς

155 1287 319 1321 θεογνωσίαν
333 1285 491 1320 ἀναγαγὼν,
509 1286 557 1312 καὶ
574 1285 690 1312 Θανάτου
719 1286 767 1312 καὶ
783 1285 886 1320 φθορᾶς
902 1285 946 1317 ἑξα-

155 1333 223 1359 ε).ὼν
236 1333 266 1360 τὸ
282 1333 311 1366 ἐξ
332 1333 467 1368 ἁμαρτίας
484 1332 715 1368 συντετριμμένον
727 1332 842 1367 ποίημα,
859 1331 946 1358 καίτοι

121 1378 124 1379 ⁷
155 1379 215 1405 κατ’
232 1378 323 1404 είκόνα
341 1377 452 1411 γεγονὸς
468 1376 514 1403 τοῦ
531 1376 691 1407 Κτίσσντος.

191 1433 298 1468 [Δεξιὰν
318 1433 364 1459 τοῦ
382 1432 450 1459 Θεοῦ
466 1433 513 1459 καὶ
534 1433 642 1468 Haupt);
659 1432 786 1467 ὀνομάζει
803 1432 849 1459 τὸν
869 1432 946 1459 Υἰόνδ

156 1480 188 1505 δι’
209 1479 292 1506 αὑτοῦ
312 1479 367 1513 γὰρ
382 1479 420 1511 ὡς
440 1479 483 1505 διὰ
499 1479 591 1514 χειρὸς
610 1478 678 1510 ἰδίας
698 1479 732 1505 τὰ
752 1479 839 1506 πάντα
858 1479 898 1510 εἰς
919 1479 949 1505 τὸ

157 1522 227 1551 εἶναι
250 1525 423 1560 παρήνεγκεν
439 1525 453 1550 ὁ
466 1525 571 1559 Πατήρ·
588 1525 635 1551 καὶ
649 1525 820 1560 μαρτυρήσει
832 1525 919 1559 λέγων
935 1525 949 1551 ὁ

158 1569 312 1604 σοφώτατος
341 1571 466 1605 Ἰωάννης
489 1571 553 1605 περὶ
577 1570 670 1597 αὑτοῦ·
691 1579 701 1596 ι
728 1570 772 1597 Ἐν
793 1570 865 1605 ἀρχῇ
881 1567 914 1605 ἦν
935 1572 948 1597 ὁ
963 1563 983 1591 C

158 1614 254 1648 Λόγος,
270 1614 317 1640 καὶ
331 1614 345 1640 ὁ
357 1615 442 1648 Λόγος
449 1613 482 1651 ἦν
488 1612 735 1650 πρδςτδνθεδν,καὶ
744 1613 810 1646 Θεὸς
819 1612 854 1650 ἧν
868 1615 882 1641 ὀ
897 1614 949 1641 Λό-

159 1668 216 1694 γος.
233 1656 317 1691 Οὗτος
328 1657 360 1695 ἦν
374 1660 402 1686 ἐν
412 1661 483 1696 ἀρχῇ
497 1659 564 1696 πρὸς
576 1659 620 1686 τὸν
631 1659 707 1688 Θεὸν.
720 1660 813 1687 Πάντα
823 1660 856 1687 δι’
865 1661 948 1687 αὑτοῦ

158 1706 276 1739 ἐγένετο,
293 1706 341 1732 καὶ
361 1707 445 1742 χωρὶς
462 1707 544 1733 αὑτοῦ
568 1706 675 1741 ἐγένετο
692 1707 752 1733 οὐδὲ
775 1707 816 1733 ἓν.
837 1717 846 1733 ι
878 1707 948 1734 Ἀλλ’

159 1753 252 1788 ὥσπερ
273 1753 351 1789 ἢτοῦ
371 1753 513 1790 ἀνθρώπου
534 1754 664 1789 χεὶρ-οὐκ
685 1754 813 1789 ἀλλοτρία
829 1755 876 1780 τοῦ
895 1754 948 1781 σώ-

161 1799 244 1833 ματός
261 1800 344 1831 ἐστιν,
362 1799 418 1826 ἀλλ’
441 1799 470 1832 ἐξ
492 1799 574 1826 αὐτοῦ
597 1808 627 1826 τε
644 1799 691 1826 καὶ
716 1800 745 1826 ὲν
772 1799 856 1835 αὐτῷ·
878 1799 948 1835 αὕτη

158 1844 248 1870 τοίνυν
261 1845 278 1879 ἡ
292 1844 401 1872 πάντων
417 1845 545 1880 ἰσχύουσα
560 1845 606 1871 τοῦ
624 1845 730 1881 Harpe;
746 1845 831 1879 δεξιὰ,
846 1847 863 1881 ἡ
881 1846 949 1873 τεάν-

159 1898 213 1917 των
228 1890 391 1925 δημιουργὸς
402 1891 449 1917 καὶ
461 1893 587 1926 τεχνῖτις,
610 1891 643 1926 ἢν
657 1891 745 1917 πάντα
756 1891 790 1917 τὰ
806 1892 874 1927 ἔργα
888 1892 950 1927 τρέ-

163 1944 218 1970 μει,
235 1936 354 1962 σέσωκεν
367 1936 455 1971 ἐαυτῷ
469 1945 498 1962 τε
513 1937 560 1963 καὶ
570 1936 609 1971 τῷ
619 1936 717 1971 Πατρί.
733 1935 765 1963 Τί
777 1937 806 1963 δὲ
818 1938 948 1970 σέσωκεν;

161 1982 269 2008 ἃπασαν
288 1981 409 2016 δηλονότι
433 1982 482 2017 τὴν
499 1983 544 2008 ὑπ’
555 1981 678 2017 οὐρανόν·
697 1982 880 2018 σεσαγήνευκε
896 1983 949 2018 γὰρ

160 2027 204 2054 διὰ
215 2027 269 2054 τῶν
283 2027 468 2062 εὺαγγελικῶν
482 2028 668 2063 κηρυγμάτων
685 2029 724 2059 εἰς
741 2028 889 2062 ἐπίγνωσιν
901 2029 950 2064 τῆς

161 2072 240 2108 δόξης
255 2072 361 2109 abaci]

233 2129 409 2165 [Ἐγνώρισε
423 2130 530 2164 Κύριος
549 2131 582 2157 τὸ
599 2131 747 2166 σωτήριον
762 2131 856 2158 αὑτοῦ

215 2186 352 2221 Σωτήριον
372 2187 419 2213 καὶ
434 2186 607 2222 δικαιοσύνην
619 2188 746 2223 ὀνομάζει
758 2188 887 2224 Χριστόν·
908 2187 951 2214 σέ-

990 271 1145 307 [Egyptium
1161 272 1298 300 hominem
1313 273 1485 301 submersum
1497 274 1525 301 in
1537 276 1616 307 mari,
1629 276 1676 302 sed
1691 276 1780 310 ipsum

991 318 1138 352 superbum
1159 322 1187 345 et
1203 318 1341 346 exitialem
1357 318 1485 347 Satanam
1501 320 1655 352 cadentem,
1673 326 1700 348 et
1717 329 1780 348 san-

991 367 1098 391 ctorum
1125 364 1242 398 pedibus
1266 365 1446 392 substratum.
1472 365 1600 393 Christus
1620 367 1693 394 enim
1717 368 1782 395 alibi

992 409 1060 436 dixit
1081 417 1087 435 :
1106 418 1114 434 ι
1130 409 1200 436 Ecce
1220 409 1282 436 dedi
1305 409 1383 437 vobis
1404 414 1567 444 potestatem
1591 412 1715 439 caleandi
1734 420 1783 439 su-

992 462 1041 488 pra
1062 458 1203 488 serpentes
1225 458 1252 480 et
1273 455 1442 488 scorpiones,
1460 461 1487 482 et
1504 463 1585 489 super
1600 463 1709 482 onmem
1728 456 1783 482 vir-

993 503 1079 526 tutem
1094 499 1248 531 inimici;et
1263 499 1331 527 nihil
1343 500 1420 527 vobis
1431 500 1542 527 nocebit
1554 500 1596 527 ‘7‘.
1610 511 1619 526 ι
1637 500 1785 535 Serpentes

992 550 1084 573 autem
1103 549 1131 572 et
1145 545 1304 580 scorpiones
1316 550 1395 573 vocat
1408 553 1506 580 pravos
1519 550 1547 572 et
1564 551 1713 574 venenatos
1727 547 1782 574 dte-

993 599 1110 619 mones:
1129 599 1144 619 a
1170 599 1287 627 quorum
1318 593 1500 627 perversitate
1522 593 1631 620 liberati
1659 594 1785 630 sumus}

1031 648 1065 675 Et
1076 650 1165 684 paucis
1177 649 1331 684 interjectis.
1345 650 1431 683 Quam
1445 655 1535 677 autem
1551 650 1585 677 ob
1598 659 1654 678 rem
1671 656 1698 678 et
1717 651 1785 686 quid

993 701 1092 721 canere
1114 694 1273 726 debeamus,
1295 695 1352 729 ipse
1377 699 1403 722 te
1426 703 1521 722 rursus
1543 696 1672 723 docebit:
1693 706 1701 721 ι
1716 696 1786 729 Quia

994 739 1129 767 mirabilia
1144 740 1209 768 fecit
1224 740 1366 771 Dominus.
1386 749 1395 766 ι
1411 740 1540 773 ρυεοιιιιηι
1549 748 1615 768 vero
1627 745 1692 771 sunt
1710 742 1784 768 ha‘c?

993 785 1099 812 Eximia
1116 786 1221 814 scilicet
1236 787 1282 813 illa
1298 790 1326 814 et
1345 787 1526 814 admiratione
1543 787 1634 822 digna,
1649 795 1710 822 quae
1724 787 1785 813 nni-

993 831 1108 859 versalis
1121 831 1251 860 Servator
1262 840 1294 859 ae
1309 832 1440 860 Dominus
1458 833 1532 860 fecit.

1129 904 1220 940 269‘
1238 904 1368 940 [Salvat'it
1387 906 1434 932 sibi
1454 906 1560 933 dextera
1580 907 1647 941 ejus.

1030 957 1154 985 Servavit
1170 959 1244 986 enim
1263 959 1454 988 subcoalestem
1472 961 1547 988 hunc
1563 962 1657 988 orbem
1673 962 1785 989 dextera

994 1001 1100 1034 Patris,
1117 1003 1143 1030 id
1170 1008 1212 1030 est
1229 1004 1314 1031 Filius
1334 1013 1340 1030 :
1356 1004 1396 1032 sic
1418 1005 1506 1040 ipsum
1529 1006 1611 1032 etiam
1630 1006 1709 1033 Pater
1728 1007 1787 1041 ipso

995 1048 1119 1076 nominat
1132 1048 1226 1076 dicens
1244 1058 1250 1076 :
1273 1059 1283 1074 ι
1297 1049 1432 1082 Quoniam
1452 1051 1550 1078 levabo
1567 1051 1593 1078 in
1610 1052 1708 1079 malum
1726 1060 1784 1079 ma-

995 1092 1061 1120 num
1074 1102 1174 1126 meam,
1188 1097 1216 1121 et
1232 1095 1331 1129 iurabo
1351 1095 1491 1122 dexteram
1503 1103 1591 1123 meam
1606 1096 1638 1128 ¹⁸,
1658 1107 1667 1122 ι
1688 1097 1715 1123 ἰιι
1733 1105 1786 1132 qua

997 1139 1100 1167 ﬁrmavi
1120 1140 1220 1168 coelum
1238 1145 1267 1168 et
1284 1140 1395 1168 fundavi
1410 1145 1520 1168 terram.

1032 1195 1164 1231 [Salvavit
1175 1196 1248 1223 enim
1265 1196 1376 1224 dextera
1388 1197 1435 1224 Dei
1448 1205 1479 1224 ac
1490 1197 1588 1230 Patris,
1600 1198 1626 1224 id
1638 1202 1679 1225 est
1690 1198 1786 1230 Filius,

997 1239 1108 1274 proprio
1118 1239 1240 1267 Genitori
1253 1240 1348 1268 orbem
1359 1245 1439 1268 terra:
1449 1241 1482 1268 ad
1495 1241 1542 1268 Dei
1558 1241 1682 1268 notitiam
1699 1242 1787 1277 ipsum

997 1284 1147 1317 adducens,
1165 1289 1192 1312 et
1214 1293 1229 1312 a
1249 1291 1337 1313 morte
1362 1291 1444 1321 atque
1471 1287 1646 1321 corruptione
1668 1287 1788 1315 liberans

998 1335 1152 1358 creaturam
1170 1339 1185 1358 a
1205 1336 1318 1366 peccato
1337 1332 1495 1364 contritam,
1507 1331 1573 1358 licet
1588 1331 1621 1358 ad
1642 1332 1788 1367 imaginem

998 1376 1139 1404 Creatoris
1151 1377 1222 1404 facta
1238 1377 1337 1404 fuerat.

1034 1432 1190 1468 [Dexteram
1203 1433 1252 1461 Dei
1267 1441 1298 1460 ac
1308 1434 1397 1461 Patris
1411 1438 1491 1461 vocat
1508 1434 1623 1466 Filium;
1639 1442 1688 1469 per
1700 1435 1789 1470 ipsum

999 1479 1073 1505 enim
1090 1482 1219 1514 tanquam
1237 1487 1286 1514 per
1308 1488 1417 1506 manum
1435 1480 1575 1515 propriam
1598 1480 1678 1507 Pater
1699 1480 1790 1507 omnia

1001 1529 1031 1551 ut
1042 1529 1134 1552 essent
1149 1525 1287 1559 produxit,
1304 1525 1344 1552 uti
1361 1525 1394 1552 de
1412 1525 1471 1560 ipso
1488 1530 1604 1553 testatur
1619 1526 1790 1560 sapientissi-

1001 1578 1063 1598 mus
1074 1570 1192 1598 Joannes
1207 1571 1302 1599 dicens
1320 1580 1326 1597 :
1349 1581 1358 1596 ι
1377 1571 1405 1598 ln
1428 1571 1565 1606 principio
1581 1575 1644 1598 erat
1659 1570 1790 1603 Verbum,

1001 1621 1028 1644 et
1043 1616 1163 1644 Verbum
1181 1621 1240 1644 erat
1259 1617 1330 1652 apud
1350 1617 1448 1649 Deum,
1462 1621 1489 1644 et
1504 1618 1576 1645 Deus
1588 1621 1648 1645 erat
1660 1617 1789 1644 Verbum.

1001 1662 1059 1689 Hoc
1069 1666 1129 1689 erat
1141 1662 1169 1689 in
1182 1662 1318 1697 principio
1335 1662 1407 1697 apud
1421 1663 1518 1690 Deum.
1534 1662 1630 1690 Omnia
1643 1670 1693 1697 per
1703 1662 1791 1696 ipsum

1002 1707 1073 1734 facta
1088 1711 1170 1734 sunt:
1183 1711 1211 1734 et
1229 1707 1287 1734 sine
1304 1707 1364 1742 ipso
1381 1707 1480 1734 factum
1497 1711 1540 1735 est
1553 1707 1623 1734 nihil
1636 1708 1668 1734 ιθ.
1682 1717 1691 1733 ν
1708 1707 1794 1734 Caete-

1002 1761 1064 1780 rum
1079 1753 1150 1780 sicut
1165 1753 1285 1780 hominis
1305 1760 1403 1780 manus
1418 1753 1530 1780 minime
1547 1753 1636 1780 aliena
1650 1758 1693 1780 est
1703 1761 1719 1780 a
1733 1760 1794 1780 eor-

1002 1806 1078 1832 pore,
1094 1798 1141 1825 sed
1156 1806 1189 1826 ex
1208 1798 1269 1833 ipso
1281 1802 1310 1825 et
1325 1799 1353 1825 in
1365 1799 1433 1834 ipso.
1455 1799 1518 1826 [lae
1537 1799 1595 1833 ipsa
1609 1799 1692 1834 igitur
1702 1798 1792 1826 omni-

1002 1847 1101 1878 potens
1111 1844 1200 1871 Patris
1210 1843 1334 1876 dextera,
1343 1844 1466 1871 omnium
1480 1844 1615 1872 conditrix
1629 1845 1792 1879 artifexque,

1002 1897 1083 1924 quam
1100 1891 1192 1917 omnia
1209 1898 1293 1925 opera
1309 1891 1537 1923 contremiscunt,
1548 1892 1662 1919 salvavit
1674 1892 1725 1919 sibi
1741 1893 1793 1927 ipsi

1003 1942 1034 1961 ac
1045 1935 1129 1962 Patri.
1145 1934 1215 1968 Quid
1233 1943 1315 1969 porro
1333 1936 1467 1964 salvavit?
1487 1940 1573 1964 totum
1589 1937 1683 1972 utique
1697 1938 1794 1965 orbem

1003 1980 1195 2008 subcoalestem
1211 1990 1216 2007 ε
1230 1982 1303 2008 hunc
1321 1982 1395 2008 enim
1415 1989 1464 2016 per
1483 1983 1637 2017 evangeliea
1658 1984 1794 2018 praeconia

1003 2024 1036 2050 ad
1048 2024 1140 2058 gloria!
1152 2032 1208 2051 sum
1219 2025 1402 2060 cognitionem
1416 2026 1537 2053 attraxit.
1549 2042 1582 2046 —
1591 2027 1632 2054 Ea:
1646 2027 1794 2064 Corderio.]

1048 2127 1136 2162 [νοτε.
1151 2127 1178 2154 2.
1194 2128 1293 2155 Notum
1309 2129 1369 2163 fecit
1387 2129 1514 2157 Dominus
1531 2130 1753 2160 salutarmuum.

1040 2183 1164 2210 Salutare
1181 2188 1208 2210 et
1225 2183 1360 2219 justitiam
1381 2184 1501 2220 appellat
1517 2185 1656 2213 Christum
1675 2195 1681 2213 :
1700 2194 1794 2215 scrva—

164 2240 234 2258 σωκε
241 2231 295 2267 γὰρ
309 2233 382 2267 ἡμᾶς
398 2233 412 2259 ὁ
427 2232 493 2264 Θεὸς
510 2233 556 2259 καὶ
571 2233 665 2268 Πατὴρ
677 2233 711 2260 δι’
728 2232 811 2260 αὐτοῦ
823 2242 852 2260 τε
865 2234 910 2261 καὶ
923 2235 947 2260 at

1004 2228 1046 2255 vit
1058 2229 1132 2256 enim
1152 2236 1202 2256 nos
1216 2229 1288 2257 Deus
1303 2238 1335 2257 ac
1349 2230 1431 2257 Pater
1450 2238 1501 2265 per
1518 2231 1621 2266 ipsum;
1638 2236 1666 2260 et
1688 2234 1716 2260 in
1735 2234 1796 2269 ipso

163 2277 248 2312 αὐτῷ,
261 2279 308 2304 καὶ
320 2278 494 2304 δεδικαίωκεν
510 2278 538 2304 ὲν
553 2278 670 2314 nia-55L]

164 2344 309 2381 [Εἵόοσαν
324 2343 422 2372 πάντα
435 2344 598 2381 τὰῗπέρατα
612 2345 667 2381 τῆς
682 2345 739 2380 τῆς
753 2346 785 2373 τὸ
805 2347 953 2381 σωτήριον

434 2380 486 2406 τοῦ
502 2380 575 2407 Θεοῦ
591 2379 685 2415 ἡμῶν.

200 2436 354 2469 Τουτέστιν,
379 2436 473 2468 Οὐδεὶς
501 2436 713 2472 ἀπμεμὲνηκεν
741 2438 875 2473 ἀμέτοχος
903 2438 952 2472 τῆς

166 2480 210 2507 διὰ
224 2481 342 2516 Χριστοῦ
357 2481 502 2516 σωτηρίας.
518 2482 658 2516 Κέκληται
674 2482 740 2518 γὰρ,
760 2482 798 2514 ὡς
815 2483 893 2519 ἔφην,
910 2483 955 2510 διὰ

164 2522 216 2568 τῆς
230 2526 345 2557 πίστεως
363 2527 380 2561 ὴ
397 2526 527 2561 σύμπασα
544 2527 604 2564 γῆ.)

344 2592 485 2628 [Ποταμοὶ
496 2594 679 2628 κρατήσουσι
689 2595 774 2629 χειρί.

147 2666 160 2675 η
202 2648 285 2681 Ποίας
299 2648 389 2684 ἔχουσι
402 2652 495 2687 χεῖρας
506 2652 530 2678 οἱ
546 2652 661 2686 ποταμοί
673 2659 679 2683 ;
697 2651 732 2677 Ἦ
749 2651 807 2682 πῶς
821 2650 954 2686 κροτῆσαι

167 2695 310 2727 δῦνον-ταις
332 2695 440 2731 Ἐπειδὴ
455 2696 660 2732 δεσποζομένων
675 2695 727 2722 τῶν
738 2696 832 2728 ἐθνῶν,
847 2697 895 2723 καὶ
906 2705 955 2724 κα-

168 2739 304 2774 λουμένων
323 2738 365 2765 διὰ
383 2740 433 2774 τῆς
451 2741 579 2773 πίστεως,
595 2741 702 2776 ἔχαιρον
715 2742 740 2767 οἱ
756 2741 885 2776 μαθηταὶ,
899 2742 954 2773 τοῖς

161 2783 295 2834 ’κροτοῦσι
319 2784 517 2820 παραπλησίως
536 2784 613 2820 ᾠδῶν
635 2785 775 2812 ἐπινικίων
796 2785 956 2821 ἐξάρχοντες

1005 2274 1089 2301 etiam
1100 2274 1260 2309 justificavit
1274 2275 1302 2302 in
1317 2275 1370 2303 ﬁde
1387 2277 1428 2303 “2
1441 2292 1475 2296 —
1488 2276 1530 2303 Ea:
1543 2277 1689 2314 Corderia.]

1040 2341 1128 2377 [νει-ε.
1146 2341 1173 2368 5.
1190 2342 1315 2369 Viderunt
1333 2351 1422 2370 omnes
1438 2344 1543 2370 termini
1556 2347 1634 2371 terra:
1647 2344 1766 2372 salutare

1320 2378 1368 2405 Dei
1388 2379 1479 2405 nostri.

1041 2435 1070 2462 ld
1082 2439 1133 2467 est,
1148 2434 1234 2461 Nemo
1243 2435 1346 2462 mansit
1361 2442 1455 2462 exsors
1466 2435 1563 2462 salutis
1578 2443 1637 2470 quae
1650 2443 1700 2471 per
1713 2435 1795 2463 Chri-

1005 2485 1077 2507 stum
1090 2480 1129 2506 ﬁt.
1144 2479 1298 2514 Siquidem,
1308 2480 1348 2507 uti
1364 2480 1499 2513 dicebam,
1511 2489 1560 2516 per
1573 2481 1654 2509 fidem
1667 2481 1796 2509 universa

1006 2529 1079 2553 terra
1091 2530 1187 2553 vocata
1202 2525 1265 2552 fuit.
1275 2541 1309 2545 —
1321 2524 1361 2552 Ea:
1377 2524 1525 2562 Carderio.]

1128 2592 1216 2628 [Veis
1232 2592 1258 2619 8.
1276 2591 1400 2619 Flumina
1417 2591 1544 2627 plaudat!
1561 2602 1653 2620 manu.

1041 2648 1140 2681 Quales
1152 2655 1249 2675 manus
1261 2647 1363 2675 habent
1374 2646 1505 2675 ﬂumina?
1516 2649 1558 2675 vel
1570 2649 1707 2684 quomodo
1719 2649 1796 2684 plau-

1007 2693 1072 2721 dere
1089 2693 1218 2728 possunt?
1233 2693 1367 2726 Quoniam
1386 2692 1513 2727 gentibus
1530 2693 1645 2721 Domino
1662 2694 1795 2726 subactis,

1006 2744 1033 2766 et
1047 2746 1096 2773 per
1108 2738 1188 2765 (idem
1200 2738 1314 2770 vocatis,
1327 2737 1456 2772 discipuli
1469 2737 1635 2773 gaudebant,
1648 2746 1703 2766 non
1714 2746 1797 2766 secus

1007 2789 1088 2819 atque
1105 2777 1268 2818 plaudentes
1283 2783 1430 2812 vietuiosa
1447 2784 1552 2812 cantica
1567 2792 1622 2820 prae
1638 2784 1737 2821 gaudio
1751 2784 1795 2812 in-

229 2864 240 2874 ‘
256 2863 323 2892 Luc.
341 2871 368 2898 ι,
386 2865 429 2893 19.
468 2864 491 2882 ¹⁶
507 2864 585 2892 Deut.
608 2871 690 2898 xxx",
704 2866 748 2893 40.
789 2866 810 2883 ¹⁹
828 2867 906 2894 Joan.
928 2875 946 2901 ι,

1004 2867 1019 2894 i.
1059 2867 1089 2883 ¹⁹¹
1108 2867 1186 2895 Rom.
1203 2877 1228 2901 ν,
1244 2868 1269 2894 i.
