1998 3062
233 181 301 209 1255

748 177 776 204 S.
797 175 934 203 CYRILLI
955 173 1189 202 ALEXANDBHI
1209 173 1366 202 ARCIIIEP.

1786 169 1856 197 ΡΞὂὸ

229 239 371 268 elmantes,
384 234 544 262 ﬂuminibus
555 233 630 268 ipsos
642 231 888 264 assimilat,dicens
906 241 911 257 :
932 240 940 256 ‹
954 231 1015 258 Flu—

1072 233 1097 257 ίκ
1116 230 1303 266 περιχαρείας,
1321 229 1451 264 ποταμοῖς
1464 227 1562 258 αὐτοὺς
1578 226 1739 261 παρεικάζει
1756 226 1856 260 λόγων*

202 309 204 314 λ
230 284 304 310 mina
320 281 450 316 plaudcnt
467 288 549 307 manu
568 280 595 306 in
612 279 740 314 idipsum.
759 287 768 303 ι

266 328 419 363 [Scriptura
443 326 576 353 divinitus
601 325 731 359 inspirata
756 330 818 349 cum
844 322 964 349 fontibus
985 329 1017 349 ac

231 373 323 407 Iluviis
343 372 507 407 quandoque
529 375 637 398 sanctos
656 369 813 404 prophetas,
834 368 971 403 apostolos
989 372 1017 395 et

231 419 412 454 evangelistas
427 423 586 452 comparare
601 416 679 446 solet,
701 419 782 449 atque
803 414 915 448 insuper
933 414 1016 441 etiam

232 468 354 490 rectores
372 466 527 489 sanctarum
546 459 742 492 Ecclesiarum,
758 459 804 494 qui
822 459 930 494 populis
946 458 1017 486 divi-

232 516 298 535 num
311 507 424 534 verbum
438 505 598 541 praedicant,
612 509 694 539 atque
707 512 848 532 sacrorum
860 505 1017 540 dogmatum

232 553 313 588 periti
326 557 399 584 sunt,
409 556 438 579 et
447 550 659 586 mystagogicum
672 558 772 578 munus
782 551 894 578 obeunt.
909 550 1018 577 Etenim

233 600 267 626 de
280 598 346 633 ipsis
359 597 428 624 dixit
441 604 489 632 per
503 604 598 623 vocem
615 596 689 623 Isaiae
703 596 842 631 prophetae
857 605 863 622 :
880 606 889 622 ‹
906 595 1019 623 Ilaurite

233 651 331 678 aquam
348 651 410 670 cum
427 642 521 670 thitia
537 642 571 669 de
591 641 713 669 fontibus
727 642 854 669 salutaris
867 641 900 668 ‘°.
917 651 926 666 ι
945 641 1019 676 Ipsos

233 694 324 717 autem
349 693 428 716 vocat
454 688 543 716 fontes
564 688 697 715 salutares
715 696 722 714 :
741 687 875 722 siquidem
901 687 1019 714 subditis

233 735 285 762 sibi
309 735 418 769 populis
437 733 639 769 quodammodo
663 733 817 761 scaturiunt
835 741 851 760 e
872 733 942 760 ctelo
957 740 1018 760 ver-

235 781 310 813 bum,
323 780 395 815 quod
409 779 460 814 ipsi
471 787 486 806 a
497 779 606 806 Christo
619 778 765 813 accipiunt.
784 777 1019 811 Quemadmodum

234 827 307 854 enim
324 826 434 861 ipsimet
449 825 535 852 sancti
554 823 669 851 dicunt:
691 833 700 849 ι
718 823 755 850 De
773 823 945 858 plenitudine
960 822 1020 858 ejus

235 880 285 900 nos
299 878 393 899 omnes
407 869 562 904 accepimus
573 870 605 895 “.
624 879 632 895 ι

269 959 394 997 [Quando
416 959 498 995 igitur
519 959 553 986 de
572 958 673 986 sanctis
689 958 780 986 ﬂuviis
793 959 930 987 audiveris
945 959 1019 994 quod

236 1007 368 1042 plaudant
398 1005 540 1038 manibus,
560 1005 682 1040 intelligo
708 1004 782 1040 quod
810 1005 947 1038 laetentur,
969 1005 1019 1032 de-

234 1053 380 1084 lectentur,
397 1057 424 1079 et
444 1051 588 1086 gaudeant,
602 1056 631 1079 et
646 1051 745 1078 festum
764 1050 914 1078 celebrent.
932 1050 1019 1084 Quam

233 1098 269 1125 ob
289 1097 417 1125 causam?
430 1097 499 1130 Quia
516 1096 631 1123 salvavit
647 1095 778 1123 Dominus
796 1096 892 1123 orbem
913 1095 1021 1124 subcae-

237 1143 430 1178 lestem;quia
444 1142 588 1169 descendit
609 1141 644 1169 de
668 1142 738 1169 cmlo
761 1142 932 1177 unigenitum
952 1142 1020 1170 Ver—

235 1188 310 1220 bum,
322 1192 350 1215 et
363 1187 452 1215 simile
463 1187 565 1214 factum
577 1192 618 1216 est
630 1187 720 1220 nobis,
733 1192 763 1215 ut
775 1187 925 1223 principem
938 1188 1021 1223 hujus

239 1233 324 1260 seculi
346 1233 461 1265 deleret,
482 1237 513 1260 ut
534 1232 696 1260 dissolveret
713 1233 927 1268 corruptionem,
945 1241 1020 1262 mor-

235 1284 289 1305 tem
314 1278 478 1310 destrueret.
503 1282 644 1312 peccatum
670 1278 764 1305 mundi
791 1278 900 1311 tollens,
919 1283 948 1306 et
971 1287 1021 1307 nos

234 1322 351 1349 mundos
371 1321 490 1349 eﬂiceret
512 1330 561 1357 per
583 1322 760 1358 baptismum,
775 1323 957 1351 sanctiﬁcaret
973 1332 1022 1358 per

234 1367 378 1402 Spiritum,
392 1367 461 1394 ﬁlios
476 1367 523 1395 Dei
543 1368 669 1395 reddens.
685 1369 747 1396 Ilaec
761 1373 803 1396 est
822 1376 903 1396 causa
921 1369 1021 1397 laetitiae

235 1416 409 1445 sanctorum;
425 1417 569 1448 propterea
583 1413 715 1448 jubentur
734 1415 864 1449 plaudere
883 1416 1018 1448 manibus,

235 1457 262 1484 id
278 1461 320 1485 est
332 1457 428 1485 laetari.
442 1474 477 1478 —
491 1458 531 1485 Ex
545 1458 693 1496 Corderia.]

474 1515 584 1552 [Montes
604 1517 781 1545 exsultabant.

270 1578 376 1605 Montes
390 1583 469 1606 vocat
483 1587 537 1606 non
553 1579 613 1607 illos
628 1580 772 1608 sensibiles
784 1585 812 1608 cl
827 1581 959 1613 visibiles,
973 1582 1020 1609 sed
1034 1584 1055 1613 C

234 1623 373 1658 spiritales
387 1629 468 1658 atque
485 1624 614 1652 sublimes
631 1625 756 1659 virtutes,
772 1626 829 1653 sive
847 1626 958 1662 angelos
971 1627 1018 1662 qui

234 1669 358 1696 divinum
389 1669 517 1697 thronum
549 1670 736 1698 circumstant.
768 1671 905 1699 Sublimes
935 1673 1018 1708 igitur

233 1719 298 1742 sunt
326 1715 451 1744 virtutes.
479 1716 573 1751 Itaque
601 1716 747 1744 rationales
774 1722 855 1752 atque
884 1726 1018 1753 supremae

233 1762 307 1788 vires
324 1761 400 1788 valde
416 1761 534 1796 gaudent
553 1761 587 1789 de
606 1762 640 1789 iis
664 1762 710 1796 qui
733 1762 760 1789 in
779 1762 888 1790 Christo
910 1763 1016 1790 salvan-

235 1809 296 1839 tur;
314 1805 433 1841 gaudent
448 1812 539 1834 autem
556 1810 669 1842 propter
686 1814 735 1834 nos
747 1806 913 1835 Salvatorem
934 1808 1016 1843 glori-

233 1850 354 1878 ﬁcantes.
369 1867 404 1871 —
419 1851 462 1878 Ea:
476 1851 624 1888 Corden'o.]

477 1905 634 1934 PSALMUS
658 1907 769 1935 XCVIII.

409 1962 498 1998 [νει-ε.
520 1962 545 1989 I.
563 1962 690 1990 Dominus
710 1965 838 1999 regnavit.

267 2018 377 2046 Frustra
390 2023 485 2046 contra
497 2018 636 2046 Christum
650 2018 758 2046 invidiae
769 2027 825 2046 suae
838 2020 891 2047 tela
901 2021 1014 2055 jaciant,

230 2069 339 2092 struant
353 2064 465 2091 insidias
476 2071 537 2099 qua!
548 2064 647 2092 laedere
662 2064 700 2091 nil
711 2065 803 2092 valent
815 2073 878 2093 cum
894 2067 940 2101 qui
958 2067 1013 2101 pati

230 2109 326 2137 nescit.
340 2125 374 2129 —
386 2109 428 2136 Ex
442 2109 588 2146 συνοίει-ἔα]

346 2152 440 2202 Ῑνοτε.
457 2165 484 2192 2.
501 2165 629 2193 Dominus
645 2166 673 2193 in
687 2165 750 2193 Sion
766 2175 887 2202 magnus.

264 2222 324 2250 Non
340 2223 368 2250 in
381 2222 464 2250 Sione
483 2223 618 2258 corporali
638 2231 752 2259 magnus
767 2229 825 2252 erat
836 2225 878 2252 vel
891 2224 1014 2254 excelsus

1069 285 1078 302 ‹
1097 276 1217 311 Ποταμοὶ
1228 276 1390 311 κρατήσουσι
1406 274 1477 309 χειρὶ
1489 273 1534 299 ἐπὶ
1547 273 1576 299 τὸ
1590 272 1665 299 αὐτό.
1684 281 1693 298 ›

1102 322 1195 358 [Ἔθος
1212 323 1245 357 τῇ
1268 320 1440 354 θεοπνεύστῳ
1459 320 1553 355 Γραφῇ
1570 319 1672 353 πηγαῖς
1687 327 1717 344 τε
1741 317 1789 344 καὶ
1805 326 1856 344 πο·

1066 369 1162 403 ταμοῖς
1184 367 1278 394 ὲσοότε
1301 365 1467 402 παρομοιοῦν
1488 366 1550 396 τοὺς
1573 364 1667 398 ἁγίους
1693 365 1854 400 προφήτας.

1067 413 1232 445 ἀποστόλους
1254 414 1301 440 καί¹
1318 410 1529 446 εὐαγγελιστὰς,
1548 411 1588 436 ἐτι
1609 418 1639 436 τε
1658 410 1728 446 πρὸς
1750 411 1856 441 τούτοις

1067 454 1130 492 τοὺς
1136 460 1190 487 τῶν
1199 459 1283 494 ἁγίων
1290 458 1457 493 Ἑκκλησιῶν
1469 457 1648 493 ἡγουμένους,
1657 458 1722 489 τοὺς
1730 456 1775 483 τὸν
1784 456 1856 482 Θεῖον

1067 507 1124 539 τοῖς
1141 505 1215 538 λαοῖς
1235 504 1436 541 πρεσϐεύοντας
1455 503 1545 538 λόγον,
1568 503 1615 530 καὶ
1633 502 1688 529 τῶν
1708 503 1789 538 ιερῶν
1811 502 1857 529 δο-

1067 552 1181 587 γμάτων
1196 551 1275 582 ὄντας
1292 550 1484 586 ἐπιστήμονας,
1498 550 1545 576 καὶ
1561 549 1770 584 μυσταγωγικὸν
1783 547 1857 583 ἔχον-

1067 606 1116 629 τας
1131 597 1309 633 ἐπιτήδευμα.
1322 596 1378 622 Καὶ
1389 595 1453 630 γοῦν
1467 595 1518 631 ἔφη
1528 595 1594 630 περὶ
1608 594 1697 621 αὐτῶν
1708 593 1751 620 διὰ
1761 593 1854 628 φωνῆς

1075 643 1186 669 Ἡσαΐου
1205 642 1253 669 τοῦ
1275 642 1424 676 προφήτουδ
1445 649 1455 666 ι
1478 640 1640 676 Ἀντλήσατε
1653 640 1684 666 τὸ
1706 639 1777 675 ὓδωρ
1794 639 1855 674 μετ’

1072 688 1242 724 εὐφροσύνης
1252 688 1284 714 ἐκ
1291 687 1343 713 τῶν
1354 686 1450 722 πηγῶν
1459 686 1506 713 τοῦ
1520 686 1665 721 σωτηρίου.
1674 695 1683 711 ι
1699 686 1856 720 Σωτηρίους

1068 736 1096 762 δὲ
1111 735 1210 766 αὐτοὺς
1224 732 1352 768 ὀνομάζει
1367 733 1457 768 πηγὰς
1467 740 1474 747 ο
1495 732 1660 767 ἁναὸρύουσι
1681 732 1736 767 γὰρ
1760 731 1857 765 ὥσπερ

1068 782 1125 812 τοῖς
1140 781 1192 807 ὑπὸ
1205 781 1283 815 χεῖρα
1298 779 1371 810 λαοῖς
1384 778 1430 805 τὸν
1442 779 1471 811 ἐξ
1485 777 1601 812 οὐρανοῦ
1618 777 1706 811 λόγον,
1723 777 1799 805 αὐτοὶ
1813 776 1858 803 δε-

1069 826 1177 862 χόμενοι
1194 825 1268 860 παρὰ
1283 824 1412 861 Χριστοῦ.
1434 824 1477 855 Ὠς
1488 824 1542 859 γὰρ
1555 823 1630 850 αὐτοί
1644 832 1725 857 φασιν
1737 824 1760 849 οἰ
1772 823 1855 856 ἆγιοι·

1072 880 1082 896 ι
1106 871 1154 898 Ἐκ
1172 870 1219 897 τοῦ
1240 869 1422 905 πληρώματος
1441 868 1524 895 αὑτοῦ
1548 869 1628 904 ἡμεῖς
1649 868 1747 900 πάντες
1763 867 1858 895 ἐλάὸοο

1071 925 1130 952 μεν.
1149 925 1160 942 ι

1106 962 1203 997 [Ὅταν
1220 962 1308 989 τοίνυν
1331 960 1452 996 ἀκούσῃς
1473 960 1536 996 περὶ
1549 959 1602 987 τῶν
1618 960 1703 994 ἁγίων
1725 959 1856 994 ποταμῶν

1069 1008 1110 1035 δτι
1117 1008 1280 1044 κροτήσουσι
1290 1008 1395 1043 χεῖρας,
1405 1007 1466 1034 ἀντὶ
1473 1006 1521 1033 τοῦ
1534 1006 1855 1041 εὑφρανθήσονταιξνὸει,

1069 1053 1279 1089 τερφοήσονται,
1297 1054 1344 1080 καὶ
1359 1053 1540 1088 χαρήσονται,
1556 1053 1603 1079 καὶ
1617 1052 1785 1088 ἑορτάσουσι,
1808 1051 1857 1076 Διὰ

1070 1100 1149 1126 ποίαν
1163 1099 1269 1131 αἰτίαν;
1287 1099 1347 1125 Ὅτι
1357 1099 1442 1125 ἔσωσε
1457 1098 1559 1133 Κύριος
1572 1098 1620 1133 τὴν
1633 1097 1806 1131 ὑπουράνιον,
1816 1096 1855 1122 δτι

1070 1145 1256 1181 καταϐέϐηκεν
1267 1145 1297 1178 ἐξ
1312 1145 1426 1180 οὐρανοῦ
1443 1145 1457 1171 ὁ
1469 1144 1624 1178 Μονογενὴς
1641 1143 1678 1170 ὢν
1697 1143 1791 1176 Λόγος,
1809 1142 1855 1168 καὶ

1070 1193 1180 1226 γέγονεν
1193 1192 1283 1227 ὅμοιος
1295 1192 1372 1226 ἡμῖν,
1389 1191 1433 1217 ἵνα
1445 1191 1605 1226 καταργήσῃ
1617 1190 1662 1216 τὸν
1676 1189 1793 1224 ἄρχοντα
1806 1187 1854 1214 τοῦ

1070 1238 1166 1269 αίώνος
1177 1237 1284 1269 τούτου,
1297 1237 1340 1264 ἵνα
1355 1236 1498 1272 παραλύσῃ
1511 1236 1559 1271 τὴν
1571 1236 1683 1270 φθορὰν,
1697 1235 1853 1270 ἀναστρέψῃ

1070 1284 1194 1315 θάνατον,
1211 1283 1369 1318 ἀποστήσας
1384 1282 1430 1309 τοῦ
1447 1283 1549 1317 κόσμου
1572 1282 1621 1317 τὴν
1639 1282 1784 1317 ἁμαρτίαν,
1808 1282 1856 1306 καὶ

1070 1330 1143 1365 ἡμᾶς
1167 1328 1304 1364 καθαροὺς
1327 1328 1472 1364 ἀπεργάσῃ
1504 1327 1547 1354 διὰ
1570 1327 1617 1354 τοῦ
1650 1327 1854 1362 βαπτίσματος,

1069 1375 1171 1410 ἁγιάσῃ
1190 1374 1234 1401 διὰ
1252 1375 1298 1400 τοῦ
1322 1373 1496 1408 Πνεύματος,
1519 1374 1594 1404 υἱοὺς
1614 1373 1757 1407 ἀποφήνας
1775 1372 1855 1398 Θεοῦ.

1070 1420 1143 1456 Αὖτη
1156 1420 1206 1456 τῆς
1220 1420 1273 1446 τῶν
1291 1419 1374 1454 ἁγίων
1392 1419 1525 1455 θυμηδίας
1541 1419 1556 1454 ἡ
1571 1419 1717 1454 πρόφασις·
1732 1418 1779 1444 ἐπὶ
1792 1417 1856 1444 τού-

1070 1475 1126 1498 τοις
1140 1466 1296 1493 κελεύονται
1312 1466 1430 1501 κροτεῖν,
1445 1465 1582 1492 τουτέστιν
1595 1463 1812 1500 εὐφραίνεσθαι]

1261 1523 1270 1556 [
1287 1521 1324 1550 Τὰ
1339 1521 1391 1557 ὄρη
1406 1521 1651 1556 ἀγαλλιάσονται.

1109 1580 1179 1614 Ὄρη
1200 1578 1283 1614 φησὶν
1307 1578 1337 1604 οὐ
1360 1577 1447 1604 ταῦτα
1470 1578 1504 1604 τὰ
1522 1577 1636 1613 αἰσθητὰ
1654 1579 1700 1605 καὶ
1718 1578 1855 1613 ὁρώμενα,

1068 1625 1136 1652 ἀλλὰ
1149 1625 1197 1656 τὰς
1214 1624 1308 1660 νοερὰς
1327 1624 1374 1650 καὶ
1390 1623 1494 1659 ὑψηλὰς
1507 1623 1646 1659 δυνάμεις,
1659 1625 1719 1659 ἦτοι
1733 1625 1796 1656 τοὺς
1810 1624 1857 1650 τὸν

1069 1671 1139 1698 θεῖον
1159 1670 1252 1706 θρόνον
1272 1670 1457 1705 περιεστῶτας
1480 1669 1621 1704 ἀγγέλους.
1649 1670 1765 1705 ’Υψηλαὶ
1789 1669 1857 1703 γοῦν

1068 1717 1138 1742 εἰσιν
1149 1716 1177 1742 αἱ
1188 1715 1293 1752 ἀρεταί.
1306 1711 1391 1741 Αὖται
1405 1715 1493 1742 τοίνυν
1508 1716 1534 1742 αἱ
1546 1715 1652 1749 λογικαὶ
1665 1716 1711 1741 καὶ
1725 1715 1857 1742 ἀνωτάτω

1067 1760 1195 1795 δυνάμεις
1215 1760 1338 1795 χαίρουσι
1354 1759 1415 1786 λίαν
1437 1760 1483 1786 ἐπὶ
1504 1761 1560 1792 τοῖς
1581 1761 1609 1786 ὲν
1631 1760 1742 1795 Χριστῷ
1766 1760 1857 1786 διασε-

1069 1807 1236 1841 σωσμένοιςυ
1257 1806 1380 1841 χαίρουσι
1404 1806 1433 1833 δὲ
1454 1806 1488 1832 δι’
1509 1807 1582 1841 ἡμᾶς
1607 1805 1794 1840 δοξολογοῦσαι
1808 1806 1855 1833 τὸν

1068 1851 1216 1888 σώσαντα

1352 1909 1496 1935 ΨΑΛΜΟΣ
1512 1909 1570 1942 ῌΡ.

1260 1966 1307 2001 ['0
1322 1949 1428 2000 Κύριος
1445 1966 1655 1993 ἐϐασίλευσεν.

1103 2023 1290 2058 Πεμπέτωσαν
1305 2022 1367 2057 είκῆ
1387 2023 1436 2057 τῆς
1452 2022 1554 2048 ἑαυτῶν
1569 2021 1717 2056 βασκανίας
1736 2022 1772 2048 τὰ
1788 2021 1852 2057 βέλη

1066 2069 1137 2095 κατὰ
1148 2067 1278 2104 Χριστοῦ,
1295 2069 1468 2104 ἀρτυὲτωσαν
1479 2068 1624 2099 ἐπιϐουλὰς
1634 2068 1709 2094 οὐδὲν
1722 2067 1851 2102 ἀδικῆσαι

1067 2113 1217 2149 δυναμένας
1231 2113 1277 2140 τὸν
1293 2113 1368 2140 οὐδὲν
1383 2113 1472 2140 εἰδότα
1485 2112 1604 2148 παθεῖν.]

1276 2168 1394 2205 [Κύριος
1406 2169 1441 2195 ἐν
1451 2168 1527 2196 Σιὼν
1535 2168 1638 2204 μέγας.

1102 2225 1140 2252 Οὐ
1163 2225 1236 2260 παρὰ
1258 2227 1291 2260 τῇ
1309 2225 1378 2252 Σιὼν
1396 2226 1537 2260 σωματικῇ
1557 2225 1641 2260 μέγας
1659 2222 1694 2260 ἦν
1713 2224 1729 2260 ἢ
1751 2224 1852 2260 ὑψηλὸς

229 2267 364 2300 Salvator,
379 2268 428 2296 sed
448 2269 540 2303 potius
566 2269 594 2295 in
621 2269 748 2304 spiritali,
769 2270 795 2296 id
813 2275 855 2298 est
874 2271 1014 2304 Ecclesia;

1072 2271 1080 2298 5
1100 2271 1209 2306 Σωτὴρ,
1233 2271 1309 2306 παρὰ
1328 2272 1361 2306 τῇ
1380 2272 1461 2306 νοητῇ
1484 2270 1512 2297 δὲ
1537 2271 1647 2305 μᾶλλον,
1675 2269 1798 2296 τουτέστι
1817 2271 1850 2304 τῇ

229 2319 312 2346 quam
334 2311 392 2346 ipse
411 2311 465 2339 sibi
486 2312 612 2340 exhibuit
634 2320 690 2340 non
711 2313 858 2341 habentem
880 2315 1013 2342 maculam

229 2361 277 2387 aut
297 2364 403 2391 rugam,
428 2356 476 2384 sed
496 2357 588 2391 potius
609 2361 731 2384 sanctam
753 2363 781 2385 et
802 2358 1012 2393 immaculalam,

229 2403 300 2429 sicut
313 2402 445 2436 scriptum
460 2406 502 2429 est
512 2403 544 2429 η.
560 2417 595 2422 -
607 2402 649 2430 Ex
663 2403 809 2440 Corderz‘o.]

264 2448 334 2482 [Non
348 2448 422 2475 enim
436 2453 466 2475 ut
479 2448 578 2483 aliquis
589 2449 649 2476 falsi
664 2449 783 2477 nominis
793 2450 907 2478 deorum
922 2452 1013 2487 cogni-

230 2499 275 2521 tus
286 2493 397 2528 quidem
416 2494 450 2521 ab
472 2494 620 2529 aliquibus,
640 2495 675 2521 ab
695 2495 756 2523 aliis
776 2503 842 2523 vero
861 2496 1012 2532 ignoratur,

229 2539 277 2566 sed
290 2539 347 2574 ipse
360 2547 421 2567 cum
434 2540 460 2567 in
473 2541 542 2568 celo
556 2548 571 2567 a
585 2541 710 2575 supernis
722 2541 865 2577 spiritibus
878 2542 1013 2578 gloriﬁce-

230 2589 284 2618 tur,
296 2593 311 2612 a
323 2585 402 2613 nobis
413 2586 496 2613 etiam
508 2586 536 2613 in
549 2591 620 2614 terra
634 2586 773 2615 adoratur.
789 2588 918 2616 Excelsus
932 2588 1013 2623 igitur

229 2630 256 2658 in
282 2631 368 2666 gloria
395 2631 521 2659 timorem
547 2639 655 2667 quoque
679 2632 748 2660 indit
768 2633 919 2661 scientibus
939 2641 1012 2664 eum.

227 2687 288 2713 quae
300 2678 394 2714 utique
407 2679 490 2706 etiam
500 2684 543 2707 est
557 2680 630 2707 salus
647 2679 755 2707 animm.
768 2694 802 2699 -—
814 2680 854 2707 Ex
867 2679 1014 2714 συναρι-ἔα]

306 2789 395 2825 [Vers.
410 2789 437 2816 5.
453 2789 637 2824 Conﬁtentur
655 2796 744 2816 omnes
760 2789 860 2816 nomini
876 2793 929 2816 tuo.

263 2844 395 2876 Honores.
418 2845 516 2880 inquit,
543 2853 637 2880 regum
661 2848 753 2872 amant
770 2844 871 2872 habere
892 2850 1012 2879 potesta-

264 2902 286 2916 ¹⁰
300 2901 350 2928 lsu.
369 2909 415 2934 xu,
436 2902 461 2929 5.
500 2904 520 2919 ¹¹
536 2903 614 2931 Joan.
629 2911 648 2936 ι,
663 2902 705 2930 16.
745 2902 765 2918 ¹¹
780 2901 879 2937 Ephes.
896 2910 921 2936 v,
936 2901 981 2930 ‘27.

1073 2315 1229 2350 Ἐκκλησίᾳ”
1248 2316 1280 2350 ἥν
1295 2315 1375 2346 αὐτὸς
1397 2314 1485 2348 ἑαυτῷ
1502 2314 1657 2349 παρέστησε
1682 2313 1720 2348 μὴ
1736 2312 1851 2348 ἔχουσαν

1068 2361 1160 2388 σπῖλον
1174 2361 1191 2396 ἦ
1207 2361 1311 2396 ῥυτίδα,
1328 2360 1408 2395 ἁγίαν
1423 2359 1450 2386 δὲ
1466 2359 1566 2395 μᾶλλον
1581 2360 1627 2386 καὶ
1643 2359 1768 2394 ἄμωμον,
1779 2360 1851 2386 κατὰ

1065 2407 1096 2433 τὸ
1111 2407 1302 2442 γεγραμμένον
1315 2405 1324 2442 ]

1101 2452 1150 2488 [οὐ
1164 2451 1218 2487 γὰρ
1232 2450 1292 2478 καθ’
1309 2451 1357 2477 ἕνα
1371 2451 1424 2477 τῶν
1439 2450 1623 2486 ψευδωνύμων
1636 2449 1706 2477 θεῶν
1719 2450 1852 2484 γινωσκόη

1064 2506 1142 2532 μενος
1159 2498 1207 2532 μὲν
1221 2497 1297 2533 παρά
1308 2505 1399 2530 τινων,
1417 2496 1597 2532 ἀγνοούμενος
1612 2496 1641 2523 δὲ
1658 2496 1722 2531 παρ’
1737 2496 1850 2530 ἑτέρων-

1062 2543 1119 2569 ὰλλ¹
1135 2543 1214 2574 αὐτὸς
1228 2544 1257 2569 ὲν
1267 2542 1373 2578 οὖρανῷ
1387 2543 1435 2577 μὲν
1449 2542 1626 2577 δοξαζόμενος
1637 2541 1712 2576 παρὰ
1726 2541 1780 2568 τῶν
1794 2541 1851 2568 ἄνω

1062 2589 1235 2624 πνευμάτων,
1253 2588 1299 2615 ἐπὶ
1313 2589 1364 2624 γῆς
1378 2588 1406 2614 δὲ
1420 2588 1658 2623 προσκυνούμενος
1675 2588 1741 2622 παρ’
1760 2587 1849 2622 ἡμῶν.

1067 2634 1183 2670 meum;
1202 2634 1344 2670 τοιγαροῦν
1358 2635 1386 2660 ἐν
1399 2634 1463 2670 δόξῃ
1476 2633 1523 2660 καὶ
1537 2633 1582 2660 τὸν
1595 2633 1693 2660 ἑαυτοῦ
1710 2632 1792 2666 φόϐον
1809 2633 1852 2659 ἑν-

1062 2678 1147 2710 τιθεὶς
1164 2681 1219 2710 τοῖς
1234 2679 1332 2706 εἰδόσιν
1347 2679 1438 2712 αὑτὸν,
1453 2678 1574 2714 σωτηρία
1588 2678 1616 2706 δὲ
1638 2677 1687 2705 καὶ
1705 2677 1784 2704 τοῦτο
1798 2677 1849 2712 ψυ-

1062 2724 1136 2760 χῆςιί

1064 2790 1427 2826 [Ἐξομολογησὰσθωσαν
1448 2791 1560 2824 πάντες
1580 2790 1620 2823 τῷ
1637 2789 1762 2825 ὀνόματι
1779 2795 1848 2816 σου.

1097 2847 1128 2873 Δί
1144 2848 1236 2882 τιμαὶ,
1253 2849 1334 2884 φησὶ,
1352 2849 1406 2876 τῶν
1424 2848 1556 2885 βασιλέων
1571 2847 1716 2884 ἀγαπῶσιν
1730 2846 1804 2884 ἔχειν
1820 2847 1850 2874 τδ
