1998 3062
167 135 232 166 liti!

834 134 869 165 IN
888 136 1051 165 PSALMUM
1072 135 1102 165 C.
1135 151 1142 156 ε

1720 142 1789 171 HM

166 197 286 231 γίνεται,
312 196 358 222 καὶ
381 197 409 222 ὲν
431 194 496 231 ἡμῖν
517 195 673 228 αὐλίζεται,
699 195 746 223 καὶ
768 194 842 228 οἶκός
869 192 953 231 ἐσμὲν

1025 196 1100 232 tique
1118 198 1190 233 apud
1206 205 1257 226 nos
1272 204 1324 232 est,
1339 204 1367 226 et
1385 199 1413 226 in
1433 200 1513 228 nobis
1529 207 1723 235 commoratur,
1742 212 1790 231 su-

167 242 273 281 αὑτοῦ].
752 263 756 268 .

287 299 516 335 [Διεπορευόμηγ
527 297 565 326 ἐν
579 299 688 333 ἀκακία
702 298 834 333 καρδίας.

202 356 235 384 Τί
249 357 306 384 ὲστι
320 357 360 388 τὸ,
379 366 388 382 ι
404 356 448 383 Ἐν
458 355 560 391 ἀκακία
575 355 688 391 καρδίας
703 364 769 391 μους
788 365 798 381 ι
809 356 880 382 Ἀντὶ
896 355 954 389 τοῦ,

175 400 331 438 Ἀπονήρως
351 401 398 428 καὶ
415 401 673 436 ἀφιλοπραγμόνως,
688 401 719 426 οὐ
734 399 865 436 θορύὸους
885 401 955 435 ἀγα-

170 449 228 476 πῶν
239 448 408 484 πραγμάτων
416 447 557 482 κοσμικῶν
568 447 615 474 καὶ
623 452 656 473 πε
662 448 826 482 ρισπασμῶν
833 445 957 476 είκαίων⁹

170 495 238 530 ἔχων
255 494 282 521 δὲ
296 494 395 530 μᾶλλον
410 495 438 520 ὲν
449 493 560 529 ἐμαυτῷ
573 493 618 521 τδν
631 493 694 520 νοῦν
703 493 820 529 εὐσταθῆ
836 494 883 521 καὶ
895 495 956 530 ὴρε-

173 540 284 575 μοῦντα,
295 540 354 566 κατ’
363 539 465 566 ἐκεῖνόν
476 547 528 565 που
541 538 649 570 πάντως
659 538 705 566 τὸν
717 539 830 574 ἀρχαῖον
846 539 954 572 Ἰακὼϐ,

172 586 236 621 περὶ
246 584 276 612 οὒ
288 585 453 621 γέγραπται·
477 594 487 611 ι
503 585 557 611 Καὶ
567 583 601 620 ἦν
626 584 723 612 Ἰακὼϐ
734 585 872 618 ἄπλαστος
887 586 956 622 ἀνὴρ

171 631 253 659 οἰκῶν
268 631 365 659 οίκίαν.
387 631 410 666 ›]

172 734 227 770 [οὺ
245 733 412 769 προεθέμην
428 732 485 768 πρὸ
684 741 743 766 μου
767 732 886 768 πρᾶγμα
901 740 958 760 mr-

206 825 319 858 Οὐδενὶ,
343 825 429 861 φησὶ,
455 824 606 859 προσέσχον
632 823 726 859 φαύλῳ
744 833 774 850 τε
793 825 840 851 καὶ
859 825 959 860 ἀνοσίῳ

172 873 326 910 πράγματι,
343 872 390 899 καὶ⁵
407 870 533 898 καλοῦντι
545 871 612 905 πρὸς
630 871 813 906 παρανομίαν.
828 871 917 898 Πολλὰ
931 872 959 898 δὲ
975 878 996 905 Β

171 918 256 945 ταῦτα
276 917 322 944 καὶ
340 917 405 952 περὶ
423 917 507 951 ἡμᾶς.
522 916 680 951 Παρανομεῑ
696 915 751 950 γάρ
765 925 818 947 τις,
835 917 900 943 ὅταν
919 918 959 948 εἰς

172 963 317 998 ἐπιθυμίαν
328 961 436 997 ἐμπέσῃ
449 960 504 987 τῶν
518 960 594 987 οὐδὲν
607 960 682 996 αὑτῷ
695 961 897 996 προσηκόντων,
913 962 962 988 καὶ

173 1010 282 1045 γίνηται
298 1008 352 1034 τῶν
374 1007 521 1042 ἀλλοτρίων
541 1007 633 1038 ἄδικος
654 1007 782 1042 ἐραστής.
803 1008 961 1043 Παρανομεῐ

171 1056 200 1083 δὲ
216 1055 315 1091 ὁμοίως
332 1055 347 1082 ὁ
358 1054 526 1089 σωματικαῖς
540 1053 646 1089 ἡδοναῖς
659 1053 825 1090 ἡττώμενος,
841 1054 889 1080 καὶ
905 1055 961 1085 τοῖς

175 1101 296 1137 μοιχείας
308 1100 477 1135 ἐγκλήμασιν
489 1099 579 1134 ἔνοχος
588 1099 717 1134 γεγονώς.
729 1099 867 1135 Παραλύει
879 1100 961 1135 νόμον

174 1149 188 1174 ὁ
201 1146 360 1174 καταλαλῶν
374 1145 498 1180 ἀδελφοῦ,
511 1145 558 1171 καὶ
568 1145 736 1172 πλεονεκτῶν
749 1144 795 1177 οὓς
808 1145 840 1172 ἂν
851 1146 961 1180 δύνηται

174 1193 228 1220 τῶν
244 1192 456 1227 ἀσθενεστέρων.
477 1192 533 1218 Καὶ
549 1191 591 1218 ἵνα
605 1191 642 1226 μὴ
662 1191 723 1217 καθ’
743 1191 858 1218 ἕκαστον
875 1191 962 1226 λέγων

174 1238 322 1274 διατρίϐω,
346 1238 401 1265 πᾶν
429 1236 497 1270 εἶδος
531 1237 697 1272 φαυλότητος
720 1238 766 1264 καὶ
790 1237 963 1273 παρανομίας

177 1285 302 1319 ἔγκλημα
324 1283 412 1319 φέρει.
435 1283 488 1310 Καὶ
503 1283 566 1318 μετ’
584 1284 680 1317 ὀλίτω
705 1282 775 1309 Ἀλλ’
792 1283 856 1314 ἴσως
878 1283 961 1318 ἔρεῖςσ

175 1328 238 1364 Ἆρ’
259 1327 305 1356 οὖν
331 1327 522 1363 ἀναμάρτητος
544 1325 595 1363 ἧν;
615 1325 682 1354 Εἶτα
706 1327 765 1358 πῶς
787 1326 866 1353 τοῦτὸ
890 1328 963 1354 ἐστιν

177 1375 303 1410 ὲφικτόν;
317 1374 353 1401 Τὸ
372 1374 427 1409 γὰρ
441 1373 582 1409 ἐλεύθερον
596 1374 636 1405 είς
649 1374 785 1408 ἁμαρτίας
797 1374 962 1409 τετήρηται,

177 1422 223 1449 καὶ
243 1421 274 1447 τὸ
295 1419 487 1455 ἀναμάρτητον
514 1419 614 1455 πρέπει
643 1419 715 1454 μόνῳ
736 1419 774 1454 τῷ
791 1419 837 1446 ἐπὶ
855 1419 964 1445 πάντων

176 1467 246 1502 θεῷ.
261 1476 271 1492 ί
286 1466 324 1493 Οὐ
336 1466 390 1501 γὰρ
404 1466 531 1501 ἐποίησεν
543 1465 691 1501 ἁμαρτίαν,
702 1465 763 1492 οὐδὲ
775 1464 880 1501 ηὑρέθη
890 1464 965 1496 δόλος

178 1514 207 1539 ὲν
217 1512 255 1547 τῷ
271 1512 382 1547 στόματι
395 1511 505 1539 αὑτοῦ.»
523 1511 578 1538 Καὶ
594 1511 655 1539 μετ’
667 1511 762 1546 ἀλέγω
774 1511 836 1542 Πῶς
850 1509 895 1538 οὖν
911 1510 965 1546 ἄρα

1007 250 1121 278 musque
1135 244 1234 271 domus
1247 245 1316 280 ejus.
1331 260 1366 265 —
1377 245 1419 272 Ea:
1432 245 1579 283 Corderio.]

1119 299 1353 335 [Perambulabam
1371 301 1398 327 in
1412 302 1562 329 innocentia
1579 303 1674 330 cordis.

1041 355 1112 389 Quid
1124 356 1176 384 sibi
1188 357 1246 384 vult
1258 357 1342 390 istud,
1359 367 1367 383 ‹
1382 355 1411 385 In
1424 357 1581 389 innocentia
1593 360 1684 387 cordis
1696 362 1748 388 mei
1758 363 1768 387 ’ί
1784 374 1791 385 ρ

1006 398 1035 428 Id
1058 405 1109 433 est,
1129 401 1239 437 Absque
1260 403 1403 438 pravitate,
1425 403 1526 438 absque
1547 403 1719 438 curiositate,
1739 414 1795 433 non

1006 443 1123 483 diligens
1142 448 1276 475 tumultus
1299 449 1470 484 negotiorum
1496 450 1667 477 saecularium
1687 456 1714 478 et
1734 451 1795 478 ina—

1006 493 1084 520 nium
1105 493 1325 527 distractionum,
1342 494 1390 522 sed
1409 495 1501 529 potius
1516 495 1620 524 habens
1635 497 1663 523 in
1679 501 1794 524 memet-

1007 539 1067 573 ipso
1079 542 1198 566 mentem
1211 539 1335 567 stabilem
1349 544 1377 567 et
1391 541 1574 575 tranquillam,
1591 543 1703 570 omnino
1716 544 1794 570 simi-

1007 585 1061 612 lem
1081 584 1126 611 isti
1146 585 1260 620 antiquo
1278 586 1371 618 Iacob,
1392 586 1426 614 de
1445 595 1499 622 quo
1521 587 1651 622 scriptum
1668 589 1768 623 legitur
1786 598 1793 616 ι

1012 639 1021 655 ι
1037 629 1071 656 Ει
1082 630 1234 658 eratJacob
1245 631 1288 658 vir
1301 631 1415 667 simplex
1429 632 1555 661 habitans
1565 633 1677 661 domum
1689 635 1720 661 3'.
1736 645 1744 660 ι
1759 650 1796 655 ——

1009 673 1052 701 Ea:
1066 674 1179 711 eodem]

1044 729 1132 757 [νοτε.
1147 729 1173 757 5.
1188 730 1248 758 Non
1269 732 1444 767 proponebant
1463 734 1524 760 ante
1541 732 1629 761 oculos
1649 738 1719 762 meos
1740 741 1794 762 rem

1327 768 1457 802 injustam
1512 788 1517 790 —

1045 819 1088 847 Ad
1105 821 1217 854 nullam,
1237 822 1339 857 inquit,
1363 831 1420 850 rem
1442 831 1551 858 pravam
1573 828 1600 852 et
1621 824 1753 860 iniquam,
1769 830 1797 854 et

1011 873 1072 901 quae
1087 866 1120 893 ad
1137 867 1267 895 delictum
1284 872 1424 903 provocet,
1445 870 1566 897 animum
1585 871 1682 906 adjeci.
1701 871 1797 899 Istiusa-

1010 911 1085 937 modi
1098 915 1189 939 autem
1205 913 1323 947 plurima
1338 919 1401 941 sunt
1418 914 1446 941 in
1462 915 1551 942 nobis.
1570 916 1710 951 Delinquit
1723 917 1797 943 enim

1010 956 1124 991 aliquis.
1144 965 1206 984 cum
1229 958 1258 985 in
1281 959 1528 994 concupiscentiam
1554 960 1680 989 inciderit
1703 970 1798 989 carum

1011 1009 1104 1029 rerum
1116 1010 1177 1037 qua:
1190 1004 1223 1031 ad
1234 1012 1263 1031 se
1274 1012 1330 1031 non
1346 1010 1479 1040 spectant,
1491 1013 1519 1034 et
1529 1007 1616 1035 factus
1629 1008 1713 1036 fuerit
1727 1017 1799 1036 ama-

1011 1050 1054 1074 tor
1074 1047 1185 1082 iniquus
1207 1056 1299 1076 rerum
1326 1050 1487 1078 alienarum.
1513 1052 1653 1088 Delinquit
1673 1054 1800 1082 similiter

1011 1091 1058 1127 qui
1076 1094 1222 1128 corporeis,
1236 1095 1391 1124 succumbit
1410 1096 1607 1131 voluptatibus,
1623 1103 1651 1126 et
1672 1100 1800 1127 adulterii

1012 1139 1157 1166 criminum
1172 1147 1236 1167 reus
1253 1140 1440 1168 constituitur.
1461 1141 1658 1170 Praevaricatur
1673 1144 1759 1179 legem
1778 1144 1801 1172 is

1012 1185 1059 1219 qui
1078 1185 1197 1212 detrahit
1214 1185 1291 1213 fratri
1311 1194 1372 1219 suo,
1386 1191 1414 1214 et
1432 1192 1566 1223 quotquot
1586 1190 1706 1225 potuerit
1726 1190 1802 1218 inﬁr‘

1013 1231 1114 1258 miores
1133 1231 1161 1258 in
1182 1239 1258 1258 suam
1282 1232 1380 1268 redigit
1401 1238 1574 1268 potestatem.
1592 1236 1626 1262 Et
1643 1243 1677 1262 ne
1694 1235 1802 1271 singula

1014 1283 1182 1307 recenseam,
1200 1277 1289 1304 omnis
1311 1278 1416 1312 species
1438 1279 1568 1314 nequitiae
1595 1284 1622 1308 et
1649 1281 1802 1316 iniquitatis

1014 1328 1106 1348 secum
1132 1321 1236 1348 crimen
1262 1321 1351 1349 alfert.
1374 1323 1408 1350 Et
1429 1328 1485 1358 post
1509 1333 1593 1359 pauca
1607 1334 1616 1352 :
1631 1326 1666 1353 At
1687 1326 1803 1354 fortasse

1014 1366 1105 1393 dices:
1118 1366 1257 1402 Numquid
1270 1367 1352 1402 igitur
1361 1368 1546 1403 impeccabilis
1556 1370 1631 1397 erat?
1643 1371 1724 1405 Atqui
1736 1379 1804 1406 quo-

1014 1412 1096 1439 modo
1109 1412 1169 1440 ﬁeri
1187 1413 1240 1441 hoc
1253 1414 1357 1448 possit?
1374 1414 1513 1449 Siquidem
1526 1416 1637 1443 libertas
1648 1417 1681 1444 ad
1693 1423 1803 1452 peccata

1015 1462 1122 1485 servata
1137 1461 1189 1490 est,
1207 1463 1289 1493 atque
1300 1458 1513 1494 impeccabililas
1528 1461 1578 1487 soli
1590 1460 1645 1488 Deo
1659 1462 1706 1496 qui
1720 1469 1804 1496 super

1016 1504 1107 1531 omnia
1115 1508 1156 1532 est
1163 1505 1309 1540 competit:
1323 1515 1332 1531 ι
1341 1505 1392 1540 Qui
1405 1512 1546 1542 peccatum
1558 1515 1613 1535 non
1621 1508 1694 1541 fecit,
1702 1509 1804 1536 necina

177 1544 271 1591 νοῆσαι
291 1544 391 1592 πρέπει
410 1556 452 1582 τό”
470 1565 480 1581 ι
496 1554 533 1582 Οὐ
554 1544 736 1591 προετιίλέμην
752 1555 804 1591 πρὸ
818 1544 965 1590 ὀφθαλμῶν

1021 1555 1115 1577 ventus
1124 1554 1165 1578 est
1178 1551 1257 1578 dolus
1268 1552 1296 1578 in
1304 1560 1352 1579 ore
1361 1553 1421 1588 ejus
1430 1554 1461 1580 ⁸³.
1476 1564 1485 1579 ›
1499 1549 1534 1582 Et
1546 1559 1601 1589 post
1614 1562 1698 1590 pauca
1711 1563 1720 1582 :
1733 1555 1806 1588 Quo-

179 1611 230 1637 μου
241 1602 355 1636 πρᾶγμα
367 1601 524 1636 παράνομον
535 1608 542 1633 ;
569 1609 578 1626 ι
595 1600 652 1626 Οὐκ
665 1598 752 1627 εἶπεν·
770 1600 902 1626 Οὐδέποτε
915 1600 964 1634 ἐμ-

178 1648 311 1674 πέπτωκα
323 1647 474 1682 παρανόμῳ
485 1645 640 1682 πράγματι,
652 1646 721 1680 ἀλλ’,
733 1647 774 1673 ὅτι
790 1656 799 1672 ι
811 1647 849 1673 Ob
861 1653 967 1681 προετι-

177 1693 265 1729 θέμην
290 1693 344 1728 πρὸ
371 1691 518 1728 ὀφθαλμῶν
538 1701 589 1728 μου
616 1693 733 1729 πρᾶγμα
756 1692 925 1728 παράνομον·
953 1701 962 1718 t

179 1739 335 1771 Τουτὲστιν,
373 1738 508 1773 Ἠθέλησα
529 1739 575 1765 καὶ
597 1738 809 1774 προτεθύμημαι
833 1738 966 1774 μηδέποτε

179 1785 274 1821 ὲνορᾷν
296 1785 446 1821 παρανόμῳ
467 1785 622 1820 πράγματι,
644 1785 676 1811 El
698 1785 727 1811 δὲ
746 1785 793 1811 καὶ
817 1785 967 1820 ἀστοχῆσαι

180 1830 278 1865 συνέϐη
289 1851 296 1862 ,
312 1831 406 1865 φησὶν,
426 1829 464 1862 ὠς
479 1829 632 1866 ἄνθρωπον,
647 1829 802 1864 θαυμαστὸν
819 1829 906 1856 οὐδένΔ
927 1829 967 1856 ὃτι

180 1877 344 1912 κυὸερνῆτιιι
357 1876 484 1908 πολλάκις
497 1876 544 1902 καὶ
557 1876 634 1903 αὐτοὶ
647 1875 737 1908 καλῶς
747 1875 848 1907 είδὸτες
862 1876 912 1911 τὴν
923 1876 968 1902 τέ-

180 1930 246 1958 χνην
259 1922 443 1950 κινδυνεύουσι
453 1922 525 1958 μετὰ
539 1921 589 1958 τῆς
601 1922 675 1958 νηὸς,
688 1921 784 1958 ἀγρίου
795 1920 969 1957 καταιγίζον-

179 1977 225 2000 τος
240 1968 417 2006 πνεύματος]

291 2065 351 2091 οὐκ
365 2063 516 2098 ἐκολλήθη
533 2072 583 2099 μοι
598 2064 704 2099 καρδία
724 2065 854 2100 σκαμϐή.

221 2121 251 2154 (Β
267 2121 287 2147 f.
299 2121 350 2149 599
361 2121 388 2154 b,
402 2121 424 2148 ll
441 2121 460 2148 f.
471 2121 533 2155 459)
553 2121 707 2154 Τουτέστιν,
723 2121 864 2157 ἄνθρωπος
881 2130 970 2158 amp.-

183 2167 232 2203 εὴν
243 2166 311 2202 ἔχων
330 2167 380 2202 τὴν
392 2167 516 2202 καρδίαν,
532 2167 546 2193 ὅ
557 2167 615 2193 ἐστι
632 2167 858 2202 διεστραμμένος.

184 2223 412 2260 [Ὲκκλίνοντος
438 2224 488 2252 ἀπ’
503 2223 576 2258 ἐμοῦ
600 2223 653 2251 τοῦ
676 2223 809 2258 πονηροῦ
833 2225 890 2251 οὐκ
913 2223 973 2259 ἐτι·
988 2213 1011 2242 D

512 2265 644 2286 νωσκον.

220 2315 377 2349 Τουτέστιν,
397 2315 465 2343 Οὐδὲ
490 2315 590 2342 εἰδέναι
612 2315 843 2351 προσεποιούμην.
860 2312 898 2343 Οὗ
919 2315 973 2352 γὰρ

182 2361 276 2395 ἰξίουν
289 2359 359 2388 εἶναι
372 2361 449 2396 φίλος
461 2361 560 2388 αὐτῶν.
572 2359 647 2397 Ἀρα
664 2361 701 2392 ὡς
718 2361 907 2397 ὑπερήφανος
923 2362 974 2389 Οὐ-

183 2407 287 2442 δαμῶς,
299 2407 392 2442 φησὶν,
405 2406 553 2439 ὰλλέίδὼς.
564 2406 604 2433 ὃτι
619 2416 627 2432 ι
637 2407 794 2442 Φθείρουσιν
805 2405 857 2442 ἤθη
869 2407 975 2443 χρηστὰ

184 2451 287 2486 ὁμιλίαι
301 2452 399 2478 κακαίί
412 2450 436 2487 ι]

222 2495 254 2529 (Β
271 2494 290 2522 f.
311 2494 374 2526 400,
394 2494 416 2521 Η
428 2495 448 2522 f.
466 2495 517 2523 459
527 2495 555 2530 b)
575 2495 690 2531 Καρπὺς
703 2495 821 2528 διανοίας
846 2497 976 2531 αγιοπρε-

187 2540 254 2572 ποῦς
270 2540 301 2566 τὸ
317 2541 509 2575 παραιτεῖσθαι
520 2541 582 2573 τοὺς
596 2541 742 2577 πονηρούς⁸
754 2541 870 2577 ἐσχάτης
888 2541 916 2567 δὲ
928 2550 976 2568 πο-

188 2585 283 2621 νηρίας
297 2584 435 2618 ἀπόδειξις
446 2585 476 2611 τὸ
489 2585 651 2614 καταλαλείν
665 2585 798 2621 ἀδελφῶν.

391 2640 604 2675 [Ὑπειητφάνῳ
615 2641 765 2676 ὀφθαλμῷ.

224 2695 342 2726 metu“.
353 2696 408 2732 γὰρ
428 2697 456 2723 ἐν
467 2698 534 2732 ἡμῖν
552 2697 604 2723 εἰσι
618 2697 690 2733 πάθη
705 2698 817 2733 ψυχικά·
833 2699 861 2726 ἓν
881 2699 910 2726 δὲ
929 2700 976 2727 καὶ

193 2745 308 2781 μάλιστα
318 2743 371 2769 τῶν
381 2742 468 2770 ἄλλων
481 2742 666 2777 ὲκτοπώτερον
678 2744 725 2770 καὶ
738 2745 818 2771 πᾶσιν
830 2745 975 2780 ἀφόρητον,

1017 1596 1099 1623 modo
1111 1595 1193 1631 igitur
1209 1597 1415 1633 intelligendum
1433 1603 1475 1626 est
1491 1600 1558 1627 illud
1576 1610 1582 1627 :
1601 1611 1609 1626 ι
1627 1601 1686 1628 Non
1703 1609 1806 1636 propoa

1017 1642 1114 1669 nebam
1126 1647 1188 1670 ante
1197 1644 1292 1671 oculos
1303 1652 1379 1672 meos
1395 1653 1451 1672 rem
1464 1646 1609 1680 injustam?
1620 1657 1629 1672 ›
1645 1647 1705 1674 Non
1718 1647 1785 1674 dixit
1797 1656 1804 1674 ι

1016 1687 1162 1722 Nunquam
1176 1689 1259 1716 incidi
1273 1689 1301 1716 in
1317 1697 1375 1717 rem
1389 1690 1527 1726 injustam,
1541 1691 1597 1724 sed,
1617 1691 1693 1719 «Non
1706 1700 1806 1727 propoa

1017 1731 1115 1759 nebam
1123 1737 1185 1760 ante
1195 1734 1289 1762 oculos
1298 1742 1374 1762 meos
1384 1743 1442 1762 rem
1453 1737 1591 1771 injustam.
1605 1747 1612 1763 ι
1627 1736 1656 1764 Id
1670 1743 1721 1770 est,
1733 1738 1808 1765 Desia

1018 1777 1110 1805 deravi
1126 1783 1208 1813 atque
1223 1780 1315 1807 animo
1333 1782 1462 1816 proposui
1476 1789 1616 1817 nunquam
1638 1783 1758 1818 aspicere
1773 1784 1807 1811 ad

1019 1831 1077 1850 rem
1092 1824 1229 1859 injustam.
1244 1825 1300 1853 Etsi
1312 1830 1414 1859 autem,
1427 1827 1525 1862 inquit,
1537 1829 1683 1864 contigerit
1695 1838 1738 1856 me
1750 1834 1809 1857 tan—

1019 1877 1100 1904 quam
1108 1869 1247 1897 hominem
1255 1880 1269 1898 a
1277 1880 1358 1907 scopo
1366 1873 1505 1906 aberrare,
1514 1874 1552 1901 nil
1561 1875 1729 1908 mirandum;
1741 1884 1809 1910 quo—

1019 1915 1297 1951 niamguhematores
1305 1918 1387 1945 etiam
1399 1918 1426 1945 iu
1436 1923 1493 1946 arte
1504 1927 1551 1947 sua
1562 1921 1642 1955 periti
1651 1921 1810 1956 frequenter

1020 1970 1074 1989 una
1098 1970 1159 1990 cum
1180 1964 1242 1990 navi
1263 1965 1463 1999 periclitantur,
1481 1965 1504 1992 si
1529 1967 1638 2001 quando
1664 1973 1808 1996 ventorum

1021 2011 1099 2034 atrox
1115 2012 1262 2043 tempestas
1275 2009 1388 2045 ingruit.
1405 2025 1440 2030 —
1450 2010 1493 2038 Ea;
1505 2012 1618 2048 eodem.]

1126 2061 1205 2089 Vers.
1217 2062 1243 2089 4.
1256 2062 1315 2090 Non
1327 2064 1434 2091 adhwsit
1449 2065 1512 2091 mihi
1525 2074 1570 2093 cor
1582 2074 1702 2101 pravum.

1057 2116 1086 2145 Id
1098 2122 1150 2151 est,
1165 2118 1248 2147 homo
1260 2127 1375 2154 pravum
1390 2129 1438 2148 cor
1459 2129 1507 2149 seu
1526 2123 1671 2151 distortum
1694 2124 1807 2152 habens.

1060 2222 1253 2258 [Declinantem
1268 2234 1285 2252 a
1300 2235 1341 2253 mc
1355 2225 1499 2263 malignum
1514 2237 1564 2256 non
1581 2232 1773 2266 cognoscebant.

1059 2311 1089 2339 Id
1102 2316 1153 2345 est,
1169 2312 1302 2349 ﬁngebam
1322 2322 1366 2342 me
1384 2323 1439 2343 non
1452 2324 1541 2344 nosse.
1557 2318 1615 2345 Non
1629 2319 1701 2346 enim
1715 2319 1811 2355 digna-

1025 2357 1075 2384 bar
1092 2365 1153 2385 esse
1173 2360 1278 2387 amicus
1297 2367 1402 2388 eorum.
1421 2361 1492 2389 Num
1512 2367 1640 2398 tanquam
1662 2365 1813 2399 superbus?

1025 2402 1203 2438 Nequaquam
1214 2424 1221 2437 ,
1235 2405 1337 2439 inquit,
1354 2406 1401 2433 sed
1418 2407 1506 2434 sciens
1518 2408 1581 2442 quia
1600 2418 1609 2434 ‹
1628 2408 1813 2445 Corrumpunt

1026 2448 1113 2476 bonos
1132 2457 1223 2477 mores
1242 2450 1377 2486 colloquia
1395 2460 1478 2487 prava
1490 2453 1522 2479 ³⁵.
1537 2463 1545 2478 ι
1562 2469 1597 2473 —
1608 2453 1651 2481 Ea;
1663 2454 1811 2492 Corderio.]

1060 2493 1103 2520 Ad
1114 2502 1140 2521 ν.
1154 2495 1171 2521 4
1183 2499 1212 2522 et
1223 2493 1249 2522 5.
1270 2495 1376 2524 Sanctae
1388 2499 1487 2525 mentis
1500 2499 1605 2528 fructus
1618 2504 1660 2527 est
1683 2500 1813 2529 detestari

1027 2539 1140 2574 impios;
1153 2547 1266 2569 summa:
1278 2546 1348 2570 vero‘
1361 2542 1543 2578 improbitatis
1560 2551 1751 2581 argumentum
1774 2552 1815 2574 est

1027 2585 1161 2615 fratribus
1172 2587 1338 2616 obtrectare.

1239 2643 1316 2671 Vers.
1331 2644 1356 2671 5.
1374 2644 1502 2680 [Superbo
1519 2647 1602 2674 acula.

1064 2699 1191 2727 Plurima:
1202 2700 1274 2728 enim
1288 2705 1352 2728 sunt
1366 2702 1394 2728 in
1406 2702 1484 2730 nobis
1496 2703 1655 2732 aﬂ‘ectiones
1667 2706 1815 2735 animales:

1030 2753 1084 2787 una
1098 2750 1188 2774 autem
1203 2754 1259 2782 prae
1269 2747 1374 2775 caeteris
1389 2748 1503 2776 maxime
1521 2749 1639 2778 absurda
1650 2753 1816 2782 etomnibun‘

233 2837 257 2855 ”
270 2838 339 2867 Gen.
355 2846 415 2872 xxv,
427 2838 471 2865 27.
510 2838 532 2854 ³³
548 2838 557 2865 l
573 2838 648 2865 Pctr.
665 2845 693 2871 ιι,
707 2837 751 2865 22.
790 2837 832 2866 "'1
848 2838 911 2866 Cor.
925 2846 968 2872 xv,
983 2838 1027 2866 35,
