1998 3062
198 149 266 176 Ιῖτξ)

730 146 759 173 S.
780 145 917 173 CYRILLI
938 141 1172 171 ALEXANDRiNl
1191 143 1350 171 ARClllEP.

1762 142 1840 170 ιεεο

197 206 345 236 currimus,
369 209 399 232 ut
423 212 484 232 mox
515 205 552 232 ait
587 203 854 231 adolescentularum
881 207 981 232 sermo,

1055 200 1163 226 εανίδων
1180 200 1193 226 ὁ
1214 199 1303 234 λόγος,
1319 198 1389 226 κατὰ
1406 199 1435 225 τὸ
1460 199 1548 225 ὀπίσω
1574 199 1676 234 Κυρίου
1697 199 1744 225 τοῦ
1763 199 1838 226 Θεοῦ

196 260 246 286 par
271 251 386 278 facimus
408 251 483 277 dicto
496 251 561 278 Post
581 259 587 276 ι
607 249 752 276 Dominum
780 249 866 275 Deum
885 247 984 275 ambu-

199 296 495 330 labimus.—llegnum
507 294 709 330 quodammodo
718 293 836 328 appellat
851 293 896 320 hic
909 293 987 320 cubi-

197 342 302 368 culum.

269 397 347 425 νοτε.
368 396 394 424 5.
426 397 574 423 Posuerunt
603 404 644 422 me
671 396 816 427 custodem,
851 401 904 424 etc.

235 454 360 481 Fortasse
376 457 462 480 semet
486 453 603 490 incusat,
619 452 692 487 quod
719 443 857 487 propriam
879 453 988 480 vineam

201 506 257 526 non
278 498 467 530 eustodiverit,
496 497 591 524 sincns
617 498 708 532 potius
729 506 789 524 eam
804 499 853 525 abs
865 498 990 533 quolibet

201 549 383 580 praztereunte
398 543 479 578 diripi
493 552 499 576 ;
518 551 598 578 quam
618 543 645 569 in
659 544 730 570 saltu
747 545 885 579 corrumpi
900 544 989 572 conti-

201 590 271 624 gerit
294 593 376 624 atque
398 589 432 616 ab
448 597 515 624 apro
537 589 656 617 silvestri
678 590 790 617 vastari.
810 589 911 617 Contra
933 589 990 617 for—

207 639 278 662 tasse
290 635 376 662 Deum
390 635 494 667 laudat,
505 635 578 670 quod
590 644 651 662 cum
666 636 722 670 ipsa
733 636 871 671 propriam
882 636 990 663 vineam

203 680 341 714 custodire
355 681 520 715 nequiverit,
534 681 599 708 dum
620 681 693 708 illam
705 689 793 716 neque
807 681 927 708 excoluit
941 689 990 708 ne-

203 734 256 760 que
278 726 405 760 protexit,
422 726 601 753 nihilominus
623 727 692 754 adeo
709 727 836 762 profecit,
851 731 881 754 ut
899 727 992 762 plures

203 771 298 798 vineas
315 771 451 798 custodire
466 771 596 806 potuerit.
618 787 649 790 —
667 771 802 807 Nimirum
826 772 921 798 matris
937 779 992 799 sua:

204 816 275 842 tilios
289 815 355 842 dicit
367 815 492 842 alumnos
506 816 662 851 Syuagogze,
676 816 786 844 Seribas
798 824 829 844 ac
841 817 992 845 Pharisaaos

204 861 252 894 qui
266 860 359 888 ﬁdeles
372 861 472 888 Christi
490 861 694 896 oppugnabant,
707 862 821 898 legalem
833 863 937 890 cultum
946 870 990 890 re-

205 906 292 932 tinere
305 906 450 940 jubcntes;
465 906 522 933 haec
534 907 607 933 enim
618 907 697 934 vinea
709 911 777 934 erat.
786 907 838 935 Sed
850 915 899 943 ego
911 907 992 941 hanc,

206 951 305 986 inquit,
321 959 375 978 non
392 953 527 979 eustodivi
541 961 547 985 ;
567 961 628 988 qua:
644 953 718 979 enim
737 953 849 981 fuerunt
866 954 933 981 mihi
950 954 994 981 lu-

206 1005 263 1029 cra,
278 997 337 1024 hmc
363 998 513 1025 arbitratus
537 1007 598 1025 sum
624 1004 736 1033 propter
748 998 889 1026 Christum
906 999 995 1027 detri-

207 1047 341 1074 mentum.
353 1048 383 1071 ut
398 1044 495 1071 beatus
509 1044 546 1072 ait
558 1045 657 1072 Paulus
675 1045 707 1071 '°.

209 1141 285 1168 Vers.
302 1141 328 1169 6.
353 1140 425 1169 Sicut
450 1142 572 1170 obvoluta
589 1151 667 1178 super
680 1153 770 1180 greges
784 1145 916 1172 sodalium
937 1150 996 1172 tuo-

597 1187 656 1206 rum
661 1200 666 1205 .

245 1232 358 1260 Sodales
372 1240 436 1260 suos
449 1234 586 1268 apostolos
593 1235 721 1269 appellat.
729 1235 801 1263 Dixit
810 1237 884 1263 enim
896 1245 901 1262 :
914 1246 923 1262 ι
939 1237 998 1264 1am

211 1284 265 1303 non
290 1276 352 1304 dico
376 1283 425 1304 vos
443 1285 549 1306 servos.
579 1279 627 1306 sed
650 1279 772 1312 amicos;
793 1281 895 1316 quippe
917 1282 998 1309 amici

210 1321 278 1348 estis
295 1323 328 1347 “.
348 1332 356 1347 1
379 1322 506 1351 Obvolutu
534 1328 626 1351 autem
652 1324 754 1352 dicitur
778 1333 828 1360 pro
849 1326 996 1361 Adoperta.

212 1366 257 1393 Ait
266 1367 339 1393 enim
350 1367 450 1395 Paulus
463 1377 468 1394 :
490 1378 499 1394 ι
511 1369 601 1403 Usque
616 1370 643 1396 in
655 1369 817 1397 hodiernum
833 1370 916 1401 diem,
933 1371 998 1398 dum

212 1412 311 1446 legitur
330 1412 444 1447 Moyses,
458 1413 582 1441 velamen
595 1423 677 1451 supra
694 1423 742 1443 eor
752 1424 848 1443 eurum
859 1417 930 1451 jacet
938 1417 972 1447 δ’.
985 1426 995 1443 1

213 1458 270 1485 Vox
287 1459 379 1493 itaque
401 1459 542 1495 synagoga
553 1464 595 1487 est
618 1461 783 1497 resipiscens
798 1463 832 1489 ad
846 1462 998 1497 Christum,

213 1503 361 1538 (licensque
378 1513 384 1530 :
401 1503 521 1532 Ostende
543 1507 569 1532 te
585 1505 663 1538 mihi,
676 1513 709 1532 ne
729 1510 905 1540 posteaquam
918 1506 1000 1534 soda-

1037 245 1237 281 πορευσόμεθα.
1249 245 1407 271 -Ἴίντινα
1421 244 1561 279 βασιλείαν
1580 246 1703 279 ταμιεῖον
1729 245 1759 271 ἐν
1776 246 1839 276 τοῖς

1038 291 1154 329 παροῦσι
1175 289 1383 327 προσαγορεύει.

1164 391 1291 418 Ἐσεντό
1303 399 1341 425 με
1359 389 1570 424 φυλάκισσαν,
1590 398 1617 415 κ.
1637 398 1662 415 τ.
1681 389 1706 415 λ.

1074 448 1150 482 Τάχα
1161 446 1189 473 δὲ
1205 446 1352 481 κατηγορεί
1371 445 1480 478 ἑαυτῆς.
1494 445 1535 471 ὅτι
1549 444 1594 470 τὸν
1621 444 1685 470 [διον
1699 444 1749 470 οὐκ
1766 443 1836 477 ἐφύ-

1039 494 1118 527 λαξεν
1138 493 1298 529 ἀμπελῶνα,
1317 491 1427 527 πορθεῖν
1449 490 1531 517 αὑτὸν
1557 491 1658 525 ἀφεῖσα
1679 490 1767 517 πάντα
1787 489 1837 515 τὸν

1042 539 1304 575 παραπορευόμενον
1324 537 1373 572 τὴν
1391 536 1459 563 ὁδόν·
1472 535 1645 571 λυμήνασθαι
1659 543 1688 561 τε
1704 535 1786 562 αὑτὸν
1800 532 1838 569 ἦν

1039 586 1072 612 ἐκ
1087 584 1203 620 δρυμοῦ,
1225 583 1272 610 καὶ
1288 582 1379 618 μονιὸν
1402 581 1498 617 ἄγριον
1516 580 1758 616 κατανεμήσασθαι
1783 580 1838 606 αὖ·

1039 631 1094 658 τόν.
1108 630 1185 664 Τάχα
1198 629 1226 655 δὲ
1240 629 1287 655 καὶ
1299 628 1403 661 δοξάζει
1417 627 1463 653 τὴν
1482 627 1558 659 Θεὸν,
1576 627 1617 652 ὅτι
1640 626 1677 661 μὴ
1687 625 1837 661 δυνηθεῖσα

1041 676 1159 711 φυλάξαι
1179 675 1224 701 τὸν
1250 674 1316 701 ίδιον
1336 672 1497 708 ἀμπελῶνα,
1516 672 1554 707 τῷ
1582 673 1650 707 μήτε
1674 671 1836 707 γεωργῆσαι

1044 723 1112 758 μήτε
1129 721 1247 756 φυλάξαι
1266 720 1312 747 ἐπὶ
1331 719 1458 746 τοσοῦτον
1474 718 1640 754 προέκοψεν,
1662 717 1700 749 ὡς
1720 717 1838 748 πολλοὺς

1042 768 1205 804 ἀμπελῶνας
1218 766 1365 801 δυνηθῆναι
1380 764 1507 798 φυλάξαι.
1521 778 1554 784 --
1570 764 1672 797 Ἤγουν
1689 763 1763 794 υἱοὺς
1783 771 1840 796 μη-

1042 815 1106 850 τρὸς
1121 814 1206 848 αὐτῆς
1228 813 1302 846 λέγει
1318 813 1368 846 τῆς
1389 810 1562 845 Συναγωγῆς,
1577 810 1639 841 τοὺς
1657 809 1839 844 Γραμματείς

1046 861 1093 888 καὶ
1111 859 1276 895 Φαρισαίους
1299 859 1398 889 οἵτινες
1415 856 1564 891 ἐπολέμουν
1586 857 1642 887 τοῖς
1659 855 1839 881 πιστεύουσιν

1045 908 1083 938 εἰς
1106 905 1234 941 Χριστὸν,
1255 905 1350 939 τηρεῖν
1370 902 1554 937 ἐντελλόμενοι
1574 901 1624 936 τὴν
1647 901 1718 927 κατὰ
1738 901 1782 927 τὸν
1795 901 1840 928 νό-

1047 960 1096 986 μον
1109 950 1245 984 λατρείαν·
1260 949 1328 983 αὕτη
1342 948 1397 983 γὰρ
1409 946 1549 982 ἀμπελών.
1568 946 1638 972 Ἀλλ’
1659 946 1713 980 ἐγὼ
1725 946 1838 980 ταύτην,

1046 997 1138 1031 φησιν,
1152 996 1202 1021 οὐκ
1218 994 1348 1029 ἐφύλαξα⁸
1363 994 1442 1021 ἅτινα
1457 993 1510 1029 γὰρ
1524 990 1558 1029 ἦν
1578 1001 1623 1028 μοι
1638 992 1730 1028 κέρδη,
1749 991 1841 1019 ταῦτα

1045 1041 1153 1076 ἥγημαι
1168 1040 1212 1067 διὰ
1231 1040 1277 1066 τὸν
1294 1039 1412 1074 Χριστὸν
1430 1037 1543 1074 ζημίαν,
1561 1038 1598 1070 ὥς
1619 1047 1701 1073 φησιν
1713 1038 1727 1063 ό
1748 1037 1840 1072 μακά-

1048 1095 1106 1122 ριος
1121 1085 1236 1117 Παῦλος.

1054 1143 1102 1176 Ὡς
1115 1142 1356 1176 περιϐαλλομένη
1377 1141 1415 1176 (1)
1431 1140 1477 1167 ἐπ’
1488 1139 1612 1175 ἀγέλαις
1634 1139 1757 1173 ἑταίρων
1770 1147 1804 1166 σε
1812 1148 1840 1166 ιι.

1089 1234 1228 1269 Ἐταίρους
1263 1233 1346 1260 αὑτοῦ
1371 1234 1434 1265 τοὺς
1458 1233 1624 1264 ἀποστόλους
1651 1232 1739 1259 καλεῖ.
1767 1232 1843 1266 Ἐφη

1048 1280 1111 1316 γάρ*
1131 1290 1140 1306 ‹
1160 1280 1216 1306 Οὐκ
1244 1280 1283 1307 ἔτι
1306 1279 1377 1314 λέγω
1405 1280 1478 1315 ὑμᾶς
1503 1279 1622 1311 δούλους,
1651 1279 1719 1306 ἀλλὰ
1736 1279 1842 1314 φίλους·

1050 1325 1121 1360 φίλοι
1136 1325 1191 1361 γάρ
1204 1326 1276 1352 ἐστε.
1294 1334 1303 1350 1
1320 1325 1561 1360 Περιϐαλλομένη
1573 1325 1599 1351 δὲ
1611 1325 1685 1358 λέγει
1697 1324 1844 1350 Καλυπτο-

1051 1371 1137 1405 μένη·
1164 1370 1291 1404 λέγοντος
1316 1370 1435 1401 Παύλου,
1453 1370 1493 1396 ὅτι
1521 1379 1529 1395 ι
1550 1370 1631 1404 Ἀχρι
1650 1369 1700 1404 τῆς
1723 1370 1845 1403 σήμερον

1049 1416 1172 1451 ἡμέρας,
1203 1415 1286 1450 ἡνίκα
1308 1415 1525 1449 ἀναγινώσκεται
1548 1415 1686 1450 Μωῡσῆς.
1712 1415 1847 1449 κάλυμμα

1051 1461 1098 1488 ἐπὶ
1116 1461 1165 1496 τὴν
1179 1461 1293 1497 καρδίαν
1307 1459 1397 1487 αὐτῶν
1412 1461 1507 1489 κεῖται,
1529 1470 1538 1486 1
1557 1461 1634 1495 Φωνὴ
1654 1458 1711 1490 οὖν,
1726 1461 1743 1495 ἡ
1762 1469 1846 1495 μετα-

1050 1506 1147 1534 νοοῦσα
1164 1506 1311 1540 Συναγωγὴ
1339 1506 1406 1541 πρὸς
1424 1506 1549 1541 Χριστόν·
1569 1506 1693 1540 Δήλωσόν
1716 1515 1760 1541 μοι
1783 1514 1847 1532 σαυ-

214 1551 279 1578 lium
293 1556 402 1579 tuorum
416 1553 523 1587 paveris
545 1553 690 1585 Ecclesias,
706 1561 756 1589 ego
769 1553 859 1581 adhuc
876 1561 998 1582 maneam

1055 1553 1108 1585 τὸν,
1121 1553 1195 1583 ὅπως
1215 1552 1251 1587 μὴ
1267 1551 1338 1587 [cor].
1356 1551 1412 1588 μοι]
1429 1551 1482 1578 τῶν
1497 1552 1613 1587 ἑταίρων
1630 1561 1676 1579 σου
1692 1552 1849 1587 ποιμαίνων

214 1597 338 1625 velamen
350 1598 454 1625 habens
468 1605 550 1633 supra
565 1606 613 1626 cor
634 1606 734 1626 meum.

392 1695 468 1723 Vers.
490 1697 516 1723 7.
533 1696 590 1723 Nisi
607 1697 756 1732 cognoveris
769 1703 802 1723 te.

252 1751 280 1778 Id
292 1755 343 1783 est,
357 1751 414 1778 Nisi
433 1752 593 1786 resipueris,
612 1752 710 1787 inquit,
722 1757 783 1788 post
794 1753 919 1780 ethnicos
930 1753 1007 1781 inve-

217 1795 312 1827 nieris,
327 1803 376 1823 ceu
393 1805 454 1831 qua:
469 1797 576 1825 fruetus
588 1798 702 1833 justitiae
725 1806 778 1825 non
797 1798 936 1831 habueris,
946 1807 1005 1826 ma-

217 1848 286 1868 nens
301 1841 413 1873 sterilis,
431 1847 561 1877 retroquc
581 1850 677 1877 greges
694 1843 755 1870 illos
767 1850 836 1877 quos
854 1842 921 1883 mihi
938 1851 1005 1871 con-

218 1886 279 1914 feci.

342 1952 420 1980 Vers.
434 1952 459 1980 8.
489 1953 573 1988 Equw
596 1961 659 1980 metu
686 1953 830 1981 assimilavi
843 1958 875 1980 te.

254 2007 397 2041 Videlicet,
409 2016 425 2035 ο
440 2008 571 2041 Ecclesia,
585 2017 646 2044 qua:
661 2010 742 2037 ﬁdem
755 2017 842 2036 meam
866 2009 1004 2044 recepisti,

218 2053 347 2088 apostolis
362 2053 508 2081 assimilata
519 2061 558 2085 es,
575 2054 609 2081 de
620 2054 720 2089 quibus
733 2053 837 2081 dictum
854 2062 860 2080 ε
876 2063 884 2079 ι
902 2055 1005 2081 Ascen-

218 2099 267 2126 des
282 2106 365 2133 super
381 2106 467 2134 equos
486 2104 561 2133 tuos;
579 2105 606 2127 et
620 2100 760 2134 equitatus
776 2105 849 2133 tuus,
863 2101 937 2128 salus
946 2101 980 2133 ⁵³,
992 2108 1001 2125 1

218 2143 266 2179 qui
295 2144 378 2172 etiam
406 2144 538 2172 adversus
570 2152 669 2172 currus
701 2149 841 2173 armantur
874 2145 1006 2180 spiritalis

219 2189 382 2217 Pharaonis.

341 2247 418 2275 Vers.
435 2247 460 2273 9.
484 2247 562 2275 Cenw
590 2251 642 2274 tua:
671 2252 698 2274 ut
732 2249 853 2275 tut-turis.

252 2302 356 2337 Nempe
379 2302 571 2329 verecundiam
594 2310 670 2330 suam
694 2311 759 2338 erga
773 2311 903 2338 sponsum
918 2308 1008 2331 turtu-

220 2348 258 2375 ris
272 2347 452 2375 similitudine
469 2348 591 2375 denotat.
607 2348 736 2376 Turturis
751 2348 823 2375 enim
837 2357 913 2384 gente
925 2350 1007 2377 rube-

221 2396 301 2418 scunt
313 2400 320 2424 ;
334 2391 482 2427 Syuagogre
497 2400 561 2419 vero
575 2393 678 2420 dictum
692 2398 787 2421 contra
801 2403 806 2420 :
821 2404 830 2419 ι
841 2394 936 2422 Facies
950 2403 1008 2423 me-

221 2437 329 2464 retricis
339 2437 386 2463 tibi
395 2441 446 2468 est,
457 2436 629 2472 impudenter
638 2438 671 2465 ad
681 2439 810 2474 omnes'lte
823 2439 944 2467 habuisti
955 2440 987 2468 “.
995 2450 1003 2465 1

221 2494 255 2500 »-
266 2480 372 2507 Collum
405 2481 473 2509 dicit
486 2481 602 2508 animam
619 2483 780 2518 morigeram
799 2492 806 2516 ;
822 2491 884 2511 nam
901 2485 1008 2519 pulchri

221 2526 373 2553 ornamenti
395 2535 480 2562 genus
506 2530 557 2560 est,
585 2528 608 2554 si
634 2528 696 2563 quis
706 2528 808 2556 Christi
829 2529 922 2564 iugum
937 2530 1009 2558 l'errc

222 2570 364 2605 gloriatur.

257 2616 406 2652 Argentum
429 2619 500 2653 apud
524 2627 614 2647 sacras
636 2619 754 2647 Litteras
773 2620 894 2647 divinam
906 2620 1010 2648 doctri-

277 2707 299 2722 '°
316 2708 433 2746 Philipp.
455 2719 494 2743 ιιι,
511 2711 536 2737 7.
571 2711 592 2726 ⁵¹
610 2710 688 2738 Joan.
706 2719 749 2744 xv,
772 2711 815 2739 15.

261 2787 298 2827 (_l)
318 2787 496 2827 Notissimum
515 2794 557 2816 est
572 2790 710 2827 vulgatum
739 2791 796 2818 Lat.
812 2795 915 2820 textum
932 2793 1008 2827 sequi

227 2821 386 2858 llehraicam
403 2824 557 2853 lectionem.
573 2833 589 2852 a
605 2821 657 2858 qua
671 2826 781 2852 Graccus
794 2831 883 2854 textus
896 2836 950 2854 non
967 2821 1010 2854 se—

227 2857 280 2884 mel
297 2857 396 2885 (litiert.
415 2858 505 2892 llaquc
517 2861 597 2887 cliam
609 2857 732 2887 Nobilius
742 2866 834 2888 mater
847 2863 874 2890 in
887 2863 1008 2890 Romanu

872 2712 894 2728 "
914 2712 936 2739 ll
953 2711 1016 2739 Cor.
1035 2721 1073 2745 ιιι,
1090 2713 1131 2740 lii.

1054 1598 1104 1629 τὰς
1128 1597 1302 1632 Ἑκκλησίας,
1317 1597 1372 1631 ἐγὼ
1387 1597 1434 1623 ἐπὶ
1444 1597 1493 1632 τὴν
1507 1597 1619 1633 καρδίαν
1642 1597 1726 1632 μείνω
1743 1597 1774 1623 τὸ
1794 1597 1846 1624 κά-

1055 1643 1149 1678 λυμμα
1164 1643 1273 1678 ἔχουσα.

1251 1698 1323 1726 Ἐὰν
1343 1698 1387 1733 μὴ
1411 1698 1488 1732 γνῷς
1510 1697 1654 1730 σεαυτήν.

1095 1757 1209 1791 Ἥγουν,
1228 1757 1252 1783 εί
1280 1756 1316 1792 μὴ
1346 1756 1534 1792 μετανοήσῃς,
1560 1755 1660 1789 φησιν,
1684 1754 1771 1781 otism
1794 1753 1848 1779 τῶν

1055 1803 1140 1830 ὲϐνῶν
1160 1802 1307 1838 εὑρεθήσῃ·
1327 1802 1375 1829 ἅτε
1392 1801 1429 1836 μὴ
1445 1801 1543 1836 ἔχουσα
1564 1800 1687 1835 καρποὺς
1708 1797 1849 1825 δικαιοσύ-

1056 1854 1115 1884 νης,
1146 1848 1269 1884 ἄκαρπος
1295 1848 1431 1882 μένουσα,
1461 1847 1509 1874 καὶ
1539 1846 1625 1873 ὀπίσω
1652 1845 1787 1880 ποιμνίων
1811 1841 1849 1871 ὦν

1057 1894 1170 1930 ἐμαυτῷ
1186 1893 1405 1929 συνεστησάμην,

1232 1951 1271 1986 Τῇ
1290 1953 1371 1984 ἵππῳ
1392 1961 1451 1986 μου
1472 1951 1610 1986 ὠμοίωσά
1623 1959 1669 1979 σε.

1049 2035 1062 2043 κ
1094 2009 1195 2041 Ἤγουν
1209 2007 1343 2043 δεξαμένη
1365 2007 1413 2043 τὴν
1428 2007 1508 2043 ὲμὴν,
1524 2005 1546 2035 ὦ
1571 2007 1727 2042 Ἐκκλησία,
1747 2007 1850 2038 πίστιν,

1056 2056 1114 2086 τοῖς
1138 2053 1297 2085 ἀποστόλοις
1311 2053 1458 2089 εἰκάσθης·
1480 2053 1545 2089 περὶ
1560 2051 1596 2080 ὧν
1619 2054 1663 2086 τὸ,
1683 2063 1692 2079 ‹
1716 2053 1850 2088 Ἐπιὸἠσῃ

1058 2100 1104 2126 ἐπὶ
1123 2100 1184 2131 τοὺς
1200 2100 1298 2131 ἵππους
1313 2109 1370 2130 σου,
1392 2100 1438 2126 καὶ
1458 2100 1474 2135 ἡ
1499 2099 1615 2126 immota
1634 2108 1679 2126 σου
1693 2099 1824 2134 σωτηρὲω
1837 2108 1847 2124 1

1057 2144 1081 2170 οἳ
1098 2144 1144 2171 καὶ
1161 2145 1230 2170 κατὰ
1245 2144 1298 2170 τῶν
1311 2144 1441 2180 ἁρμάτων
1453 2144 1670 2180 εὐτρεπίσθησαν
1687 2143 1733 2170 τοῦ
1753 2142 1850 2178 νοτ)τοῦ

1059 2191 1168 2226 Φαραώ.

1233 2249 1373 2283 Σιαγόνες
1384 2257 1441 2276 σου
1464 2249 1504 2281 ὡς
1519 2248 1673 2283 τρυγόνος.

1095 2304 1197 2338 Ἦγουν
1212 2303 1259 2339 τὴν
1279 2304 1344 2330 αἱδὼ
1358 2303 1406 2339 τὴν
1421 2303 1489 2339 πρὸς
1506 2304 1550 2330 τὸν
1571 2304 1687 2338 νυμφίον
1701 2303 1851 2338 παρίστησι

1057 2349 1102 2376 διὰ
1118 2350 1169 2384 τῆς
1183 2350 1322 2385 τρυγόνος.
1345 2350 1475 2385 Ἐρυθραὶ
1489 2349 1542 2385 γὰρ
1559 2349 1607 2384 τῆς
1619 2349 1746 2385 τρυγόνος
1759 2349 1788 2374 αἱ
1799 2357 1853 2374 σια-

1058 2395 1145 2427 γόνες.
1169 2394 1208 2428 Τῇ
1231 2394 1259 2420 δὲ
1278 2395 1426 2429 Συναγωγῇ
1440 2394 1604 2424 τούναντίον,
1626 2403 1635 2418 ι
1653 2394 1733 2427 ’Ὁψις
1751 2393 1852 2428 πόρνης

1058 2439 1168 2472 ἐγένετό
1189 2448 1246 2469 σοι,
1276 2440 1532 2474 ἀπηναισχύντησας
1555 2439 1622 2474 πρὸς
1652 2439 1767 2470 πάντας.
1787 2448 1796 2464 1
1818 2455 1853 2459 —

1060 2486 1141 2519 Λέγει
1158 2486 1292 2521 τράχηλον
1308 2486 1336 2512 τὸ
1354 2485 1533 2512 ὑποτακτικὸν
1544 2486 1593 2520 τῆς
1606 2485 1705 2520 ψυχῆς·
1722 2485 1781 2516 πῶς
1801 2485 1852 2521 γὰρ

1061 2531 1162 2566 κόσμος
1181 2531 1273 2563 καλος,
1289 2531 1372 2566 αὐχὴν
1389 2531 1538 2566 μελετήσας
1560 2531 1652 2565 φέρειν
1669 2530 1716 2556 τοῦ
1734 2530 1853 2565 Χριστοῦ

1062 2576 1107 2602 τὸν
1122 2577 1212 2610 ζυγόν.

1099 2623 1201 2656 ’Ἡγουν
1225 2623 1357 2658 ἀργύριον
1377 2623 1425 2657 μὲν
1452 2624 1480 2649 ὲν
1505 2624 1538 2658 τῇ
1563 2623 1658 2657 Γραφῇ
1684 2621 1853 2656 συνήθως,ἡ

1183 2714 1204 2728 ’⁵³
1221 2714 1322 2741 llabac.
1337 2721 1376 2745 ιιι,
1391 2712 1416 2739 7.
1466 2713 1487 2727 5‘
1503 2713 1604 2740 Jercm.
1623 2719 1661 2745 ιιι,
1677 2712 1703 2739 5.

1063 2793 1183 2820 editione
1212 2793 1361 2819 Bibliorum
1384 2793 1538 2820 Grmeorum
1563 2800 1659 2819 novam
1686 2792 1854 2826 interpreta-

1064 2829 1164 2854 tionem
1182 2828 1239 2854 Lat.
1258 2829 1412 2854 necessario
1439 2830 1470 2854 fw
1483 2828 1512 2860 il,
1533 2835 1614 2862 quam
1641 2835 1690 2854 nos
1710 2827 1738 2853 in
1760 2826 1854 2854 citatis

1064 2863 1182 2891 leuibus
1198 2871 1268 2898 δπΊιρ
1282 2863 1431 2898 sequimur.
