1998 3062
163 115 176 142 Ι
181 115 229 143 281

676 114 886 142 FRAGMENTA
908 111 940 138 IN
953 88 1107 138 'cANTICA
1127 114 1260 143 CANth.

1724 118 1791 145 1282

163 173 223 199 θεία
246 171 414 199 διδασκαλία·
446 171 557 207 χρυσίον
585 172 624 203 δὲ,
654 171 688 198 τὰ
714 172 773 199 θεῖα
793 172 946 208 χαρίσματα

1011 180 1072 199 nam
1091 172 1245 207 signiﬁcat;
1263 180 1370 204 aurum,
1400 172 1493 200 divina
1519 174 1599 201 dona.
1611 173 1714 201 Cuncta
1726 182 1792 202 vero

162 219 256 246 Πάντα
274 219 313 252 δὲ,
327 219 381 254 πρὸ
401 218 452 253 τῆς
473 217 620 252 ἐπιδημίας
642 218 770 252 Χριστοῦ,
795 217 955 252 ὁμοιώματα

159 263 193 301 ἦν
214 265 261 291 καὶ
277 265 340 290 σκιὰ
364 264 418 290 τῶν
439 263 609 298 μελλόντων,
624 264 695 290 κατὰ
716 264 762 290 τὸν
781 263 954 296 Ἀπόστολον,

162 310 284 345 ἰ;γαθῶν.
305 310 436 341 Ἀναστὰς
451 310 479 336 δὲ
495 309 613 345 Χριστὸς
630 310 664 336 τὰ
674 309 763 337 τέλεια
782 313 837 341 τοῖς
851 310 955 345 ἀνθρώ-

160 365 224 388 ποις
239 357 403 392 δεδώρηται·
427 356 480 391 πρὸ
495 355 524 382 δὲ
540 356 589 391 τῆς
603 356 777 388 ἀναστάσεως
796 356 957 391 ὁμοιώματα

160 401 285 438 εἴχομεν,
301 401 378 437 παρὰ
389 401 443 428 τῶν
458 402 577 428 ἐπαίνων
596 401 646 437 [ita
663 401 739 437 cod.]
752 401 846 434 αὑτοῦ,
864 401 911 428 τοῦ
926 410 956 429 τε

163 449 246 484 νόμου
262 448 309 474 καὶ
325 448 379 474 τῶν
396 447 555 482 προφητῶν.

198 494 297 529 Νάρδῳ
318 494 365 520 καὶ
383 494 532 529 ἀποδέσμῳ
547 493 666 528 στακτῆς
680 494 694 520 6
711 493 895 528 ἐνταφιασμὸς
907 501 956 528 ση-

164 538 289 573 μαίνεται
311 538 440 573 Χριστοῦ·
469 537 485 564 ἃ
499 538 653 574 Νικόδημος
669 538 760 572 φέρων
781 537 914 570 ὲνετύλιξε
927 538 957 564 τὸ

164 585 244 620 σῶμα
259 584 354 612 αὐτοῦ,
374 585 502 616 Mancia;
517 584 545 610 δὲ
568 584 647 620 φέρει
667 584 716 616 τὰς
731 584 778 611 δύο
789 584 925 620 Διαῦήκας
940 584 956 620 ἡ

163 631 267 666 νύμφη,
283 627 320 657 ὧν
343 631 357 657 ὁ
372 631 489 666 Χριστὸς
507 631 558 657 ἀνὰ
573 631 655 665 μέσον
668 631 816 663 αὐλίζεται.

199 677 292 712 Καλὴν
311 676 397 711 αὐτήν
413 685 507 710 φησιν,
528 676 575 711 οὐχ
596 677 634 708 ὡς
650 677 784 713 πρότερον
804 677 833 703 ὲν
848 675 958 711 γυναιξὶ

163 723 250 753 λέγων
273 722 363 758 μόνον,
383 722 441 748 ἀλλ’
455 722 505 757 ἤδη
522 723 569 748 καὶ
590 722 628 754 ὡς
650 722 762 758 πλησίον
778 722 872 754 αὑτοῦ,
893 722 958 748 ἀνα-

165 768 337 801 διπλασιάζει
360 769 409 803 τῆς
431 768 542 803 νύμφης
562 769 575 795 6
589 769 707 803 νυμφίος
726 769 771 795 τὸν
794 768 914 800 ἔπαινον,
928 769 958 795 τό

162 825 193 842 τε
218 814 383 850 θεωρητικὸν
411 814 498 849 αὐτῆς
521 814 640 841 ὲπαινῶν
665 814 712 840 καὶ
739 814 769 840 τὸ
794 813 956 850 πρακτικόν.

1006 223 1069 246 ante
1083 218 1185 245 Christi
1200 218 1348 245 adventum
1364 218 1554 246 similitudinis
1575 220 1661 247 instar
1676 225 1754 247 erant
1767 225 1796 248 ct

1005 264 1109 291 umbra:
1120 264 1556 300 futurorum,27ﬁ.utApostolus
1566 266 1613 298 ait,
1626 266 1794 293 bonorum”.

1006 309 1092 337 Porro
1131 317 1276 344 resurgens
1299 309 1427 338 Christus
1439 311 1728 345 pcrl‘ectahominihus
1744 312 1795 339 do-

1006 355 1083 383 navit
1099 364 1105 381 :
1130 363 1249 390 namque
1275 360 1339 383 ante
1357 356 1586 384 resurrectionem
1602 356 1796 384 similitudines

1007 405 1114 428 tantum
1142 401 1290 429 habuimus
1304 409 1320 429 a
1333 401 1521 429 laudatoribus
1537 403 1597 437 ejus
1615 402 1674 437 lege
1688 407 1716 429 et
1731 410 1794 437 pro-

1006 446 1107 481 phetis.

1041 492 1121 520 Vers.
1132 492 1174 520 12.
1188 493 1279 520 Nardo
1305 493 1454 528 stactisque
1469 493 1641 528 alligamcnto
1655 493 1795 528 sepultura

1007 538 1110 566 Christi
1124 539 1310 574 signiﬁcatur;
1326 548 1388 575 qum
1399 540 1565 567 Nieodemus
1582 540 1672 566 ferens
1695 547 1795 574 corpus

1007 585 1067 620 ejus
1087 585 1246 613 involvit“.
1267 586 1356 614 Ubera
1376 590 1467 613 autem
1485 590 1613 620 tanquam
1628 585 1683 612 duo
1699 585 1793 612 Testa-

1008 635 1100 659 menta
1118 631 1189 666 gerit
1202 639 1314 666 sponsa,
1330 632 1403 659 inter
1410 640 1471 666 quae
1484 632 1611 659 Christus
1625 631 1796 658 demoratur.

1040 677 1117 704 Vers.
1129 677 1170 704 14.
1183 677 1327 704 Pulchram
1339 685 1399 704 eam
1413 677 1490 709 dicit,
1502 676 1575 704 haud
1584 679 1655 704 sicut
1664 680 1743 702 antea
1752 675 1796 702 in-

1009 726 1051 750 ter
1062 723 1192 750 mulieres
1205 722 1313 749 dixerat
1326 731 1331 749 :
1345 723 1393 750 sed
1404 723 1470 750 dum
1483 722 1529 749 hic
1543 729 1603 749 eam
1618 722 1750 756 proxima:
1765 720 1798 747 ti-

1009 769 1067 796 tulo
1083 769 1205 801 denotat,
1230 776 1336 803 sponsa
1350 768 1460 795 laudem
1472 768 1595 803 duplicat
1606 775 1735 802 sponsus,
1748 766 1798 794 do-

1009 819 1051 842 tes
1061 815 1120 850 ejus
1128 814 1292 842 theoreticas
1300 814 1381 841 simul
1389 813 1579 848 practicasque
1589 812 1795 840 commendans.

169 861 341 896 ὐφοαλμοὺς
358 860 387 886 δὲ
410 859 473 891 τοὺς
493 860 532 892 είς
546 859 607 887 νοῦν
622 860 670 887 καὶ
680 860 795 896 καρδίαν
806 860 898 895 φησίν·
910 859 950 886 καῖ

1008 860 1068 888 Jam
1100 861 1196 888 oculos
1219 860 1319 887 mentis
1347 860 1493 894 cordisque
1510 859 1588 891 dicit,
1609 859 1796 892 eolumbaeque

164 908 328 942 περιστερᾶς
348 907 379 933 τὸ
397 906 579 941 διορατικοῡς,
603 906 665 933 καθ’
680 906 695 932 ὃ
718 906 764 932 καὶ
787 907 826 937 εἰς
843 905 955 940 Πνεῦμα

163 953 341 988 λαμϐάνεται.
357 951 439 986 Λέγει
452 949 500 978 οὖν
516 951 554 982 ὡς
567 951 677 983 ἐδέξατο
689 951 752 978 νοῦν
766 952 782 986 ἡ
798 950 890 986 νύμφη
905 951 954 986 μό-

161 1006 206 1024 νον
231 997 338 1032 ὁρῶντα
364 997 442 1024 Θεόν.
466 996 616 1032 Ὀφθαλμοὶ
637 997 665 1023 δὲ
687 998 775 1023 κοιὶοὶ
794 998 891 1024 ἄκακοι
908 997 955 1024 καὶ

160 1044 315 1079 ὀξυδερκεῖς
333 1043 384 1078 τῆς
409 1043 572 1079 Ἑκκληαίας
583 1042 748 1070 διδάσκαλοι.

168 1101 241 1136 Ἐγὼ
259 1100 350 1133 ἄνθος
366 1099 419 1126 τοῦ
453 1099 569 1132 πεδίου,
590 1101 694 1134 κρίνον
720 1099 780 1127 τῶν
792 1099 951 1127 κοιλάδων.

169 1153 172 1157 ’
192 1157 235 1188 Ὠς
243 1155 377 1191 δεξαμένη
390 1156 406 1191 ὴ
416 1155 507 1192 νύμφη
519 1155 564 1182 τὸν
574 1155 676 1183 ἄνωθεν
686 1156 772 1189 ὑετὸν,
782 1157 829 1183 καὶ
835 1156 953 1184 τεκοῦσα

160 1203 210 1238 τὴν
224 1202 336 1237 ἀρετὴν,
346 1201 421 1229 ἄνθει
430 1201 530 1236 ἑαυτὴν
540 1202 710 1237 παραϐάλλει
719 1202 821 1228 πεδίου·
833 1202 953 1229 δείκνυσι

161 1248 189 1274 δὲ
204 1248 264 1273 ὅσον
277 1246 416 1281 ὠφέλησεν
437 1247 453 1281 ἡ
473 1245 521 1272 τοῦ
545 1246 664 1282 Χριστοῦ
683 1247 828 1282 ἐπιδημία,
843 1247 905 1273 ὅσου
921 1256 952 1282 γε

162 1293 210 1320 καὶ
236 1292 285 1323 τὰς
301 1291 427 1323 κοιλάδας
450 1292 498 1324 τὰς
523 1292 726 1327 ἀνεπιτηδείους
753 1292 821 1328 πρὸς
845 1293 953 1320 ἅπαντα

162 1338 272 1374 σπόρον,
299 1338 427 1366 τοιούτων
454 1338 557 1373 μεστὰς
578 1338 678 1372 ἔδειξεν
696 1338 809 1366 ἀνθέων.
834 1339 953 1366 Κοιλάδα

162 1383 215 1419 γὰρ
230 1383 303 1418 λέγει
320 1383 368 1418 τὴν
385 1383 628 1411 ἀποκοιλανθεῖσαν
644 1384 699 1411 ἀπὸ
713 1384 767 1411 τῶν
783 1385 952 1420 οἰκησάντων

161 1429 245 1462 αὐτὴν
260 1428 344 1455 πάλαι
361 1428 507 1463 δαιμόνων.

337 1483 519 1510 Στοιϐἀσατέ
538 1493 577 1518 με
597 1484 632 1510 ἐν
656 1483 775 1518 μήλοις.

1008 906 1103 933 oculos
1115 910 1228 941 propter
1236 905 1444 940 perspicaciam,
1458 905 1531 939 quod
1547 905 1630 932 etiam
1646 905 1679 931 de
1692 903 1795 939 Spiritu

1008 951 1072 978 dato
1099 951 1243 986 accipitur.
1275 951 1320 978 Ait
1349 959 1415 986 ergo
1432 958 1560 985 sponsam
1585 954 1676 977 mente
1688 955 1796 977 auctam

1007 1004 1068 1031 quat
1088 997 1175 1024 Deum
1201 997 1289 1024 solum
1302 1001 1416 1031 spectat.
1429 996 1506 1023 Oculi
1534 1000 1625 1023 autem
1638 999 1702 1022 sunt
1714 995 1796 1022 etiam

1007 1039 1123 1069 innocui
1134 1047 1269 1076 acuteque
1281 1046 1428 1069 cernentes
1445 1042 1577 1069 Ecclesiae
1592 1041 1725 1076 magistri.

1110 1096 1144 1129 II,
1159 1097 1183 1124 1.
1198 1096 1254 1132 Ego
1266 1098 1314 1132 flos
1327 1097 1424 1132 campi,
1440 1096 1525 1123 lilium
1536 1095 1706 1123 convallium.

1042 1155 1184 1190 Tanquam
1200 1158 1312 1188 recepto
1321 1153 1377 1188 jam
1392 1152 1537 1179 desursum
1551 1152 1650 1184 imbre.
1666 1152 1796 1187 editoqne

1005 1200 1116 1228 virtutis
1142 1204 1233 1235 partu,
1260 1198 1359 1234 agresti
1380 1205 1408 1225 se
1431 1198 1490 1224 ﬁori
1512 1205 1612 1233 sponsa
1633 1201 1796 1233 comparat:

1006 1246 1182 1281 ostenditque
1199 1249 1367 1281 quantopere
1381 1245 1470 1280 prosit
1482 1244 1582 1272 Christi
1598 1244 1742 1276 adventus,
1758 1245 1795 1272 si-

1006 1292 1117 1327 quidem
1137 1292 1222 1319 valles
1247 1298 1357 1326 quoquc
1374 1290 1472 1317 semini
1486 1290 1599 1316 cuilibet
1609 1290 1726 1324 ineptas,
1745 1290 1795 1317 llo-

1006 1338 1083 1365 ribus
1094 1337 1230 1373 ejusmodi
1245 1337 1340 1372 plenas
1354 1341 1457 1363 narrat.
1478 1336 1586 1363 Etenim
1597 1344 1625 1363 sc
1637 1336 1734 1363 vallem
1746 1344 1796 1370 ap—

1005 1384 1100 1419 pellat,
1128 1387 1275 1419 propterea
1291 1382 1364 1417 quod
1388 1390 1403 1409 a
1419 1382 1590 1410 dtemonibus
1611 1381 1677 1409 olim
1697 1382 1796 1410 incolis

1006 1431 1136 1466 depressa
1151 1429 1251 1457 fuerat.
1432 1421 1438 1424 ”

1198 1485 1276 1512 Vers.
1288 1484 1314 1512 5.
1331 1483 1433 1520 Stipate
1454 1492 1495 1512 me
1518 1484 1612 1512 malis.

194 1539 258 1569 Τοῖς
284 1538 473 1572 εὐαγγελικοῖς
498 1546 533 1572 με
554 1538 722 1572 ἁσφαλίσατε
745 1539 853 1573 λόγοις·
880 1536 950 1567 οὗτοι

1042 1541 1214 1577 Evangelicis
1224 1541 1394 1570 communite
1405 1549 1449 1569 me
1462 1540 1596 1569 doctrinis
1615 1549 1622 1567 :
1639 1540 1681 1567 hze
1692 1540 1794 1575 quippe

160 1586 215 1620 γὰρ
240 1585 306 1620 ἡμῖν
333 1584 512 1616 εὐωδιάζουσι
535 1585 664 1619 Χριστόν.
687 1585 873 1621 Συνταχοείην
900 1586 928 1612 δὲ
942 1606 950 1619 ,

161 1631 242 1666 φησὶ,
272 1630 352 1664 κάγὼ
374 1630 443 1665 μετὰ
469 1629 522 1656 τῶν
548 1630 632 1664 ἁγίων
650 1631 747 1658 αὑτοῦ·
771 1631 809 1663 ὡς
827 1631 880 1667 γὰρ
904 1631 952 1658 αὺ-

159 1677 204 1708 τὸς
226 1677 326 1712 μῆλον,
353 1676 439 1708 οὕτως
467 1675 605 1711 σύσσωμοι
624 1677 671 1703 καὶ
688 1677 854 1712 συμμέτοχοι
867 1677 950 1704 αὑτοῦ

160 1722 242 1758 μῆλα.

352 1780 510 1815 Εὐώνυμος
525 1781 630 1813 αὑτοῦ,
648 1790 674 1808 κ.
690 1789 715 1808 τ.
729 1781 754 1807 λ.

193 1835 339 1872 Εὐώνυμος
358 1837 372 1862 6
393 1837 485 1872 νόμος,
509 1836 584 1869 δεξιὰ
603 1837 634 1863 τὸ
657 1836 832 1871 Εὑαγγέλιον.
852 1836 887 1862 Ἦ
903 1835 949 1862 καὶ

158 1879 296 1916 εὐώνυμος
323 1881 338 1907 ὁ
365 1881 459 1919 παρὼν
486 1882 553 1917 βίος,
579 1882 654 1914 δεξιὰ
677 1883 691 1909 6
713 1882 827 1917 μέλλων,
843 1882 903 1917 ἣτις
914 1890 948 1916 με

159 1927 337 1961 περιλήψετοιι
350 1927 413 1954 ὅταν
425 1928 480 1959 τοῖς
495 1928 527 1954 ὲκ
541 1927 636 1960 δεξιῶν
650 1927 724 1964 εἴπῃ·
740 1936 750 1953 ε
760 1927 853 1958 Δεῦτε,
865 1928 889 1953 οἱ
904 1927 948 1953 εὖ-

157 1971 300 2006 λογημένοι
316 1972 362 1998 τοῦ
383 1972 489 2007 Πατρός
507 1981 569 2008 μου.
588 1982 597 1997 ›
620 1973 701 2006 Λέγει
714 1972 742 1999 δὲ
757 1972 806 1999 καὶ
822 1971 946 2007 έτέρωθι’

160 2028 170 2043 ‹
188 2018 282 2052 Μῆκος
301 2017 358 2052 βίου
373 2019 419 2045 καὶ
438 2018 485 2053 ἔτη
502 2018 584 2054 ζωῆς,
607 2020 636 2045 ὲν
659 2018 734 2054 δεξιᾷ
756 2019 806 2054 τῆς
830 2017 926 2053 σοφίας
938 2026 944 2032 ·

160 2064 188 2089 ἐν
219 2063 247 2089 δὲ
273 2065 306 2099 ’τῇ
337 2065 489 2100 ἀριστερᾷ,
517 2063 631 2096 πλοῦτος
663 2064 710 2090 καὶ
736 2063 809 2096 δόξα.
832 2073 841 2090 ›
868 2063 947 2096 Δεξιὰ

157 2109 222 2144 γοῦν
249 2110 333 2144 αὐτῆς
351 2110 367 2145 ἠ
383 2110 436 2137 τῶν
459 2110 539 2137 θείων
556 2111 706 2145 ἐπιστήμη,
724 2110 753 2143 ἐξ
782 2106 816 2145 ἧς
834 2111 850 2145 ὴ
879 2109 945 2137 αἰώ-

156 2163 211 2186 νιος
226 2154 293 2190 ζωή’
305 2155 439 2190 ἀριστερὰ
457 2155 484 2182 δὲ
504 2156 586 2191 ἡτῶν
602 2155 780 2191 ἀνθρωπίνων
792 2155 903 2190 γνῶσις,
916 2155 946 2189 ἐξ

1005 1587 1085 1614 nobis
1104 1587 1207 1615 Christi
1232 1587 1346 1614 odorem
1376 1587 1532 1614 aﬂ‘undunt.
1547 1586 1656 1614 Utinam
1675 1586 1795 1614 collocer

1005 1640 1055 1668 ego
1069 1641 1190 1668 quoque,
1219 1634 1319 1668 inquit,
1331 1641 1394 1660 cum
1423 1633 1527 1661 sanctis
1539 1633 1619 1668 ejus!
1639 1633 1706 1660 Nam
1723 1632 1795 1660 sicut

1004 1678 1064 1713 ipse
1077 1686 1189 1713 pomqu
1202 1684 1255 1711 est,
1273 1679 1310 1706 ita
1324 1679 1409 1706 etiam
1420 1679 1468 1714 qui
1483 1682 1551 1706 sunt
1565 1686 1628 1706 cum
1647 1686 1681 1706 eo
1694 1685 1794 1713 corpo-

1004 1724 1056 1751 rati
1071 1729 1098 1752 et
1111 1725 1269 1759 participes,
1279 1732 1361 1759 poma
1377 1724 1457 1771 ﬁent.

1196 1779 1273 1807 Vers.
1292 1779 1405 1807 ϐλέπω
1421 1780 1488 1815 ejus,
1504 1784 1558 1808 etc.

1039 1837 1156 1865 Sinistra
1168 1837 1270 1865 dicitur
1281 1837 1334 1869 lex,
1344 1837 1457 1864 dextera
1468 1837 1709 1873 Evangelium.Vel
1724 1838 1791 1867 sini—

1002 1887 1059 1912 stra
1072 1883 1249 1918 intelligenda
1259 1888 1301 1910 est
1315 1891 1437 1918 praesens
1448 1883 1513 1916 vita,
1527 1883 1640 1911 dextera
1649 1889 1740 1911 autem
1750 1884 1792 1911 fu-

1002 1934 1081 1957 tura:
1100 1937 1160 1964 qum
1172 1928 1284 1963 quidem
1307 1936 1351 1955 me
1363 1929 1574 1963 complectetur,
1588 1933 1735 1964 postquam
1745 1929 1789 1962 iis,
1819 1930 1823 1932 ⁷

1001 1975 1048 2010 qui
1063 1982 1078 2001 a
1095 1974 1198 2001 dextris
1212 1978 1306 2004 erunt,
1319 1973 1424 2000 dictum
1437 1973 1520 2001 fuerit
1533 1983 1539 2000 ε
1559 1984 1568 1999 ‹
1583 1975 1689 2008 Venite,
1705 1975 1790 2002 bene-

1001 2018 1067 2046 dicti
1079 2018 1170 2045 Patris
1189 2018 1243 2045 mei
1269 2018 1301 2044 ⁵⁷.
1317 2027 1325 2043 ι
1344 2017 1389 2044 Ait
1409 2018 1493 2045 etiam
1507 2018 1590 2045 alibi:
1613 2019 1790 2054 «Longitudo

1000 2072 1135 2092 annorum
1147 2064 1212 2091 vita:
1224 2064 1252 2090 in
1266 2063 1378 2091 dextera
1390 2064 1532 2098 sapientiae
1544 2073 1550 2090 ε
1564 2064 1591 2091 in
1607 2065 1715 2092 sinistra
1726 2074 1789 2093 vero

999 2110 1133 2146 ejusdem,
1146 2109 1249 2137 divitia:
1269 2114 1296 2136 et
1310 2108 1437 2144 gloria".
1456 2119 1464 2134 ι
1480 2109 1546 2145 Ejus
1559 2110 1652 2144 itaque
1665 2110 1787 2144 dextera,

999 2155 1155 2183 divinarum
1184 2162 1277 2182 rerum
1300 2154 1415 2182 scientia
1440 2158 1492 2187 est,
1518 2155 1591 2183 unde
1617 2161 1719 2183 aeterna
1733 2157 1788 2184 vita

154 2197 191 2227 ὧν
205 2200 319 2232 πλοῦτος
343 2201 391 2227 καὶ
403 2201 477 2234 δόξα.
497 2202 577 2236 Λέγει
592 2202 691 2234 τοίνυν,
709 2202 749 2228 ὅτι
768 2202 912 2238 Ὑπερέχει
932 2203 946 2230 6

1005 2201 1161 2234 :onficitur;
1186 2201 1297 2239 sinistra
1314 2208 1391 2233 vero,
1410 2200 1593 2228 humanarum
1618 2201 1717 2236 peritia
1746 2210 1790 2230 rc-

155 2245 216 2276 νοῦς
237 2254 287 2281 μου
302 2245 336 2272 τὰ
354 2246 522 2282 ἀνθρώπινα·
541 2248 615 2283 καὶὴ
631 2248 690 2274 θεία
709 2247 809 2282 γνῶσις
833 2248 948 2283 καλύψει

156 2299 198 2325 με.
217 2293 272 2319 Καὶ
295 2292 348 2328 γὰρ
366 2293 472 2328 εἴρηται
489 2293 579 2320 πάλιψ
605 2303 614 2320 ι
642 2294 763 2329 Τίμησον
783 2294 885 2330 αὐτὴν,
904 2294 947 2321 ἵνα

155 2345 184 2363 σε
203 2337 349 2374 περιλάϐῃ.
383 2347 392 2363 ι
417 2338 543 2365 Δείκνυσι
574 2339 674 2372 τοίνυν,
699 2339 740 2365 ὅτι
765 2339 779 2365 ό
797 2338 879 2370 αὐτὸς
898 2340 946 2366 καὶ

155 2384 269 2419 νυμφίος
284 2385 330 2411 καὶ
347 2384 457 2420 τοξότης
471 2385 550 2420 ἡμῶν
564 2386 632 2417 ἐστι,
649 2385 742 2420 νύμφη
757 2393 786 2411 τε
804 2384 850 2411 καὶ
869 2384 945 2419 βέλος

155 2429 171 2464 ὴ
187 2422 379 2465 κεκαθαρμένη
391 2431 474 2467 ψυχή’
493 2431 530 2463 ὡς
548 2431 625 2466 βέλος
638 2429 684 2458 οὖν
699 2431 767 2465 πρὸς
782 2430 828 2457 τὸν
843 2430 944 2464 ἀγαθὸν

154 2474 259 2500 εὐθύνει
272 2476 381 2503 σκοπόν.
406 2477 449 2509 Ὠς
471 2477 580 2513 νύμφην
600 2478 640 2509 είς
662 2476 804 2503 κοινωνίαν
826 2476 944 2512 ἀναλαμ-

153 2520 229 2547 ὄάνει
246 2521 296 2555 τῆς
310 2521 449 2556 ἀφθάρτου
469 2522 635 2558 ἀῖδιότητος,
653 2523 741 2558 μῆκος
757 2522 813 2556 βίου
827 2522 875 2548 καὶ
897 2522 943 2557 ἔτη

154 2566 237 2602 ζωῆς,
251 2567 294 2594 διὰ
305 2568 354 2602 τῆς
364 2568 454 2601 δεξιᾶς
467 2568 654 2604 χαριζόμενος·
669 2569 713 2595 διὰ
725 2567 753 2594 δὲ
767 2568 816 2603 τῆς
833 2568 943 2603 ἀριστε-

155 2614 213 2646 ρᾶς,
226 2613 271 2639 τὸν
288 2613 341 2640 τῶν
356 2614 471 2640 αἰωνίων
491 2615 600 2648 ἀγαοῶν
622 2615 735 2641 πλοῦτον
760 2614 808 2640 καὶ
828 2614 877 2649 τὴν
895 2614 942 2640 τοῦ

153 2658 218 2685 Θ;οῦ
235 2657 323 2691 δόξαν,
344 2657 378 2696 ἧς
404 2659 429 2685 οἱ
444 2659 491 2695 τὴν
512 2659 558 2686 τοῦ
581 2660 684 2695 κόσμου
703 2659 847 2694 ζητοῦντες
865 2658 943 2692 δόξαν

153 2704 282 2740 ἁμέτοχοι
301 2705 431 2738 γίνονται.
450 2704 500 2731 Διὰ
514 2704 592 2731 τοῦτό
609 2713 703 2739 φησιν,
718 2705 758 2731 ὄτι
774 2714 782 2730 ι
796 2704 943 2739 Εὐώνυμος

153 2750 234 2777 αὐτοῦ
255 2751 302 2777 ἐπὶ
314 2751 363 2787 τ’ὴν
382 2751 503 2787 κεψαληήν
525 2760 586 2786 μου,
608 2760 617 2776 ι
639 2751 672 2776 δι’
686 2748 719 2786 ἧς
736 2750 873 2777 εὐθύνεται
890 2750 943 2776 ὑπὸ

189 2831 211 2846 ⁵⁸
224 2830 307 2858 Hebr.
328 2839 354 2864 ι,
371 2831 395 2858 ί.
452 2831 473 2846 ⁵⁸
487 2831 564 2858 Joan.
585 2839 637 2863 xm,
656 2831 698 2857 59.
728 2832 760 2860 ,π
778 2831 871 2859 Matth.
895 2839 945 2859 xxv

997 2255 1070 2280 rum,
1100 2255 1135 2275 ex
1156 2248 1258 2282 quibus
1279 2247 1383 2275 divitia:
1402 2252 1430 2275 et
1450 2246 1537 2282 gloria
1550 2248 1726 2281 proveniunt.
1742 2248 1788 2275 Ait

996 2293 1108 2328 itaque:
1126 2293 1241 2320 Excedit
1253 2301 1331 2320 mens
1346 2301 1407 2320 mea
1433 2300 1478 2320 res
1490 2293 1634 2326 humanas,
1645 2297 1673 2320 et
1693 2285 1788 2321 divina

995 2339 1115 2373 cognitio
1127 2339 1234 2373 operiet
1244 2347 1298 2366 me.
1311 2339 1377 2366 Nam
1393 2341 1421 2365 et
1432 2346 1528 2366 rursus
1541 2339 1643 2367 dicitur
1658 2348 1663 2365 :
1681 2340 1787 2367 «Hono-

994 2392 1024 2411 ra
1040 2384 1137 2419 ipsam,
1152 2390 1183 2411 ut
1195 2389 1221 2411 te
1232 2392 1311 2419 comp
1323 2389 1430 2412 ectatur
1441 2385 1489 2411 θ’.»
1507 2385 1632 2413 Ostendit
1648 2385 1731 2421 igitur
1746 2386 1787 2421 ip-

993 2436 1053 2455 sum
1069 2436 1128 2455 esse
1141 2436 1271 2463 sponsum
1284 2433 1466 2464 nostrumque
1478 2430 1659 2464 jaculatorem
1679 2440 1685 2457 :
1700 2439 1784 2466 spon-

992 2482 1050 2502 sam
1075 2479 1166 2501 autent
1189 2478 1218 2501 et
1234 2475 1367 2510 jaculum,
1388 2476 1561 2510 puriﬁcatam
1579 2477 1709 2509 animam,
1724 2485 1785 2512 quae

992 2520 1039 2547 teli
1062 2520 1148 2546 instar
1168 2520 1202 2546 ad
1218 2519 1322 2546 bonum
1331 2520 1461 2556 dirigitur
1471 2528 1594 2555 scopum.
1614 2521 1688 2549 Hanc
1698 2521 1784 2549 instar

993 2573 1099 2600 sponsae
1114 2565 1147 2592 ad
1158 2565 1317 2592 societatem
1327 2566 1443 2593 assumit
1456 2565 1673 2601 incorruptibilis
1683 2575 1782 2602 perpe—

991 2611 1114 2644 tuitatis;
1141 2611 1191 2638 mvi
1215 2611 1415 2646 longitudinem
1427 2619 1568 2647 annosque
1591 2612 1654 2640 vita:
1671 2612 1783 2640 dextera

993 2665 1041 2685 sua
1063 2658 1193 2692 largiens,
1219 2657 1330 2684 sinistra
1348 2662 1438 2685 autem
1465 2663 1631 2686 aeternorum
1647 2658 1788 2697 bonorum.

993 2711 1059 2738 opes
1080 2703 1183 2738 Deique
1203 2703 1329 2739 gloriam,
1351 2704 1429 2738 cujus
1449 2703 1477 2730 hi
1489 2703 1536 2738 qui
1550 2704 1644 2731 mundi
1666 2703 1781 2739 gloriam

993 2753 1086 2777 amant
1114 2753 1241 2784 expertes
1269 2755 1343 2777 sunt.
1361 2750 1506 2783 Propterea
1537 2749 1623 2776 dicit:
1640 2759 1648 2775 ι
1664 2749 1781 2777 Sinistra

978 2831 1021 2859 54.
1062 2831 1084 2846 δ’*
1099 2831 1178 2857 Prov.
1194 2840 1231 2864 tu,
1252 2831 1292 2858 l6.
1333 2832 1354 2847 ⁵³
1371 2831 1450 2858 Prov.
1468 2838 1503 2863 Iv,
1522 2829 1548 2856 8.
