1998 3062
207 97 275 125 res;
322 130 330 135 λ

733 93 760 121 S.
781 90 918 121 CYRILLI
938 85 1172 118 ALEXANDRINI
1192 85 1350 116 ARCHIEP.

1763 84 1839 114 ιςει

204 156 279 185 illius
294 162 376 191 super
398 158 480 190 caput
507 162 610 187 meum,
623 162 638 181 ει
654 161 708 189 qua
726 153 855 180 videlicet
876 151 909 178 ad
924 159 988 186 pro.

1043 149 1086 175 τὸν
1102 144 1246 174 σκοπδν’τδ
1263 147 1384 181 βέλος’ή
1405 145 1432 173 δὲ
1452 145 1527 180 δεξιὰ
1547 145 1628 172 αὑτοῦ
1650 145 1716 181 πρὸς
1738 146 1837 172 ἑαυτὸν

205 201 295 235 prium
317 207 430 235 scopum
451 199 580 234 dirigitur
595 198 698 230 telum;
713 197 824 224 dextera
843 195 928 230 ipsius
942 203 990 222 au-

205 251 260 273 tern
268 245 301 273 ad
310 253 339 272 se
355 253 398 272 me
411 245 504 277 trahit,
513 244 643 280 quoniam
650 243 682 270 ad
697 249 840 269 ascensum
854 242 880 268 in
896 248 992 276 super-

204 299 240 318 na
273 289 338 318 facit
354 289 520 325 expeditam,
533 293 614 324 atque
622 289 688 315 illuc
697 287 806 314 missam
817 291 844 314 et
860 293 875 313 a
884 285 991 322 jacula-

205 339 265 362 tore
286 335 430 362 indivisam
441 335 592 370 quiescere.
612 333 715 360 Deinde
728 332 766 359 ad
776 339 901 366 supernae
912 331 991 359 Jeru-

205 381 289 408 salem
298 379 366 407 lllias
373 386 525 407 sermonem
535 378 680 405 convertit.
693 377 887 404 Sermoautcm
894 377 992 412 depre—

206 426 277 453 catio
301 425 451 460 adjnrantis
459 428 510 456 est,
527 428 557 450 ut
575 423 736 451 cliaritatcm
748 423 931 457 multiplicent
943 430 992 449 au-

206 475 352 505 geantque,
367 470 454 496 donec
468 469 497 496 in
509 477 579 503 opus
595 468 719 496 conferat
733 469 900 496 voluntatem
912 475 990 495 suam

206 517 230 544 is
244 516 290 551 qui
304 522 399 542 omnes
412 514 539 542 homines
554 514 613 542 vult
625 514 714 541 salvos
722 514 780 540 fieri
791 518 819 541 et
830 513 863 540 ad
877 513 994 548 agnitio-

205 569 268 590 nem
278 561 401 588 veritatis
412 560 505 587 venire
513 560 545 587 ⁶⁰.
554 560 669 587 Sinistra
677 559 787 594 quidem
802 559 944 594 prtesentis
953 558 994 585 vi-

206 610 240 633 tae
249 606 320 632 bona
333 604 433 639 quibus
444 612 517 631 nunc
529 604 630 631 fruitur
638 604 907 639 videtursignillcare
915 603 992 636 πίει-

205 657 264 679 tera
274 656 364 678 autem
373 649 543 682 futurorum,
563 654 646 685 prout
657 650 821 685 promissum
829 649 994 684 fuit,exspe-

205 697 362 729 ctationem,
369 703 484 731 quorum
493 703 560 723 usus
565 695 726 730 promissus,
732 701 762 722 ut
768 694 896 726 diximus,
903 701 995 729 spera-

204 747 304 778 tusque
316 747 367 770 est.
377 742 461 770 Recte
472 749 581 777 quoque
597 740 702 769 dictum
721 748 727 767 :
744 741 859 769 Dextera
872 740 990 775 comple‘

170 799 173 822 ρ
204 789 252 820 eti,
272 788 384 816 sinistra
401 787 485 823 capiti
504 787 710 814 reclinatorium
727 785 850 821 przebere
865 788 994 820 :oportet

1042 203 1075 229 με
1098 194 1261 220 διαλαϐοῦσα
1277 194 1323 218 καὶ
1343 192 1568 226 ἐφελκυσαμένη,
1591 191 1696 226 κούφην
1716 200 1750 225 με
1764 191 1836 226 πρὸς

1041 239 1098 266 ἄνω
1110 238 1196 274 φορὰν
1205 237 1404 274 ἀπεργάζεταιδ
1421 237 1502 264 κάκεῖ
1515 237 1706 272 πεμπομένην,
1721 237 1769 263 καὶ
1783 236 1836 262 τοῦ

1041 284 1148 316 τοξότου
1175 284 1212 320 μὴ
1239 283 1442 319 χωριζομένην,
1467 283 1568 318 μᾶλλον
1594 283 1834 309 ὲπαναπαύεσθαι.

1041 328 1108 356 Εἶτα
1121 329 1188 365 πρὸς
1204 330 1253 361 τὰς
1268 329 1423 364 θυγατέρας
1435 328 1486 362 τῆς
1495 328 1552 355 ἄνω
1569 327 1751 363 Ἰερουσαλὴμ
1767 327 1836 363 τρέ-

1041 383 1088 402 πει
1102 375 1148 402 τὸν
1164 375 1253 409 λόγον.
1273 374 1303 401 '0
1317 375 1346 402 δὲ
1362 374 1440 408 λόγος
1458 373 1633 409 παράκλησίς
1649 374 1722 400 ἐστιν
1739 374 1768 400 ἐν
1786 374 1838 408 ὄρ-

1041 430 1082 457 κῳ
1099 421 1304 457 προσαγομένη,
1326 420 1374 447 τοῦ
1394 419 1553 452 πλεονάζειν
1577 420 1624 447 καὶ
1641 418 1769 451 ὲπαύξειν
1788 419 1836 446 ἀεὶ

1041 470 1090 504 τὴν
1108 468 1228 503 ἀγάπην,
1242 467 1294 496 ἕως
1306 466 1338 493 ἂν
1353 466 1464 501 ἐνεργὸν
1476 465 1572 494 ἑαυτοῦ
1589 465 1690 501 ποιήσῃ
1708 465 1738 491 τὸ
1750 464 1834 498 θέλη-

1044 521 1092 548 μα,
1110 515 1124 540 ό
1138 513 1222 540 θέλων
1239 513 1341 544 πάντας
1352 511 1511 547 ἀνθρώπους
1523 511 1642 547 σωθῆναι
1655 510 1702 538 καὶ
1717 511 1756 542 εἰς
1771 510 1835 537 ἐπί-

1043 565 1142 592 γνωσιν
1165 557 1293 592 ἀληθείας
1313 557 1412 584 ἐλθεῖν.
1434 556 1484 583 Διά
1508 556 1558 592 μὲν
1576 555 1623 583 τοῦ
1641 555 1781 590 εὐωνύμου
1796 556 1834 582 τὰ

1043 603 1090 630 τοῦ
1109 604 1242 638 παρόντος
1264 602 1323 638 βίου
1346 603 1503 633 αίνίττεται,
1528 601 1566 633 ὼς
1589 601 1672 634 ἔοικε,
1695 600 1775 632 καλὰ,
1792 597 1834 627 ὧν

1043 650 1093 685 τὴν
1105 649 1254 677 ἀπόλαυσιν
1269 649 1319 684 ήδη
1333 649 1398 684 ἔχει·
1417 648 1463 675 διὰ
1483 648 1511 674 δὲ
1535 648 1583 683 τῆς
1597 647 1696 680 δεξιᾶς,
1713 646 1761 683 τὴν
1775 647 1832 674 τῶν

1046 695 1194 731 μελλόντων
1205 696 1234 721 ὲν
1245 694 1424 728 ἐπαγγελίαις
1436 692 1607 729 προσδοκίαν·
1619 689 1656 718 ὧν
1669 692 1719 726 τὴν
1733 691 1832 726 χρῆσιν

1044 741 1073 768 tv
1087 739 1272 774 ἐπαγγελίαις,
1286 740 1324 772 ὡς
1337 739 1472 770 λέλεκται,
1489 738 1535 765 καὶ
1548 738 1638 764 ὲλπίσι
1653 736 1834 772 προσκεῖσθαί

1046 794 1138 823 φησιν.
1153 785 1190 814 Εὖ
1203 787 1232 813 δὲ
1245 786 1293 814 καὶ
1305 786 1335 813 τὺ
1349 787 1441 820 φάναι,
1458 787 1491 820 τῇ
1506 785 1555 820 μὲν
1567 784 1642 819 δεξιᾷ
1661 783 1835 819 περιλαμεὼ

204 833 278 861 enim
296 832 440 868 praesentis
461 831 525 859 vita
547 831 630 864 bona,
645 830 822 866 quantumvis
833 830 991 866 spectabili:

1043 832 1148 865 νεσθαι,
1161 833 1194 868 τῇ
1207 832 1236 859 δὶ
1253 832 1385 868 ἀριστερᾷ
1395 831 1445 866 τὴν
1458 830 1579 865 κεφαλὴν
1593 829 1832 862 ὲπαναπαύεσθαιηο

204 882 346 913 putentur,
356 877 483 913 perfectae
489 876 588 904 animae
597 876 682 912 capiti
691 884 752 904 esse
759 877 892 912 subjecta,
900 883 995 904 neces-

204 923 307 951 sarium
342 922 530 950 tantummodo
554 929 633 950 usum
661 921 769 957 corpori
789 926 918 956 tanquam
932 929 994 949 cer-

204 970 275 997 vical
288 969 370 1005 capiti
386 968 555 996 eshihcntia.
588 969 781 996 Verumtamen
801 967 887 995 futuri
903 966 994 995 saeculi

205 1015 352 1046 bonorum,
368 1014 432 1049 quia
445 1013 538 1041 divina
549 1020 612 1041 cum
625 1013 690 1044 sint,
703 1013 850 1040 humanam
867 1015 994 1039 naturam

204 1059 350 1092 excedunt,
363 1067 411 1095 per
423 1059 595 1094 complexum
607 1058 797 1089 excellentiam
810 1057 909 1084 innuit.
927 1057 994 1084 For-

206 1109 276 1133 tasse
289 1105 370 1133 etiam
378 1104 601 1140 quandoquidem
615 1111 712 1130 manus
723 1107 833 1130 actuum
847 1106 911 1130 sunt
923 1109 995 1138 Sym-

206 1151 267 1177 bola
279 1159 286 1182 ;
297 1150 413 1178 sinistrae
422 1157 488 1177 vero
498 1157 594 1177 manus
601 1148 673 1176 actio
680 1147 831 1182 corporalia
846 1147 993 1182 signiﬁcat;

206 1195 285 1230 275
294 1196 412 1223 dexteras
419 1200 510 1222 autem
518 1195 651 1230 spiritalia
657 1201 727 1225 ,cum
735 1193 845 1220 dextera
853 1192 993 1227 potiorsit,

205 1249 350 1275 corporeas
369 1241 548 1268 necessitates
562 1239 763 1274 complectitur.
774 1238 841 1265 Nam
858 1238 928 1264 sicut
940 1246 996 1265 ma-

206 1295 258 1313 nus
271 1287 427 1321 amplexans
439 1291 467 1313 et
479 1285 605 1321 superior
612 1289 655 1312 est
667 1289 694 1312 et
704 1284 755 1311 sub
766 1284 830 1311 ulna
840 1291 897 1310 rem
912 1291 994 1318 quam

205 1330 379 1365 amplectitur
413 1330 505 1362 habet,
521 1330 557 1356 ita
579 1329 618 1357 illi
634 1329 681 1364 qui
698 1329 731 1356 ad
743 1328 841 1356 futura:
855 1329 917 1356 vitae
932 1334 994 1355 sco-

205 1383 270 1411 pum
285 1376 441 1411 diriguntur
458 1379 535 1402 actus
547 1375 698 1410 quemlibet
709 1374 834 1410 corporis
844 1373 995 1401 absurdum

205 1426 311 1449 motum
321 1421 439 1448 vinculis
460 1421 632 1454 cohibentes,
652 1421 723 1448 bene
741 1420 920 1455 compositam
933 1427 995 1447 mo-

207 1468 378 1504 rigeramque
406 1467 491 1496 vitam
527 1471 654 1500 servant;
667 1474 730 1495 cum
742 1466 840 1494 anima:
855 1466 883 1493 in
901 1465 993 1502 sponsi

204 1514 377 1548 amplexibus
399 1512 495 1548 posita:
518 1520 598 1540 nemo
615 1513 672 1548 jam
688 1512 776 1548 possit
799 1519 911 1540 nocere.

1044 879 1084 905 δεῖ
1104 878 1159 914 γὰρ
1185 878 1221 905 τὰ
1234 877 1281 905 τοῦ
1296 877 1429 912 παρόντος
1453 876 1510 912 βίου
1535 877 1589 903 κᾶν
1605 875 1673 903 πολὺ
1687 876 1833 910 νομίζηται

1043 925 1150 960 χρηστὰ
1162 925 1210 952 καὶ
1229 923 1407 961 περίϐλεπτα,
1421 922 1602 958 ὑποτετάχθαι
1614 923 1647 957 τῇ
1665 922 1769 957 κεφαλῇ
1782 921 1833 956 τῆς

1043 971 1148 1002 τελείας
1168 970 1269 1006 ψυχῆς,
1295 969 1378 1005 μόνην
1400 969 1448 1005 τὴν
1464 968 1617 1002 ἀναγκαίαν
1643 968 1737 1004 χρείαν
1762 976 1834 1003 παρ-

1045 1017 1140 1052 έχοντα
1153 1016 1193 1051 τῷ
1209 1015 1326 1050 σώματι,
1339 1015 1375 1047 ὡς
1388 1015 1419 1042 τδ
1434 1014 1651 1050 προσκεφάλαιον
1665 1014 1699 1049 τῇ
1715 1013 1832 1049 κεφαλῇ.

1044 1061 1085 1088 Τὰ
1104 1060 1133 1087 δὶ
1146 1060 1193 1087 τοῦ
1207 1059 1349 1095 μέλλοντος
1360 1058 1469 1090 αἰῶνος,
1483 1058 1577 1093 ἐπειδὴ
1587 1058 1645 1085 Θεῖα
1661 1059 1726 1084 ὄντα
1740 1058 1833 1084 ἐπάνω

1043 1107 1092 1142 τῆς
1108 1105 1280 1142 ἀνθρωπίνης
1296 1104 1431 1140 ἐφέστηκε
1453 1103 1570 1139 φύσεως,
1589 1104 1634 1131 διὰ
1654 1104 1704 1139 τῆς
1721 1103 1832 1138 περιλή-

1043 1151 1117 1187 ψεως
1141 1151 1171 1177 τὸ
1193 1151 1325 1186 ὑπερέχον
1347 1150 1467 1186 ⁴ᾐνίξατο,
1491 1149 1565 1184 Τάχα
1581 1150 1626 1182 δὲ,
1642 1149 1790 1184 ἐπειδήπερ
1802 1150 1830 1175 αι

1044 1196 1133 1232 χεῖρες
1155 1195 1280 1231 πράξεών
1301 1195 1353 1221 εἰσι
1380 1194 1524 1229 σύμϐολον·
1540 1195 1567 1222 ai
1581 1195 1608 1221 δὲ
1620 1194 1670 1229 τῆς
1685 1195 1833 1230 ἀριστερᾶς

1043 1241 1134 1277 χειρὸς
1147 1240 1260 1275 πράξεις
1281 1239 1316 1266 τὰ
1327 1239 1373 1266 τοῦ
1389 1240 1515 1275 σώματος
1539 1239 1730 1275 σημαίνουσιν,
1749 1240 1776 1265 al
1803 1239 1832 1265 δὲ

1043 1286 1093 1321 τῆς
1118 1285 1217 1318 δεξιᾶς,
1237 1285 1271 1312 τὰ
1281 1285 1330 1320 τῆς
1353 1284 1443 1320 ψυχῆς
1456 1292 1462 1299 ⁸
1477 1284 1552 1317 δεξιά
1570 1285 1635 1312 ὄντα
1656 1285 1701 1312 τὸν
1726 1284 1833 1320 ἀμείνω

1044 1331 1144 1366 κλῆρον
1157 1331 1259 1366 εῐληχε,
1275 1331 1448 1366 περιέχονται
1461 1330 1512 1362 τὰς
1526 1331 1684 1366 σωματικὰς
1698 1331 1830 1364 ἀνάγκας.

1049 1376 1094 1408 Ὠς
1109 1377 1162 1412 γὰρ
1180 1377 1197 1411 ὴ
1218 1375 1458 1411 περιλαμϐάνουσα
1472 1377 1532 1412 χεὶρ
1546 1377 1593 1403 καὶ
1608 1377 1700 1404 ὲπάνω
1713 1376 1771 1402 ἐστὶ
1786 1377 1833 1402 καὶ

1043 1422 1121 1454 ἐντὸς
1144 1422 1267 1457 ἀγκάλην
1285 1421 1341 1456 ἔχει
1360 1422 1390 1448 τὸ
1407 1422 1585 1457 περιληφθὲν,
1609 1422 1696 1454 οὕτως
1714 1423 1743 1448 al
1764 1421 1833 1457 πρὸς

1044 1467 1090 1494 τὸν
1105 1467 1205 1494 σκοπὸν
1216 1467 1266 1502 τῆς
1282 1466 1430 1502 μελλούσης
1445 1466 1517 1502 ζωῆς
1530 1466 1751 1501 ἀποτεταγμέναι
1763 1466 1833 1500 πρά-

1005 1508 1028 1539 C
1045 1512 1111 1545 ξεις,
1129 1513 1183 1539 πᾶν
1196 1512 1300 1548 κίνημα
1313 1512 1359 1539 τοῦ
1372 1512 1499 1547 σώματος
1515 1512 1612 1546 ἀλογον
1633 1511 1832 1548 περισφίγγου-

207 1566 263 1591 σαι,
291 1559 422 1586 εὔτακτον
446 1559 492 1585 καὶ
521 1559 715 1595 συνδεδεμένην
746 1558 909 1594 φυλάττουσι
937 1559 988 1594 τὴν
1011 1559 1100 1595 ζωήνο
1125 1559 1180 1586 οὐδ’
1207 1559 1268 1591 ἑνὸς
1293 1558 1481 1586 ὲπιϐουλεύειν
1512 1558 1663 1594 δυναμένου
1693 1559 1726 1594 τῇ
1752 1566 1834 1593 περι⁴

205 1606 339 1643 sqqeum
357 1607 410 1634 ὑπὸ
421 1606 468 1634 τοῦ
479 1607 597 1641 νυμφίου
612 1607 696 1643 ψυχῇ.

239 1655 316 1683 Vers.
328 1654 355 1682 9.
376 1654 513 1682 Hactenus
525 1654 559 1681 ad
574 1654 775 1689 explanandum
791 1663 824 1683 ea
835 1663 896 1690 quae
913 1662 990 1684 more

203 1700 354 1727 dramatico
369 1700 442 1727 dicta
464 1704 528 1727 sunt
542 1707 629 1734 usque
645 1700 678 1727 ad
693 1709 702 1726 ι
721 1700 780 1727 Vox
795 1704 840 1727 tua
860 1701 952 1728 suavis
965 1705 994 1728 et

204 1745 288 1772 facies
300 1749 346 1772 tua
359 1744 493 1780 speciosa.
511 1754 521 1771 ι
537 1744 650 1775 Constat
662 1748 754 1772 autem
771 1745 850 1773 Verbi
866 1753 992 1780 sponsam

203 1797 264 1818 esse
280 1790 410 1822 animam,
427 1790 456 1817 id
471 1793 513 1818 est
527 1789 632 1817 Christi
653 1790 814 1823 Ecclesium,
836 1798 897 1826 qua:
918 1791 993 1818 illius

204 1843 300 1863 vocem
323 1835 374 1863 etsi
390 1841 470 1862 antea
488 1835 654 1870 incognitam
673 1843 723 1863 ceu
746 1835 865 1863 divinam
881 1836 991 1871 excipit,

203 1881 277 1916 quod
294 1881 410 1908 facimus
423 1889 474 1908 nos
485 1881 639 1914 credentes,
654 1886 717 1908 ante
734 1881 816 1908 etiam
830 1873 910 1916 quam
925 1881 993 1917 legis

202 1935 235 1954 ac
252 1927 450 1961 prophetarum
462 1934 544 1954 voces
561 1926 786 1960 intellexerimus,
801 1926 893 1954 divina
907 1927 990 1962 gratia

203 1973 277 2008 pleni
293 1970 321 2000 εί
342 1972 474 2000 instincti.
489 1971 545 1999 Hoc
560 1970 714 2006 signiﬁcant
725 1971 809 1999 verba
819 1992 826 2005 ,
843 1981 852 1998 ‹
866 1972 922 1999 Vox
941 1979 990 2008 pa-

203 2018 298 2045 truelis
312 2018 378 2050 mei;
387 2027 395 2042 ι
407 2025 466 2052 ιιι]εὲ
478 2016 559 2045 Verbi
576 2016 610 2043 de
623 2017 770 2052 longinquo
784 2017 930 2045 adventum
945 2017 992 2044 de-

202 2063 332 2090 nuntiant
345 2072 351 2090 :
365 2062 438 2098 quod
452 2063 498 2089 illa
512 2062 608 2089 videns
621 2062 733 2097 grandia
742 2063 798 2098 jam
815 2062 927 2090 consilia
943 2070 990 2098 ag-

203 2108 289 2143 gredi,
305 2108 429 2143 quamvis
445 2115 480 2135 ne
502 2107 608 2134 minora
628 2107 737 2142 quidem
754 2107 901 2143 negligere,
924 2107 961 2135 ait
983 2116 988 2134 :

207 2163 215 2179 ι
231 2154 301 2180 Ecce
311 2153 400 2188 ipsum
410 2153 485 2180 venit
498 2152 598 2180 saliens
612 2160 694 2187 super
710 2157 825 2186 montes,
833 2153 991 2180 transiliens

203 2207 285 2235 super
297 2200 390 2227 colles.
405 2209 413 2225 ι
423 2199 475 2226 Per
489 2199 645 2226 universam
651 2207 718 2226 vero
725 2199 875 2227 orationem
884 2200 937 2227 alia
948 2199 991 2227 di-

204 2250 315 2278 cuntur,
332 2253 380 2273 ceu
396 2252 495 2280 sponso
505 2245 561 2280 jam
576 2250 726 2279 prmsente;
741 2245 864 2280 quaedam
883 2250 992 2279 autem,

203 2299 254 2319 ceu
267 2291 289 2318 si
303 2298 419 2326 sponsus
433 2297 449 2317 a
461 2297 560 2325 sponsa
573 2290 731 2324 requiratur
745 2299 751 2317 :
765 2299 883 2326 namque
897 2295 926 2319 et
942 2299 993 2319 nos

203 2336 374 2372 problemata
390 2335 490 2371 partim
507 2335 678 2371 indagamus,
695 2343 812 2372 quorum
828 2338 992 2366 solutionem

203 2382 376 2417 ignoramus;
399 2381 499 2416 partim
523 2381 594 2409 facta
617 2382 674 2418 jam
699 2382 833 2410 solutione
856 2382 989 2416 fruimur,

203 2433 303 2461 sponso
318 2425 408 2453 Verbo
431 2425 515 2453 corda
538 2430 632 2453 nostra
654 2426 815 2455 illustrante.
841 2426 944 2455 Deinde
961 2428 989 2455 in

202 2471 264 2499 allis
274 2478 370 2498 rursus
385 2471 557 2507 ambigimus,
570 2480 720 2508 rursusque
738 2473 817 2500 nobis
830 2474 966 2502 revelatur
980 2481 987 2501 ι

202 2516 285 2552 ldque
308 2524 378 2552 saepe
402 2517 510 2550 evenit,
528 2517 615 2546 donec
637 2526 736 2553 sponso
756 2518 836 2554 plene
850 2521 988 2555 petimur,

203 2570 258 2590 non
280 2563 361 2590 modo
376 2562 411 2590 ad
431 2571 482 2591 nos
497 2563 670 2597 adveniente,
691 2564 738 2592 sed
755 2564 838 2592 etiam
861 2565 888 2592 in
909 2566 989 2594 nobis

202 2613 398 2637 commorante.
424 2609 458 2636 Et
480 2609 603 2637 Ecclesia
618 2609 728 2644 quidem
750 2610 904 2644 desiderat,
923 2611 989 2639 dum

203 2654 400 2682 tentationibus
419 2654 494 2682 velut
508 2654 637 2683 derelicta
652 2656 793 2691 quatitur;
810 2655 858 2684 sed
873 2664 989 2693 sponsus

203 2699 228 2726 ei
243 2707 272 2727 se
286 2700 387 2728 revelat
401 2700 473 2728 datis
487 2700 705 2729 charismatibus.
722 2701 826 2731 Idcirco
842 2703 898 2730 ait:
915 2712 924 2728 ι
938 2702 988 2730 Hie

239 2788 262 2804 '°
276 2787 286 2815 l
303 2787 421 2816 Timoth.
437 2796 465 2822 ιι,
486 2788 512 2815 4.

1078 1654 1170 1682 Ταῦτα
1184 1655 1252 1690 πρὸς
1266 1654 1316 1691 τὴν
1333 1655 1388 1682 τῶν
1399 1654 1575 1690 δραματικιῖκ
1592 1654 1771 1690 ἐπαγομένων
1785 1662 1834 1681 σα-

1047 1700 1155 1736 φηνίαν,
1172 1701 1252 1736 μέχρι
1267 1700 1325 1734 τοῦ,
1343 1710 1352 1727 ι
1370 1701 1402 1727 Ἦ
1416 1701 1491 1737 φωνή
1505 1709 1552 1727 σου
1567 1701 1655 1736 ἡδεῖα,
1675 1700 1722 1726 καὶ
1736 1701 1753 1735 ἡ
1770 1700 1833 1734 ὄψις

1047 1754 1094 1773 σου
1102 1746 1202 1782 ὡραία.
1219 1756 1228 1772 ι
1243 1747 1298 1774 Καὶ
1310 1747 1390 1782 δῆλον
1401 1746 1439 1778 ὡς
1451 1748 1468 1782 η
1481 1746 1575 1782 νύμφη
1589 1746 1638 1772 τοῦ
1648 1746 1736 1780 Λόγου
1745 1745 1830 1780 ψυχὴ,

1046 1791 1130 1826 ἦγουν
1149 1792 1298 1828 Ἐκκλησία
1313 1792 1442 1828 Χριστοῦ,
1455 1793 1547 1827 φωνῆς
1560 1793 1625 1827 πρὶν
1635 1791 1730 1827 νοῆσαι
1746 1791 1832 1826 αὐτὴν

1046 1838 1084 1870 ὡς
1098 1838 1171 1870 Θείας
1187 1838 1426 1873 ἀντιλαμϐάνεται,
1450 1839 1518 1874 ὅπερ
1533 1838 1674 1873 πάσχομεν
1687 1839 1712 1864 οἱ
1728 1837 1830 1869 πιστοὶ,

1047 1883 1112 1919 πρὶν
1124 1884 1219 1918 νοῆσαι
1231 1884 1280 1916 τὰς
1294 1883 1409 1919 νομικὰς
1428 1884 1475 1910 καὶ
1489 1883 1661 1919 προφητικάς
1676 1883 1778 1918 φωνὰς,
1793 1882 1832 1914 ὡς

1046 1928 1121 1960 θείας
1148 1929 1258 1965 χάριτος
1282 1928 1396 1965 πλήρεις
1420 1928 1679 1965 καταπληττόμενοι.
1706 1927 1832 1955 Τοιοῦτόν

1044 1974 1102 2001 ἐστι
1117 1975 1157 2007 τὺ,
1178 1983 1187 2001 ε
1207 1975 1284 2010 Φωνὴ
1298 1975 1345 2002 τοῦ
1367 1974 1507 2010 ἀδελφιδοῦ
1523 1983 1584 2010 μου,
1600 1983 1609 2000 ι
1626 1974 1832 2010 προστεταγμέ-

1044 2028 1089 2047 νον
1100 2021 1148 2056 τῆς
1161 2021 1298 2056 μακρόθεν
1322 2021 1484 2056 ἐπιφανείας
1508 2020 1554 2047 τοῦ
1578 2019 1674 2054 Λόγου·
1693 2019 1723 2046 ὃν
1740 2018 1831 2047 ἰδοῦσα

1046 2067 1171 2102 μεγάλων
1194 2067 1378 2104 θεωρημάτων
1405 2067 1576 2103 ἀπτόμενον,
1603 2067 1672 2102 μετὰ
1695 2065 1743 2093 τοῦ
1764 2066 1831 2101 μηδὲ

1043 2113 1098 2140 τῶν
1113 2113 1289 2149 βραχυτέρων
1319 2115 1509 2149 καταφρονεῖν,
1538 2113 1635 2148 φησίν·
1666 2112 1730 2139 Ἰδοὺ
1750 2111 1830 2144 αὐτὸς

1043 2157 1105 2193 ἥκει
1121 2158 1211 2193 πηδῶν
1223 2158 1271 2185 ἐπὶ
1283 2158 1346 2194 ὅρη,
1361 2158 1531 2193 διαλλόμενος
1544 2157 1590 2184 ἐπὶ
1603 2157 1666 2188 τοὺς
1680 2155 1800 2191 βουνούς.
1818 2165 1826 2181 ι

1043 2203 1082 2229 Δι’
1095 2203 1155 2230 ὅλου
1169 2202 1198 2229 δὲ
1211 2203 1257 2230 τοῦ
1271 2203 1359 2238 λόγου,
1374 2203 1435 2230 τινὰ
1457 2203 1507 2238 μὲν
1526 2203 1564 2234 ὡς
1585 2204 1698 2239 παρόντι
1719 2203 1827 2237 λέγεται

1040 2248 1079 2284 τῷ
1105 2248 1224 2284 νυμφίῳ·
1241 2249 1301 2276 τινὰ
1321 2249 1349 2275 δὲ
1372 2247 1466 2284 ὥσπερ
1489 2249 1655 2284 ζητουμένου
1680 2249 1755 2284 παρὰ
1779 2249 1828 2284 τῆς

1041 2293 1160 2329 νύμφης
1173 2294 1235 2321 ἐπεὶ
1259 2294 1306 2321 καὶ
1327 2294 1382 2321 τῶν
1395 2294 1596 2330 προὸλημάτων
1616 2295 1683 2321 ποτε
1703 2295 1752 2330 μέν
1768 2304 1828 2322 τινα

1041 2338 1177 2374 ζητοῦμεν
1193 2339 1359 2374 ἀποροῦντες
1381 2339 1431 2374 τῆς
1443 2339 1555 2371 λύσεωςθ
1576 2339 1640 2366 ποτὲ
1661 2339 1689 2366 δὲ
1711 2339 1760 2374 τῆς
1780 2339 1827 2365 λύ-

1043 2393 1112 2417 σεως
1131 2384 1313 2421 ἀπολαύομεν,
1335 2385 1382 2412 τοῦ
1400 2385 1517 2420 νυμφίου
1535 2385 1622 2420 Λόγου
1643 2386 1829 2420 καταυγὰζον-

1041 2438 1088 2462 τος
1110 2430 1188 2466 ημῶν
1212 2430 1262 2462 τὰς
1282 2430 1405 2466 καρδίας.
1430 2427 1498 2458 Εἶτα
1518 2430 1598 2458 πάλιν
1618 2431 1776 2466 ἀποροῦμεν
1799 2434 1827 2458 tv

1042 2475 1154 2512 ἑτέροις,
1172 2476 1220 2503 καὶ
1231 2476 1312 2504 πάλιν
1325 2477 1392 2512 ἡμῖν
1409 2476 1589 2511 ἐπιφαίνεται·
1606 2477 1654 2504 κα).
1667 2477 1747 2504 τοῦτο
1763 2477 1830 2512 πολτ

1042 2521 1130 2554 λάκις,
1144 2521 1224 2557 μέχρι
1242 2519 1431 2553 τελειωθέντες
1452 2520 1500 2549 τοῦ
1519 2522 1637 2558 νυμφίου
1656 2522 1782 2558 τύχωμεν
1795 2523 1826 2549 οὐ

1039 2567 1119 2602 μόνον
1134 2567 1280 2602 ἐρχομένου
1294 2567 1361 2603 πρὸς
1379 2567 1463 2602 ἡμᾶς,
1485 2567 1552 2594 ἀλλὰ
1570 2567 1618 2593 καὶ
1639 2568 1722 2604 μονὴν
1736 2575 1828 2594 ποιου-

1039 2613 1131 2648 μένου.
1151 2613 1204 2639 Kal.
1226 2613 1243 2649 ή
1271 2612 1419 2648 Ἐκκλησία
1439 2612 1516 2639 ποθεῖ
1530 2613 1578 2648 μὲν
1598 2611 1828 2648 ὲγκαταλειπομέ-

1037 2667 1070 2694 νη
1082 2659 1138 2690 τοῖς
1152 2659 1325 2695 πειρασμοῖς,
1347 2658 1518 2694 ἐπιφαίνεται
1538 2658 1566 2685 δὲ
1588 2659 1655 2693 αὐτῇ
1673 2659 1729 2690 τοῖς
1749 2657 1829 2694 χαρί-

1040 2712 1135 2740 σμασι.
1148 2704 1193 2732 Διό
1208 2712 1301 2740 φησιν·
1321 2713 1330 2730 ι
1352 2703 1432 2737 Ἰδοὺ,
1447 2704 1540 2740 φησὶν,
1554 2701 1632 2737 οὗτος
1652 2705 1715 2740 ἥκει
1734 2705 1829 2740 πηδῶν
