1998 3062
150 143 161 169 Ι
165 140 218 168 285

654 137 864 166 FRAGMENTA
883 137 917 166 ΙΝ
936 137 1083 166 CANTICA
1102 139 1235 168 CANTIC.

1703 146 1773 175 i283

147 200 192 225 ἐπὶ
208 197 241 224 τὰ
262 197 322 232 ὖρηλ
341 206 350 222 ι
364 197 494 232 Ἔρχεται
508 196 535 223 δὲ
556 198 603 223 καὶ
618 197 663 223 ἐπὶ
676 197 711 224 τὰ
724 197 820 224 δίκτυα
839 197 873 223 τὰ
889 203 936 222 πε-

996 196 1061 224 ;οιιίι
1077 197 1177 225 saliens
1190 206 1272 234 super
1286 203 1400 227 montes.
1418 209 1427 226 ›
1440 200 1521 228 Venit
1535 203 1616 230 etiam
1632 211 1714 239 super
1727 213 1771 232 re-

147 243 270 277 τασμένα
293 243 345 269 ὑπὸ
361 243 408 269 τοῦ
425 242 543 277 πονηροῦ
560 243 674 277 πλησίον
687 243 738 278 τῆς
756 243 929 278 Ἐκκλησίας·

147 290 219 323 ἅπερ
236 287 342 322 σχίσας,
361 288 603 322 καταφρονητικῶς
622 287 711 314 αὐτῶν
730 287 880 314 ἐπιϐαίνειν
893 287 932 314 δι-

151 333 258 359 δάσκει.
270 333 309 368 Τῇ
323 333 464 368 ὑπερδάσῃ
485 333 632 368 Ἐκκλησία
646 333 734 360 πάντα
748 333 869 368 χειμῶνα
877 342 933 360 πει-

149 379 265 414 ρασμοῦ,
282 379 315 405 τὰ
338 380 439 414 σημεῖα
455 377 502 405 τοῦ
518 379 598 415 ἀέρος
613 379 760 411 δείκνυται,
778 379 826 406 καὶ
845 380 875 406 τὸ
891 380 933 414 ὲγ-

131 424 234 457 ηγιζειν
247 423 278 449 τὸ
291 422 378 458 θέρος,
397 423 461 458 περὶ
473 420 544 450 οὗ-ὲν
560 423 696 458 Ψαλμοῖς·
714 432 724 448 ‹
741 422 778 449 Τὸ
795 422 873 458 θέρος
886 423 934 449 καὶ⁷

147 469 206 502 ἔαρ.
223 478 232 494 ι
246 468 333 504 "(lqu
348 468 402 502 γὰρ
413 468 481 503 αὐτῇ
491 467 569 502 ἄνθη,
581 467 628 494 καὶ
640 468 753 503 ἤγγισεν
765 468 783 502 ἡ
800 467 934 504 παντελὴς

148 514 291 549 κάθαρσις,
306 513 402 549 καιρὸς
414 513 464 548 τῆς
479 513 565 548 τομῆς
579 512 791 548 ὀνομαζομένης.

306 569 480 596 Ἐκκύπτων
493 569 542 596 διὰ
561 569 621 597 τῶν
640 570 777 598 δικτύων.

185 627 266 658 Ἴσως
287 626 316 652 δὲ
341 626 388 652 καὶ
409 626 472 657 τοὺς
492 626 657 660 ἀποστόλους
674 627 808 663 ἐδήλωσεν
826 628 870 656 διὰ
885 626 935 664 τῆς

149 672 307 708 ἁλιευτικῆς
325 672 432 708 τέχνης.
447 672 542 700 Ταῦτα
564 674 654 700 τοίνυν
670 673 764 700 ἀκούει
786 673 834 701 τοῦ
848 674 934 708 Λόγου

149 720 166 754 ἠ
186 718 335 752 Ἐκκλησία
360 718 404 745 διὰ
426 718 480 745 τῶν
503 719 680 754 προφητικῶν
694 719 807 754 Θυρίδων
821 720 869 747 καὶ
880 719 935 747 τῶν

150 763 268 799 νομικῶν
282 763 397 790 δικτύων
419 763 552 799 δεχομένη
570 763 619 800 τὴν
630 764 680 799 τῆς
693 764 821 800 ἀληθείας
837 764 934 801 αὐγήψ

150 810 190 836 ἔτι
206 809 372 840 συνεστῶτος
385 809 432 835 τοῦ
449 809 565 836 τυπικοῦ
585 809 635 842 τῆς
648 810 821 842 διδασκαλίας
833 809 934 846 τοίχου,

150 851 196 879 τοῦ
210 853 292 887 νόμου
310 852 392 887 λέγω,
411 852 458 879 τοῦ
475 853 524 888 τὴν
548 853 627 882 σκιὰν
643 853 782 887 ποιοῦντος
796 855 850 882 τῶν
871 854 936 891 μελ-
952 874 974 902 Β

150 899 250 926 λόντων
270 898 391 932 ἀγαθῶν,
403 899 452 926 οὐκ
467 899 552 934 αὐτὴν
569 900 619 934 τὴν
637 900 729 927 εἰκόνα
743 901 795 927 τῶν
810 901 938 937 πραγμά-

149 952 202 970 των
216 944 378 975 δεικνύντος·
393 942 423 971 οὗ
447 944 534 970 ὀπίσω
555 945 642 972 στᾶσα
657 946 674 980 ἡ
697 945 809 980 ἀλήθεια
822 945 939 982 ἐχομένη

149 988 196 1014 τοῦ
209 989 291 1015 τόπου
308 988 421 1023 ὕστερον
433 988 596 1024 ἐπιλάμπει.

188 1036 222 1061 Ἢ
237 1035 284 1061 καὶ
300 1035 330 1061 τὺ
346 1034 400 1069 τῆς
415 1034 509 1072 τομῆς
529 1034 582 1070 ἔφη
603 1034 650 1061 τοῦ
672 1035 768 1070 νοητοῦ
789 1034 918 1070 θερισμοῦ
929 1042 938 1050 θ

152 1081 216 1116 περὶ
231 1076 261 1107 οὗ
274 1082 288 1107 ό
301 1081 396 1116 Σωτήρ
410 1088 502 1116 φησιν·
525 1089 534 1106 ι
561 1080 590 1107 Ὀ
607 1079 656 1115 μὲν
668 1080 797 1116 Θερισμὺς
814 1079 907 1112 πολύς.
927 1089 937 1107 ι

159 1137 210 1164 Ἑν
223 1137 322 1171 σκέπῃ
343 1136 398 1171 τῆς
417 1137 539 1171 πέτρας,
561 1137 690 1172 ἐχόμενα
713 1137 766 1164 τοῦ
791 1136 939 1171 προτειχί-

485 1179 607 1207 σματος.

197 1228 228 1254 Ἥ
251 1228 339 1264 πέτρα
359 1228 432 1254 ἐστὶν
453 1229 467 1254 ὁ
484 1228 611 1263 Χριστός·
632 1228 714 1259 αὐτὸς
735 1228 789 1264 γὰρ
805 1229 871 1264 ἡμῖν
893 1229 941 1256 καὶ

154 1275 243 1308 τεῖχος
258 1273 363 1308 γίνεται
379 1275 435 1304 τοῖς
462 1273 580 1305 πιστοῖς,
597 1273 645 1300 καὶ
667 1273 773 1309 σκέπη.
799 1274 846 1301 καὶ
867 1275 943 1300 πᾶσα

154 1319 287 1352 ἀσφάλεια
308 1319 351 1345 διὰ
367 1319 414 1345 τοῦ
438 1319 666 1354 προτειχίσματος
685 1319 836 1355 δηλουμένη
850 1328 857 1336 '
875 1319 942 1348 ἔνθα

155 1365 299 1400 γενομένη,
313 1365 392 1400 φησὶ,
410 1364 492 1400 τεύξῃ
512 1365 603 1400 πάσης
619 1365 786 1400 ἐπικουρίας.

442 1422 659 1455 Ἀπόστρεψον.

191 1480 267 1506 Αἰτεϊ
275 1479 320 1506 τὸν
328 1478 454 1514 νυμφίον,
465 1478 514 1514 τὴν
525 1477 648 1513 ἄκαρπον
659 1477 803 1512 ἀπολεϊψαι
815 1477 942 1512 Συναγω-

157 1524 225 1560 γὴν,
240 1524 286 1551 καὶ
297 1524 384 1550 ἐλθεῖν
399 1523 446 1550 ἐπὶ
461 1524 524 1555 τοὺς
539 1524 571 1550 ἐκ
585 1523 634 1558 τῆς
647 1523 740 1558 κοίλης
751 1523 799 1550 καὶ
814 1530 942 1550 τεταπει-

156 1571 281 1606 νωμένης
297 1570 380 1597 πάλαι
402 1570 449 1597 καὶ
464 1568 713 1605 είδωλολατροὺσης
728 1568 817 1604 ψυχῆς
836 1569 882 1596 ἐπὶ
899 1569 940 1596 οὺσ

159 1617 250 1652 ράνιον
266 1616 334 1651 ὕψος
347 1615 510 1647 ἀναϐάντας.

268 1673 334 1700 Ἐπὶ
347 1672 452 1705 κοίτην
464 1679 523 1706 μου
543 1669 576 1697 ἐν
594 1669 684 1702 νυξὶν
698 1669 836 1703 ἐζήτησα.

193 1718 249 1750 Τὰς
259 1718 390 1752 γυναῖκας
409 1717 493 1752 δηλοῖ,
514 1716 563 1748 τὰς
585 1715 714 1747 ἐλθούσας
729 1716 778 1751 μιᾷ
797 1714 943 1744 Σαὸὁάτων

158 1764 257 1800 ὄρθρου
273 1763 378 1799 βαθέως
390 1762 436 1789 ἐπὶ
449 1763 480 1789 τὸ
498 1761 594 1798 μνῆμα
609 1761 657 1788 τοῦ
677 1760 776 1795 Ἰησοῦ,
789 1761 836 1788 καὶ
849 1762 886 1797 μὴ
900 1762 944 1789 εὑ-

163 1810 262 1846 ρούσας
282 1809 372 1836 αὐτόν.
395 1808 433 1835 Τὸ
449 1805 506 1840 οὖν,
524 1807 570 1834 επὶ
586 1807 636 1842 τὴν
652 1806 763 1841 κοίτην,
781 1806 798 1842 ἢ
816 1807 869 1834 ἀπὸ
889 1807 944 1834 κοί-

987 243 1023 269 tia
1040 250 1055 270 a
1075 244 1146 271 malo
1158 243 1281 271 dmmone
1301 253 1433 280 expansa;
1450 254 1510 281 quae
1525 248 1581 282 ipse
1600 250 1761 285 dirumpens

986 294 1016 316 ut
1036 297 1066 316 ca
1082 290 1258 324 contemptim
1274 291 1410 318 calcemus
1425 292 1513 320 (locet.
1528 294 1655 322 Jamvero
1676 295 1772 324 Eccle-

986 335 1043 367 siae,
1058 335 1131 362 omni
1143 336 1199 370 jam
1214 337 1392 364 tentationum
1410 343 1536 376 superata
1553 341 1681 374 procella,
1697 342 1773 377 signa

986 382 1060 409 aeris
1071 382 1168 409 mutati
1179 382 1372 413 ostenduntur.
1383 387 1410 410 et
1420 384 1521 411 aestatis
1531 387 1771 421 appropinquatio;

987 426 1021 454 de
1034 434 1087 461 qua
1102 433 1132 453 re
1146 427 1174 454 in
1195 427 1309 455 Psalmis
1323 427 1426 455 dicitur
1441 437 1447 455 :
1466 439 1475 454 ι
1496 429 1586 457 Estas
1602 435 1629 458 et
1650 439 1698 458 ver
1712 432 1744 459 ".
1760 442 1769 457 ι

987 472 1080 500 Flores
1106 473 1206 508 quippe
1231 478 1434 508 apparuerunt,
1460 475 1615 503 omnimoda
1641 477 1773 504 serenitas

987 524 1072 552 prope
1090 521 1141 550 est,
1159 522 1187 545 et
1202 522 1308 553 tempus
1324 519 1397 553 quod
1413 520 1509 547 messis
1524 522 1685 556 appellatur.

1163 574 1239 601 Vers.
1251 574 1276 602 9.
1288 574 1450 610 Prospicicns
1463 585 1509 612 per
1520 578 1595 604 retia.

1022 631 1149 660 Fortasse
1164 632 1300 667 apostolos
1315 632 1448 668 signiﬁcat
1467 641 1516 669 per
1538 634 1713 669 piscatoriam
1729 643 1774 662 ιιι-ν

988 681 1053 705 tem.
1069 677 1132 705 Πεεο
1147 678 1239 712 itaque
1253 678 1330 706 audit
1343 678 1475 712 Ecclesia,
1492 687 1541 714 per
1551 680 1725 715 propheticus
1738 681 1777 707 [ε-

987 726 1094 750 ncstras
1105 722 1227 757 legisque
1239 722 1308 750 retia
1319 723 1443 750 veritatis
1457 723 1550 750 lumen
1565 724 1715 758 recipiens;
1729 725 1777 750 ad-

989 767 1044 795 huc
1056 767 1185 794 nimirum
1197 772 1322 795 manente
1336 768 1425 803 typico
1437 767 1568 796 doctrinas
1583 776 1673 800 muro,
1689 769 1776 803 legem

989 813 1060 846 dico,
1077 813 1124 848 qui
1140 813 1233 841 futura
1249 813 1319 841 bona
1336 814 1527 847 adumbrabat,
1550 822 1606 842 non
1623 814 1708 849 ipsam
1732 822 1777 841 re-

989 867 1050 886 rum
1063 859 1207 887 veritatem
1222 860 1407 892 monstrabat;
1425 864 1486 895 post
1501 867 1582 895 quem
1600 863 1690 887 tamen
1709 867 1775 887 con-

989 905 1089 933 sistens
1101 905 1158 933 veri
1164 911 1213 938 tas,
1230 905 1359 940 deinceps
1373 905 1516 933 illucescit.

1024 995 1102 1023 Vers.
1119 995 1162 1022 l2.
1179 995 1226 1023 Vel
1242 997 1363 1023 sectionis
1379 995 1512 1024 vocabulo
1529 995 1641 1024 denotat
1663 995 1776 1031 spirita-

989 1040 1041 1067 lem
1056 1048 1183 1073 messem,
1198 1039 1231 1068 de
1250 1048 1303 1075 qua
1321 1040 1444 1068 Salvator
1455 1041 1493 1068 ait
1507 1050 1513 1068 :
1531 1051 1540 1067 ι
1558 1041 1652 1069 Messis
1666 1042 1776 1076 quidem

989 1086 1074 1113 multa
1088 1085 1120 1112 “.
1139 1095 1148 1111 ›

989 1142 1067 1170 Vers.
1091 1142 1135 1169 14.
1159 1141 1192 1169 In
1212 1145 1294 1177 petrw
1319 1146 1478 1177 tegumenta,
1497 1143 1578 1177 juxta
1601 1143 1776 1170 antemurale.

1024 1229 1106 1256 Petra
1117 1229 1243 1256 Christus
1257 1232 1300 1256 est
1313 1229 1351 1262 °’;
1367 1237 1423 1264 Ipse
1436 1229 1515 1256 nobis
1530 1229 1705 1257 credentibus
1716 1237 1777 1257 mu-

991 1281 1038 1301 rus
1052 1277 1094 1301 est
1107 1278 1135 1300 et
1149 1278 1286 1308 tegumen,
1301 1278 1330 1301 et
1343 1274 1499 1301 omnimoda
1516 1275 1610 1308 tutela,
1628 1283 1689 1309 qua).
1700 1279 1777 1302 ante-

990 1319 1088 1346 murali
1099 1319 1258 1352 denotatur;
1272 1327 1326 1355 quo
1336 1327 1398 1347 cum
1412 1321 1580 1355 perveneris,
1595 1321 1693 1355 inquit,
1704 1321 1779 1348 omni

990 1365 1119 1400 praesidio
1135 1365 1240 1392 munita
1255 1366 1320 1392 eris.

1236 1421 1314 1449 Vers.
1328 1421 1372 1448 17.
1384 1421 1532 1448 Reuertere.

1027 1477 1115 1512 Rogat
1131 1483 1261 1511 sponsum
1285 1480 1326 1509 ut,
1346 1476 1431 1504 sterili
1456 1476 1596 1512 Synagoga
1619 1476 1723 1509 relicta,
1745 1477 1780 1504 ad

992 1522 1054 1550 illos
1068 1521 1160 1550 veniat
1173 1522 1219 1556 qui
1234 1529 1267 1549 ex
1283 1521 1412 1556 depresso
1429 1522 1581 1557 humilique
1599 1522 1665 1550 olim
1679 1526 1706 1550 et
1720 1522 1780 1549 ido—

992 1568 1115 1595 lolatrieo
1124 1568 1216 1595 animo
1229 1567 1263 1595 ad
1271 1567 1410 1596 cmlestem
1421 1567 1593 1596 altitudinem
1604 1575 1782 1596 consurrexe-

993 1617 1068 1641 runt.

1080 1670 1125 1703 lll,
1142 1671 1166 1697 1.
1183 1670 1215 1698 In
1235 1670 1313 1697 cubili
1336 1679 1393 1697 meo
1409 1677 1454 1706 per
1471 1675 1558 1698 noctes
1575 1672 1692 1706 quwsivi.

1028 1717 1154 1744 Mulieres
1176 1716 1296 1748 denotat,
1312 1724 1373 1751 quae
1393 1716 1512 1744 Sabbato
1526 1720 1660 1744 venerunt
1675 1723 1781 1744 summa

994 1771 1073 1790 mane
1084 1763 1117 1790 ad
1130 1763 1194 1791 Jesu
1207 1763 1374 1798 sepulcrum.
1390 1769 1480 1797 neque
1493 1769 1556 1789 eum
1571 1761 1736 1789 invenerunt
1748 1762 1783 1788 “.

994 1810 1023 1837 In
1037 1809 1120 1836 cubili
1133 1809 1226 1844 igitur,
1239 1809 1282 1836 vel
1293 1816 1308 1836 e
1318 1808 1418 1841 cubili;
1431 1808 1474 1836 vel
1489 1808 1580 1835 cubile
1594 1815 1673 1835 suum
1687 1813 1781 1842 appet-

159 1865 210 1892 της
228 1855 320 1890 φησὶν,
344 1854 470 1890 ῆκοίτην
485 1854 583 1888 ἑαυτῆς
604 1852 634 1879 τὺ
659 1851 706 1878 τοῦ
731 1852 833 1886 Κυρίου
851 1853 940 1889 μνῆμα

996 1856 1033 1883 lat
1051 1855 1159 1883 Domini
1183 1855 1351 1889 sepulcrum,
1369 1858 1504 1889 quatenus
1520 1859 1570 1880 nos
1586 1853 1612 1880 ei
1629 1852 1782 1887 consepulti

161 1903 248 1934 καλεῖ,
268 1901 328 1928 καθ’
346 1900 360 1927 ὃ
379 1899 590 1934 συνθατπόμεθα
605 1897 689 1932 αὐτῷ.
712 1897 781 1924 Ἀλλ’
796 1898 846 1933 οὐχ
867 1896 940 1935 εὗρεν

996 1909 1090 1929 sumus
1104 1902 1137 1928 “.
1155 1901 1208 1928 Sed
1225 1909 1278 1928 non
1298 1901 1414 1933 invenit,
1431 1900 1485 1927 imo
1499 1899 1586 1927 audiit
1605 1908 1612 1925 :
1636 1908 1645 1924 ι
1667 1899 1727 1926 Non
1740 1902 1782 1925 est

162 1947 254 1978 αὐτὸν,
267 1945 420 1973 ἀκούσασα·
440 1954 449 1970 ι
462 1945 519 1972 Οίικ
528 1944 602 1970 ἔστιν
612 1941 672 1970 ὧδε·
682 1947 786 1983 ἠγέρθη
800 1947 880 1980 γάρ.»
892 1945 940 1972 Καὶ

996 1947 1051 1979 hic,
1068 1947 1215 1974 resurrexit
1229 1947 1302 1974 enim
1316 1947 1347 1973 “.
1364 1956 1373 1971 ι
1388 1946 1608 1979 iuvenci-umque
1619 1951 1678 1971 eam
1691 1948 1783 1971 custo—

162 1991 240 2028 εῦρον
264 1992 349 2027 αὐτὴν
365 1991 390 2017 οἱ
418 1991 566 2026 τηροῦντες
582 1992 692 2027 ἄγγελοι
702 2013 710 2025 ,
725 1993 772 2025 οὓς
787 1994 833 2020 καὶ
846 1993 940 2028 ὲρωτᾷι

996 1993 1043 2020 des
1058 1993 1157 2027 angeli,
1173 2000 1242 2026 quos
1257 1992 1338 2019 etiam
1350 1992 1500 2026 interrogat
1513 1999 1519 2017 ε
1540 2000 1548 2015 ι
1560 1989 1676 2018 Ubinam
1687 1989 1780 2016 Domi-

165 2049 175 2066 ι
195 2039 250 2066 Ποῦ
271 2038 412 2064 τεθείκατε
437 2037 482 2064 τὸν
502 2037 618 2074 Κύριονς
640 2047 650 2064 ι
678 2039 757 2066 Ἀλλὰ
775 2038 940 2074 παρελθούσγ

996 2046 1062 2065 num
1071 2038 1201 2072 posuistis
1212 2037 1252 2064 67?
1267 2047 1275 2063 ι
1289 2037 1357 2064 Tum
1367 2044 1432 2064 vero
1447 2039 1646 2071 praetergressus
1659 2042 1726 2070 quos
1739 2035 1781 2061 in-

163 2086 224 2116 τοὺς
248 2083 452 2120 ἐρωτηθέντος,
478 2083 619 2118 ὑπήντησε
632 2084 718 2119 λέγων
734 2092 741 2098 ·
762 2095 772 2111 ι
790 2085 916 2120 Χαίρετε.
933 2095 940 2111 ι

997 2086 1183 2118 terrogaverat
1208 2083 1335 2118 angelos,
1360 2082 1481 2110 occurrit
1503 2080 1635 2109 Dominus
1658 2079 1751 2107 dicens
1774 2089 1781 2107 τ

163 2130 208 2157 Διό
219 2138 300 2164 φησιν
311 2129 348 2161 ὡς
369 2127 465 2164 μικρὸν
479 2129 617 2165 παρῆλθον
633 2131 680 2158 ἀπ’
690 2130 779 2158 αὐτῶν
795 2130 847 2162 ἕως
858 2128 945 2166 εὗρον,

164 2175 210 2202 καὶ
228 2175 279 2201 οὐκ
303 2174 400 2208 ἀφήσω
423 2173 512 2201 αὐτόν.
532 2174 681 2210 Ἐκράτησε
700 2175 754 2212 γὰρ
773 2173 850 2208 οὗτος
865 2176 946 2208 πόδας

163 2218 257 2252 αὑτοῦ,
272 2218 321 2245 καὶ
335 2218 444 2253 ἤκουσε·
466 2227 475 2244 ι
486 2219 531 2253 Μή
548 2227 599 2254 μου
613 2219 709 2246 ἅπτου.
727 2229 737 2246 ›
754 2217 834 2246 Οἷκον
849 2220 877 2247 δὲ
897 2228 948 2255 μη-

163 2264 226 2300 τρὸς
241 2264 290 2298 τὴν
307 2263 465 2299 συναγωγὴν
482 2263 638 2291 ἀποστόλων
662 2265 748 2300 φησι,
769 2266 808 2297 είς
821 2265 855 2301 ἢν
870 2264 949 2292 ἀπελ-

164 2308 247 2336 θοῦσα
255 2308 444 2343 εὖαγγελίζετο
459 2307 506 2335 τοῦ
520 2307 639 2344 Χριστοῦ
653 2309 702 2345 τὴν
718 2309 876 2336 ἀνάστασιν.

270 2364 473 2401 Τεθυμιαμένη
485 2366 624 2400 σμύρναν
637 2365 686 2393 καὶ
697 2366 832 2394 λίϐανον.

197 2411 310 2447 Σμύρνα
325 2412 385 2448 μὲν,
408 2411 453 2439 ὅτε
476 2411 658 2440 συντέθαπτιι
681 2412 727 2440 διὰ
745 2412 792 2440 τοῦ
818 2413 946 2441 λιϐάνουο

1001 2139 1010 2155 ι
1026 2129 1147 2157 Gaudete
1161 2129 1194 2156 ⁸⁸.
1211 2139 1220 2155 ι
1235 2129 1383 2164 Propterea
1395 2128 1462 2156 dicit
1475 2148 1481 2154 .
1496 2127 1637 2162 Paulisper
1652 2126 1686 2154 ab
1699 2126 1732 2153 iis
1743 2127 1784 2153 di-

997 2183 1090 2211 gressa
1099 2175 1188 2202 inveni
1200 2175 1287 2207 illum,
1299 2182 1380 2209 quem
1390 2174 1444 2209 jam
1458 2181 1512 2200 non
1522 2173 1666 2200 dimittam.
1678 2171 1783 2206 Reapse

999 2220 1082 2256 pedes
1098 2220 1158 2255 ejus
1180 2220 1279 2255 attigit,
1303 2219 1444 2254 audiitque
1459 2227 1465 2245 :
1483 2228 1491 2244 ι
1504 2217 1543 2246 Ne
1559 2225 1602 2245 me
1619 2222 1712 2252 tangas
1723 2217 1754 2243 ⁶’.
1770 2226 1781 2242 1

996 2266 1112 2293 Domum
1122 2264 1239 2299 denique
1249 2264 1344 2291 matris
1354 2263 1421 2291 dicit
1433 2263 1616 2298 apostolorum
1629 2266 1740 2293 coetum,
1750 2258 1783 2288 ad
1798 2292 1801 2295 _

996 2318 1077 2345 quem
1089 2309 1209 2345 profecta
1224 2307 1325 2336 Christi
1339 2307 1567 2336 resurrectionem
1581 2305 1729 2333 nuntiavit.

1066 2366 1144 2395 Vers.
1158 2366 1184 2394 6.
1202 2365 1284 2401 276
1296 2364 1404 2401 Myrrha
1418 2369 1442 2392 et
1459 2365 1533 2392 thure
1546 2363 1711 2397 odorificata.

1032 2413 1140 2449 Myrrha
1154 2413 1234 2440 thure
1247 2413 1338 2445 mista,
1356 2419 1417 2447 quae
1431 2411 1457 2439 ei
1474 2409 1631 2446 sepeliendo
1646 2412 1689 2437 est
1701 2406 1781 2436 adhi-

162 2456 270 2489 λίϐανος
291 2457 330 2491 δὲ,
347 2458 392 2485 ἅτε
413 2457 583 2490 συναναστὰς
603 2457 679 2494 αὐτῷ
698 2457 882 2495 κεκοινώνηκε
897 2459 940 2495 τῆς

996 2455 1068 2493 bita;
1082 2460 1146 2488 thus
1161 2463 1269 2492 autem,
1291 2459 1355 2494 quia
1377 2458 1424 2494 qui
1439 2466 1502 2486 cum
1518 2457 1628 2485 Christo
1647 2455 1781 2491 resurgit,

163 2501 290 2538 θεότητος
301 2502 395 2532 αὑτοῦ.
417 2504 473 2531 Καὶ
494 2503 526 2532 οὐ
542 2504 634 2540 μόνοις
647 2504 752 2537 τούτοις
770 2505 788 2541 ἡ
800 2504 940 2541 ικκλησια-

996 2504 1168 2533 divinitatem
1186 2505 1247 2540 ejus
1261 2504 1416 2540 participat.
1432 2503 1526 2538 Neque
1546 2502 1590 2530 his
1611 2505 1717 2529 tantum
1732 2507 1781 2528 ec-

164 2545 244 2581 στικὴ
258 2546 438 2582 τεθυμίασται
450 2548 534 2584 ψυχὴ,
544 2548 669 2576 ἀλλὰκαὶ
681 2549 814 2582 ποικίλοις
821 2549 940 2584 γνώσεως

996 2548 1147 2579 clesiastica
1164 2551 1255 2578 anima
1271 2550 1348 2585 quasi
1367 2549 1553 2577 odoramentis
1574 2547 1717 2579 inbuitur.
1732 2550 1780 2573 ve-

163 2591 350 2628 θεωρήμασιν.
375 2594 404 2620 '0
419 2593 473 2629 γὰρ
487 2595 579 2630 ἄκρως
599 2594 712 2630 διαιρῶν
734 2595 781 2622 καὶ
800 2596 880 2632 μέχρι
899 2595 940 2623 τσῖ

996 2603 1058 2624 rum
1074 2596 1157 2624 etiam
1172 2596 1257 2624 variis
1271 2595 1392 2624 scientia
1404 2593 1645 2629 speculationibus.
1655 2591 1723 2619 Nam
1732 2589 1782 2626 qui

162 2637 290 2672 τυχόντος
306 2637 412 2669 λεπτῶς
430 2638 549 2674 ἐρευνῶν
567 2639 601 2667 τὰ
619 2639 780 2675 πράγματα,
798 2640 897 2675 λέγοιτ’
912 2640 940 2668 ἂι

999 2646 1124 2669 accurate
1147 2640 1287 2674 discernit,
1304 2645 1332 2668 et
1356 2647 1442 2675 usque
1462 2639 1495 2666 ad
1515 2644 1652 2666 summum
1675 2635 1781 2670 apicem

165 2682 285 2717 μυρεψός
301 2691 359 2714 πως
378 2680 457 2715 εἶναι,
476 2684 613 2711 λεπτύνων
637 2686 684 2711 καὶ
709 2687 749 2717 εἰς
771 2686 844 2712 κόνιν
871 2687 940 2721 ἄγων

998 2695 1043 2715 res
1062 2692 1210 2719 scrutatur,
1228 2687 1335 2714 dicetur
1351 2685 1435 2714 veluti
1459 2682 1656 2719 unguentarius
1671 2679 1781 2715 aliquis,

164 2727 252 2754 πάντα
266 2727 301 2754 τὰ
314 2728 362 2763 τῆς
379 2729 493 2762 εὐωδίας
505 2729 597 2764 λόγια·
610 2730 627 2756 ἃ
640 2730 687 2757 νῦν
700 2731 716 2766 ἡ
730 2731 822 2767 νύμφη
837 2732 940 2765 λέγεται

998 2741 1093 2761 omnes
1107 2738 1251 2761 conterens
1264 2733 1329 2760 etin
1340 2732 1479 2767 pulverem
1497 2730 1623 2765 redigens
1638 2727 1701 2755 boni
1712 2725 1781 2753 odo-

196 2803 219 2843 ⁸ξ
232 2804 302 2831 Psal.
315 2812 405 2843 Lxxtu,
424 2805 468 2843 ΠΖ
486 2805 526 2843 __"
540 2805 634 2843 Matth.
651 2814 687 2838 ix,
707 2807 750 2843 57.
789 2809 810 2824 ⁸³
825 2808 832 2835 l
845 2808 908 2835 Cor.
929 2817 940 2835 ι

996 2829 998 2834 ν
1036 2810 1058 2826 ⁸⁵
1071 2810 1136 2838 Luc.
1150 2818 1220 2843 XXIV,
1236 2810 1261 2837 l.
1301 2810 1322 2826 θ’
1339 2809 1418 2838 Rom.
1433 2816 1469 2842 vt,
1483 2809 1510 2836 4.
1551 2808 1572 2825 ⁸⁸
1584 2808 1651 2836 Luc.
1668 2815 1738 2842 utr,
1752 2806 1779 2835 ο.

164 2838 187 2854 "’
205 2839 283 2867 Joau.
304 2847 349 2872 xx,
367 2840 410 2867 i5.
447 2839 469 2856 ⁸⁸
486 2840 581 2868 Matth.
603 2849 695 2874 xxvui,
717 2842 743 2869 9.
782 2843 804 2859 ⁸³
824 2843 905 2871 Joan.
921 2838 966 2877 xit,
987 2844 1030 2872 17.
