1998 3062
224 132 292 162 1287

722 131 748 159 S.
771 132 907 160 CYRILLI
926 131 1160 159 ALEXANDRINI
1181 130 1339 158 ARClitEP.

1784 129 1855 158 i583

223 190 261 217 ris
277 190 432 222 doctrinas;
450 189 549 224 quibus
565 196 637 215 nunc
652 196 751 224 sponsa
766 189 924 216 odoriiicata
942 189 1003 215 dici-

1063 188 1254 222 τεθυμιᾶσθαι.
1274 187 1350 221 Τάχα
1370 186 1396 212 δὲ
1414 187 1460 212 καὶ
1479 187 1496 211 τε
1512 185 1549 220 μὴ
1566 185 1634 212 κατὰ
1653 186 1742 221 σάρκα
1766 185 1854 220 βιοὺς,

223 240 276 262 tur.
288 236 413 263 Fortasse
425 240 452 262 ct
467 235 512 262 ille
522 235 569 269 qui
583 242 637 261 non
649 235 801 261 secundum
812 242 921 261 carnem
934 234 1010 265 vivit,

221 282 268 309 scd
284 282 435 309 secundum
450 281 588 316 spiritum,
602 281 684 308 corde
700 288 755 307 non
767 281 925 313 incrassato,
937 280 1012 307 varia

219 330 249 354 ιιι
271 328 414 363 omnigena
447 331 606 354 conservata
628 326 827 358 suaveolentia,
857 326 958 353 bonum
978 334 1011 353 ex

220 373 349 400 omnibus
367 373 456 401 reddit
473 373 585 400 odorem
602 372 705 404 herbis,
723 380 783 407 qum
795 380 868 400 nunc
886 380 1009 408 unguen—

220 419 284 445 tarii
297 419 479 454 appellantur.
496 419 572 445 Dicet
587 419 651 445 item
669 419 777 453 aliquis,
794 423 913 446 sanctam
927 424 955 446 et
965 427 1009 447 ec-

219 465 399 492 clesiasticam
411 465 540 495 animam,
555 463 637 491 ﬁliam
651 465 715 492 olim
730 465 785 491 Deo
795 465 964 497 destitutam,
976 465 1010 493 de

221 510 344 544 gentium
368 517 513 544 synagoga,
538 509 564 536 id
587 515 630 536 est
651 510 685 537 de
711 510 821 537 deserto
844 511 1008 544 ascendere;

218 555 400 589 dogmatibus,
418 555 520 586 verbis,
539 555 701 590 artibusque
719 556 836 588 omissis,
852 557 907 584 Deo
923 557 1008 584 desti—

218 600 300 632 tutis,
319 605 346 627 et
364 600 397 627 ad
419 600 464 627 illa
482 609 541 636 qum
557 606 621 628 sunt
644 602 692 628 Dci
709 602 903 629 conscendere.

253 645 329 672 Vers.
345 645 387 673 10.
405 646 472 673 Auri
487 647 620 674 vocabulo
642 648 792 682 spiritalem
815 649 940 682 copulam
959 648 1008 675 de-

215 682 305 717 notari
323 695 459 726 putemus,
477 700 537 726 quae
561 692 682 727 pretiosa
697 698 739 720 est
760 701 792 721 ac
809 694 910 721 divina.
924 694 1007 721 Nam-

215 743 268 769 que
285 741 312 763 et
327 736 354 763 in
376 737 484 764 deserto
502 746 592 764 aream
615 738 689 765 intus
704 738 826 774 forisque
843 747 940 772 aurum
965 744 1007 766 te-

215 781 296 815 gebat
316 781 351 808 ob
371 782 419 809 Dei
442 790 504 809 cum
527 784 638 810 homine
660 784 769 812 unionis
793 785 1006 813 demonstratio-

215 834 278 853 nem
293 826 326 853 ".
346 827 431 855 Porro
452 835 573 863 purpura
595 830 634 856 illi
653 830 795 856 hominum
818 839 932 858 numero
955 831 1007 858 im-

1063 234 1131 260 ἀλλὰ
1144 233 1214 260 κατὰ
1230 233 1348 267 πνεῦμα,
1363 232 1494 267 μηδαμῶς
1509 231 1656 265 παχυνθεὶς
1670 231 1854 266 τὴνκαρεῖαν.

1062 279 1092 305 τὸ
1116 279 1236 306 ποικίλον
1264 279 1310 305 καὶ
1337 277 1508 304 παντοδαπὸν
1532 277 1618 308 σῶζον
1646 277 1696 312 τῆς
1726 277 1855 309 εὐωδίας,

1063 324 1176 351 εὐωδίαν
1191 324 1246 350 ἀπὸ
1263 324 1372 350 πάντων
1395 324 1466 349 ποιεῖ
1484 322 1538 349 τῶν
1555 322 1603 349 νῦν
1620 323 1706 354 οὕτως
1722 322 1856 357 ὀνομαζο-

1064 370 1154 405 μένων
1174 369 1320 404 κονιορτῶν
1347 368 1480 404 μυρεψοῦ.
1499 368 1581 402 Λέγοι
1598 368 1620 394 δ’
1636 367 1668 394 ἄν
1691 377 1733 399 τις
1751 368 1798 394 καὶ
1815 367 1855 398 dt;

1061 417 1078 452 ὴ
1090 416 1156 450 ἁγία
1173 416 1219 442 καὶ
1234 415 1449 450 ἑκκλησιαστικὴ
1463 414 1548 449 ψυχὴ,
1561 414 1592 440 τὸ
1603 414 1698 441 τέκνον
1709 414 1773 440 ποτὲ
1787 414 1855 449 ἕρη-

1063 470 1113 497 μον
1127 461 1205 493 Θεοῦ,
1226 461 1280 487 ἀπὸ
1301 460 1463 495 συναγωγῆς
1483 459 1568 486 ἐθνῶν
1583 460 1722 487 ἀναῦαὶνει
1733 460 1787 486 ἀπὸ
1799 468 1852 494 της

1061 508 1164 542 ἐρήμου
1178 515 1184 520 ”
1205 506 1392 533 καταλιποῦσα
1413 506 1463 540 μὲν
1483 505 1606 541 δόγματα
1622 506 1669 533 καὶ
1682 506 1777 540 λόγους
1803 506 1853 532 καὶ

1061 552 1187 588 πράξεις,
1203 552 1238 579 τὰ
1260 553 1351 588 ἔρημα
1370 551 1449 584 Θεοῦ,
1477 552 1659 580 ἀναϐαίνουσα
1682 553 1728 579 ὲπὶ
1744 552 1779 579 τὰ
1801 552 1850 579 τοῦ

1060 599 1139 625 Θεοῦ.

1101 645 1133 671 'H
1156 645 1329 679 πνευματικὴ
1345 644 1373 671 δὲ
1387 644 1519 679 συνάφεια
1541 644 1653 671 νοείσθω
1672 645 1812 679 χρυσίον,
1833 645 1850 679 ἡ

1059 690 1138 726 τιμία
1152 691 1199 716 καὶ
1213 690 1284 717 θεία.
1304 690 1360 716 Καὶ
1373 690 1423 725 τὴν
1436 690 1506 716 κατὰ
1521 689 1570 725 τὴν
1581 690 1683 725 ἔρημον
1699 690 1752 724 γὰρ
1765 689 1851 715 κιΰω-

1058 737 1103 763 τὸν
1120 737 1220 763 ἔσωθεν
1235 737 1281 762 καὶ
1296 736 1405 768 ἔξωθεν,
1424 736 1534 771 χρυσίον
1548 735 1697 771 ὑπήλειςεν
1709 737 1747 767 εἰς
1761 736 1852 770 ἐμφά-

1059 791 1132 809 νειαν
1145 783 1195 818 τῆς
1215 782 1290 814 θείας
1306 782 1429 813 ἐνώσεως
1445 782 1493 816 (1).
1513 781 1663 808 Ἐπιόαίνει
1678 781 1705 807 δὲ
1721 781 1850 816 πορφύρα

1057 828 1097 864 τῷ
1112 827 1209 861 πλήθει
1222 827 1276 854 τῶν
1292 828 1331 859 εὶς
1350 827 1488 862 βασιλεῖαν
1508 827 1674 862 κληθέντων.
1696 826 1781 853 Ἐπᾶν
1817 827 1846 853 δέ

216 873 339 906 ponitur,
353 873 399 908 qui
419 874 451 900 ad
467 882 580 909 regnum
603 881 745 903 vocantur.
756 875 824 903 Cum
842 880 932 903 autem
946 876 1003 911 quis

1059 882 1101 905 τις
1121 874 1265 909 πιστεύσῃ,
1281 873 1388 908 δέχεται
1409 874 1442 908 τῇ
1468 873 1567 908 καρδίᾳ
1591 872 1721 908 Χριστὸν,
1744 873 1773 904 ’ός
1789 874 1849 899 ἐστι

212 917 311 949 credit,
326 921 382 944 tum
394 918 533 946 Christum
549 920 631 947 corde
649 921 757 956 recipit,
773 921 819 956 qui
834 926 875 949 est
887 922 1005 956 pretiosa

213 963 369 998 margarita.
385 964 438 992 Sed
460 970 487 992 et
501 967 691 1001 gestatorium,
708 967 807 1002 inquit,
825 968 877 994 sibi
892 968 957 995 fecit
971 977 1005 995 ex

212 1007 320 1036 ﬁliabus
332 1009 483 1038 Jerusalem
502 1019 616 1046 propter
630 1013 716 1040 solam
732 1013 893 1041 charitatem
907 1023 913 1040 :
933 1024 941 1039 ι
959 1014 1005 1042 Sic

212 1054 287 1080 enim
307 1055 380 1082 Deus
403 1055 498 1083 dilexit
520 1057 665 1090 mundum,
684 1064 713 1085 ut
729 1058 828 1086 Filium
845 1067 925 1086 suum
941 1061 1003 1087 uni-

211 1100 334 1134 genitum
351 1101 473 1134 miserit,
493 1107 524 1129 ut
540 1102 630 1130 onmis
642 1104 689 1138 qui
706 1104 800 1131 credet
821 1105 848 1132 in
870 1113 933 1132 eum
948 1113 1004 1133 non

211 1151 315 1181 pereat,
332 1148 379 1175 sed
392 1148 492 1176 habeat
506 1149 589 1176 vitam
605 1153 734 1177 aeternam
747 1151 777 1176 ⁷¹.
802 1161 811 1177 ›

247 1192 325 1218 Vers.
339 1193 382 1219 Η.
397 1194 517 1220 Ecclesia
531 1194 564 1221 de
578 1195 706 1229 gentibus
721 1196 836 1223 conflata
850 1196 917 1224 dicit
931 1197 1001 1225 hoc:

215 1245 224 1260 ε
242 1236 410 1270 Egredimini
425 1242 453 1265 et
466 1239 565 1266 videte.
585 1249 594 1264 ι
612 1240 688 1266 Diem
703 1248 769 1268 vero
784 1242 1003 1276 desponsationis

211 1283 328 1316 appellat
345 1283 416 1311 diem
432 1284 579 1318 passionis,
596 1293 651 1320 quo
671 1286 724 1313 sibi
743 1287 887 1322 despondit
907 1288 1002 1316 Eccle-

210 1328 278 1355 siam
298 1329 430 1364 sanguine
448 1338 497 1357 suo
516 1331 548 1356 ⁷¹.

244 1373 306 1400 CAP.
322 1381 358 1404 tv,
382 1374 405 1400 Ι.
427 1374 612 1402 Taciturnitas
634 1376 693 1411 ejus
708 1376 842 1411 signiﬁcat
864 1378 1000 1405 omnimo-

210 1418 271 1445 dam
287 1419 483 1453 obedientiam,
501 1421 578 1456 juxta
595 1421 680 1448 illud:
701 1431 710 1446 ε
732 1422 802 1449 Tace
823 1427 851 1450 et
871 1423 944 1457 audi,
960 1424 1000 1451 ls-

211 1464 266 1490 rael
284 1465 316 1491 ⁷³.
336 1474 346 1490 ι

245 1510 293 1538 Vel
307 1510 363 1537 duo
378 1511 486 1538 hinnuli
502 1516 567 1539 sunt
583 1513 686 1539 morale
700 1518 728 1540 et
743 1513 926 1547 dogmaticum
941 1523 999 1543 ma-

209 1555 362 1590 gisterium,
381 1557 436 1584 duo
459 1558 565 1585 scilicet
587 1566 693 1592 sponsa:
717 1559 810 1591 ubera,
828 1560 928 1594 quibus
948 1569 1000 1588 nu-

210 1601 268 1627 triti
294 1607 424 1636 peracute
449 1603 535 1630 Deum
556 1608 682 1630 cernunt.
716 1604 800 1631 Nares
823 1609 914 1632 autem
935 1605 1003 1633 dicit

209 1647 366 1681 apostolicae
385 1652 412 1675 et
429 1649 593 1684 evangelica:
613 1649 746 1676 doctrinae
768 1651 1000 1684 suaveolentiam,

209 1700 263 1727 qua
278 1700 365 1728 usque
382 1694 414 1720 ad
431 1695 694 1722 consummationem
712 1696 859 1730 pascimur.

362 1750 439 1777 Vers.
453 1750 479 1777 8.
495 1750 559 1777 Veni
571 1751 603 1777 de
614 1751 727 1783 Libano,
740 1760 845 1788 sponsa.
888 1766 891 1769 -

245 1805 330 1832 Docet
346 1813 396 1832 nos
414 1806 485 1833 unde
503 1814 603 1840 sponsa
620 1807 666 1839 sit,
682 1812 710 1834 ct
730 1807 803 1842 quod
818 1816 851 1835 ex
866 1808 1001 1836 idolorum

210 1851 286 1878 cultu
305 1851 405 1878 veniat.
431 1851 513 1878 ldolis
527 1851 601 1879 enim
623 1852 742 1880 refertus
763 1853 884 1882 Libanus
904 1861 1000 1888 mons;

210 1897 283 1924 unde
294 1898 397 1928 venies,
415 1897 512 1932 inquit,
529 1896 634 1933 perque
650 1898 736 1933 legem
750 1900 904 1934 transilies;
921 1901 1002 1937 cujus

209 1943 315 1979 ignara,
328 1943 428 1970 Christi
442 1943 603 1979 mysterium
619 1944 716 1972 edocta
731 1952 770 1972 es.

262 2043 340 2071 Vers.
356 2042 382 2070 9.
399 2042 450 2070 Cor
463 2043 567 2078 effecisti
581 2042 664 2074 nobis,
679 2050 754 2069 soror
769 2050 825 2069 mea
841 2051 946 2078 sponsa.

245 2099 347 2134 Nempe
364 2098 403 2126 tui
416 2098 552 2126 desiderio
565 2106 616 2125 nos
631 2098 814 2131 inﬂammasti,
829 2106 883 2126 uno
895 2099 1001 2126 confes-

209 2144 295 2171 sionis
307 2144 402 2177 verbo,
416 2143 489 2179 quod
505 2148 579 2170 recte
595 2143 727 2176 habuisti,
742 2144 922 2172 interioribus
935 2153 1000 2172 ocu-

210 2191 244 2217 lis
255 2190 308 2217 tuis
318 2189 463 2224 aspiciens.
477 2189 605 2223 Subjccta
615 2189 688 2215 enim
701 2189 762 2216 colli
775 2190 813 2216 tui
827 2195 997 2222 ornamento,

1056 919 1146 953 τίμιος
1162 919 1345 954 μαργαρίτης.
1367 919 1446 945 Ἀλλὰ
1460 920 1507 945 καὶ
1524 919 1554 945 τὸ
1571 920 1690 954 φορεῖον,
1709 918 1803 954 φησὶν,
1816 919 1849 944 ἐκ

1055 964 1110 990 τῶν
1120 963 1219 998 θυγατέ
1225 973 1279 1000 ρων
1290 964 1437 999 πεποίηται
1454 965 1503 999 τῆς
1519 964 1695 1000 Ἰερουσαλὴμ
1706 965 1749 991 διὰ
1761 965 1848 999 μόνην

1055 1010 1166 1045 ἀγάπην
1177 1019 1184 1025 ·
1202 1020 1211 1036 ‹
1230 1010 1308 1037 Οὕτω
1324 1011 1378 1046 γὰρ
1392 1011 1535 1045 ἠγάπησεν
1557 1013 1570 1038 ὀ
1585 1011 1651 1042 Θεὸς
1664 1010 1711 1037 τὸν
1733 1011 1846 1046 κόσμον,

1055 1055 1125 1082 ὥστε
1147 1056 1194 1083 τὸν
1211 1057 1345 1091 μονογενῆ
1363 1056 1447 1083 αὐτοῦ
1466 1057 1628 1083 ἀπέστειλεν
1641 1056 1703 1083 Υἱόν
1714 1065 1721 1072 α
1736 1057 1779 1083 ἴνα
1792 1058 1847 1088 πᾶς

1053 1102 1068 1128 ὁ
1092 1101 1228 1128 πιστεύων
1246 1103 1286 1134 εἰς
1301 1102 1382 1129 αὑτὸν
1398 1102 1434 1138 μὴ
1451 1103 1597 1139 ἀπόληται,
1614 1102 1674 1130 ἀλλ’
1701 1103 1751 1138 ἔχῃ
1775 1103 1846 1138 ζωὴν

1054 1148 1172 1175 αἰώνιον.
1196 1158 1205 1174 ι

1095 1193 1140 1227 Ἐξ
1157 1193 1242 1221 ἐθνῶν
1267 1194 1416 1230 Ἐκκλησῐα
1440 1195 1507 1230 φησὶ
1531 1195 1570 1221 τό*
1597 1204 1606 1221 ι
1640 1194 1776 1227 Ἑξέλθετε
1800 1196 1846 1221 καὶ

1055 1237 1132 1264 ἴδετε.
1154 1247 1163 1262 ι
1184 1238 1305 1273 Ἦμέραν
1334 1239 1362 1265 δὲ
1386 1239 1564 1274 νυμφεύσεως
1593 1239 1641 1274 τὴν
1666 1239 1773 1275 ἡμέραν
1797 1239 1845 1266 τοῦ

1053 1281 1155 1314 πάθους
1170 1282 1257 1314 καλεῖ,
1269 1283 1331 1309 καθ’
1350 1283 1384 1318 ἢν
1402 1283 1592 1318 ὲνυμφεύσατο
1605 1285 1655 1319 τὴν
1679 1283 1846 1318 Ἐκκλησίαν

1051 1326 1097 1354 διὰ
1111 1328 1157 1354 τοῦ
1170 1329 1288 1363 αἵματος
1303 1329 1399 1356 αὑτοῦ.

1093 1373 1125 1399 Ἦ
1140 1373 1230 1409 σιωπὴ
1246 1374 1332 1408 αὐτῆς
1357 1375 1484 1410 σημαίνει
1504 1375 1553 1410 τὴν
1568 1375 1608 1406 εἰς
1623 1374 1697 1402 ἅπαν
1719 1374 1845 1409 ὑπακοὴν

1051 1418 1122 1446 κατὰ
1136 1419 1166 1446 τὸ
1177 1440 1184 1452 ,
1204 1430 1212 1445 ι
1230 1420 1324 1447 Σιώπα
1340 1422 1386 1447 καὶ
1401 1421 1494 1454 ἄκουε,
1516 1421 1633 1457 Ἰσραήλ.
1653 1430 1662 1446 ι

1090 1508 1123 1535 Ἢ
1141 1509 1187 1535 καὶ
1198 1509 1245 1536 δύο
1258 1510 1360 1546 νεϐροὶ,
1373 1511 1390 1546 ὴ
1403 1511 1484 1546 ἠθικὴ
1493 1511 1541 1538 καὶ
1551 1511 1708 1546 δογματικὴ
1717 1511 1846 1538 διδασκα-

1015 1545 1035 1574 C
1053 1553 1107 1586 λία,
1122 1555 1145 1580 οἱ
1158 1554 1204 1581 δύο
1215 1556 1264 1590 τῆς
1280 1556 1388 1591 νύμφης
1402 1545 1501 1590 μαστοί
1511 1566 1518 1573 ·
1539 1556 1570 1589 ἐξ
1587 1555 1625 1585 ὧν
1639 1558 1664 1584 οἱ
1678 1545 1844 1593 τρεφόμενοι

1053 1599 1164 1635 ὀξύτητι
1184 1599 1314 1635 βλέπουσι
1336 1602 1404 1637 πρὸς
1418 1602 1494 1629 θεόν.
1520 1603 1596 1630 Ῥῖνα
1608 1603 1637 1629 δὲ
1655 1604 1710 1629 τῶν
1727 1604 1846 1631 ἀποστο-

1053 1645 1136 1672 λικῶν
1151 1646 1198 1672 καὶ
1209 1646 1393 1680 εὐαγγελικῶν
1406 1647 1494 1682 λόγων
1510 1648 1558 1683 τὴν
1577 1648 1700 1681 εὐωδίαν,
1717 1649 1790 1685 ἇπερ
1801 1658 1846 1676 νε-

1054 1691 1162 1727 μόμεθα
1173 1691 1254 1727 μέχρι
1268 1692 1435 1725 συντελείας.

1220 1749 1311 1784 Δεῦρο
1324 1750 1384 1777 ἀπὸ
1397 1750 1538 1782 Λιϐάνου,
1556 1752 1670 1785 νύμφη.

1085 1802 1212 1830 Διδάσκει
1224 1804 1298 1839 ἡμᾶς
1312 1804 1396 1830 πόθεν
1411 1806 1428 1840 ἡ
1441 1804 1547 1840 νύμφη,
1562 1806 1608 1832 καὶ
1629 1806 1671 1832 ὅτι
1685 1806 1715 1839 ἐξ
1735 1807 1844 1834 εἰδωλο-

1051 1848 1179 1885 λατρείας
1194 1849 1317 1885 ἔρχεται.
1341 1851 1513 1878 Κατειδωλον
1526 1852 1580 1887 γὰρ
1596 1852 1660 1888 ὅρος
1672 1853 1686 1879 ὁ
1704 1853 1822 1885 Λίϐανος
1835 1863 1842 1869 ·

1051 1895 1111 1922 ὅθεν
1132 1895 1242 1932 ὲλεύσῃ,
1269 1896 1370 1931 φησιν’
1396 1897 1522 1934 διελεύσῃ
1543 1898 1571 1924 δὲ
1599 1898 1644 1925 διὰ
1664 1899 1712 1925 τοῦ
1737 1899 1821 1934 νόμου
1834 1908 1842 1914 ·

1050 1940 1185 1974 ἀγνοοῦσα
1201 1941 1254 1977 γὰρ
1272 1941 1362 1974 αὑτὸν,
1378 1942 1409 1968 τὸ
1428 1943 1546 1978 Χριστοῦ
1562 1944 1721 1980 κατηχήθης
1738 1945 1842 1979 μυστή-

1053 1994 1120 2021 ριον.

1127 2042 1325 2078 Ὲκαρδίωσας
1340 2043 1427 2078 ἡμᾶς,
1448 2045 1565 2080 ἀδελφή
1579 2054 1640 2080 μου
1651 2046 1765 2081 νύμφη.

1088 2100 1193 2134 Ἦγουν
1207 2102 1246 2133 εἰς
1272 2101 1354 2128 πόθον
1371 2102 1445 2137 ἡμᾶς
1460 2102 1563 2138 ἤγαγες
1584 2103 1712 2139 σεαυτῆς,
1729 2104 1770 2130 ἐνὶ
1790 2106 1840 2140 ῥή-

1052 2154 1116 2181 ματι
1139 2145 1189 2181 τῆς
1209 2147 1367 2181 ὁμολογίας,
1382 2148 1450 2183 ὅπερ
1472 2148 1551 2183 ἔσχες
1565 2148 1661 2183 ὀρθῶς,
1677 2149 1768 2185 ὁρῶσα
1784 2152 1841 2183 τοῖς

1051 2192 1124 2218 ἔνδον
1139 2192 1288 2228 ὀφθαλμοῖς
1304 2202 1361 2220 σου.
1371 2193 1553 2228 ’Υποταγεῖσα
1567 2195 1620 2230 γὰρ
1636 2195 1765 2230 ἑνθέματι
1793 2197 1841 2223 τοῦ

210 2235 408 2263 confessionem
424 2234 521 2261 fecisti.
537 2234 599 2260 llaec
611 2242 626 2260 a
644 2235 735 2268 sponsi
749 2235 853 2267 amicis,
868 2235 894 2263 id
911 2241 952 2263 est
964 2236 998 2263 ab

1059 2224 1186 2270 τραχήλου
1202 2224 1259 2268 σου,
1278 2224 1327 2272 τὴν
1341 2224 1487 2273 ὁμολογίαν
1497 2224 1638 2274 ἐποίησας.
1657 2224 1749 2266 Ταῦτα
1765 2242 1841 2277 παρὰ

197 2281 340 2316 angelicis
353 2279 544 2315 potestatibus,
563 2287 669 2314 sponsae
689 2280 826 2307 dicuntur.
849 2281 917 2308 Nam
936 2289 999 2309 cum

210 2324 246 2351 sit
260 2324 359 2359 duplex
379 2323 491 2351 visualis
506 2323 643 2351 facultatis
656 2325 711 2357 vis;
728 2325 811 2352 altera
825 2333 884 2360 qua:
898 2327 999 2354 verita-

211 2373 264 2396 tem
279 2373 393 2404 spectat,
416 2369 499 2395 altera
514 2368 587 2395 circa
602 2370 748 2397 vanitatem
767 2370 912 2405 aberrans;
930 2381 999 2407 quo-

211 2412 283 2439 niam
298 2421 361 2447 erga
375 2413 460 2440 solam
474 2413 538 2440 boni
555 2418 680 2441 naturam
696 2416 818 2449 aperitur
832 2424 938 2451 sponsa:
950 2425 1001 2452 pu-

213 2465 259 2484 rus
271 2458 376 2489 oculus,
393 2458 461 2484 alter
473 2462 564 2484 autem
581 2459 700 2492 otiatur;
716 2463 859 2494 propterea
875 2460 921 2486 uni
937 2465 997 2487 tan-

212 2506 270 2529 tum
296 2502 376 2529 oculo
399 2503 508 2529 laudem
527 2503 723 2537 impertiuntur
746 2504 825 2531 amici
849 2514 855 2530 :
875 2512 999 2532 sororem

212 2547 322 2582 quidem
345 2548 513 2582 appellantes
527 2553 639 2583 propter
659 2549 815 2576 indolentia:
837 2550 998 2584 parilatem;

211 2601 337 2628 sponsam
353 2598 455 2627 autem,
473 2601 585 2629 propter
601 2596 711 2630 nuptias
731 2603 794 2622 cum
808 2595 907 2623 Verbo.
931 2595 999 2628 Quia

210 2648 285 2676 ergo,
309 2641 408 2675 inquit,
426 2641 523 2668 oculus
540 2645 603 2668 tuus
619 2649 690 2668 unus
711 2647 762 2673 est,
779 2645 915 2676 quatenus
935 2643 999 2669 uni-

1049 2279 1104 2306 τῶν
1119 2281 1203 2315 φίλων
1216 2281 1263 2308 τοῦ
1277 2283 1577 2318 νυμφίου,ἀγγελικῶν,
1591 2285 1674 2320 φημὶ,
1686 2285 1840 2321 δυνάμεων,

1049 2324 1157 2359 λέγεται
1173 2326 1241 2362 πρὸς
1257 2327 1352 2362 αὐτήν.
1376 2328 1473 2363 Διττῆς
1487 2328 1541 2363 γὰρ
1560 2329 1644 2365 οὔσης
1661 2331 1710 2366 τῆς
1724 2331 1841 2367 ὀπτικῆς

1049 2369 1200 2406 ἐνεργείας,
1215 2372 1262 2398 καὶ
1276 2372 1326 2408 τῆς
1342 2373 1390 2408 μὲν
1405 2373 1455 2410 τὴν
1470 2375 1598 2410 ἀλήθειαν
1614 2377 1734 2412 ὁρώσης,
1750 2380 1799 2413 τῆς
1814 2380 1843 2405 δὲ

1049 2415 1146 2450 ἑτέρας
1172 2417 1236 2452 περὶ
1256 2417 1291 2444 τὰ
1317 2419 1420 2453 μάταια
1442 2419 1634 2457 πλανωμένης,
1659 2422 1754 2458 ἐπειδὴ
1778 2424 1843 2459 περὶ

1052 2461 1136 2496 μόνην
1154 2462 1201 2488 τοῦ
1214 2463 1317 2497 ἀγαθοῦ
1329 2465 1379 2500 τὴν
1390 2465 1472 2499 φύσιν
1491 2466 1625 2501 ἀνέῳκται
1639 2469 1688 2503 τῆς
1703 2468 1813 2503 νύμφης
1830 2471 1844 2495 ὁ

1049 2506 1169 2542 καθαρὸς
1184 2508 1334 2544 ὀφθαλμὸς,
1354 2511 1436 2545 ἀργεῖ
1453 2511 1482 2537 δὲ
1496 2512 1509 2537 ὁ
1529 2512 1631 2547 ἔτερος,
1647 2513 1744 2540 τούτου
1763 2514 1843 2549 χάριν

1049 2552 1089 2579 ἑνὶ
1102 2553 1157 2579 τῶν
1171 2553 1319 2590 ὀφθαλμῶν
1331 2557 1518 2591 προσάγουσιν
1530 2559 1554 2584 οἱ
1569 2558 1640 2592 φίλοι
1653 2559 1700 2585 τὸν
1714 2559 1825 2586 ἔπαινον
1835 2569 1841 2574 ·
1872 2584 1874 2586 τ

1049 2597 1165 2634 ἀδελφὴν
1184 2600 1232 2635 μὲν
1253 2602 1339 2637 αὐτὴν
1373 2603 1536 2635 καλοῦντες,
1567 2603 1612 2630 διὰ
1630 2604 1680 2639 τῆς
1705 2605 1845 2638 ἀπαθείας

1051 2644 1220 2677 συγγένειαν·
1231 2645 1339 2681 νύμφην
1356 2647 1394 2680 δὲ,
1411 2647 1454 2674 διὰ
1475 2649 1524 2683 τὴν
1536 2649 1604 2683 πρὸς
1617 2649 1663 2675 τὸν
1675 2649 1763 2684 Λόγον
1778 2660 1845 2677 συν-

209 2693 269 2714 cam
284 2694 343 2714 rem
356 2691 475 2722 spectat;
491 2695 544 2714 una
559 2687 624 2714 item
644 2688 744 2719 anima,
764 2691 899 2722 quatenus
913 2688 941 2714 in
956 2688 999 2715 di-

1059 2688 1159 2723 ῑιφειαν.
1182 2691 1259 2717 Ἐπεὶ
1285 2690 1342 2725 οὖν,
1358 2694 1450 2728 φησὶν,
1464 2694 1478 2720 ὀ
1490 2694 1629 2730 ὀφθαλμός
1646 2704 1694 2722 σου
1708 2693 1748 2728 εἷς
1763 2697 1793 2722 ἐν
1807 2697 1846 2732 τῇ

251 2755 274 2770 '°
285 2755 370 2782 Exod.
392 2764 452 2789 xxv,
472 2755 514 2782 11.
563 2756 584 2771 ⁷¹
598 2756 676 2783 Joan.
691 2764 730 2788 ιιι,
748 2756 788 2783 16.
827 2757 851 2772 "
867 2756 966 2791 Ephcs.
988 2765 1003 2783 v

1059 2759 1075 2785 Υ.
1115 2759 1138 2775 ⁷³
1152 2759 1230 2786 Deut.
1249 2769 1329 2793 xxv”,
1348 2761 1374 2788 9.

211 2814 230 2853 _’
246 2813 283 2875 (is)
298 2814 381 2876 'ldlerp‘
395 2815 445 2842 hoc
463 2816 686 2877 eiegaiigelrpdirit
703 2816 820 2843 Severus
837 2816 990 2850 patriarcha
1011 2817 1201 2846 Antiochenus
1217 2819 1243 2847 in
1262 2827 1387 2847 sermone
1410 2820 1446 2847 De
1467 2820 1497 2847 Β.
1529 2821 1616 2848 ,Πανία
1635 2828 1649 2847 a
1664 2821 1747 2848 nobis
1768 2820 1845 2850 edito

211 2856 238 2876 In
276 2857 345 2877 Dm.
383 2859 432 2877 om.
445 2856 463 2877 ι.
501 2872 507 2877 .
523 2859 547 2877 ι).
566 2871 580 2877 ..
600 2861 625 2877 0.

210 2856 238 2876 ιιι
257 2856 345 2883 δριειι.
360 2856 432 2877 “om.
445 2856 463 2877 ι.
477 2856 507 2882 λ,
522 2859 547 2885 p.
564 2856 625 2877 alii.
