1998 3062
132 154 199 182 (289

625 152 839 181 FRAGMENTA
858 153 892 181 IN
911 152 1059 181 CANTICA
1078 154 1213 182 CANTIC.

1695 155 1762 183 19.90

131 215 198 249 πρὸς
218 214 248 240 τὸ
264 213 294 241 ἓν
311 212 432 249 βλέπειν,
456 213 504 240 καὶ,
518 212 592 249 ψυχὴ
609 213 658 249 μία
683 213 727 240 διὰ
743 213 773 240 τὺ
799 213 835 249 μὴ
853 213 920 248 πρὸς

978 221 1065 241 versos
1083 213 1198 244 affectus
1217 221 1272 242 non
1292 214 1470 248 distrahitur;
1486 215 1581 250 tuique
1598 203 1660 242 colli
1680 222 1762 243 orna-

130 261 274 296 διαφόρους
305 259 440 291 διαθέσεις
467 259 639 295 μερίζεσθαι,
660 260 708 286 καὶ
735 260 752 295 ἡ
777 259 852 291 θέσις
875 259 922 286 τοῦ

130 306 267 342 τραχήλου
285 314 332 332 σου
349 305 381 332 τὸ
401 305 504 332 τέλειον
526 305 595 340 ἔχει,
617 305 663 332 τὸν
683 305 755 332 Θεῖον
773 304 854 339 ζυγὸν
879 305 922 339 ἐφ’

131 352 231 387 ἑαυτῆς
250 351 374 388 ἀραμένη
392 351 481 386 (τοῦτο
495 351 549 386 γὰρ
563 351 593 377 τδ
612 351 750 386 ὲνθέματι
765 350 922 385 τραχήλου

130 405 200 430 σου,
211 396 260 424 εἶτ’
273 396 319 424 οὖν
333 398 346 423 ὁ
356 399 403 425 τοῦ
418 397 521 432 Κυρίου
537 396 639 431 ζυγὸς),
654 397 748 423 τούτου
764 397 844 432 χάριν
858 398 923 432 ὀμο-

131 443 266 478 λογοῦμεν
282 443 324 470 ὅτι
339 444 394 474 τοῖς
410 442 548 478 θαύμασιν
563 443 637 478 ἡμᾶς
655 442 825 478 ὲκαρδίωσοις
836 451 842 457 ·
854 443 922 478 ὅπερ

131 489 190 516 ἐστὶ
209 489 299 525 ψυχήν
314 497 375 516 τινα
391 489 439 515 καὶ
458 489 578 516 διάνοιαν
601 488 670 525 πρὸς
691 488 741 524 τὴν
765 488 812 515 τοῦ
834 488 923 523 φωτὸς

131 535 295 570 κατανόησιν
311 535 344 561 δι’
359 535 460 570 ἑαυτῆς
473 536 539 570 ἡμῖν
546 528 719 569 ’ἐνεποίησας
737 534 786 571 (1).
800 535 856 561 Καὶ
868 534 922 569 γὰρ

131 582 159 608 ὲν
173 581 215 608 σοὶ
229 581 275 608 τὸν
296 582 346 616 τῆς
362 581 538 617 δικαιοσύνης
553 581 640 616 ἥλιον,
657 581 695 613 ὡς
718 581 748 608 ὲν
764 581 920 617 κατόπτρῳ,

131 627 331 663 κατανοοῦμεν·
355 627 398 654 διὰ
423 628 451 654 δὲ
475 627 525 662 τῆς
546 627 737 662 δευτερώσεως
751 627 922 660 ἀξιοπιστίαν

131 673 292 706 προτιθέασι
304 674 343 708 τῷ
357 673 509 709 λεγομένῳ.

353 731 458 765 Κῆπος
474 731 699 766 κεκλεισμένας.

165 787 330 814 Κέκλεισται
341 789 390 823 μὲν
400 788 438 824 τῷ
449 789 555 825 κόσμῳ,
562 788 602 824 τῷ
613 789 642 816 δὲ
650 789 803 825 ἐπουρανίῳ
813 789 922 824 νυμφίῳ

131 833 275 869 ᾕνέῳκται.
296 834 328 860 Ἥ
342 834 371 861 δὲ
387 835 462 870 πηγὴ
480 835 520 870 τῷ
536 835 606 870 ἁγίῳ
629 835 769 871 Πνεύματι
791 835 922 870 ἐσφράγι-

130 888 202 910 σται,
216 876 237 914 ᾧ
251 880 385 916 χριόμεϐα
398 880 468 916 μετὰ
483 881 513 907 τὸ
527 881 669 916 βάπτισμα
686 881 734 916 (2).

164 927 197 952 Αἱ
211 927 265 962 γὰρ
280 927 377 961 ἀρεταὶ
395 926 444 962 μὲν
462 927 506 953 διὰ
528 927 583 953 τῶν
601 927 757 962 ἀρωμάτων
773 927 920 962 σημαίνον-

128 980 184 998 ται.
200 971 273 999 Ξύλα
285 972 313 998 δὲ
328 972 375 998 τοῦ
390 972 506 999 Λιϐάνου
526 972 590 1004 τοὺς
608 972 750 1007 προφήτας
766 972 859 1007 φησίν.
872 973 922 999 Διὰ

126 1018 155 1044 δὲ
171 1018 221 1053 τῆς
242 1018 367 1054 σμύρνης
382 1018 430 1044 καὶ
454 1018 504 1051 τῆς
526 1018 620 1053 ἀλόης,
643 1018 684 1044 ὅτι
703 1015 894 1052 ὲνταφιαςίθεὶς
908 1019 923 1044 ὁ

128 1063 245 1097 Χριστὸς
260 1063 423 1098 ἐκοινώνησε
446 1059 502 1094 τοῖς
521 1062 702 1098 προλαϐοῦσιν
725 1063 827 1097 ἁγίοις·
857 1071 922 1090 κατ-

128 1109 213 1135 ελθὼν
231 1109 287 1144 γὰρ
301 1110 340 1141 εἰς
355 1109 418 1144 ᾅδου
439 1109 550 1140 τούτους
563 1109 714 1144 ἀνήγαγεν.

171 1155 215 1180 Ἐν
227 1154 265 1189 τῷ
283 1153 404 1189 σταυρῷ,
422 1154 500 1189 φησι,
514 1154 560 1180 τὺν
575 1154 645 1187 ὑπὲρ
661 1153 813 1188 ἀνθρώπων
827 1154 921 1180 ἀναδε-

129 1198 243 1233 χόμενος
259 1198 390 1224 θάνατον·
406 1199 543 1233 ἀγρυπνεῖ
565 1198 593 1224 δὲ
614 1199 630 1233 ἡ
647 1198 757 1233 καρδία,
775 1198 836 1225 καθ’
856 1199 871 1225 ὃ
884 1199 922 1231 ὡς

129 1244 196 1275 (also;
209 1244 254 1271 τὸν
268 1243 336 1279 ᾅδην
348 1244 522 1271 ἐσκύλευσεν.
796 1247 798 1249 ’

167 1291 283 1324 Ἤγουν,
300 1291 327 1317 τί
344 1290 495 1326 πεποίηκεν
517 1292 532 1317 ὁ
555 1291 695 1326 caucos;
716 1300 774 1325 σου,
790 1292 806 1327 ἣ
826 1292 853 1319 τί
868 1292 922 1319 ἀπὺ

129 1337 272 1372 ἀδελφιδοῦ
290 1346 337 1364 σου
350 1337 422 1373 ἔχεις
431 1346 438 1369 ;

166 1384 205 1410 Τὰ
225 1383 356 1416 στάζοντα
370 1383 495 1420 σμύρναν
510 1383 583 1418 λέγει
597 1384 631 1410 τὰ
648 1385 832 1420 ὁμολογοῦντα
846 1385 921 1420 χείλη

127 1430 173 1456 τὸν
187 1429 312 1456 Θάνατον.

259 1486 377 1522 Κνῆμαι
396 1487 489 1514 αὐτοῦ
500 1487 608 1514 στύλοι
617 1489 805 1523 μαρμάρινοι,

974 262 1096 285 mentum
1109 258 1262 293 perfectum
1277 264 1328 292 est,
1341 259 1563 295 quandoquidem
1578 258 1702 287 divinum
1717 259 1764 295 ju-

973 312 1036 339 gum
1050 305 1098 332 tibi
1113 305 1267 340 imposuisti
1279 306 1343 343 (hoc
1352 306 1426 334 enim
1438 309 1480 333 est
1491 305 1554 333 colli
1566 305 1606 332 tui
1619 313 1759 334 ornamen-

973 354 1042 383 tum,
1058 351 1164 379 scilicet
1181 352 1278 388 jugum
1295 350 1424 388 Domini);
1440 356 1584 387 propterea
1599 351 1765 379 conﬁtemur

974 400 1000 423 te
1022 397 1075 424 tuis
1093 397 1215 425 miriﬁcis
1234 398 1345 426 dotibus
1365 405 1413 426 cor
1426 398 1505 426 nobis
1524 398 1659 430 effecisse,
1680 397 1706 424 id
1723 402 1765 425 cst

973 443 1095 470 animum
1109 443 1189 471 nobis
1202 451 1233 472 ac
1245 448 1364 472 mentem
1379 444 1413 472 ad
1426 444 1539 472 luminis
1553 443 1763 478 contemplatio-

972 496 1036 516 nem
1048 496 1098 524 per
1113 494 1196 517 temet
1204 489 1284 517 nobis
1293 490 1428 518 olfecisse.
1438 490 1561 525 Namque
1575 490 1603 517 in
1615 494 1642 518 te
1649 489 1765 526 justitiae

973 535 1068 567 solem,
1084 539 1211 570 tanquam
1227 536 1254 563 in
1270 537 1392 572 speculo,
1406 537 1633 572 contemplamur.
1651 535 1764 571 Repeti-

973 581 1048 608 tione
1070 585 1161 609 autem
1193 581 1280 618 [verbi
1306 582 1422 618 c/fccisti]
1452 583 1583 618 majorem
1613 582 1693 610 ﬁdem
1724 581 1765 610 rei

973 625 1052 653 dicta:
1065 626 1178 655 faciunt.

1168 730 1246 757 Vers.
1267 730 1309 756 12.
1328 730 1426 757 Hortus
1450 729 1566 757 clausus.

1007 784 1124 813 Clausus
1152 792 1193 814 est
1220 787 1331 822 quidem
1363 787 1484 821 mundo,
1511 787 1559 815 sed
1589 792 1679 815 tamen
1711 793 1766 814 cm-

972 831 1034 859 l‘esti
1052 839 1152 867 sponso
1166 838 1253 868 patet.
1279 834 1351 862 Fons
1374 839 1465 862 autem
1491 834 1613 870 signatus
1632 842 1647 861 a
1670 838 1765 861 sancto

937 892 958 920 Β
973 875 1077 911 Spiritu
1092 877 1153 911 fuit,
1171 886 1226 913 quo
1243 884 1304 914 post
1319 879 1484 914 baptismum
1501 879 1640 914 ungimur.

1009 921 1084 948 νοτε.
1098 922 1141 949 15.
1153 922 1276 951 Virtutes
1286 923 1456 951 aromatibus
1471 924 1670 959 signiﬁcantur.
1681 923 1766 959 Ligna

972 973 1039 993 vero
1053 967 1150 994 Libani
1167 968 1234 995 dicit
1245 969 1402 1004 prophetas.
1418 969 1526 1005 Myrrha
1542 969 1660 1004 denique
1669 969 1767 996 etaloe

972 1012 1161 1040 demonstrant
1185 1010 1482 1050 Christum'sepultum
1505 1015 1608 1043 sanctis
1632 1015 1678 1050 qui
1702 1023 1767 1042 eum

972 1059 1413 1092 praecesserantcommunicasse;
1429 1068 1546 1095 namque
1556 1061 1590 1087 ad
1603 1059 1705 1087 inferos
1721 1067 1768 1087 ve-

972 1103 1061 1135 nicns,
1074 1103 1136 1131 illos
1149 1105 1213 1132 inde
1227 1105 1331 1132 eduxit.

1005 1150 1069 1177 CAP.
1095 1151 1127 1183 γ,
1145 1151 1172 1178 2.
1195 1151 1225 1178 In
1244 1138 1337 1185 lcruce,
1362 1152 1463 1188 inquit,
1486 1152 1610 1186 dormio;
1631 1156 1768 1188 quatenus

973 1200 1085 1231 propter
1096 1197 1221 1225 homines
1242 1203 1358 1226 mortem
1373 1199 1503 1234 pertulit;
1517 1199 1612 1234 vigilat
1625 1207 1691 1226 vero
1709 1207 1766 1232 cor,

973 1243 1037 1277 quia
1050 1247 1143 1278 utpote
1156 1244 1228 1271 Deus
1239 1244 1377 1272 infernum
1393 1245 1529 1280 spoliavit.

1007 1289 1086 1316 Vers.
1107 1289 1133 1316 9.
1155 1289 1184 1316 ld
1204 1295 1247 1317 est
1270 1299 1275 1316 :
1297 1290 1367 1323 Quid
1388 1294 1452 1318 tuus
1470 1291 1604 1326 patruelis
1623 1290 1697 1326 egit?
1717 1290 1767 1318 Vel

973 1335 1038 1369 quid
1052 1342 1066 1361 a
1082 1339 1128 1362 tuo
1148 1335 1272 1370 patruele
1289 1336 1392 1363 habes?

1010 1381 1086 1408 Vers.
1101 1381 1143 1408 15.
1161 1381 1297 1417 Myrrham
1308 1382 1439 1410 stillantia
1449 1382 1516 1410 dicit
1527 1382 1609 1414 labia,
1620 1390 1680 1418 quae
1691 1391 1751 1410 mor

974 1431 1028 1454 tem
1047 1427 1223 1454 conﬁtentur.

1054 1484 1132 1511 Vers.
1148 1484 1190 1512 15.
1210 1484 1296 1512 Crura
1311 1485 1368 1520 ejus
1381 1485 1510 1512 columna
1523 1493 1688 1513 marmorcw.

162 1541 225 1570 Εἶεν
239 1543 260 1569 δ’
276 1543 309 1570 ἂν
320 1540 394 1570 οὗτοι
406 1544 453 1570 καὶ
470 1543 574 1578 βάσεις.
587 1545 618 1572 Οἱ
634 1545 687 1580 γὰρ
699 1545 920 1580 οἰκοδομούμενοι

1009 1542 1056 1568 liae
1073 1542 1202 1570 videlicet
1219 1543 1299 1569 bases
1322 1546 1395 1569 sunt.
1408 1542 1475 1569 Nam
1487 1543 1534 1577 qui
1550 1543 1730 1575 :cdiﬁcantur,
1748 1544 1767 1571 ii

128 1588 371 1624 ἐποικοδομοῦνται
384 1588 422 1624 τῷ
436 1589 553 1625 θεμελίῳ
563 1589 617 1616 τῶν
628 1589 785 1616 ἀποστόλων
796 1589 843 1616 καὶ
855 1599 920 1625 προ-

128 1635 232 1670 φητῶν.
263 1634 431 1666 Ἀκολούθως
447 1635 495 1666 τὰς
520 1636 629 1670 κνήμας
656 1635 726 1670 μετὰ
747 1636 797 1670 τὴν
816 1636 920 1662 κοιλίαν

128 1681 247 1713 ἐπαινεῖ,
263 1680 295 1712 εις
312 1688 379 1716 φησι
396 1680 509 1712 στύλους
521 1678 592 1707 εἴναι
607 1681 796 1716 μαρμαρίνους
809 1681 921 1716 τεθεμεο

128 1726 278 1761 ὶιωμένους
290 1727 336 1753 ἐπὶ
351 1726 447 1761 βάσεις
459 1728 574 1763 χρυσᾶς.
589 1727 684 1754 Στύλοι
701 1727 729 1753 δὲ
742 1729 792 1762 τῆς
806 1727 921 1763 Ἐκκλη-

128 1772 200 1804 σῑας,
213 1768 269 1797 οἷον
287 1771 390 1807 Πέτρος
400 1773 446 1798 καὶ
466 1771 602 1808 Ἰωάννης,
617 1772 642 1798 οἳ
656 1771 782 1807 θεμέλιον
795 1772 841 1799 τὸν
851 1773 919 1807 Χρι-

129 1817 192 1843 στὸν
205 1818 305 1853 χρυσὸν
325 1817 466 1852 λεχθέντα.
483 1818 660 1853 Μαρμάρινοι
676 1818 715 1850 δὲ,
736 1817 840 1854 οὕσπερ
859 1815 920 1844 εἶπε

129 1862 235 1894 Παῦλος
260 1862 415 1897 ἑὸραίωμα’
438 1862 482 1889 διὰ
504 1863 534 1889 τὸ
558 1863 664 1898 ἑδραῖον
689 1863 736 1890 καὶ
759 1863 918 1896 ἀσάλευτον,

127 1910 175 1936 καὶ
192 1909 230 1944 τῷ
242 1908 361 1943 λαμπρῷ
378 1909 428 1943 βίῳ
438 1909 485 1935 καὶ
499 1908 537 1943 τῷ
545 1909 694 1942 ὑγιαίνοντι
708 1909 780 1944 λόγῳ
791 1909 819 1935 τὸ
830 1909 920 1935 κοινὺν

129 1955 210 1990 σῶμα
221 1956 270 1990 τῆς
285 1954 449 1989 Ἐκκλησίας
465 1954 646 1989 βαστάζοντές
655 1964 684 1981 τε
698 1956 744 1982 καὶ
760 1955 918 1991 ἐρείδοντες.

136 2000 216 2027 Ἀλλὰ
232 2001 279 2027 καὶ
293 2000 325 2026 τὺ
343 1999 386 2026 τὸν
404 2000 471 2026 Θεὸν
486 2001 596 2036 ἀγαπᾷν
610 2001 640 2033 ἐξ
649 2001 713 2035 ὅλης
728 2001 778 2035 τῆς
795 2000 919 2036 καρδίας.

129 2047 175 2072 καὶ
191 2047 237 2072 τὸν
252 2046 366 2081 πλησίον
377 2046 415 2077 ὡς
429 2046 535 2079 ἑαυτὸν,
552 2047 590 2078 ὡς
604 2047 648 2073 διὰ
663 2047 766 2073 στύλων
782 2047 921 2083 μαρμαρί-

128 2100 192 2123 νων,
207 2091 238 2118 τὸ
257 2092 345 2119 κοινὸν
363 2092 443 2127 σῶμα
458 2092 507 2127 τῆς
530 2091 692 2127 Ἐκκλησίας
714 2092 869 2127 βαστάζειν.
891 2093 919 2120 Ὀ

127 2138 185 2173 γὰρ
198 2139 226 2164 ὲν
236 2139 296 2170 ταῖς
307 2139 369 2164 δυσὶ
382 2138 497 2170 ταύταις
510 2137 666 2170 τελειωθεὶς
681 2139 810 2170 ἐντολαῖς,
825 2139 920 2171 στύλος

127 2184 176 2210 καὶ
187 2183 326 2220 ἑδραίωμα
341 2184 390 2218 τῆς
407 2183 570 2218 Ἐκκλησίας
585 2184 821 2216 κατασκευάζεται
831 2193 838 2199 ·
849 2184 919 2211 ὥστε

974 1595 1057 1622 supra
1083 1587 1290 1615 fundamentum
1310 1588 1498 1622 apostolorum
1519 1592 1548 1615 et
1571 1589 1765 1623 prophetarum

973 1633 1154 1661 aediﬁcantur.
1174 1634 1365 1662 Consentanee
1381 1642 1462 1662 crura
1482 1639 1543 1669 post
1561 1639 1682 1662 ventrem
1706 1635 1768 1662 lau-

974 1680 1030 1711 dat.
1052 1688 1113 1715 quae
1127 1680 1166 1708 ait
1180 1688 1241 1708 esse
1264 1688 1418 1708 marmorea
1439 1688 1522 1715 super
1544 1681 1655 1709 basibus
1676 1681 1768 1709 aureis

973 1726 1096 1754 fluidam.
1112 1727 1252 1754 Columnae
1267 1731 1357 1755 autem
1370 1726 1501 1754 Ecclesiae
1518 1727 1624 1759 Petrus,
1640 1731 1716 1762 puta,
1735 1735 1768 1753 ac

973 1773 1108 1805 Joannes,
1130 1773 1176 1808 qui
1195 1772 1344 1805 Christum,
1367 1773 1428 1800 auri
1452 1773 1563 1800 nomine
1589 1773 1766 1808 appellatum,

973 1817 1182 1845 fundamentum
1197 1819 1218 1834 7“
1230 1817 1401 1854 [habebant].
1416 1818 1584 1845 Suntautem
1595 1827 1766 1853 marmorea;

973 1871 1037 1890 nam
1047 1868 1074 1890 et
1089 1864 1190 1890 Paulus
1204 1862 1405 1891 ﬁrmamentum
1416 1871 1463 1890 eos
1474 1869 1552 1891 vocat
1567 1863 1605 1896 ⁷⁶;
1623 1872 1721 1898 nempe
1732 1864 1767 1891 ob

974 1916 1049 1936 suam
1062 1908 1218 1936 firmitatem
1231 1913 1312 1944 atque
1327 1909 1518 1940 constantiam,
1534 1909 1632 1936 illustri
1651 1913 1766 1944 prteter—

973 1962 1006 1981 ca
1015 1955 1071 1982 vita
1087 1962 1207 1989 sanaque
1219 1954 1342 1982 doctrina
1355 1962 1500 1982 commune
1519 1961 1618 1989 corpus
1636 1955 1767 1983 Ecclesiae

974 2003 1161 2027 sustentantcs
1179 2003 1261 2034 atque
1278 1999 1433 2026 fulcientes.
1455 1999 1508 2026 Sed
1523 2004 1550 2026 et
1566 1999 1695 2033 charitas,
1713 2009 1766 2035 qua

973 2047 1060 2074 Deum
1079 2050 1137 2074 toto
1154 2046 1236 2073 corde
1258 2053 1392 2078 amamus,
1415 2050 1442 2072 et
1462 2046 1617 2080 proximum
1637 2050 1766 2082 tanquam

974 2093 1157 2128 nosmetipsos
1168 2113 1175 2125 ,
1191 2100 1336 2120 commune
1359 2092 1488 2120 Ecclesiae
1502 2100 1611 2128 corpus,
1637 2097 1766 2128 tanquam

974 2140 1137 2167 marmoreis
1145 2139 1290 2170 columnis,
1307 2142 1406 2174 portat.
1420 2138 1488 2165 Nam
1504 2137 1552 2173 qui
1567 2137 1594 2164 in
1605 2137 1648 2166 his
1658 2138 1767 2167 duobus

973 2186 1109 2213 mandatis
1126 2185 1263 2221 perfectus
1278 2189 1331 2217 est,
1353 2185 1478 2212 columna
1495 2189 1523 2212 et
1537 2184 1654 2211 fulcrum
1673 2185 1767 2212 Eccle-

129 2230 185 2261 τοῖς
201 2229 261 2256 δυσὶ
277 2229 383 2261 τούτοις
399 2229 618 2265 κατορθώμασιν,
642 2230 702 2257 ὅλον
723 2231 754 2257 τὺ
774 2231 852 2266 σῶμα
871 2232 918 2266 τῆς

978 2233 1021 2260 site
1034 2232 1168 2264 ellicitur;
1187 2231 1225 2259 ita
1241 2234 1270 2258 ut
1290 2231 1341 2258 hac
1360 2230 1463 2266 duplici
1484 2231 1585 2258 virtute
1606 2234 1692 2258 totum
1713 2232 1766 2259 Ee-

135 2275 307 2310 Ἐκκλ.ησίας,
327 2276 453 2312 καθάπερ
477 2277 595 2311 κνήμαις
625 2278 695 2303 τισὶν
719 2277 916 2311 ἐπερείδεσθαι.

127 2321 176 2347 ’τοῦ
198 2322 311 2357 χρυσίου
337 2321 463 2358 οεμελὶου
481 2322 533 2357 τῆς
553 2323 623 2348 κατὰ
647 2322 739 2349 πίστιν
765 2323 870 2358 βάσεως
892 2324 921 2349 τὸ

127 2369 140 2395 ὸ
150 2367 237 2400 χλινὲς
259 2369 306 2395 καὶ
322 2369 490 2404 ἀμετάθετον
511 2369 557 2395 καὶ
572 2369 602 2395 τὸ
617 2370 645 2396 ἐν
663 2371 745 2397 παντὶ
759 2370 852 2405 ἀγαθῷ
867 2371 921 2398 πάα

127 2421 188 2447 γιον
205 2415 259 2445 τοῖς
276 2414 416 2450 λογισμοῖς
434 2415 622 2450 ἐμποιοῦντος.

168 2460 239 2492 Ἐγὼ
255 2460 329 2495 αὐτῷ
344 2461 393 2495 τὴν
414 2460 516 2494 πίστιν,
540 2461 587 2487 καὶ
605 2461 686 2493 αὐτὸς
702 2462 764 2496 ἐμοὶ
780 2462 828 2497 τὴν
842 2462 917 2497 βασι-

127 2504 215 2531 λείαν.
230 2505 373 2540 Ποιμαίνει
394 2505 424 2531 δὲ
440 2506 468 2531 ἐν
485 2507 518 2540 τῇ
539 2505 706 2542 καθαρότητι
725 2507 780 2533 τῶν
804 2507 919 2542 Γραφῶν

127 2552 175 2577 mi.
193 2551 247 2576 τῶν
261 2551 345 2585 ἁγίων
360 2551 515 2586 δογμάτων.

170 2597 235 2624 Ἀπὸ
247 2597 301 2624 τῶν
315 2597 503 2625 ἀπειθούντων
520 2597 558 2633 (5)
573 2600 685 2630 cono-3;
704 2600 766 2632 σοῦς
784 2601 919 2635 ἁπόστρε-

166 2689 189 2703 “
206 2688 307 2723 Ephes.
321 2695 351 2720 Π,
371 2688 415 2714 ‘20.
464 2689 487 2704 ⁷³
503 2688 594 2716 lTim.
616 2697 653 2720 ut,
676 2689 718 2716 13.

166 2769 202 2805 (l)
214 2769 283 2806 [Iino
295 2769 373 2797 vides
383 2778 505 2802 sensum,
520 2778 601 2805 quem
612 2770 729 2805 Cyrillus
742 2771 827 2798 verbo
841 2771 922 2806 ἐκαρ-

126 2806 226 2836 δὶωςας
240 2805 355 2837 tribuit;
372 2813 485 2840 prorsus
499 2811 590 2832 autent
603 2810 769 2840 prchosterc
782 2805 919 2833 Nobilium

127 2844 254 2868 nostrum
267 2841 292 2866 in
306 2841 384 2867 Rom.
396 2841 517 2868 editione
535 2841 710 2875 interpretari
724 2841 854 2868 abstulisti
865 2850 919 2873 cor,

126 2876 204 2911 quasi
228 2876 359 2910 seripula:
382 2877 418 2903 sit
433 2877 620 2911 éxzzpﬁic-iaz;
641 2877 680 2902 u-l
699 2877 790 2911 pulius
805 2877 904 2912 ὲξεκαρ

309 2924 442 2953 PATRHL
467 2925 523 2953 Gn.
549 2924 650 2952 LXIX.

973 2279 1063 2306 clcsia:
1081 2286 1180 2314 corpus
1193 2286 1242 2306 ceu
1255 2277 1384 2305 cruribus
1405 2277 1557 2304 innitatur:
1573 2284 1687 2304 aureum
1702 2277 1766 2304 fun-

972 2324 1129 2351 damentum
1155 2325 1247 2351 basem
1268 2324 1331 2351 ﬁdei
1347 2317 1545 2351 indeclinatam
1570 2323 1766 2357 ilmuotamque

971 2370 1037 2397 etin
1052 2371 1126 2397 omni
1144 2379 1172 2397 re
1189 2370 1260 2397 bona
1276 2370 1480 2397 rationabiliter
1498 2369 1603 2397 ﬁrmam
1613 2370 1746 2397 continet.

1006 2461 1050 2493 Vl,
1061 2461 1087 2487 2.
1102 2461 1157 2495 Ego
1172 2460 1210 2487 illi
1225 2460 1317 2492 ﬁdem,
1334 2451 1360 2487 et
1376 2460 1433 2494 ipse
1453 2460 1519 2487 mihi
1534 2468 1658 2496 regnum.
1675 2461 1765 2488 Pascit

970 2511 1060 2534 autem
1084 2506 1288 2541 Seripturarum
1308 2511 1336 2533 et
1355 2511 1513 2534 sanctorum
1535 2507 1693 2542 dogmatum
1713 2514 1764 2541 pu—

970 2554 1061 2581 ritate.

1006 2601 1082 2627 Vcrs.
1096 2599 1122 2625 4.
1136 2598 1176 2625 Ab
1191 2599 1225 2626 iis
1237 2598 1283 2632 qui
1295 2598 1344 2624 tibi
1359 2606 1413 2625 non
1425 2598 1543 2626 credunt
1553 2599 1647 2625 oculos
1658 2601 1762 2630 averte,

994 2780 1010 2798 ιι
1029 2779 1043 2796 σ
1065 2779 1087 2796 .‘.

976 2780 990 2797 Ο
1012 2779 1141 2839 l(git-Sacri
1160 2805 1318 2833 chrismatis
1329 2809 1530 2833 sacramentum
1546 2805 1623 2832 dicit.

995 2877 1000 2883 '
1013 2842 1050 2877 (5)
1068 2841 1290 2884 νίιιρξϐδίἰιιιιιιι
1301 2842 1399 2877 legisse
1409 2842 1436 2868 in
1452 2849 1531 2868 sacro
1546 2845 1622 2868 textu
1634 2839 1681 2866 ἀπ’
1689 2839 1761 2867 ἐνεν-

975 2886 1050 2910 τίων,
1067 2885 1122 2904 non
1136 2886 1306 2904 αττενοιντῑον.

1547 2921 1581 2952 41
