1998 3062
242 166 307 194 1291

580 166 607 194 S.
625 165 763 193 CYRlLLl
784 163 886 190 ALEX.
908 161 1070 189 AllCllll-ZP.

1091 161 1302 191 FRAGMENTA
1324 164 1356 191 IN
1376 141 1534 194 (iAZi'l‘lCA.
1812 174 1882 202 1292

240 229 268 251 et
282 231 345 258 erga
361 231 404 251 me
415 223 516 251 inclina
527 232 532 249 :
545 223 597 258 ipsi
611 223 684 250 enim
694 229 817 249 amorem
835 227 924 247 meum
941 226 1033 246 exsus-

1095 217 1136 253 ρον
1147 219 1314 256 ὀφθαλμοὺς,
1323 222 1370 248 καὶ
1379 223 1419 255 εἰς
1431 225 1481 258 ἐμὲ
1496 225 1588 254 κλῖνον
1598 234 1605 241 ·
1618 228 1696 255 αὐτοὶ
1706 229 1773 266 γὰρ,
1782 232 1880 266 φησὶν,

240 269 368 296 citarunt.

479 335 534 368 νιι,
553 337 579 363 1.
591 335 705 369 Artiﬁcis
718 342 794 370 opus.

274 393 414 422 Artiﬁcem
433 394 499 421 dicit
513 395 665 421 creatorem
686 392 840 424 Christum;
862 398 981 425 namque
1002 392 1033 416 ut

240 440 286 467 ille
297 440 431 468 obediens
441 440 529 467 factus
540 443 582 467 est
595 439 629 472 ⁷⁸,
639 440 676 466 ita
687 443 714 466 et
724 435 902 466 Ecclesia...—
915 437 1032 463 Demon-

241 490 309 514 strat
324 487 405 514 simul
419 486 581 514 modestiam
599 487 658 522 ejus
670 489 752 520 atque
768 483 970 515 obedientiam;
984 491 1031 510 cu-

238 533 283 568 jus
302 532 430 560 videlicet
444 532 535 559 a'nima
549 531 612 559 Iidei
633 539 662 559 se
684 530 787 562 subdit,
808 536 908 565 corpus
925 532 1029 563 tempe-

236 579 346 608 rantim.

276 626 350 653 Vers.
366 625 392 652 2.
408 619 533 652 Ostendit
552 625 655 660 pariter
673 624 856 652 sacerdotium
875 623 944 658 ejus,
965 621 1030 649 dum

239 672 276 700 ait
288 681 294 699 :
311 682 321 697 ‹
335 672 394 700 Non
405 671 537 699 deﬁciens
546 671 637 703 misto,
651 681 659 696 ι
675 671 701 698 id
710 675 752 698 est
763 670 863 698 Christi
879 670 1010 705 sanguine
1022 678 1028 696 :

239 718 284 746 hic
298 718 371 745 enim
387 718 415 745 in
428 717 602 745 sacerdotum
615 717 742 744 manibus
753 720 804 743 est.

273 765 350 793 Vers.
367 766 393 792 4.
414 764 521 792 Collum
533 764 592 799 ejus
607 763 674 790 dicit
692 762 793 790 Christi
810 761 948 793 diaconos,
966 762 1029 796 quia

238 810 266 840 hi
284 818 383 846 nempe
401 811 542 838 Christum
555 814 654 845 gerunt
671 813 754 844 caput
768 808 906 836 Ecclesia.
925 808 1030 835 Gel-unt

238 857 368 884 nimirum
379 857 480 884 Christi
497 864 597 892 corpus
609 856 636 883 in
655 855 822 883 conscientia
834 863 912 889 pura,
927 858 1029 890 myste-

239 903 279 929 ria
293 902 352 937 ejus
369 902 541 930 conﬁtcntes.
557 902 706 937 Propterea
717 901 786 928 dixit
801 901 965 932 eburneum,
980 908 1029 926 eu-
1046 896 1067 923 Β

237 945 357 981 jusmodi
376 946 413 972 ait
425 945 526 973 Paulus
540 946 671 974 diaconos
684 953 745 973 esse
763 950 902 980 oportere,
918 953 1031 972 venera-

239 992 319 1025 biles,
335 1001 390 1020 non
406 993 493 1020 multo
510 994 575 1020 vino
587 993 694 1020 deditos
706 994 739 1019 ’⁷.

350 1107 427 1134 Vers.
447 1107 472 1134 5.
486 1105 540 1133 Rex
558 1105 654 1141 ligatus
667 1107 692 1132 in
712 1106 916 1132 transcursibus.

274 1163 322 1191 Vel
339 1164 427 1195 aliter,
439 1163 505 1190 dicit
519 1163 659 1198 popularis
672 1162 773 1189 amoris
789 1162 927 1189 vinculum
945 1161 971 1188 in
987 1169 1031 1188 re-

238 1210 298 1245 gale
310 1209 495 1237 sacerdotium
512 1208 622 1236 adduci.

274 1256 351 1283 Vcrs.
371 1255 396 1282 8.
411 1255 459 1282 Vel
476 1255 559 1282 etiam
578 1255 605 1281 in
624 1253 729 1282 deliciis
747 1254 809 1286 tuis,
827 1253 854 1280 id
877 1258 918 1280 est
939 1261 1032 1280 amore

239 1306 297 1333 tuo,
310 1301 374 1335 quia
389 1300 568 1336 dejustorum
580 1307 696 1327 numero
707 1299 889 1326 existimetur.
907 1299 1033 1326 Raccmis

238 1352 330 1375 autem
348 1348 431 1374 ubera
444 1352 648 1383 comparantur,
664 1354 725 1382 quae
736 1347 887 1382 spiritalem
911 1345 1032 1372 lmtitiam

238 1394 394 1421 conterunt.

273 1441 350 1468 Vers.
364 1440 405 1467 10.
418 1439 477 1472 Vel,
492 1448 542 1476 ego
557 1440 596 1467 illi
612 1440 812 1468 confessionem
825 1439 948 1472 oll'cram,
961 1439 1035 1467 illius

236 1495 305 1514 vero
332 1487 379 1514 lict
401 1487 436 1514 ad
463 1495 506 1514 me
526 1487 686 1520 conversio;
710 1487 916 1514 conversionem
941 1492 1033 1514 autem

239 1533 306 1560 dicit
319 1534 362 1560 vel
377 1533 490 1560 secundi
504 1533 647 1565 adventus,
674 1533 717 1561 vel
739 1534 821 1560 etiam
835 1541 850 1560 a
864 1533 966 1568 populo
985 1533 1034 1560 Ju-

239 1579 372 1606 dteomm.

275 1626 342 1658 VII],
364 1626 390 1652 1.
406 1625 600 1653 Sanctiﬁcatur
618 1626 711 1661 itaque
731 1633 838 1661 sponsae
856 1626 945 1658 cibus,
964 1635 1032 1653 eon-

238 1671 348 1700 vivante
359 1680 422 1700 cum
433 1680 465 1700 ea
475 1673 594 1700 Christo.
604 1672 739 1700 Nimirum
750 1677 826 1708 optat
836 1673 958 1700 Ecclesia
971 1672 1034 1700 Ser-

239 1719 342 1745 vatoris
364 1718 391 1744 in
407 1718 528 1745 Judmam
549 1718 709 1750 adventum,
726 1719 802 1753 juxta
816 1718 864 1745 Dei
884 1719 1033 1753 providen-

198 1790 202 1792 .
241 1763 306 1791 tiam
321 1763 412 1790 dantis
430 1763 507 1790 illum
517 1763 687 1796 hominibus,
706 1768 735 1790 ut
751 1764 873 1799 Deiparm
891 1764 961 1792 lacte
980 1772 1034 1791 nu-

241 1809 350 1836 triatur.

1048 1565 1070 1594 ϐ

516 1876 582 1904 Cum
593 1882 618 1904 te
628 1878 761 1905 invenero.

276 1934 305 1962 Id
322 1937 364 1961 est
379 1937 455 1961 extra
467 1934 649 1967 Hierusalem,
665 1935 711 1962 ubi
728 1935 875 1963 cruciﬁxus
892 1935 953 1963 fuit.

275 1981 354 2008 γει-ς.
374 1981 401 2008 2.
416 1981 466 2009 Vel
480 1982 650 2016 sepulturam
673 1983 732 2017 ejus
750 1982 827 2014 dicit,
853 1991 933 2018 quam
957 1984 1035 2011 Jose-

241 2027 312 2062 phus
329 2035 360 2054 ac
370 2027 536 2055 Nicodemus
545 2033 687 2055 curarunt.
699 2028 806 2056 Latices
821 2034 913 2056 autem
927 2034 1036 2058 sanctos

241 2074 320 2102 dicit.

330 2133 407 2160 Vcrs.
422 2132 448 2159 6.
466 2131 616 2159 Pinnacula
632 2133 698 2167 ejus,
709 2133 852 2167 pinnacula
868 2134 944 2168 ignis.

276 2186 357 2219 Muri,
370 2185 468 2221 inquit,
483 2186 612 2213 Ecclesia:
621 2186 693 2221 ignei
707 2192 781 2214 sunt.

1085 265 1134 300 τὴν
1151 266 1262 303 ἀγάπην
1280 266 1426 305 ὲξήγειράν
1442 279 1488 306 μοι
1504 271 1578 308 [cod.
1592 281 1632 300 σε.

1341 337 1451 373 Ἔργον
1465 339 1604 374 τεχνίτου

1117 391 1249 428 Τεχνίτην
1263 392 1292 419 δὲ
1308 392 1354 420 τὸν
1366 394 1532 431 δημιουργὸν
1546 397 1674 433 ὀνομάζει
1689 399 1823 435 Χριστόν·
1840 402 1881 433 ὡς

1083 437 1137 474 γὰρ
1153 438 1274 474 ὑπήκοος
1291 440 1412 474 γέγονεν,
1429 441 1515 474 οὕτως
1531 443 1548 478 ἡ
1570 443 1730 479 Ἐκκλησία.
1747 462 1782 467 -
1795 447 1881 481 Λέγει

1083 480 1111 510 δὲ
1126 484 1172 511 καὶ
1196 485 1245 521 τὴν
1263 487 1443 523 σωφροσύνην
1460 489 1546 524 αὐτῆς
1571 490 1618 516 καὶ
1641 491 1690 526 τὴν
1715 480 1878 528 ὑποταγήννθ

1082 530 1132 566 τῆς
1146 531 1235 567 ψυχῆς
1247 532 1350 569 ταύτης
1373 533 1598 572 ὑποτεταγμένης
1619 538 1652 573 τῇ
1668 538 1771 572 πίστει,
1785 539 1834 566 τοῦ
1849 540 1879 566 δὲ

1085 575 1211 612 σώματος
1224 579 1257 614 τῇ
1277 579 1451 616 σωφροσύνῃ.

1117 623 1198 658 Δηλοῖ
1217 624 1246 651 δὲ
1271 625 1319 652 καὶ
1341 625 1372 652 τὸ
1397 627 1529 662 ἱερατεῖον
1554 629 1639 665 αὐτῆς
1661 628 1766 664 λέγων·
1797 641 1806 656 ι
1832 632 1880 666 Μὴ

1083 667 1282 704 ὕστερούμενος
1299 670 1435 706 κράματι,
1457 682 1466 698 ι
1486 672 1607 707 δηλονότι
1626 674 1664 709 τῷ
1685 675 1732 701 τοῦ
1758 676 1880 711 Χριστού

1083 714 1196 749 αἵματι·
1214 716 1294 743 τοῦτο
1309 717 1364 753 γὰρ
1380 719 1437 750 τοῖς
1451 718 1570 754 ἱερεῦσιν
1582 720 1611 746 ὲν
1626 720 1721 755 χερσίν
1738 721 1787 757 (ι).

1116 762 1259 798 Τράχηλον
1280 763 1309 790 δὲ
1326 764 1412 799 αὐτῆς
1434 766 1497 797 τοὺς
1518 766 1660 798 διακόνους
1685 767 1732 793 τοῦ
1758 767 1880 803 Χριστοῦ

1082 809 1167 844 λέγει,
1186 810 1230 836 διὰ
1240 810 1286 837 τὸν
1299 811 1418 846 Χριστὸν
1433 811 1579 846 βαστάζειν
1591 812 1629 848 (2)
1644 813 1694 848 τῆς
1714 813 1881 849 Ἐκκλησίας

1083 857 1131 893 τὴν
1146 858 1277 893 κεφαλήν.
1303 858 1473 890 Βαστάζουσι
1489 859 1544 894 γὰρ
1559 859 1642 886 αὑτοῦ
1657 860 1688 886 τὸ
1703 859 1782 894 ἃγιον
1798 861 1880 895 σῶμα

1084 904 1112 930 ὲν
1126 903 1236 939 καθαρᾷ
1249 904 1410 939 συνειδήσει,
1423 905 1620 940 ὁμολογοῦντες
1631 905 1713 932 αὐτοῦ
1725 906 1760 932 τὰ
1772 907 1881 941 μυστή-

1085 959 1140 985 ρια.
1158 951 1260 986 Διόπερ
1278 951 1452 985 ἐλεφάντινον
1469 951 1594 988 εἴρηκεν,
1616 952 1725 983 ὁποίους
1738 952 1752 978 ὁ
1772 951 1882 983 Παῦλός

1085 1005 1168 1032 φησιν
1203 997 1346 1029 διακόνους
1371 999 1505 1033 σεμνοὺς,
1533 999 1571 1034 μὴ
1595 997 1659 1034 οἴνῳ
1679 997 1769 1032 πολλῷ
1793 1007 1883 1033 προσ-

1083 1043 1205 1078 ἔχοντας.

1179 1113 1330 1146 Βασιλεὺς
1342 1113 1502 1148 δεδεμένος
1516 1114 1550 1140 ἐν
1565 1114 1781 1149 παραδρομαῖς.

1122 1171 1156 1196 Ἢ
1176 1170 1224 1196 καὶ
1239 1169 1337 1202 ἄλλως,
1360 1170 1510 1205 σύνδεσμον
1527 1170 1577 1205 τῆς
1597 1171 1652 1198 τῶν
1673 1171 1747 1198 λαῶν
1767 1172 1882 1206 ἀγάπης

1084 1216 1199 1250 ἄγεσθαί
1213 1213 1349 1251 ᾠησινείς
1369 1216 1504 1251 βασίλειον
1522 1217 1683 1252 ἱεράτευμα.

1118 1265 1153 1290 Ἢ
1168 1264 1216 1290 καὶ
1232 1265 1260 1290 ὲν
1283 1265 1373 1299 τρυφῇ
1391 1272 1449 1295 σου,
1477 1267 1510 1300 τῇ
1529 1265 1622 1299 ἀγάπῃ
1638 1272 1694 1296 σου,
1709 1263 1754 1290 ach
1773 1263 1803 1290 τό
1821 1271 1883 1290 τινα

1085 1310 1132 1336 καὶ
1146 1309 1236 1337 αὐτῶν
1250 1309 1304 1336 τῶν
1322 1309 1432 1336 δικαίων
1448 1309 1619 1345 νομίζεσθαι.
1633 1310 1695 1342 Τοῖς
1709 1310 1737 1336 δὲ
1751 1310 1883 1346 βότρυσιν

1085 1357 1109 1382 οἱ
1125 1356 1226 1390 μασθοὶ
1236 1356 1446 1388 ἀπεικάζονται,
1457 1358 1512 1388 τοῖς
1525 1356 1615 1392 ἔχουσι
1628 1355 1677 1391 τὴν
1690 1357 1884 1391 πνευματικὴν

1085 1402 1268 1439 εὐφροσύνην.

1122 1450 1155 1475 Ἢ
1170 1450 1211 1476 ὅτι
1227 1448 1284 1484 ἐγὼ
1298 1449 1348 1484 τὴν
1371 1449 1516 1485 ὁμολογίαν
1535 1448 1676 1484 προσάγω,
1694 1448 1742 1474 καὶ
1764 1447 1807 1474 ἐπ’
1832 1447 1885 1483 ἐμὲ

1086 1495 1102 1530 ἡ
1118 1494 1270 1530 ἐπιστροφὴ
1292 1494 1393 1521 αὑτοῦ⁹
1411 1494 1427 1529 ἢ
1449 1496 1477 1520 ὲν
1497 1495 1530 1529 τῇ
1550 1492 1688 1528 παρουσίᾳ
1702 1493 1735 1528 τῇ
1753 1492 1882 1527 δευτέρᾳ,

1086 1540 1102 1575 ἢ
1118 1540 1164 1566 καὶ
1179 1540 1233 1566 ἀπὸ
1252 1539 1299 1566 τοῦ
1317 1539 1384 1566 λαοῦ
1399 1539 1452 1566 τῶν
1475 1539 1619 1565 Ἰουδαίων.

1130 1625 1290 1660 ’Δγιάζεται
1317 1624 1409 1651 τοίνυν
1429 1626 1446 1660 ἡ
1469 1624 1556 1660 τροφὴ
1577 1623 1627 1659 τῆς
1644 1624 1764 1658 νύμφης,
1790 1631 1885 1649 συνευ-

1087 1671 1489 1707 ωχουμένουΧρισ-εοῦ.¹Ηγουν
1501 1670 1610 1706 εὔχεται
1619 1669 1668 1704 τὴν
1680 1669 1832 1704 ἐπιδημίαν
1839 1669 1887 1695 τοῦ

1088 1717 1215 1752 Σωτῆρος
1239 1718 1279 1748 είς
1302 1717 1351 1752 τὴν
1380 1717 1514 1744 Ἰουδαίαν
1531 1717 1548 1752 ἡ
1577 1715 1726 1749 Ἐκκλησία
1745 1715 1886 1749 γενέσθαι,

1089 1764 1160 1790 κατὰ
1176 1763 1305 1798 πρόνοιαν
1319 1762 1366 1790 τοῦ
1390 1763 1509 1794 διδόντος
1533 1762 1615 1789 αὐτὸν
1639 1762 1696 1792 τοῖς
1716 1760 1888 1796 ἀνθρώποις,

1090 1809 1134 1836 ἵνα
1147 1809 1253 1844 θηλάσῃ
1271 1809 1321 1844 τὴν
1339 1809 1484 1836 Θεοτόκον.

1378 1877 1522 1912 Εῠροῦσά
1533 1885 1580 1904 σε.

1129 1937 1231 1970 Ἥγουν
1247 1935 1300 1967 ἔξω
1315 1934 1493 1971 Ἰερουσαλὴμ
1504 1934 1571 1961 ὅπου
1586 1931 1758 1968 ἐσταυρώθη.

1127 1983 1162 2008 Ἦ
1176 1982 1222 2009 τὸν
1236 1981 1422 2016 ἐνταφιασμδν
1437 1981 1523 2015 λέγει,
1536 1980 1565 2006 ὃν
1585 1980 1701 2015 ἤνεγκεν
1725 1975 1826 2012 Ἰωσὴφ
1842 1977 1889 2003 καὶ

1091 2030 1257 2065 Νικόδημος.
1285 2028 1370 2055 Ῥοῶν
1384 2027 1412 2054 δὲ
1428 2027 1502 2062 λέγει
1516 2026 1570 2053 τῶν
1585 2026 1680 2060 ἁγίων.

1191 2131 1353 2165 Περὶπτερα
1371 2128 1476 2163 αὐτῆς,
1493 2128 1653 2162 περίπτερα
1669 2125 1775 2160 πιῳός.

1127 2188 1168 2214 Τὰ
1183 2188 1261 2223 τείχη
1273 2186 1324 2223 (5),
1342 2187 1436 2222 φησὶν,
1449 2186 1498 2220 τῆς
1513 2183 1678 2219 Ἐκκλησίας
1691 2182 1749 2217 πῦρ
1762 2182 1835 2208 ἐστι.

277 2234 356 2261 Vcrs.
376 2234 418 2260 ll.
437 2233 533 2265 Vinea,
553 2233 653 2267 inquit,
673 2233 791 2268 spiritali
809 2233 948 2262 Salomoni
967 2234 1033 2262 facta

1126 2235 1171 2270 Τῷ
1183 2233 1364 2269 πνευματικῷ
1380 2231 1509 2267 Σαλομὼν
1519 2230 1651 2266 ἀμπελὼν
1661 2228 1780 2263 ἐγενήθη
1792 2236 1798 2242 ⁸
1814 2226 1890 2260 λέγει

243 2286 284 2309 est
303 2290 310 2308 :
329 2280 397 2308 dicit
409 2288 507 2315 nempe
522 2280 683 2308 Ecclesiam.
705 2281 764 2307 Jam
787 2281 930 2309 Beclamon
955 2285 1042 2312 inter-

245 2333 383 2363 pretamur
393 2328 420 2353 in
434 2326 608 2353 rredentibus.
626 2326 742 2359 Quinam
754 2336 835 2362 porro
852 2330 1040 2366 crediderunt,

245 2374 295 2400 nisi
309 2372 357 2408 qui
377 2371 505 2398 mandata
517 2372 577 2406 ejus
592 2373 778 2406 exceperunt?

279 2418 356 2444 \‘crs.
374 2416 416 2443 l5.
433 2416 486 2449 Qui
503 2416 531 2442 in
552 2416 640 2442 hortis
652 2416 740 2449 sedet,
763 2418 899 2447 Eeclcsias
913 2422 1038 2455 specula-

245 2469 304 2496 tur;
320 2463 400 2490 amici
422 2467 515 2490 autem
535 2463 691 2495 attendunt,
709 2464 755 2490 sed
775 2465 887 2493 minimc
902 2467 1036 2501 judicanl,

288 2547 309 2563 ⁷⁸
323 2546 440 2582 Philipp.
454 2553 483 2580 ιι,
498 2547 523 2574 8.
573 2548 617 2574 ⁷⁷1
635 2548 705 2575 Tim.
726 2557 765 2581 ιιι⁷
780 2548 805 2576 8.

280 2629 317 2665 (l)
339 2629 409 2656 Nota
429 2629 518 2656 obiter
538 2628 766 2665 Cyrillinovum
780 2627 968 2665 testiinonium
982 2635 1032 2662 pro

236 2656 344 2693 'Chrisli
359 2665 528 2692 immanitate
549 2658 576 2690 in
591 2662 784 2691 cucharisticis
797 2657 942 2697 speciebus
960 2656 1031 2697 pra:-

241 2706 328 2729 scnte.

275 2758 312 2794 (2)
333 2757 519 2794 Notissimum
535 2761 577 2794 est
593 2755 725 2794 diaconos
742 2755 769 2782 in
786 2755 876 2794 prisca
891 2754 1030 2794 _Eccle_sia,

241 2789 348 2820 necnon
358 2793 505 2827 aliquando
514 2793 541 2818 in
552 2791 695 2823 hodierna,
705 2798 812 2818 sacram
831 2789 1033 2816 Eucharistiam

241 2832 346 2863 gestare
363 2836 394 2855 ac
406 2828 575 2855 distribuere
592 2827 698 2854 solitos.

278 2873 317 2908 (ὅ)
327 2873 409 2901 Vides
419 2882 434 2900 a
443 2873 545 2908 Cyrillo
559 2874 724 2900 vocabulum
738 2871 888 2908 περίπτερα
901 2870 1034 2908 explicari

242 2905 330 2942 uixi),
350 2917 449 2935 muros.
467 2905 622 2943 '(Cunsonat
647 2905 795 2942 πτερύγιον
809 2927 816 2941 ,
846 2905 1032 2941 piunaculum,

1094 2283 1122 2310 δὲ
1138 2282 1186 2318 τὴν
1208 2280 1382 2316 Ἐκκλησίαν.
1400 2279 1437 2305 Τὸ
1452 2278 1480 2305 δὲ
1497 2275 1657 2311 Βεελαμὼν
1675 2275 1719 2301 Ἐν
1734 2275 1792 2305 τοῖς
1809 2282 1889 2299 πεπι-

1094 2328 1238 2355 στευκόσιν
1259 2325 1443 2362 ἑρμηνεύεται
1459 2323 1507 2360 (4).
1524 2322 1601 2354 Τίνες
1616 2321 1644 2348 δὲ
1660 2319 1889 2351 πεπιστεύκασιν,

1093 2376 1109 2411 ἢ
1128 2376 1153 2402 οἱ
1171 2375 1220 2406 τὰς
1234 2373 1344 2404 ἐντολὰς
1357 2371 1442 2398 αὑτοῦ
1459 2370 1620 2404 δεξάμενοι;

1136 2422 1164 2448 '0
1192 2421 1242 2456 μὲν
1265 2419 1422 2454 καθήμενος
1447 2418 1474 2443 ὲν
1501 2416 1613 2451 κήποις,
1637 2415 1688 2446 τὰς
1722 2410 1890 2445 Ἐκκληπὶας

1094 2467 1238 2497 ἐπισκοπεῖ
1250 2474 1256 2479 ·
1276 2465 1300 2490 οἱ
1319 2463 1423 2497 ἑταῖροι
1440 2461 1468 2487 δὲ
1491 2460 1685 2497 προσέχουσιν.
1702 2457 1764 2484 οὐδὲ
1781 2456 1891 2492 κρίνου-

1087 2625 1183 2653 Matth.
1199 2633 1235 2656 tv,
1248 2624 1286 2659 5).
1307 2622 1417 2659 Ignorat
1427 2615 1850 2659 hun_c_sensnm_§eh_lleusnerus
1864 2615 1890 2659 in

1087 2651 1162 2688 Novo
1185 2651 1308 2686 thesauro
1320 2651 1489 2684 \Tcstmnemi
1505 2651 1615 2680 Veteris.
1632 2651 1762 2688 Nobiligs
1779 2657 1891 2688 quoque

1085 2685 1304 2730 nosterquiﬂait,
1318 2693 1369 2720 ala:
1384 2693 1452 2727 ejus,
1473 2689 1524 2717 ulte
1549 2689 1626 2722 ignis,
1641 2694 1704 2713 cum
1720 2685 1827 2721 Cyrillo
1838 2692 1890 2712 non

1083 2735 1313 2801 colllsfnélotcabuli
1339 2763 1422 2798 hujus
1448 2759 1609 2790 Beelamon.
1639 2765 1673 2784 ex
1701 2756 1789 2784 Hebr.

1081 2817 1149 2861 Ῑῇιεηπ
1161 2819 1251 2845 varias
1263 2822 1388 2844 veterum
1403 2812 1649 2848 interpretationes
1660 2810 1774 2845 collegit
1789 2809 1892 2836 Roseu-

1084 2853 1220 2898 iuullerus
1231 2870 1265 2897 ad
1286 2870 1391 2897 Cantle.
1411 2876 1437 2902 p.
1450 2866 1513 2899 4‘25,
1528 2864 1576 2892 sed
1594 2864 1667 2892 hanc
1682 2863 1784 2891 inediti
1798 2861 1894 2898 Cyrilli

1087 2906 1245 2934 necessario
1265 2904 1410 2940 ignoravit.
