4006 6190
472 333 529 384 τι
646 356 655 364 -
1858 322 2153 380 VlGlLllJS
2188 323 2386 378 rara.
3652 332 3707 388 η

472 451 733 504 ducerent
776 445 845 502 ad
892 444 1250 502 Iustinianum
1281 447 1683 515 imperatorem.
1726 442 1896 510 Quem
1927 457 2051 496 cum
2087 448 2128 504 Α
2158 439 2299 494 male
2325 440 2437 509 agit
2466 454 2588 495 cum
2616 442 2788 496 servis
2817 445 2923 499 tuis
2950 445 3227 512 Romanis,
3268 457 3322 505 et
3348 463 3469 504 cum
3490 450 3593 522 ipsa
3621 452 3714 523 plc-

474 539 821 596 adduxissent
858 536 1405 606 Constantinopolim,
1456 535 1675 603 gavisus
1704 543 1789 588 est
1818 534 2054 602 impera-

466 640 582 699 tor,
603 639 658 686 ct
686 630 811 686 fecit
839 644 960 684 eum
993 627 1275 698 patricium
1303 634 1358 679 et
1380 625 1658 690 comitem,
1686 631 1743 678 et
1763 622 2061 678 transmisit

475 737 597 777 eum
621 719 775 789 juxta
805 717 940 773 fines
970 715 1275 780 Persarum,
1309 724 1364 769 et
1387 713 1465 768 ibi
1493 713 1658 767 vitam
1685 710 1875 767 finivit.
1914 711 2057 766 Beli-

472 811 673 865 sarium
705 823 833 864 vero
864 806 1212 874 interrogavit
1241 804 1552 874 imperator,
1584 802 1859 872 quomodo
1879 816 1938 858 se
1960 801 2059 855 ha-

476 904 627 958 beret
673 917 796 958 eam
849 900 1129 966 Romanis,
1180 897 1266 952 vel
1295 896 1571 966 quomodo
1600 896 1652 949 in
1695 894 1819 949 loco
1845 892 2060 948 Silverii

476 996 749 1049 statuissrt
775 993 1042 1061 Vigilium.
1084 989 1236 1045 Tunc
1264 990 1465 1058 gratias
1493 989 1543 1043 ei
1572 995 1800 1056 egerunt
1829 987 2063 1056 impera-

479 1099 562 1141 tor
587 1084 644 1140 et
672 1085 908 1152 Augusta
938 1091 992 1147 ⁸,
1024 1089 1079 1136 et
1104 1081 1227 1135 data
1263 1080 1311 1134 ei
1351 1079 1632 1147 dignitate,
1681 1078 1874 1132 iterum
1918 1077 2062 1130 Inisit

477 1194 599 1234 cum
630 1179 681 1231 in
710 1174 945 1230 Africam
973 1172 1020 1227 δ.
1075 1171 1177 1239 Qui
1208 1171 1429 1226 veniens
1465 1171 1518 1224 in
1549 1167 1684 1225 fines
1712 1168 1924 1233 Africae,
1959 1169 2059 1222 sub

477 1267 605 1320 dolo
635 1265 782 1335 pacis
812 1262 1080 1319 interfecit
1099 1260 1486 1317 Gontharidem
1518 1259 1598 1332 (a)
1630 1274 1811 1329 regem
1850 1259 2062 1314 Vanda-

473 1362 686 1422 lorum,
730 1364 788 1412 et
825 1355 1041 1410 redacta
1081 1363 1164 1409 est
1206 1352 1385 1407 Africa
1430 1353 1531 1407 sub
1574 1352 1872 1422 republica.
1912 1350 2063 1405 Tunc

479 1447 766 1503 Belisarins
786 1446 1041 1517 patricius
1080 1445 1299 1499 veniens
1322 1443 1547 1499 Romam
1563 1484 1578 1509 ,
1601 1443 1669 1498 de
1701 1442 1886 1513 spoliis
1913 1441 2057 1496 Van-

479 1538 721 1594 dalorum
763 1536 960 1593 obtulit
990 1548 1011 1574 ο
1047 1535 1210 1590 beato
1241 1534 1399 1590 Petro
1446 1534 1693 1605 apostolo
1738 1549 1838 1603 per
1875 1548 2063 1587 manus

482 1630 658 1699 Vigilii
686 1643 837 1700 papa:
858 1642 1073 1684 crucem
1097 1631 1315 1682 auream
1336 1641 1456 1680 cum
1475 1625 1717 1694 gemmis,
1744 1632 2060 1694 pensantem

466 1723 646 1778 -libras
674 1729 910 1785 centum,
954 1720 1006 1774 in
1037 1734 1142 1789 qua
1172 1718 1390 1789 scripsit
1418 1718 1674 1774 victorias
1700 1733 1826 1772 suas
1857 1734 1870 1769 ί
1902 1732 2061 1779 cero-

2158 532 2226 586 be
2252 547 2369 597 sua,
2398 539 2453 586 et
2481 533 2607 602 quia
2634 533 2958 590 homicidam
2988 537 3135 591 illum
3164 552 3496 596 accusamus.
3545 546 3623 600 Sic
3644 552 3718 598 est

2159 622 2214 677 in
2258 621 2493 678 furorem
2535 638 2747 691 versus,
2796 633 2856 679 ut
2901 625 3057 682 daret
3102 628 3314 698 alapam
3356 638 3565 698 notario
3590 651 3705 700 suo;

2159 714 2252 782 qui
2278 728 2405 769 mox
2435 714 2500 768 ad
2528 713 2695 785 pedes
2726 714 2844 786 ejus
2868 717 3068 774 cadens
3093 721 3405 790 exspiravit.
3435 721 3561 778 Item
3588 726 3711 782 dedit

2160 808 2412 874 nepotem
2440 818 2594 859 suum
2623 802 2848 875 Vigilius
2873 807 3086 863 Asterie
3114 811 3323 865 consuli
3352 810 3519 866 filium
3544 816 3710 870 mulie-

2158 897 2236 951 ris
2260 896 2471 961 vidum;
2500 910 2609 966 quo
2635 914 2760 953 casu
2790 898 3037 965 faciente,
3071 900 3196 956 fecit
3220 917 3341 957 eum
3364 905 3533 959 teneri
3554 915 3710 971 nocte,

2160 994 2216 1042 et
2246 987 2429 1042 tandiu
2464 988 2597 1043 caedi
2647 989 2884 1059 quandiu
2925 991 3089 1046 vitam
3118 990 3312 1047 finiret.
3362 993 3482 1061 Quo
3531 997 3712 1063 audito,

2161 1081 2398 1150 Augusta
2427 1081 2573 1135 misit
2619 1080 2963 1138 Anthemium
3007 1084 3312 1140 scribonem
3340 1102 3460 1142 cum
3497 1087 3717 1156 jussione

2161 1189 2278 1239 sua,
2308 1182 2364 1228 et
2399 1189 2519 1229 cum
2548 1175 2744 1230 virtute
2773 1176 2977 1246 majore
3005 1178 3073 1232 ad
3103 1178 3350 1246 Romam,
3407 1181 3620 1237 dicens:
3666 1182 3718 1237 Si

2163 1279 2284 1318 eum
2316 1264 2583 1319 inveneris
2627 1267 2679 1320 in
2710 1266 2926 1322 basilica
2950 1267 3130 1323 Sancti
3163 1268 3330 1335 Petri,
3383 1286 3579 1340 parce:
3609 1289 3716 1327 nam

2162 1355 2206 1408 si
2238 1354 2291 1408 in
2321 1353 2619 1418 Lateranis,
2651 1364 2744 1409 aut
2773 1356 2825 1410 in
2856 1357 3086 1426 palatio,
3115 1368 3207 1413 aut
3235 1360 3286 1413 in
3316 1361 3552 1428 qualibet
3576 1364 3715 1417 eccle-

2164 1447 2241 1501 sia
2292 1447 2561 1502 inveneris
2590 1447 2860 1518 Vigilium,
2912 1465 3038 1505 mox
3096 1451 3404 1521 impositum
3454 1454 3507 1507 in
3563 1456 3719 1508 navim

2164 1538 2365 1607 perduc
2405 1554 2527 1592 eum
2559 1554 2730 1609 usque
2757 1541 2823 1595 ad
2854 1557 2970 1595 uos.
3003 1542 3157 1609 Nam,
3188 1544 3233 1597 si
3265 1560 3372 1599 non
3402 1544 3610 1614 feceris,
3638 1562 3723 1616 per

2167 1629 2441 1683 Viventem
2474 1631 2525 1685 in
2551 1631 2767 1695 smcula,
2801 1632 3066 1687 excoriari
3097 1641 3148 1688 te
3167 1634 3377 1690 faciam.
3409 1634 3508 1702 Qui
3537 1635 3723 1691 Anthe-

2165 1721 2302 1774 mius
2329 1721 2503 1775 scribo
2533 1722 2752 1776 veniens
2784 1722 3030 1788 Romam,
3065 1724 3269 1780 invenit
3294 1742 3415 1781 cum
3441 1728 3492 1782 in
3515 1729 3724 1783 ecclesia

480 1822 620 1870 stata
652 1820 905 1882 argentea
933 1811 1035 1882 (ὁ),
1070 1812 1330 1865 deaurata
1358 1809 1563 1879 majora
1593 1810 1719 1875 duo,
1767 1824 1888 1878 qua:
1916 1816 2061 1864 stant
2096 1842 2140 1902 Β
2167 1809 2378 1864 Sancta:
2407 1808 2654 1877 Czeciliaz,
2704 1828 2734 1864 ιι
2783 1813 3035 1868 calendas
3081 1814 3391 1871 Decembris
3434 1817 3572 1888 (erat
3597 1819 3728 1872 enim

483 1920 647 1975 usque
675 1904 837 1960 hodie
867 1912 991 1958 ante
1019 1918 1216 1972 corpus
1246 1902 1388 1956 beati
1419 1900 1564 1956 Petri
1595 1900 1847 1971 aptrtoli.
1877 1898 1981 1953 Sed
2006 1907 2061 1951 et

385 2009 452 2067 Α
480 1997 581 2052 alia
624 1997 791 2052 multa
838 1996 979 2051 dona
1022 2005 1077 2051 et
1104 1997 1478 2066 eleemosynas
1507 2010 1802 2065 pauperqu
1835 1992 2062 2061 largitus

468 2098 582 2144 est.
620 2087 770 2144 Fecit
793 2089 953 2143 etiam
984 2087 1273 2142 Belisarius
1303 2086 1559 2156 patricius
1587 2084 1979 2139 xcnodochinm
2009 2085 2060 2137 in

484 2180 565 2232 via
598 2177 751 2242 Lata,
804 2187 857 2231 et
905 2178 958 2231 in
999 2178 1082 2230 via
1127 2177 1386 2230 Flaminia
1425 2174 1577 2244 juxta
1606 2176 1877 2254 civitatem
1907 2173 2063 2227 Ortas

481 2267 728 2340 lOstiainl
760 2268 1143 2322 monasterium
1176 2266 1360 2322 Sancti
1398 2265 1692 2332 Juvcnalis,
1733 2266 1823 2320 tibi
1854 2282 2065 2336 posscs-

480 2358 660 2413 sioues
690 2366 746 2412 ct
783 2357 923 2413 dona
969 2357 1138 2411 multa
1169 2357 1390 2425 largitus
1419 2370 1520 2410 est.
1584 2353 1790 2409 Eodem
1822 2364 2063 2425 tempore

481 2447 764 2502 Theodori
787 2449 1023 2516 Augusta
1044 2448 1260 2515 scripsit
1282 2448 1348 2500 ad
1376 2447 1625 2516 Vigiliqu
1648 2463 1841 2516 papam
1869 2465 1880 2500 :
1908 2446 2060 2512 Veni,

481 2539 712 2609 aditnpic
758 2539 912 2593 nobis
953 2554 1073 2607 quas
1103 2553 1271 2607 prona
1319 2537 1596 2591 voluntate
1640 2545 1729 2590 tua
1769 2538 2062 2607 promisisti

481 2632 547 2685 de
575 2638 726 2701 patre
770 2638 953 2684 nostro
984 2628 1256 2691 Anthimo,
1309 2636 1364 2681 et
1406 2643 1599 2682 revoca
1646 2642 1768 2681 eum
1802 2628 1853 2681 in
1886 2624 2065 2681 officio

478 2738 603 2777 suo.
652 2721 732 2776 Ad
761 2721 876 2775 bare
915 2720 1191 2789 rescripsit
1228 2718 1486 2787 Vigilins:
1544 2719 1698 2775 Absit
1737 2719 1842 2774 hoc
1883 2735 1912 2773 a
1957 2735 2061 2783 me,

482 2813 696 2867 domina
720 2811 958 2880 Augusta
985 2829 998 2864 :
1024 2811 1174 2881 prius
1196 2810 1408 2864 locutus
1436 2826 1553 2863 sum
1579 2810 1717 2864 male
1739 2820 1794 2863 et
1820 2810 2069 2880 insipien-

485 2914 585 2969 ter,
617 2902 778 2957 modo
806 2910 984 2957 autem
1013 2901 1161 2956 nullo
1192 2900 1355 2955 modo
1384 2900 1477 2954 tibi
1500 2901 1802 2968 consentio,
1834 2911 1891 2956 ut
1919 2917 2070 2957 revo-

476 3008 601 3046 cem
648 2991 921 3047 hominem
954 2991 1264 3045 hmreticum
1295 2999 1350 3046 et
1378 2991 1914 3046 auathematizatum.
1956 2990 2066 3046 Etsi

487 3081 754 3151 indignus,
784 3081 1017 3135 vicarius
1036 3095 1154 3135 sum
1182 3080 1323 3134 beati
1350 3078 1495 3135 Petri
1519 3079 1773 3150 apostoli,
1795 3081 2070 3150 quomodo

489 3174 700 3227 fuerunt
745 3182 1113 3227 antecessores
1163 3170 1267 3225 mei
1326 3170 1649 3225 sanctissimi
1695 3171 1965 3240 Agapetus
2013 3179 2067 3225 et

487 3266 761 3329 Silverius,
789 3264 880 3335 qui
909 3280 1031 3319 cum
1056 3264 1468 3318 damnaverunt.
1498 3262 1647 3318 Tunc
1672 3263 1899 3318 Romani
1924 3262 2068 3319 fece-

491 3364 618 3410 runt
642 3356 1015 3425 suggestiones
1044 3369 1173 3409 suas
1200 3354 1227 3391 ά
1269 3363 1457 3408 contra
1503 3353 1772 3423 Vigilium,
1822 3370 1891 3410 eo
1929 3355 2071 3424 quod

482 3463 608 3503 cum
638 3448 865 3503 consilio
894 3446 1012 3515 ejus
1045 3444 1328 3515 depositus
1371 3445 1557 3501 fuisset
1585 3445 1843 3502 Silverius
1873 3446 2073 3501 beatis-

488 3540 654 3593 simus
678 3553 839 3608 papa.
873 3537 1248 3605 Suggcrhnus,
1284 3537 1548 3606 inquiunt,
1580 3536 1763 3607 pietati
1797 3546 1919 3599 tum,
1948 3538 2071 3607 quia

554 3680 639 3750 (a)
670 3675 811 3733 Idem
842 3676 989 3744 cod.,
1022 3673 1361 3730 Widllmrim.

488 3804 620 3859 ergo
642 3796 905 3859 novantes
933 3785 1167 3859 haeretici
1191 3800 1353 3859 quam
1390 3790 1716 3859 pnenialtire
1740 3783 2069 3859 triumphent

493 3853 868 3925 ile'naufragio
897 3855 1055 3926 hujus
1100 3853 1640 3926 naviculm,'quando
1667 3855 1729 3926 ei
1751 3853 2069 3926 prmsidehat

497 3930 735 4007 _Vigilins.
760 3923 816 3983 Si
845 3923 1033 4007 auctor
1061 3934 1142 4007 est
1161 3926 1312 4007 illius
1339 3923 1580 4007 epistoiae
1608 3923 1841 4007 iitleique
1868 3923 2073 4007 fprmu:

490 3994 587 4063 lic,
610 4013 772 4066 quam
802 4014 868 4053 ex
901 3996 1134 4050 Liberali
1161 3994 1432 4051 breviario
1461 3995 1739 4066 objiciunt,
1770 3994 1901 4047 nihil
1931 3994 2073 4066 aliud

497 4064 756 4132 vicerunt,
797 4081 958 4136 quam
986 4066 1129 4134 quod
1171 4082 1238 4121 eo
1280 4074 1525 4136 tempore
1569 4065 1840 4136 exteriore
1870 4064 2076 4134 profes-

495 4143 646 4195 sione
675 4139 727 4192 in
756 4132 980 4205 gratiam
1006 4132 1361 4206 imperatricis
1387 4132 1483 4205 spe
1508 4132 2077 4206 pontificatusrobeuu-

495 4212 547 4264 di
578 4210 663 4289 vel
689 4207 955 4289 retinendi
980 4205 1244 4289 -ha:r_e_sim
1293 4207 1579 4289 prolessqs.
1616 4221 1736 4286 eam
1784 4205 2070 4289 epistolam

497 4280 789 4349 scripserit,
817 4277 1032 4349 quando
1057 4276 1233 4349 adhuc
1265 4274 1478 4331 vivente
1504 4274 1738 4349 Si‘lverio
1772 4275 2073 4349 pseudopa-

500 4366 564 4420 pa
594 4345 735 4404 esset
760 4369 772 4402 :
805 4345 964 4420 quem
991 4348 1034 4400 si
1064 4348 1158 4420 vei
1180 4362 1406 4420 errasse,
1437 4347 1525 4401 vel
1556 4345 1865 4420 haereticum
1901 4345 2070 4420 et_si-

503 4415 1012 4475 inoniacum’fuisse
1061 4417 1161 4487 ipsi
1210 4419 1521 4487 probarent,
1566 4416 1765 4487 nullam
1808 4415 2073 4487 maculam

502 4491 751 4546 Ecclesiae
775 4483 1094 4543 orthodoxm'
1127 4483 1350 4556 ejusque
1387 4486 1728 4556 dogmatibus
1751 4483 2071 4556 indigerent.

502 4558 656 4627 Quod
684 4568 861 4613 autem
892 4569 1013 4628 post
1037 4558 1239 4611 obitum
1266 4555 1771 4628 ’Silverii,__quand_o
1804 4571 1899 4624 per
1937 4555 2071 4628 dile-

500 4624 734 4686 ctionem
764 4628 849 4682 vel
876 4624 1319 4701 approbationem
1358 4627 1488 4701 cieri
1518 4624 1913 4701 Romanipapa
1944 4624 2077 4701 legi:-
2110 4643 2154 4701 ι)

505 4703 663 4776 timus
689 4694 1020 4776 esse-erepit,
1052 4698 1181 4776 nihil
1213 4697 1402 4776 hor_um
1426 4696 1640 4776 digerit,
1665 4694 1957 4776 scripserit,
1990 4696 2074 4776 vel

502 4771 691 4839 egerit,
716 4765 1027 4823 indicabunt
1044 4768 1154 4839 illa:
1179 4767 1544 4839 anathematis
1561 4765 1842 4839 sententia:
1864 4780 1998 4832 quas
2024 4765 2076 4819 in

508 4835 839 4906 A'uthimum,
869 4846 1005 4892 teste
1032 4836 1316 4906 Gregorio,
1347 4852 1377 4890 a
1408 4835 1889 4906 prmdecessoribus
1918 4844 2076 4888 antea

498 4905 939 4975 condemnatum,
981 4916 1035 4961 et
1075 4908 1128 4963 in
1155 4905 1495 4962 Theodoram
1524 4907 1813 4973 Augustam
1842 4920 2081 4975 pronun-

502 4981 675 5036 tiavit.
707 4977 842 5045 Quid
869 4993 1000 5033 vero
1028 4977 1095 5031 de
1121 4978 1233 5046 ipsa
1265 4978 1489 5046 epistola
1524 4977 1624 5030 sub
1654 4975 1869 5030 nomine
1900 4974 2078 5046 Vigilii

504 5067 569 5106 ex
602 5043 852 5105 [.iberato
876 5043 1156 5117 desumpta
1185 5043 1518 5101 sentiendum
1561 5048 1651 5110 sit,
1679 5046 1916 5100 dicemus
1945 5043 2079 5100 infra

507 5122 557 5174 in
584 5121 725 5177 notis
752 5116 1100 5190 epistularum
1130 5116 1548 5190 ejusdem._SEv.
1581 5117 1776 5190 fimus.

544 5192 603 5226 “ﬂ
633 5185 988 5244 Iustinianum
1031 5187 1098 5242 dc
1141 5185 1448 5242 revocando
1496 5187 1751 5241 Anthimo
1794 5186 1847 5240 in
1896 5185 2079 5240 sedem

509 5273 657 5314 suam
688 5261 961 5316 conscium
994 5270 1100 5313 nun
1130 5258 1313 5327 fuisse,
1356 5257 1449 5313 sed
1476 5258 1666 5327 potius
1697 5272 1759 5311 ea
1789 5255 1969 5327 omnia
1997 5273 2086 5327 se-

506 5337 656 5383 creta
707 5330 1105 5384 machinatione
1132 5326 1429 5383 Theodorae
1459 5324 1710 5395 Angusta:
1738 5341 1860 5380 cum
1888 5324 2083 5395 Vigiho

508 5398 795 5454 commissa
839 5413 979 5464 esse,
1028 5399 1226 5453 indicat
1267 5396 1493 5468 epistola
1523 5395 1807 5468 Iustiniani
1837 5395 1905 5468 ad
1932 5395 2085 5468 Men-

508 5484 652 5534 nam,
703 5482 823 5535 qua:
862 5483 1021 5537 supra
1052 5484 1250 5525 excusa
1284 5465 1366 5523 est
1406 5469 1504 5522 sub
1531 5467 1799 5522 Silverio:
1846 5466 1904 5537 in
1932 5465 2086 5535 cujus

510 5540 614 5594 line
644 5539 785 5593 inter
824 5535 958 5591 alios
987 5540 1346 5594 exsecrandos
1390 5538 1671 5592 hmrcticos
1718 5535 2085 5591 condemnan-

507 5610 606 5663 dos
653 5615 937 5662 enumerat
989 5608 1297 5678 Anthimum
1346 5608 1700 5678 Trapezuntis
1747 5606 2085 5678 episcopum.

512 5679 665 5735 Unde
696 5684 844 5749 patet
876 5676 1019 5746 quod
1066 5678 1182 5747 ipse
1217 5676 1521 5749 imperator
1544 5677 1864 5733 Belisarium
1898 5676 1997 5730 hac
2025 5680 2092 5733 de

510 5765 671 5803 causa
701 5748 901 5818 gratias
930 5763 1036 5818 non
1086 5748 1276 5818 egerit,
1308 5748 1411 5803 nisi
1457 5748 1597 5804 forte
1632 5762 1965 5818 .persuasum
1991 5749 2094 5803 sibi

526 5815 775 5873 habuerit
820 5815 1106 5873 Silverium
1151 5815 1294 5887 justa
1343 5819 1608 5877 sententia
1651 5815 2092 5879 condemnatum,

2166 1900 2281 1954 dies
2321 1900 2514 1956 natalis
2547 1900 2684 1970 ejus)
2735 1917 2956 1957 munera
2997 1914 3308 1973 erogantem
3356 1907 3422 1962 ad
3469 1910 3728 1978 populum.

2165 1989 2437 2047 Tcnentes
2465 2006 2594 2061 ergo
2625 2007 2770 2061 eum,
2801 1993 3167 2063 deposuerunt
3194 1998 3260 2052 ad
3287 1997 3542 2061 Tiberim,
3573 2009 3624 2054 et
3646 2001 3733 2054 mi-

2163 2091 2350 2138 serunt
2381 2098 2503 2137 eum
2545 2084 2599 2138 in
2629 2085 2827 2139 navim.
2862 2083 3022 2142 Plebs
3051 2096 3230 2143 autem
3276 2097 3332 2143 et
3378 2091 3605 2160 populus
3648 2107 3733 2147 se-

2166 2175 2435 2242 quebatur
2460 2188 2604 2239 eum,
2638 2174 3020 2244 acclamantes,
3048 2187 3107 2231 ut
3134 2179 3439 2235 orationem
3471 2181 3539 2234 ab
3565 2196 3628 2236 eo
3652 2198 3736 2237 ac-

2164 2265 2426 2333 ciperent.
2444 2264 2683 2333 Dataque
2704 2267 2968 2333 oratione,
2994 2269 3268 2337 respondit
3291 2270 3465 2325 omnis
3484 2272 3735 2342 popu!us:

2166 2353 2373 2420 Amen;
2423 2362 2478 2411 et
2505 2361 2649 2409 mota
2687 2363 2771 2411 est
2808 2356 2978 2412 navis.
3024 2356 3277 2413 Videntcs
3328 2358 3555 2415 Romani
3599 2362 3740 2431 quod

2165 2453 2311 2499 mota
2341 2452 2486 2499 esset
2510 2444 2661 2499 navis
2706 2445 2762 2499 in
2799 2460 2904 2515 qua
2933 2446 3156 2503 sedebat
3185 2448 3428 2517 Vigilius,
3462 2451 3624 2520 coepit
3654 2467 3742 2521 po-

2167 2536 2323 2605 pulus
2360 2536 2567 2605 jactare
2597 2544 2719 2606 post
2744 2551 2868 2590 eum
2892 2534 3124 2607 lapides,
3175 2537 3341 2593 fustes
3384 2538 3404 2612 [
3431 2554 3552 2594 cum
3581 2541 3740 2596 calci-

2168 2628 2288 2693 bus,
2319 2626 2395 2698 et]
2421 2627 2675 2691 eacabos,
2700 2635 2755 2680 et
2778 2626 2958 2682 dicere
2983 2645 2994 2679 :
3028 2627 3219 2684 Fames
3251 2636 3341 2683 tua
3381 2638 3579 2685 tecum.
3608 2631 3746 2687 Mor-

2169 2719 2345 2772 talitas
2372 2727 2569 2773 tecum.
2611 2717 2749 2771 Male
2779 2717 2952 2772 fecisti
2989 2718 3265 2787 Romanis,
3314 2722 3456 2776 male
3504 2722 3744 2778 invenias

2168 2810 2258 2863 ubi
2285 2809 2451 2863 vadis.
2495 2808 2562 2863 Et
2589 2808 2804 2878 quidam
2829 2818 3098 2864 amatores
3119 2810 3236 2878 ejus
3258 2812 3431 2866 secuti
3458 2821 3585 2867 sunt
3623 2829 3746 2867 eum

2169 2899 2236 2955 de
2265 2900 2513 2955 ecclesia.
2557 2896 2658 2965 Qui
2693 2898 2968 2967 ingressus
3012 2898 3251 2955 Siciliam
3301 2911 3325 2940 ⁸
3375 2903 3427 2957 in
3475 2904 3748 2959 civitatem

2170 2992 2548 3058 Catancusem,
2574 2992 2867 3062 permissus
2896 3000 2979 3046 est
3009 2990 3189 3049 facere
3214 2992 3635 3050 ordinationem.
3656 3012 3756 3065 per

2171 3098 2410 3137 mensem
2463 3081 2835 3147 Decembrem,
2886 3082 3231 3153 presbyteros
3272 3090 3330 3137 et
3368 3082 3648 3153 diaconos,
3701 3086 3753 3140 in

2172 3173 2366 3244 quibus
2396 3172 2755 3227 retransmisit
2796 3170 2982 3228 Ronue
3027 3173 3351 3242 Ampliatum
3382 3175 3757 3247 presbyterum

2178 3275 2234 3320 et
2257 3265 2648 3320 viccdominum
2678 3279 2853 3329 suum,
2886 3270 2943 3318 et
2969 3263 3311 3319 Valentinum
3340 3266 3660 3337 episcopum
3692 3267 3760 3321 ad

2179 3364 2394 3410 sanctas
2439 3353 2687 3411 Rufinam
2735 3363 2790 3410 et
2835 3354 3136 3410 Secundam
3163 3395 3180 3421 ,
3233 3356 3299 3410 ad
3341 3356 3762 3412 custodiendum

2181 3447 2494 3516 Lateranas,
2525 3454 2581 3501 et
2606 3446 3015 3515 gubernandum
3054 3447 3280 3503 clerum.
3332 3446 3395 3502 Et
3435 3448 3767 3505 valefaciens

2181 3539 2447 3604 omnibus,
2481 3538 2752 3607 ingressus
2770 3546 2855 3593 est
2879 3536 3404 3609 Constantinopolim
3441 3539 3458 3577 τ
3492 3542 3546 3596 in
3582 3542 3767 3612 vigilia

2264 3674 2337 3748 (ὁ)
2365 3674 2420 3729 In
2444 3674 2634 3730 eodem
2664 3673 2817 3730 deest
2845 3684 3109 3746 argentea.

2176 3785 2334 3908 eiqqe
2367 3782 2615 3854 Vigilium
2645 3783 2882 3851 legitima
2910 3786 3293 3855 subrogatio‘ne
3322 3786 3608 3842 suffectum
3639 3787 3778 3842 fuis-

2176 3871 2250 3908 se.
2306 3871 2433 3908 neu.

2171 3871 2250 3911 se.
2283 3871 2433 3909 IDEM.

2246 3924 2273 3963 ι’
2304 3924 2430 3979 “me
2459 3924 2560 3978 sub
2587 3923 2902 3994 pontificatu
2927 3922 3149 3980 Joannis
3174 3925 3217 3978 ll
3244 3940 3385 3980 anno
3405 3926 3608 3983 Christi
3638 3929 3774 3993 553,

2175 3995 2465 4061 contigisse
2491 3993 2758 4048 videntur.
2783 3993 2936 4049 lusu.

2251 4077 2272 4104 ο
2306 4064 2430 4119 [hcc
2470 4064 2693 4127 oblatio,
2745 4064 2898 4132 cujus
2925 4065 3091 4119 etiam
3126 4066 3372 4121 meminit
3422 4077 3617 4123 auctor
3675 4068 3783 4123 Mi-

2177 4132 3109 4207 scellmhistorizc,fortassejacta
3165 4146 3248 4190 est
3292 4139 3392 4207 sub
3441 4138 3782 4207 pontificatu

2178 4206 2410 4278 Silverii,
2457 4219 2605 4278 anno
2650 4203 2846 4278 C_hristi
2882 4203 3006 4278 5'57,
3057 4207 3274 4278 quando
3321 4203 3617 4264 Belisarius
3650 4220 3789 4278 post

2179 4276 2418 4348 devictos
2446 4273 2899 4348 Gotbo§_Ro_rnain
2922 4273 3152 4345 subegit.
3179 4275 3238 4331 Si
3264 4285 3439 4348 tamen
3464 4273 3791 4348 aliqua'do-

2180 4346 2328 4400 natio
2356 4344 2496 4428 facta
2525 4353 2607 4399 est
2629 4343 3135 4428 Y‘igilio,..oportuit
3162 4361 3283 4428 eam
3322 4343 3571 4428 oblatam
3598 4348 3788 4428 fuisse

2178 4432 2276 4498 per
2320 4415 2598 4498 miriistros
2639 4413 2879 4498 Belisarii
2933 4413 2988 4469 in
3028 4416 3267 4498 ejusdem
3300 4418 3579 4498 absentia:
3632 4416 3788 4473 Nam

2179 4485 2353 4557 ipsum
2376 4485 2693 4557 Belisarium
2723 4493 2930 4557 quarto;
2968 4500 3110 4541 anno
3136 4485 3500 4557 belli_Persici
3528 4488 3789 4543 Romam

2178 4554 2284 4611 non
2315 4555 2477 4623 fuisse
2499 4556 2814 4623 ingressum,
2847 4555 3029 4609 videre
3056 4563 3139 4611 est
3165 4571 3233 4611 ex
3262 4554 3546 4623 Procopio.
3583 4557 3757 4611 locat.

2249 4623 2276 4663 ἀ
2320 4622 2608 4680 Historiam
2655 4638 2773 4692 quae
2801 4625 3068 4694 sequitur,
3111 4640 3280 4693 usque
3329 4627 3397 4682 ad
3427 4622 3513 4681 illa
3555 4630 3790 4682 verba:

2182 4694 2284 4777 Qui
2312 4697 2574 4777 ingressus
2598 4694 2859 4777 Sicifiam,
2888 4696 3135 4777 etc.,_de
3178 4695 3279 4777 fide
3308 4706 3623 4777 suspectam
3658 4713 3798 4752 esse

2182 4763 2445 4836 Baronius
2464 4763 2760 4836 annog5it3,
2785 4780 3011 4819 numero
3032 4763 3120 4832 54,
3154 4767 3367 4835 probat,
3395 4763 3461 4822 eo
3484 4783 3801 4836 argumen-

2183 4844 2238 4892 to
2269 4835 2453 4901 fretus,
2485 4834 2628 4902 quod
2658 4834 2819 4888 trium
2857 4834 3213 4903 capitulorum
3246 4851 3403 4891 causa
3435 4834 3653 4891 tantum
3688 4853 3803 4891 V0-

2181 4914 2334 4961 catns
2363 4904 2542 4977 fuerit,
2573 4919 2694 4977 cum
2724 4903 3577 4977 MennaConstantinopolitanus
3610 4916 3804 4975 atque

2182 4977 2423 5047 primarii
2447 4973 2680 5029 Orientis
2706 4973 2964 5047 episcopi,
2997 4976 3174 5047 edicto
3203 4973 3485 5031 Iustiniani
3508 4977 3580 5031 de
3605 4973 3808 5032 tribus

2184 5048 2435 5116 capitulis
2461 5046 2775 5099 damnandis
2794 5046 3162 5116 promulgato,
3216 5062 3322 5099 non
3355 5047 3501 5116 prius
3531 5048 3811 5102 subscri—

2179 5113 2310 5172 bere
2336 5116 2555 5178 vellent,
2603 5113 3071 5186 quani_Rorrianns
3095 5116 3334 5186 pontiiex
3357 5113 3805 5186 '_consensisset.

2182 5187 2411 5242 Putabat
2438 5189 2581 5242 enim
2604 5183 2911 5256 pontificem
2933 5183 3126 5256 quibus
3144 5193 3326 5256 posset
3356 5184 3471 5241 fieri
3498 5185 3815 5241 blanditiis

2185 5253 2621 5320 conciliandum,
2668 5264 2723 5310 et
2769 5270 2878 5309 non
2932 5253 3035 5311 nisi
3088 5253 3385 5310 honorifice
3434 5256 3819 5313 invitandum

2186 5342 2328 5395 esse,
2361 5343 2427 5382 ne
2477 5325 2568 5381 illo
2593 5333 2947 5396 repugnante,
2982 5339 3013 5379 a
3042 5340 3149 5396 quo
3181 5340 3369 5396 omnes
3398 5324 3651 5382 Orientis
3686 5343 3822 5396 epi-

2187 5394 2337 5468 scopi
2359 5394 2752 5468 dependebant,
2785 5394 2852 5448 de
2883 5394 3222 5468 promulgato
3248 5395 3429 5452 edicto
3451 5411 3662 5452 omnes
3702 5394 3821 5451 οὐ-

2187 5464 2346 5522 natus
2376 5464 2509 5521 irriti
2540 5464 2903 5520 efficerentur.
2932 5464 3085 5519 lusu.

2265 5549 2288 5576 ε
2321 5538 2377 5592 In
2426 5536 2607 5593 Sicilia
2639 5534 2912 5605 longiores
2957 5549 3139 5591 moras
3166 5536 3394 5592 traxisse
3435 5532 3825 5605 pontificem,

2195 5609 2424 5678 indeque
2453 5606 2584 5662 Urbi
2611 5605 2750 5678 fame
2779 5604 3043 5678 laboranti
3069 5606 3390 5678 frumentum
3413 5621 3443 5659 a
3472 5604 3691 5678 Gothis
3729 5607 3833 5678 in-

2195 5673 2493 5747 terceptum
2522 5677 2748 5747 misisse,
2780 5674 2940 5729 tradit
2968 5673 3263 5747 Procopius
3291 5676 3385 5731 lib.
3427 5692 3484 5730 ιιι
3527 5675 3605 5730 de
3645 5674 3834 5729 Bello

2194 5746 2513 5804 Gothorum.
2546 5746 2691 5801 lusu.

2279 5819 2294 5857 ί
2332 5818 2553 5889 Vigilius
2583 5817 2649 5872 ad
2677 5816 2993 5873 comitatum
3045 5816 3320 5889 profectus
3367 5824 3560 5872 contra
3606 5829 3841 5870 exem-

3822 5958 3861 5983 Ὅ

3780 5985 3864 6055 (1
