4006 6190
345 319 409 375 ιδ
1808 306 2095 365 NOTITIA.
3541 298 3558 351 l
3577 298 3603 349 1

336 428 544 488 Natalis
588 428 800 484 Domim
849 426 1019 481 nostri
1063 434 1088 462 λ
1131 422 1257 479 Jesu
1298 423 1514 480 Christi.
1551 422 1702 478 Tunc
1732 421 1920 477 obvius
1956 428 1991 476 ,ι
2028 415 2337 471 comedere.
2398 411 2638 481 Quadam
2684 410 2772 465 die
2821 411 3040 467 intravit
3098 409 3323 466 Romam
3372 425 3401 463 a
3451 417 3605 479 porta

342 530 427 577 est
453 520 503 576 ei
549 519 863 590 imperator,
908 524 963 571 et
990 513 1298 572 osenlantes
1340 527 1416 577 se,
1450 522 1733 581 coeperunt
1762 508 1915 578 flere,

345 623 402 669 et
430 612 577 684 plebs
603 610 690 665 illa
723 607 986 679 psallebat
1020 614 1145 660 ante
1174 620 1294 659 eum
1341 619 1508 674 usque
1547 603 1612 657 ad
1643 601 1924 657 ecclesiam

348 703 556 759 Sanctae
600 698 840 770 Sophim,
885 697 1071 753 dicens
1117 691 1314 751 :‘Ecce
1363 695 1580 750 advenit
1625 694 1929 750 dominator

347 794 615 858 dominus,
641 797 750 845 etc.
801 788 905 843 Per
931 787 1204 844 biennium
1233 802 1358 840 vero
1387 786 1602 841 fuerunt
1629 784 1929 840 contentio-

348 899 449 939 nes
471 883 546 955 (α)
568 882 637 937 de
662 880 919 935 Anthimo
944 879 1270 949 patriarcha,
1300 876 1573 946 quomodo
1597 874 1931 945 promisisset

349 986 608 1029 revocare
634 977 694 1024 et
731 969 1010 1025 remittere
1053 982 1176 1023 eum
1206 967 1260 1021 in
1291 966 1466 1021 locum
1497 980 1677 1032 suum,
1726 970 1781 1017 et
1807 977 1935 1017 cau-

351 1064 555 1116 tionem
583 1074 775 1113 manus
810 1072 922 1112 sua:
950 1056 1325 1121 ostendebant,
1376 1055 1647 1124 quomodo
1676 1053 1934 1123 promise-

351 1159 440 1203 rat
465 1164 587 1204 eum
611 1150 664 1202 in
690 1146 934 1202 ordinem
956 1162 1108 1201 suum
1132 1160 1408 1201 revocare.
1436 1143 1543 1200 Sed
1564 1144 1786 1211 Vigilius
1815 1144 1935 1199 nul-

354 1240 571 1293 latenus
614 1237 694 1292 eis
735 1235 904 1291 voluit
947 1236 1274 1299 consentire,
1315 1233 1409 1288 sed
1458 1241 1607 1287 tanta
1655 1233 1939 1288 roboratus

355 1334 581 1394 virtute,
613 1328 781 1397 magis
805 1327 942 1383 mori
970 1326 1308 1383 desiderabat
1353 1340 1512 1398 quam
1545 1326 1744 1380 vivere.
1790 1323 1942 1379 Tunc

358 1419 585 1487 Vigilius
613 1433 750 1488 papa
778 1417 915 1470 dixit
938 1434 951 1469 :
984 1414 1050 1471 Ut
1072 1415 1249 1483 video,
1280 1431 1384 1470 non
1412 1430 1499 1471 me
1529 1412 1770 1469 fecerunt
1790 1414 1942 1469 veni—

356 1526 425 1563 re
450 1507 518 1563 ad
548 1523 607 1564 se
632 1505 963 1562 Justinianus
990 1516 1048 1561 et
1074 1504 1358 1560 Theodora
1403 1505 1623 1574 piissimi
1654 1504 1943 1574 principes,

358 1604 462 1659 sed
497 1602 658 1658 hodie
700 1602 814 1657 scio
852 1601 1001 1671 quod
1039 1601 1431 1656 Diocletianum
1477 1607 1533 1654 et
1579 1597 1944 1654 Eleutheriam

363 1692 546 1748 inveni
572 1710 585 1744 :
616 1690 779 1746 facite
825 1699 885 1745 ut
929 1690 1109 1753 vultis,
1161 1689 1322 1759 digna
1351 1689 1496 1744 enim
1527 1689 1682 1744 factis
1716 1688 1942 1759 recipio.

2028 508 2210 565 Sancti
2236 506 2404 572 Pauli,
2436 504 2725 560 indictione
2753 519 2844 559 xm
2873 500 3028 576 [xiv].
3071 502 3208 559 Tota
3253 501 3396 558 enim
3444 510 3602 557 nocte

2031 599 2157 656 fecit
2192 598 2473 655 buccinam
2517 594 2710 663 clangi,
2763 593 3059 664 usquedum
3108 601 3332 649 cunctus
3378 592 3605 663 populus

2031 692 2240 760 fugeret
2264 729 2279 753 ,
2312 696 2405 744 aut
2432 703 2531 758 per
2556 686 2812 743 ecclesias
2841 701 2901 740 se
2921 689 3143 752 ce'aret,
3177 700 3243 741 ne
3270 686 3449 755 gladio
3490 684 3601 740 llo-

2033 786 2176 841 mani
2226 784 2386 838 vitam
2435 781 2669 837 linirent.
2727 778 3002 835 Habitavit
3048 794 3142 835 rex
3191 795 3313 836 cum
3352 778 3609 835 Romanis

2034 875 2190 944 quasi
2220 885 2373 944 pater
2401 888 2520 928 cum
2554 870 2691 924 filiis.
2742 870 2890 925 Tunc
2927 870 3143 941 quidam
3171 870 3238 925 de
3265 869 3606 926 senatoribus

2038 963 2317 1034 fugientes,
2368 963 2585 1018 Githens
2631 959 2942 1035 [Tecbeus],
2990 961 3233 1029 Albinus,
3280 969 3337 1015 et
3379 959 3609 1018 Basilius

2038 1057 2295 1126 patricius
2316 1063 2370 1109 et
2396 1053 2584 1109 consul
2614 1052 2686 1124 (ο)
2704 1091 2720 1117 ,
2751 1050 2975 1121 ingressi
3004 1060 3127 1106 sunt
3151 1050 3609 1119 Constantinopo-

2040 1148 2152 1211 lim,
2182 1144 2490 1216 pracsentati
2521 1152 2647 1199 ante
2671 1143 3046 1210 imperatorem
3078 1140 3259 1196 afﬂicti
3289 1148 3344 1195 et
3362 1140 3611 1196 desolati.

2042 1237 2191 1293 Tunc
2217 1236 2528 1293 consolatus
2556 1242 2639 1289 est
2665 1250 2761 1289 eos
2808 1234 3127 1304 imperator,
3179 1241 3235 1288 et
3281 1232 3470 1288 ditavit
3498 1247 3613 1294 eos,

2042 1332 2183 1387 sicut
2223 1330 2370 1398 digni
2409 1337 2591 1394 erant,
2654 1337 2906 1399 tanquam
2952 1327 3030 1399 (d)
3077 1327 3326 1384 consules
3370 1324 3614 1380 Romani.

2046 1423 2251 1478 Eodem
2304 1426 2548 1491 tempore
2598 1421 2891 1491 imperator
2931 1418 3262 1474 Justiniauus
3308 1417 3454 1472 misit
3497 1416 3621 1470 Nar-

2043 1522 2211 1569 setem
2241 1512 2543 1566 eunuchum
2567 1509 2590 1547 ἀ
2623 1518 2679 1566 ει
2722 1509 3104 1565 cubicularium
3143 1522 3297 1563 suum
3321 1507 3372 1561 in
3394 1506 3618 1570 Italiam,

2049 1604 2156 1671 cui,
2186 1602 2307 1657 data
2338 1616 2515 1673 pugna
2539 1618 2659 1656 cum
2679 1598 2888 1665 Gothis,
2921 1599 3139 1654 domvit
3160 1599 3301 1655 Deus
3322 1597 3620 1658 victoriam.

2050 1701 2106 1748 et
2135 1693 2343 1748 occisus
2372 1702 2451 1747 est
2481 1708 2596 1755 rex,
2628 1700 2684 1746 et
2713 1689 2999 1749 multitudo
3024 1687 3320 1745 Gothorum
3344 1687 3621 1743 interfecta

365 1782 526 1838 Tunc
546 1781 690 1836 dedit
711 1781 922 1852 alapam
955 1780 981 1817 δ
1008 1780 1062 1835 in
1090 1779 1281 1835 faciem
1309 1779 1425 1849 ejus
1449 1778 1686 1848 quidam,
1718 1779 1900 1835 dicens
1930 1797 1942 1832 :
1980 1811 2024 1869 Β
2052 1789 2155 1835 est.
2212 1780 2363 1834 Tunc
2392 1779 2655 1833 adunatus
2684 1778 2859 1834 clerus
2907 1785 3231 1845 rogaverunt
3273 1775 3545 1832 Narsctem
3575 1786 3622 1842 θ,

372 1869 680 1939 Homicida,
731 1870 905 1927 nescis
930 1870 1124 1939 quibus
1167 1870 1447 1939 loqueris?
1495 1868 1679 1927 Nescis
1700 1868 1824 1938 quia
1849 1866 1949 1922 SiL

371 1963 580 2017 verium
607 1976 799 2032 papam
824 1959 1113 2016 occidisti?
1144 1968 1199 2014 et
1228 1959 1394 2013 lilium
1422 1957 1660 2013 mulieris
1690 1956 1858 2013 vidua:
1879 1955 1948 2010 ad

371 2055 552 2108 calces
579 2063 635 2108 et
655 2051 824 2107 fustes
852 2050 1210 2107 interfecisti?
1254 2050 1406 2105 Tunc
1450 2050 1658 2120 fugiens
1689 2050 1740 2104 in
1772 2049 1952 2103 basili-

374 2158 497 2198 cam
525 2141 736 2197 Sancum
777 2140 1105 2212 Euphemim,
1158 2142 1330 2196 tenuit
1376 2141 1682 2197 columnam
1727 2139 1948 2205 altaris;

374 2234 469 2303 qui
499 2240 704 2288 tractus
726 2234 794 2288 ab
822 2247 905 2298 ea,
936 2232 1139 2301 ejectus
1166 2239 1250 2287 est
1276 2230 1422 2288 foras
1443 2231 1747 2287 ecclesiam.
1780 2230 1955 2287 Fecit-

376 2339 487 2391 que
512 2321 797 2377 Theodora
834 2321 1071 2391 Augusta
1098 2321 1238 2376 mitti
1273 2320 1454 2376 funem
1498 2321 1550 2375 in
1580 2321 1779 2377 collum
1811 2319 1949 2388 ejus,

378 2422 439 2466 et
486 2413 621 2467 trahi
651 2427 747 2483 per
778 2418 959 2489 totam
1005 2412 1278 2467 civitatem
1326 2427 1496 2481 usque
1538 2411 1607 2467 ad
1649 2426 1952 2481 vesperum.

382 2504 536 2560 Tunc
560 2505 754 2561 missus
782 2512 867 2559 est
907 2504 961 2559 in
1007 2504 1325 2567 custodiam,
1375 2510 1429 2558 et
1457 2502 1686 2558 dabatur
1712 2503 1761 2557 ei
1790 2502 1957 2556 modi-

382 2611 508 2650 cum
534 2596 686 2665 panis
707 2604 765 2650 et
791 2610 963 2666 aqum.
993 2593 1183 2650 Glerus
1213 2605 1390 2650 autem
1414 2595 1691 2650 Romanus
1717 2595 1809 2664 qui
1837 2609 1958 2649 cum

384 2703 454 2742 eo
481 2694 600 2741 erat
626 2687 825 2742 missus
850 2694 934 2742 est
979 2688 1035 2741 in
1078 2686 1323 2743 exsilium
1354 2702 1451 2757 per
1479 2686 1695 2741 diversa
1725 2685 1866 2753 loca,
1896 2685 1961 2739 ad

387 2779 607 2834 metalla
636 2778 931 2834 incidenda.
976 2777 1124 2833 Tunc
1163 2777 1323 2832 Gothi
1365 2777 1608 2831 fecerunt
1645 2776 1745 2832 sibi
1783 2790 1962 2842 regem

390 2870 689 2925 Badiullam
718 2869 814 2942 (ὁ),
839 2869 931 2939 qui
952 2868 1130 2924 Totila
1158 2869 1586 2938 nuncupabatur,
1617 2867 1707 2938 qui
1738 2865 1965 2922 descen-

392 2962 526 3016 dens
553 2961 781 3016 Romam
809 2961 1022 3017 obsedit
1043 2976 1161 3016 eam
1207 2972 1252 3015 α.
1286 2960 1352 3014 Et
1395 2962 1532 3016 facta
1576 2968 1660 3015 est
1700 2957 1868 3014 fames
1916 2959 1966 3012 in

392 3051 615 3106 civitate
660 3051 902 3107 Romana
943 3051 1083 3116 talis,
1126 3059 1183 3105 ut
1228 3051 1389 3105 etiam
1434 3060 1592 3105 natos
1620 3063 1747 3103 suos
1776 3049 1975 3104 vellent

469 3210 550 3273 (α)
581 3204 727 3262 Idem
755 3208 901 3271 cod.,
928 3207 1257 3261 intentiones.

472 3275 549 3343 (ὁ)
578 3275 746 3346 idem,
777 3277 1031 3332 Baduam.

474 3348 547 3417 (c)
575 3344 741 3414 Idem,
766 3346 1005 3415 Patricii,
1033 3356 1083 3400 et
1107 3346 1361 3400 consules.

396 3510 550 3581 plum
577 3509 747 3565 sancti
778 3508 989 3581 Leonis,
1014 3507 1347 3581 aliorumque
1366 3504 1821 3581 prmdecessorum
1850 3520 1978 3581 suo-

400 3575 548 3648 rum,
578 3581 876 3634 naviculam
908 3577 1072 3642 Petri,
1102 3577 1257 3645 cujus
1278 3576 1488 3648 clavum
1511 3576 1764 3648 immotus
1784 3575 1976 3648 sedens

402 3645 595 3705 nm
623 3650 785 3705 tutius
813 3650 1090 3713 tenuisset,
1126 3661 1322 3715 magno
1350 3646 1590 3715 periculo
1617 3645 1884 3715 exposuit,
1919 3654 1976 3698 ut

402 3719 544 3845 isnfra
568 3720 791 3843 1patebit
821 3735 890 3775 ex
926 3719 1072 3774 notis
1117 3715 1464 3787 epistolarum
1510 3725 1567 3771 et
1593 3715 1970 3771 conciliorum.

448 3805 537 3845 ev.
612 3805 766 3844 mins.

448 3805 537 3845 ετ.
568 3805 766 3844 UINIUS.

478 3871 507 3897 ⁸
537 3858 829 3929 Procopius
854 3860 926 3915 de
971 3857 1119 3913 Bello
1139 3853 1412 3929 Gothico,
1462 3869 1583 3924 cap.
1615 3855 1670 3924 5,
1702 3862 1974 3910 transacta

405 3929 623 3996 hieme,
669 3925 985 3997 redditaque
1032 3925 1313 3994 navigandi
1346 3934 1664 3997 _opportuno
1708 3935 1971 3997 tempore,

408 3992 660 4122 “fidium
697 3992 936 4080 e.S.icilia
970 3992 1213 4059 solvisse,
1255 4003 1311 4076 et
1336 3992 1857 4077 Gonstantinopolim
1888 4010 1974 4076 ap-

408 4085 481 4122 nu
522 4084 612 4122 sse
637 4069 859 4122 scribit:
901 4067 1064 4122 quue
1110 4065 1477 4122 superioribus
1504 4064 1771 4119 Anastasn
1800 4066 1974 4119 verbis

407 4064 612 4138 pulisse
637 4068 859 4123 scribit:
901 4067 1064 4138 idque
1110 4065 1477 4138 superioribus
1504 4064 1771 4138 Anastasii
1799 4066 1976 4138 verbis

406 4133 494 4194 est
517 4138 941 4193 convenientius.
966 4133 1098 4191 Nam
1125 4133 1368 4204 si’prope
1400 4134 1543 4189 diem
1572 4134 1773 4189 Natalis
1798 4133 1978 4189 Domi-

408 4209 467 4262 ni
495 4224 682 4263 mense
709 4207 991 4263 Decembri
1009 4247 1026 4273 ,
1047 4205 1191 4276 quod
1219 4204 1753 4276 ait,__ordinat_ionem
1772 4204 1977 4276 habuit,

450 4278 685 4333 comedo
730 4278 783 4333 in
824 4272 1017 4346 vigilia
1050 4272 1288 4346 ejusdem
1306 4272 1520 4346 Natalis
1550 4274 1758 4346 Domini
1804 4274 1982 4346 potuit

496 4342 936 4471 ωωὸιὲἰιίοροιὶῐιι
973 4342 1324 4416 pervenisse?
1369 4343 1629 4400 Baronius
1674 4342 1823 4398 anno
1856 4342 1983 4411 547,

496 4432 562 4471 in.
668 4457 684 4471 .
738 4432 869 4471 nu.

411 4432 562 4473 num.
592 4432 684 4471 ω.
715 4432 869 4472 ιη..

2054 1879 2109 1922 ut
2140 1885 2240 1922 una
2270 1885 2393 1924 cum
2446 1868 2563 1937 ejus
2610 1868 2951 1937 suggestione
3000 1876 3252 1937 rogarent.
3297 1868 3616 1938 principem,

2053 1969 2109 2014 ut
2137 1961 2179 2015 si
2231 1960 2404 2014 adhuc
2436 1960 2635 2013 viveret
2678 1958 2899 2028 Vigilius
2940 1974 3074 2028 papa
3100 2001 3113 2022 ,
3172 1966 3262 2013 aut
3309 1958 3624 2030 presbyteri,

2052 2066 2148 2104 seu
2175 2049 2404 2111 diaconi,
2437 2049 2519 2103 vel
2549 2048 2747 2113 clerus,
2787 2050 2877 2116 qui
2902 2063 3022 2101 cum
3052 2047 3242 2102 eodem
3272 2046 3469 2116 Vigilio
3514 2047 3622 2100 fuc-

2057 2150 2179 2197 rant
2203 2141 2393 2196 exsilio
2420 2140 2708 2210 deportati,
2739 2146 3157 2194 reverte‘enlur.
3199 2138 3459 2207 Suscepta
3484 2139 3626 2193 rela-

2061 2234 2208 2288 tione
2232 2231 2491 2298 Narsetis,
2540 2230 2622 2285 vel
2650 2230 2829 2285 cuncti
2859 2230 2984 2285 cleri
3020 2229 3267 2294 Romani,
3320 2230 3474 2286 lactus
3499 2232 3627 2286 eﬂ‘c-

2060 2332 2177 2377 ctus
2202 2331 2286 2379 est
2314 2323 2626 2391 imperator,
2672 2330 2727 2375 et
2755 2336 2943 2376 omnes
2990 2322 3171 2393 inclyti
3207 2322 3343 2391 ejus.
3395 2338 3461 2378 eo
3488 2325 3631 2396 quod

2061 2414 2300 2484 requiem
2331 2413 2585 2469 donasset
2614 2412 2751 2467 Deus
2782 2412 3056 2468 nuntiastis.
3102 2413 3223 2468 Mox
3255 2415 3398 2469 misit
3435 2415 3638 2484 jussio-

2067 2522 2164 2561 ncs
2189 2521 2313 2561 suas
2339 2522 2435 2576 per
2460 2506 2670 2560 diversa
2707 2506 2843 2570 lora,
2877 2505 2965 2559 ubi
2997 2503 3206 2560 fuerant
3234 2507 3285 2560 in
3315 2507 3506 2562 exsilio
3535 2510 3632 2563 de-

2068 2598 2263 2667 portati
2305 2598 2356 2651 in
2403 2596 2556 2651 Gissa
2585 2596 2657 2667 (ε)
2688 2604 2743 2650 et
2768 2594 3129 2661 Proconneso,
3179 2603 3236 2651 et
3279 2596 3500 2652 adduxit
3543 2615 3639 2654 eos

2068 2696 2193 2742 ante
2225 2703 2284 2742 se
2308 2689 2617 2758 imperator,
2648 2687 2833 2742 dicens
2858 2687 2975 2741 eis:
3018 2686 3192 2743 Vultis
3221 2686 3462 2757 recipere
3495 2689 3638 2757 \igi-

2071 2778 2198 2832 lium
2235 2777 2277 2841 ί,
2304 2785 2363 2831 ιιι
2390 2777 2485 2831 fuit
2515 2793 2648 2847 papa
2681 2786 2856 2833 vester
2876 2779 2903 2835 ἳ
2951 2776 3165 2833 Gratias
3192 2793 3312 2847 ago.
3351 2778 3592 2836 Minusnc
3617 2783 3639 2834 ἲ

2075 2868 2171 2923 llic
2212 2867 2422 2923 habetis
2472 2867 2906 2925 archidiaconum
2954 2877 3193 2925 vestrum
3242 2869 3534 2940 Pelagium,
3580 2879 3641 2925 et

2079 2974 2268 3014 manus
2306 2973 2426 3013 mea
2470 2959 2573 3013 erit
2615 2959 2913 3015 vobiscum.
2963 2958 3374 3031 Responderunt
3418 2976 3640 3017 omnes:

2075 3048 2308 3123 imperet
2334 3048 2476 3104 Dens
2503 3049 2685 3119 pietati
2734 3057 2855 3105 tum.
2898 3048 3140 3105 Restitne
3186 3051 3342 3107 nobis
3370 3050 3528 3109 modo
3554 3051 3644 3106 Vi-

2001 3209 2051 3267 C
2153 3208 2231 3280 (cf)
2257 3207 2318 3280 _In
2339 3208 2529 3280 eodem
2561 3207 2711 3280 deest
2738 3219 3000 3280 (utiquam.

2151 3278 2222 3347 (ε)
2254 3277 2394 3331 ldcm
2430 3278 2570 3341 cod.,
2606 3277 2796 3350 θυμω.

2084 3505 2561 3580 liciis__illustratam
2591 3510 2785 3565 Nai-ses
2823 3508 2933 3580 dux
2976 3509 3202 3567 Romani
3228 3514 3516 3580 exercitus,
3550 3514 3644 3570 Dei

2082 3577 2280 3633 auxilio
2328 3587 2490 3649 atque
2531 3581 2590 3635 B.
2622 3579 2802 3650 Harjxe
2823 3578 3061 3650 Virginis
3109 3577 3645 3640 intercessione—fre-

2082 3653 2188 3708 tus,
2220 3662 2344 3717 rege
2367 3647 2422 3704 et
2447 3651 2685 3706 exercitu
2711 3647 3011 3705 Gothorum
3050 3651 3264 3718 occisis,
3310 3668 3342 3707 a
3385 3654 3647 3709 barbaro-

2082 3718 2451 3788 rum_imperio
2484 3720 2744 3787 liberarit,
2775 3718 2908 3774 infra
2932 3719 3187 3776 dicemus.
3221 3721 3371 3778 lacu.

2152 3786 2176 3822 ά
2208 3786 2492 3863 Illo—“anno
2535 3806 2645 3860 quo
2690 3786 2984 3863 imperator
3027 3792 3094 3863 ad
3134 3792 3440 3849 instantiam
3469 3791 3647 3863 Vigilii

2083 3871 2233 3927 papa:
2258 3858 2492 3932 edictum
2541 3858 2607 3932 d_e
2646 3858 2814 3914 tribus
2854 3860 3102 3932 capitulis
3144 3858 3650 3932 promulgatum're-

2084 3928 2316 4008 vocavit,
2362 3944 2525 4008 seque
2554 3928 3069 4008 Romanopontiliei
3098 3928 3481 4008 obsequentem
3509 3949 3647 4005 pra:-

2080 3996 2214 4073 buit,
2246 3996 2571 4073 Narses‘dus
2603 3996 2843 4073 Romani
2858 4001 3145 4073 exercitus,
3189 3996 3283 4073 Qéi
3312 3996 3526 4073 auxilio'
3553 4020 3648 4073 per

2082 4068 2519 4124 intercessionem
2546 4071 2716 4125 beata:
2743 4067 2918 4123 Maria:
2942 4070 3171 4140 Virginis
3208 4071 3391 4136 fretus,
3422 4067 3648 4129 Totilam

2083 4151 2185 4212 una
2215 4152 2337 4191 cum
2366 4146 2481 4192 toto
2524 4140 2640 4212 ejus
2665 4140 2906 4212 exercitu
2934 4155 3077 4212 anno
3102 4142 3311 4199 decimo
3351 4144 3502 4212 regni
3534 4143 3648 4212 ejus

2086 4207 2267 4282 (prout
2289 4215 2505 4282 sanctus
2532 4207 2848 4282 Benedictus
2875 4211 3175 4282 monachus
3197 4212 3369 4268 eidem
3399 4207 3653 4282 praedixe-

2085 4276 2357 4350 rat)_fndit
2385 4290 2439 4350 et
2468 4280 2756 4344 interemit,
2804 4280 3097 4350 ipsamque,
3132 4277 3357 4346 Urbem,
3399 4276 3520 4350 "jam
3567 4298 3653 4336 se-

2086 4347 2260 4422 cundo
2286 4349 2351 4422 ab
2382 4347 2842 4422 ipso_occupa_tar_n
2862 4392 2877 4417 ,
2903 4347 3142 4422 secundo
3170 4347 3522 4422 recuperavit,
3554 4366 3653 4407 an-

2088 4432 2158 4469 no
2189 4417 2438 4490 nimirum
2470 4417 2683 4490 AChrjsti
2720 4417 2844 4490 553.
2891 4417 3083 4475 Claves
3129 4417 3404 4490 portarum
3435 4420 3654 4483 Narses,

486 4486 514 4526 δ
532 4485 787 4557 Ηααιιω
806 4498 1107 4561 sequun'ur
1110 4484 1461 4561 contigerunt
1473 4491 1600 4561 post
1607 4484 1810 4561 obitum
1822 4482 1992 4537 Theo-
2091 4493 2228 4539 teste
2258 4486 2539 4561 lfrocopio,
2572 4487 3091 4561 Constantinopolim
3112 4482 3273 4561 jpisit
3301 4490 3369 4546 ad
3397 4482 3653 4547 Justinia4

411 4556 584 4623 dor-:3,
625 4553 769 4613 anno
810 4553 1011 4630 Christi
1052 4553 1204 4630 55l,_
1209 4554 1441 4630 quando
1478 4553 1717 4630 excitata
1767 4555 1818 4608 in
1859 4569 1963 4630 eun

2090 4571 2213 4630 num
2272 4553 2670 4630 irruperatorem.
2717 4557 2793 4630 lta
2843 4553 3081 4630 clavibus
3112 4557 3269 4630 Urbis
3321 4560 3523 4630 potitus
3569 4571 3653 4616 est

412 4641 602 4708 rursus
626 4627 1002 4708 persecutione
1044 4640 1141 4708 per
1162 4622 1513 4708 Theodorum
1526 4624 1836 4708 episcopum

410 4692 730 4761 sariensem,
759 4696 945 4752 debuit
968 4692 1259 4763 confugere
1284 4692 1681 4748 Chalcedonam
1713 4692 1764 4747 in
1796 4693 1972 4763 basili:

412 4781 535 4823 cam
559 4765 1072 4835 Sanetijluphemii,
1104 4760 1164 4818 ut
1189 4762 1682 4835 patet_ex_epistola
1713 4763 1887 4835 Vigilii
1917 4760 1984 4816 ad

416 4837 720 4891 universam
746 4829 1041 4891 Ecciesiam
1083 4829 1302 4902 scripta.
1334 4829 1505 4902 Unde'
1525 4847 1643 4901 qua:
1686 4829 1895 4886 mixtim
1930 4839 1986 4886 et

320 4962 339 4973 ,
416 4904 640 4961 confuse
685 4905 754 4960 de
800 4903 1084 4960 Theodora
1130 4901 1366 4973 Atigusta
1407 4901 1519 4970 jam
1545 4909 1671 4956 ante
1703 4901 1985 4973 triennium

414 4974 687 5059 defuncta.
713 4974 969 5059 deinceps
1010 4973 1078 5028 ab
1119 4970 1402 5059 dnasusio
1450 4979 1826 5040 recensentur,
1875 4970 1986 5025 suis

1658 5109 1830 5195 Isauri
1852 5108 1992 5163 mili-

417 5193 503 5265 tes
530 5197 677 5263 anno
703 5191 964 5253 sequente
987 5178 1571 5265 :l‘otilmprndidcrunt,
1621 5194 1741 5235 cum
1790 5178 1992 5233 Roma-

418 5269 503 5334 nis
530 5252 659 5334 dira.
680 5250 820 5334 fame
833 5268 1032 5334 pressis
1051 5251 1414 5334 sordidissima
1435 5247 1990 5334 qumque-deficerem,

421 5333 477 5377 et
502 5322 661 5377 multi
692 5316 882 5378 mortui
910 5321 1278 5380 conciderent.
1308 5316 1635 5390 Occupatam
1664 5316 1858 5390 Urbem
1889 5318 1994 5373 To-

423 5392 681 5472 lilasjam
709 5391 937 5472 diruere,
956 5392 1103 5472 _rt__in
1127 5394 1307 5472 ovium
1340 5404 1534 5472 pascua
1548 5390 1805 5472 redigere
1825 5389 1997 5472 inice-

420 5456 595 5587 reni.
631 5461 727 5517 sed
754 5456 991 5518 Belisarii
1025 5462 1217 5517 litteris
1244 5456 1519 5530 sapienter
1546 5458 1596 5512 id
1623 5456 1985 5513 dissuadenti-

442 5549 522 5587 ιω
548 5533 743 5587 senius
768 5532 942 5587 lectis.
980 5532 1207 5587 consilio
1248 5530 1476 5584 destitit.
1525 5527 1812 5583 Belisarius
1837 5542 1985 5581 eam-

442 5549 522 5588 ιω
548 5533 743 5602 sepius
768 5532 942 5599 lectis,
980 5532 1207 5587 consilio
1248 5527 1476 5602 destitit.
1525 5527 1812 5602 Belisarius
1837 5542 1988 5581 eam-

420 5605 543 5656 dem
592 5597 955 5672 recuperavit,
1000 5609 1289 5672 postquam
1336 5598 1565 5654 Totitam
1614 5597 1805 5672 eodem
1846 5612 1989 5672 anno

421 5672 526 5726 δη
554 5666 745 5742 iterum
773 5666 1061 5742 campestri
1106 5666 1290 5793 {gadio
1335 5676 1659 5751 superasset.
1708 5666 1990 5734 Quomodo

421 5742 663 5793 eamdem
705 5743 891 5793 urbem
920 5756 1064 5793 anno
1243 5738 1473 5793 vicissrm
1522 5736 1825 5791 Isaurorum
1873 5752 1990 5793 Dro-

421 5736 663 5796 eamdém
705 5736 1064 5797 urbem’anno
1106 5736 1213 5793 550
1243 5736 1473 5793 vicissim
1522 5736 1825 5806 Isaurorum
1873 5752 1992 5806 pro-

425 5810 626 5868 ditione
654 5811 891 5869 deditam
920 5809 1135 5871 Totitaz.
1178 5816 1339 5878 atque
1365 5809 1434 5865 ab
1463 5805 1651 5865 eodem
1681 5802 1841 5864 noxis
1860 5802 1989 5864 acdi-

2088 4626 2401 4749 imprimitur,
2448 4626 2664 4696 quando
2692 4628 2869 4684 claves
2896 4627 3042 4685 Petri
3084 4630 3138 4685 in
3166 4626 3361 4700 Vigilio
3390 4645 3658 4702 recogno-

2088 4711 2133 4749 Vl
2163 4735 2175 4748 .
2233 4712 2356 4749 DEI.

2080 4711 2175 4750 Vll.
2208 4711 2356 4751 IDEI.

2157 4774 2183 4805 ο
2216 4766 2450 4841 Dubium
2487 4782 2593 4821 non
2626 4774 2709 4824 est
2743 4767 2876 4841 quin
2907 4767 3130 4838 Vigilius
3176 4777 3369 4841 rogatu
3417 4770 3656 4827 Narsctis

2086 4835 2153 4910 ab
2179 4834 2368 4910 exsilio
2398 4836 2673 4910 liberatus,
2717 4834 2958 4910 quintam
2978 4834 3344 4910 synodum’de
3374 4842 3532 4896 trium
3562 4856 3655 4895 ea-

2086 4905 2375 4976 pitulorum
2398 4905 2741 4961 damnatione
2766 4907 2999 4962 habitam
3018 4905 3370 4976 confirmarit,
3426 4912 3658 4965 maxime

2088 4990 2209 5050 cum
2256 4975 2308 5050 id
2349 4975 2819 5050 vehementissime
2866 4988 3082 5046 urgeret
3126 4975 3435 5050 imperator,
3484 4993 3660 5048 neque

2091 5044 2198 5118 ulla
2229 5044 2331 5118 alia
2354 5047 2563 5118 ratione
2590 5046 2824 5118 amicitia
2869 5056 2923 5102 et
2940 5044 3081 5118 pace
3107 5044 3379 5118 conciliari
3418 5044 3656 5118 possent.

2092 5112 2227 5183 Vide
2256 5114 2539 5169 Baronium
2567 5130 2655 5170 an.
2687 5113 2812 5181 554,
2844 5132 2897 5171 n.
2933 5112 2984 5180 1’5,
3012 5116 3063 5183 4,
3095 5117 3150 5183 5,
3181 5118 3232 5170 6.
3260 5115 3408 5171 lusu.

2171 5182 2189 5221 ί
2210 5183 2549 5256 Justinianns
2595 5190 2697 5256 hoc
2739 5185 2857 5242 loco
2896 5182 3152 5256 sacrilege
3197 5185 3661 5245 continuationem

2094 5262 2150 5310 et
2176 5255 2576 5330 abrogationem
2605 5254 2829 5330 ltoinani
2857 5254 3124 5330 pontificis
3140 5266 3373 5330 Aus‘urpat
3396 5275 3436 5330 ;_
3460 5267 3659 5330 quanta

2096 5339 2226 5379 vero
2255 5326 2419 5379 totius
2445 5322 2654 5394 imperii
2679 5322 2908 5447 jactura,
2949 5327 3094 5380 clare
3140 5324 3273 5380 infra
3287 5322 3522 5397 patebit.
3557 5328 3661 5383 Do-

2096 5393 2309 5447 lendum
2340 5401 2423 5447 83‘.
2458 5395 2600 5447 quod
2649 5411 2677 5447 ε
2702 5409 2823 5447 erus
2864 5393 3134 5447 Romanus
3172 5398 3369 5447 nonulo
3418 5399 3659 5447 nascenti

2096 5393 2309 5467 lendum
2340 5401 2423 5467 est
2458 5393 2625 5467 quod
2649 5393 3134 5467 clerusﬁomanus
3172 5393 3369 5467 popqu
3418 5399 3660 5467 poscenti

2093 5463 2399 5545 promiserit
2429 5461 2550 5533 post
2577 5464 2781 5519 obitum
2813 5461 2983 5544 Vigilii
3039 5479 3148 5520 non
3173 5461 3350 5521 'alium
3380 5461 3659 5523 sulfectum

2096 5533 2161 5587 iri
2193 5533 2518 5606 pontificem,
2549 5546 2708 5606 quam
2739 5547 2898 5606 quem
2929 5533 3225 5606 imperator
3247 5546 3659 5606 prmscntasset;

2094 5600 2215 5658 cum
2268 5617 2333 5656 ea
2374 5602 2581 5656 ratione
2611 5601 2769 5657 ducta
2816 5600 2888 5656 sit
2932 5600 3398 5661 in'cantivit'atem
3445 5606 3665 5661 domina

2093 5673 2440 5799 ἴξιίἔίυιίιῦεειι
2468 5669 2650 5740 regina
2671 5670 3065 5743 provinciarum
3090 5669 3229 5731 facta
3254 5673 3420 5731 fuerit
3445 5674 3544 5730 sub
3578 5680 3665 5730 t:‘i~

2119 5750 2246 5799 :uto.
2297 5750 2447 5798 locat.
