4006 6190
487 323 551 375 15
1895 315 2121 372 γιοιιιιι
2162 316 2363 373 ΡΛΡᾹΣ
3675 320 3728 372 lii

470 431 677 499 gilium,
708 435 762 486 et
789 432 1005 501 quando
1035 445 1158 487 eum
1180 428 1414 493 voluerit
1445 428 1587 482 Deus
1608 428 1839 483 transire
1859 427 1927 482 de
1955 429 2057 483 hoc
2093 435 2133 489 Α
2164 431 2369 502 pullum
2405 440 2488 486 est
2516 431 2581 486 ad
2609 430 2865 488 Sanctum
2896 431 3227 496 Marcellum,
3256 429 3343 483 via
3377 428 3604 484 Salaria.
3647 428 3727 486 llic

478 520 686 588 seculo,
704 529 844 578 tunc
866 530 1051 577 vestra
1082 519 1443 591 praeceptione
1470 517 1626 573 nobis
1653 517 1885 572 donetur
1911 516 2064 572 Pela-

475 614 591 678 gius
614 612 1028 668 archidiaconus
1059 620 1261 666 noster.
1308 611 1462 666 Tunc
1491 610 1694 665 dimisit
1722 625 1912 665 omnes
1938 625 2060 665 cum

483 702 692 771 Vigilio.
724 701 1003 757 Venerunt
1028 702 1209 769 itaque
1238 701 1291 754 in
1314 700 1553 754 Siciliam
1584 700 1634 753 in
1663 700 1937 754 civitatem
1960 699 2061 771 Sy-

479 806 712 852 racusas,
737 792 828 846 ubi
844 790 1070 860 Vigilius
1092 789 1339 853 afﬂictus,
1356 789 1547 844 calculi
1575 788 1817 842 dolorem
1839 789 2067 855 habens,

2174 522 2302 579 fecit
2348 522 2720 578 ordinationes
2768 524 2901 579 duas
2947 538 3046 593 per
3097 536 3338 577 mensem
3388 521 3728 590 Decembrem,

2175 614 2523 686 presbyteros
2551 612 2620 666 46
2637 655 2653 680 ,
2687 613 2945 668 diacones
2975 612 3040 666 16
3058 655 3072 677 ,
3107 612 3394 682 episcopos
3420 626 3520 681 per
3545 611 3729 665 diversa

2179 705 2298 759 loca
2329 719 2555 758 numero
2577 702 2665 756 81.
2703 701 2769 756 Ει
2789 702 3019 758 cessavit
3042 703 3387 772 episcopatus
3412 716 3616 755 menses
3643 710 3734 755 tres

2181 794 2299 849 dies
2325 796 2581 865 quinque.

482 895 726 938 mortuus
755 890 839 939 est
868 892 915 936 α.
959 882 1126 952 Cujus
1170 896 1369 950 corpus
1413 881 1634 938 ductum
1680 880 1927 945 Romam,
1979 894 2070 933 se-

549 1006 574 1033 ι
620 995 864 1064 Pelagius
905 995 1165 1049 diaconus
1205 994 1257 1047 in
1298 980 1661 1062 suspicionem
1702 993 1864 1047 occisi
1899 991 2070 1061 Vigilii
2103 990 2357 1055 incurrit;
2389 1004 2573 1042 verum
2603 987 2836 1055 seipsum
2867 988 2934 1042 de
2964 988 3108 1042 illata
3135 988 3401 1044 calumnia
3428 990 3735 1060 expurgarit,

482 1075 541 1119 ut
568 1076 715 1136 patet
742 1066 877 1120 infra
907 1066 959 1118 in
987 1066 1102 1120 Vita
1134 1064 1353 1132 Pelagii.
1384 1066 1512 1117 Ssv.
1556 1064 1751 1119 BINIUS.

1471 1231 2141 1345 manu
2213 1230 2751 1342 PAPE
3756 1264 3772 1384 ξ

1244 1423 1971 1538 ΕΡΙΞΤΟΙιίΕ
2076 1424 2259 1535 ΕΤ
2351 1424 3036 1539 DECRETA.

482 1667 810 1727 EPISTULA
836 1669 978 1739 (olim
1002 1665 1067 1736 ll)
1093 1663 1314 1720 VlGlLll
1340 1660 1572 1716 ADllUC
1596 1658 2066 1716 PSEUDOPAPZE
2104 1667 2143 1724 ις
2170 1677 2263 1716 sus
2284 1701 2301 1726 ,
2332 1669 2388 1716 et
2416 1677 2587 1732 usque
2614 1663 2681 1718 ad
2711 1663 2846 1719 lines
2868 1663 3016 1718 orbis
3045 1670 3202 1717 terra:
3233 1660 3396 1717 verba
3427 1675 3609 1716 eorum
3651 1660 3752 1715 dis-

2177 1761 2350 1819 tensa,
2375 1753 2676 1810 dilectionis
2718 1764 2819 1810 tum
2854 1755 3015 1810 corda
3036 1754 3251 1809 Christo
3273 1753 3614 1823 probaverim
3637 1767 3746 1806 esse

2176 1844 2395 1911 fidelia;
2447 1853 2625 1899 tamen
2662 1846 2706 1901 si
2752 1845 2879 1916 quid
2917 1860 2987 1900 ex
3025 1844 3108 1899 his
3161 1844 3213 1897 in
3245 1842 3486 1897 Ecclesia
3515 1856 3630 1912 qum
3657 1851 3749 1895 tuze

2176 1937 2551 2007 gubernationi
2594 1936 2704 1990 Deo
2734 1937 3027 1990 auxiliante
3069 1935 3353 1988 commissa
3392 1941 3505 1998 est,
3536 1932 3747 1987 necdum

2177 2029 2334 2098 plena
2356 2028 2475 2083 luce
2495 2028 2768 2093 claruerit,
2797 2028 2863 2081 ad
2893 2026 3138 2082 eumdem
3166 2025 3367 2079 fontem
3395 2023 3462 2078 de
3484 2038 3590 2091 quo
3616 2021 3698 2075 illa
3727 2020 3743 2059 ί

2174 2119 2464 2174 salutarius
2505 2128 2746 2173 manarat
2790 2118 3039 2190 lympha,
3074 2116 3376 2180 recurritis;
3416 2114 3562 2183 quod
3587 2114 3752 2167 debita

2180 2212 2443 2266 charitate
2489 2225 2677 2265 sumus
2705 2209 2980 2281 amplexi,
3028 2208 3153 2279 quia
3202 2205 3521 2261 liducialiter
3566 2205 3630 2259 dc
3658 2205 3753 2265 his,

2181 2303 2321 2357 unde
2351 2302 2492 2372 apud
2520 2318 2616 2358 eos
2643 2302 3040 2357 observantiam
3068 2314 3188 2355 esse
3215 2298 3423 2353 dixistis
3444 2297 3755 2366 ambiguam,

2184 2403 2366 2450 nostra
2396 2394 2640 2450 voluistis
2668 2395 3017 2463 responsione
3056 2391 3274 2446 firmari.
3321 2390 3657 2459 Quapmpter
3684 2389 3759 2442 di-

2182 2486 2469 2540 lectionem
2516 2494 2662 2540 tuam
2711 2486 2763 2539 in
2814 2484 3042 2539 Domino
3089 2483 3420 2545 salutantes,
3453 2480 3520 2534 de
3548 2478 3762 2547 singulis

2182 2578 2308 2646 quid
2332 2575 2485 2646 juxta
2515 2577 2835 2632 catholicam
2870 2575 3205 2646 disciplinam
3236 2581 3418 2629 teneat
3460 2573 3763 2643 apostolicae

2185 2669 2329 2724 sedis
2358 2669 2651 2723 auctoritas
2676 2706 2691 2731 ,
2733 2668 2986 2737 subjectis
3017 2677 3043 2715 ις
3073 2667 3336 2737 aliquibus
3364 2665 3524 2720 etiam
3554 2674 3762 2719 sancta-

1058 1792 1123 1831 Αι)
1157 1789 1462 1829 ευτιιιειιιυιι
1500 1776 1537 1827 ⁸.

762 1892 993 1947 Eutherii
1024 1886 1484 1945 consultationibus
1514 1885 1807 1956 respondet.

561 2021 583 2048 ο
614 2007 974 2065 Dilectissimo
1004 2004 1030 2043 ι’
1061 2002 1214 2058 fratri
1258 2000 1543 2075 [Euthero]
1584 1999 1841 2054 Eutherio
1875 2009 1897 2037 ο
1929 1997 2075 2068 Vigi-

499 2104 619 2158 lius.

560 2220 802 2274 Directas
812 2216 877 2271 ad
897 2230 994 2269 nos
1005 2212 1396 2268 tumcharitatis
1413 2210 1688 2280 epistolas,
1704 2209 1890 2279 plenas
1901 2209 2082 2263 catho-

489 2300 1344 2378 licaeinquisitionissollicitudine
1357 2301 1433 2373 [et
1447 2297 2083 2369 sollicitudinis],gratan-

482 2411 574 2455 ter
602 2398 936 2468 accepimus,
963 2392 1345 2449 benedicentes
1387 2390 1483 2445 Dei
1518 2390 1686 2445 nostri
1716 2390 2079 2455 clementiam,

490 2491 613 2560 quia
646 2490 779 2543 tales
807 2487 860 2541 in
891 2484 1150 2541 extremis
1195 2482 1376 2537 mundi
1422 2481 1663 2551 partibus
1709 2482 1955 2549 dignatus
2000 2490 2083 2536 est

491 2582 604 2637 suis
635 2580 825 2636 ovibus
867 2575 1153 2650 providere
1192 2581 1467 2643 pastores,
1499 2587 1595 2641 per
1621 2586 1758 2641 quos
1786 2579 1841 2625 et
1869 2572 2084 2641 pascuis

492 2673 708 2726 valeant
731 2666 1054 2724 salutaribus
1069 2663 1358 2728 abundare,
1373 2676 1428 2718 et
1449 2663 1515 2717 ab
1537 2663 1740 2733 antiqui
1762 2663 1931 2717 hostis
1951 2664 2080 2736 [ini-

494 2763 588 2834 qui
639 2759 791 2832 lupi]
838 2758 1130 2828 rapacitatc
1153 2755 1386 2821 servari,
1418 2762 1477 2809 ut
1505 2753 1725 2809 insidias
1752 2753 1778 2791 ι¹
1813 2767 2085 2825 nequeant
2183 2777 2302 2815 rum
2330 2760 2577 2831 capitulis
2617 2759 2922 2828 regularum
2948 2802 2961 2824 ,
2995 2768 3049 2812 te
3078 2757 3346 2813 credimus
3376 2754 3762 2810 instruendum.

488 2858 617 2925 ejus
646 2854 1010 2924 subreptionis
1038 2852 1331 2907 incurrere.
1383 2847 1539 2903 Unde
1566 2856 1772 2903 certqu
1803 2858 1886 2904 est
1905 2891 1921 2918 ,
1960 2850 2083 2920 quia
2255 2851 2297 2906 1.
2331 2852 2408 2906 Ac
2433 2850 2662 2920 primum
2695 2851 2761 2905 de
2790 2850 2873 2904 his
2901 2865 3038 2920 quos
3067 2848 3415 2904 Priscilliana:
3441 2847 3660 2901 hmresis
3688 2846 3767 2899 in-

486 2948 774 3020 promissm
797 2961 892 3000 vos
919 2942 1263 3000 beatitudinis
1282 2940 1451 3009 gratia
1472 2926 1852 3009 subsequatur,
1872 2941 2084 3010 quando
2190 2942 2381 2996 dicasti
2419 2942 2565 2996 vitiis
2606 2941 2871 3009 inquinari
2897 2983 2912 3008 ,
2942 2949 3128 2995 sancta
3159 2948 3214 2994 et
3252 2939 3607 2994 conveniente
3643 2937 3766 2990 reli-

498 3040 653 3095 vobis
689 3036 986 3093 ctnlestium
1025 3033 1284 3105 perfectio
1332 3032 1695 3087 doctrinarum
1743 3041 1851 3086 tam
1900 3033 2076 3087 votiva
2105 3033 2148 3094 C
2181 3033 2325 3102 gioni
2353 3033 2630 3088 catholicae
2650 3048 2744 3087 eos
2771 3032 3126 3086 detestatione
3150 3031 3362 3100 julicas
3390 3028 3417 3066 δ
3447 3029 3771 3097 arguendos,

496 3131 861 3187 sciscitatione
908 3126 1253 3198 perquiritur.
1305 3122 1571 3194 Scriptum
1601 3132 1686 3178 est
1712 3124 1853 3177 enim
1887 3141 1900 3176 :
1936 3122 2081 3178 Beati
2183 3127 2272 3197 qui
2296 3126 2367 3180 ita
2392 3142 2451 3181 se
2475 3126 2574 3180 sub
2595 3125 2930 3179 abstinentiae
2951 3124 3217 3179 simulata:
3246 3131 3508 3193 pnetcxtu
3533 3124 3601 3177 ab
3631 3124 3773 3177 escis

498 3224 582 3292 qui
609 3229 905 3276 scrutantur
931 3219 1221 3272 testimonia
1246 3214 1356 3287 ejus
1382 3233 1399 3270 :
1427 3219 1481 3270 in
1505 3224 1609 3270 toto
1630 3215 1785 3270 corde
1808 3217 2082 3287 exquirunt
2182 3218 2429 3273 videntur
2470 3217 2714 3272 carnium
2758 3216 3077 3271 submovere
3101 3257 3117 3282 ,
3157 3223 3216 3269 ut
3251 3214 3355 3268 hoc
3382 3214 3773 3268 exsecrationis

496 3331 611 3369 eunt
661 3312 831 3386 (Psal.
864 3311 1069 3381 cxvm).
1118 3308 1233 3363 Hoc
1278 3308 1441 3376 igitur
1462 3349 1478 3374 ,
1531 3307 1696 3361 frater
1744 3307 2080 3371 charissime,
2180 3309 2359 3377 potius
2386 3308 2566 3361 animo
2594 3322 2753 3376 quam
2784 3306 3088 3362 devotionis
3116 3307 3413 3376 probentur
3440 3305 3679 3360 efficere.
3713 3305 3772 3359 lu

501 3404 834 3476 propositum
863 3411 966 3456 tua:
992 3399 1401 3455 consultationis
1428 3407 1539 3453 tota
1563 3406 1743 3452 mente
1767 3406 2080 3464 tractantes,
2182 3414 2287 3468 qua
2319 3414 2377 3454 re
2406 3399 2532 3469 quia
2564 3397 2957 3452 nefandissimis
2986 3396 3292 3452 Maniclueis
3318 3411 3437 3451 esse
3465 3397 3781 3452 consimiles

504 3497 570 3550 de
601 3505 652 3551 te.
688 3507 905 3563 quoque
950 3490 1236 3561 provenire
1280 3489 1655 3543 contendimus
1699 3487 2082 3561 [confidimus],
2184 3494 2570 3563 approbantur.
2599 3492 2741 3562 juste
2789 3492 3005 3547 Patrum
3035 3492 3419 3546 venerabilium
3462 3493 3780 3547 constitutis

490 3589 594 3657 qui
626 3586 863 3655 regulam
893 3582 1171 3639 catholica:
1202 3580 1320 3636 fidei
1354 3581 1541 3636 iisdem
1570 3580 1753 3636 studes
1782 3590 1968 3636 tenere
1992 3598 2086 3636 ve-
2184 3585 2253 3640 ab
2285 3586 2383 3640 hac
2411 3586 2794 3655 superstitione
2840 3582 2939 3638 sub
2986 3582 3344 3637 adatbcmatis
3371 3589 3497 3635 sunt
3524 3582 3781 3635 intermi—

496 3679 671 3748 stigiis
697 3677 892 3748 quibus
918 3690 1035 3729 eam
1067 3674 1119 3728 in
1149 3672 1443 3743 apostolica
1475 3671 1576 3725 lide
1609 3681 1632 3708 ε
1662 3673 1943 3740 cognoscis
1967 3687 2086 3728 esse
2185 3676 2402 3729 natione
2439 3673 2727 3744 prohibiti,
2770 3673 2983 3743 quando
3017 3670 3034 3710 ί
3074 3672 3273 3740 aliquid
3304 3672 3546 3726 ciborum
3581 3681 3783 3726 conta-

492 3769 799 3826 fundatam.
830 3766 893 3820 Et
920 3763 1165 3836 quamvis
1202 3777 1368 3817 sonus
1394 3776 1581 3816 eorum
1628 3768 1741 3817 toto
1769 3762 1900 3816 orbe
1925 3761 2084 3817 diffu-
2186 3758 2344 3837 gione
2383 3768 2625 3822 carnium
2667 3767 2894 3821 credunt
2939 3765 3278 3837 [carnalium
3320 3763 3601 3835 creditur]
3656 3779 3786 3818 esse

573 3919 598 3948 ⁸
645 3908 775 3962 ηωε
826 3904 1061 3976 epistola
1099 3904 1361 3958 hactenus
1407 3901 1662 3976 inscripta
1702 3901 1804 3976 fuit
1830 3899 2086 3976 Eutherio

501 3982 615 4035 sive
644 3972 952 4032 Eleutherio
980 3974 1264 4044 episcopo,
1294 3979 1352 4026 ut
1379 3972 1507 4027 olim
1534 3972 1837 4044 monuimus
1866 3972 1918 4044 in
1948 3974 2090 4044 notis

504 4050 569 4104 ad
607 4048 940 4103 Gratianum.
992 4042 1212 4099 Certum
1258 4050 1342 4097 est
1389 4050 1569 4097 autem
1616 4042 1839 4096 inscribi
1888 4043 2086 4098 debere

506 4119 809 4181 Profuturo,
840 4116 931 4185 qui
960 4114 1059 4168 fuit
1086 4114 1373 4184 episc0pus
1401 4112 1955 4185 liracarensisaQuod
1979 4130 2087 4185 non

2185 3906 2595 3989 strissnisoaisa,
2626 3915 2735 3989 tum
2758 3907 3062 3989 impressis,
3088 3907 3141 3960 in
3166 3905 3359 3975 quibus
3387 3904 3788 3989 caputndepri-

2188 3985 2335 4031 matu
2366 3977 2621 4032 Romana:
2648 3974 2902 4032 Ecclesiae
2946 3974 3191 4040 habetur,
3230 3990 3390 4044 quam
3432 3974 3523 4028 uni
3546 3975 3787 4044 Colber-

2191 4047 2324 4113 tino,
2355 4047 2422 4102 de
2447 4062 2555 4118 quo
2581 4063 2688 4102 non
2732 4049 2865 4102 levis
2899 4047 3135 4118 suspicio
3164 4041 3284 4100 esse
3311 4046 3485 4118 possit
3512 4045 3565 4097 in
3597 4041 3786 4118 Gallia

2188 4118 2445 4187 scriptum
2465 4114 2668 4183 fuisse,
2699 4126 2755 4171 et
2778 4118 2842 4172 iis
2872 4114 3203 4187 temporibus
3230 4114 3428 4187 quibus
3455 4128 3634 4187 causa:
3661 4114 3789 4182 cpi-

502 4189 677 4244 solum
704 4182 895 4257 probat
920 4182 1215 4257 auctoritas
1240 4183 1588 4257 vetustissimi
1614 4182 1816 4257 codicis
1838 4182 2087 4257 Ecclesia:
2189 4182 2475 4256 scoparum
2502 4182 2885 4257 appellantium
2912 4182 3094 4242 sedem
3122 4182 3472 4257 apostolicam
3500 4184 3791 4257 discepta-

508 4251 894 4326 |.ugduuensis,
923 4254 1017 4327 sed
1041 4256 1202 4308 etiam
1232 4251 1663 4327 Qolbertiuiduo
1692 4253 1879 4327 optimi
1909 4262 1963 4308 et
1992 4270 2087 4327 ve-
2189 4251 2405 4327 bantur,
2435 4251 2729 4327 praisertim
2757 4257 3050 4312 inclinante
3074 4251 3273 4327 seculo
3299 4269 3462 4327 nono,
3479 4253 3580 4327 sub
3609 4251 3791 4327 Nico-

505 4322 781 4384 tu'stissimi
810 4322 1005 4393 signati
1046 4339 1194 4396 num.
1225 4322 1329 4396 498
1358 4331 1415 4377 et
1440 4322 1612 4390 5970,
1643 4322 1694 4377 in
1722 4323 1915 4396 quibus
1942 4326 2085 4379 varia
2189 4326 2276 4381 lao
2309 4326 2329 4380 Ι
2366 4322 2529 4396 papa,
2563 4334 2619 4380 et
2659 4336 2844 4396 postea
2876 4327 2928 4381 in
2960 4342 3120 4381 causa
3152 4324 3397 4396 Gerlierti
3431 4322 3791 4396 llhemcnsis,

503 4400 656 4454 istius
683 4392 1143 4468 epistglazpapita
1189 4392 1494 4468 referuntur
1541 4408 1629 4468 ex__
1658 4392 1885 4461 cpistola
1932 4409 2082 4462 papa:
2114 4403 2161 4461 ι)
2189 4392 2468 4468 desinente
2497 4397 2610 4468 fere
2629 4392 2871 4468 decimo.
2914 4396 3235 4468 Fiericnim
3283 4393 3438 4448 facile
3465 4393 3687 4468 potuit,
3725 4402 3792 4445 ut

497 4468 679 4538 ‘Vigilii
707 4462 775 4523 ad
823 4462 1164 4538 Profuturum
1204 4464 1535 4538 episcopum.
1593 4462 1858 4538 Praeterea
1907 4473 2083 4538 exstat
2183 4466 2273 4538 qui
2299 4466 2552 4538 adversus
2574 4466 2917 4538 llincmarum
2948 4466 3437 4538 Laudunensemac
3464 4462 3793 4538 Rhotaduin

498 4532 709 4610 intcgra
739 4552 860 4610 cum
900 4536 1002 4591 hac
1031 4534 1219 4610 eadem
1239 4532 1610 4610 inscriptione
1631 4532 1924 4610 -in__o;i.timo
1952 4535 2081 4610 item
2182 4532 2625 4610 Suessionensem
2648 4537 2954 4610 episcopos,
2987 4536 3168 4589 sedem
3197 4534 3563 4610 apostolicam
3583 4532 3793 4610 appel-

500 4616 558 4663 et
584 4601 954 4676 antiquissimo
983 4604 1169 4661 codice
1192 4603 1296 4677 449
1324 4602 1561 4671 ejusdem
1592 4602 1931 4677 bibliotheca:
1953 4603 2080 4677 (ξομ
2183 4605 2379 4672 lantes,
2407 4608 2617 4676 eripere
2646 4601 2744 4677 ipsi
2784 4601 3119 4677 conabantur
3147 4601 3520 4677 episcoporum
3545 4601 3795 4677 judicia,

501 4672 756 4742 bertinai;
796 4677 848 4730 in
881 4691 989 4744 quo
1007 4685 1206 4746 _tamen
1246 4674 1400 4729 deest
1435 4682 1594 4742 caput
1622 4673 1688 4728 de
1715 4674 1947 4746 primatu
1975 4674 2083 4728 Ro—
2187 4672 2503 4731 truncarent
2532 4672 2824 4746 epistolam,
2846 4675 3046 4743 Vigilii,
3070 4672 3306 4729 abscisso
3338 4672 3418 4746 eo
3455 4672 3795 4746 capiteque

502 4762 676 4803 mante
706 4740 974 4802 Ecclesiae.
1006 4743 1072 4798 Et
1099 4760 1230 4815 sane
1256 4759 1380 4815 cum
1409 4740 1602 4815 czct'era
1634 4740 1810 4815 capita
1840 4743 2081 4799 refcran-
2186 4746 2283 4815 ipsi
2326 4740 2722 4815 jungulabalititr.
2788 4740 2935 4799 (Σιιν.⁷
2963 4746 3027 4799 de
3085 4746 3321 4815 Aguirrc,
3351 4743 3550 4815 Concil.
3611 4740 3789 4815 Hisp.

500 4828 590 4872 tur
612 4818 814 4885 integra
836 4817 889 4870 in
912 4815 1098 4870 codice
1117 4813 1220 4868 408
1241 4813 1550 4885 Colbertino
1572 4822 1626 4885 et
1647 4810 2079 4885 inLugilunensi,
2186 4810 2222 4885 tl
2248 4814 2310 4879 ll,
2326 4810 2535 4885 p.278.
2567 4816 2669 4870 Sed
2701 4816 2782 4869 his
2802 4817 3040 4883 omissis,
3058 4810 3502 4885 hanccpistolam
3527 4828 3558 4865 c
3585 4810 3800 4885 codice

503 4888 662 4942 iidem
713 4880 890 4940 tamen
938 4900 1043 4938 non
1075 4884 1274 4939 habent
1302 4898 1422 4952 qua:
1449 4882 1516 4938 de
1545 4884 1776 4952 primatu
1807 4880 2079 4940 Romana:
2183 4880 2493 4954 Colbértino
2516 4885 2796 4954 descripsit
2818 4880 3084 4953 Baluzius,
3110 4880 3561 4953 undesequeutes
3590 4880 3799 4934 varias

500 4957 754 5014 Ecclesiae
782 4955 1051 5025 adduntur
1074 4954 1123 5007 in
1153 4954 1471 5025 collectione
1500 4968 1617 5025 quae
1644 4953 1857 5025 prmfert
1883 4970 2078 5009 nomen
2183 4953 2443 5025 lectiones
2461 4953 2846 5025 decerpsimus.

502 4968 754 5014 [sceleste
782 4968 1051 5010 adduntur
1074 4969 1123 5007 ιιι
1153 4968 1471 5008 couecuoue
1497 4968 1617 5077 guae
1644 4968 1857 5023 pranert
1883 4970 2078 5009 nomen
2183 4968 2443 5011 lectiones
2461 4968 2846 5025 decerpsimus.

502 5027 715 5083 lsidori.
756 5025 928 5081 Porro
957 5023 1154 5078 diserta
1192 5024 1493 5094 epistolae}
1559 5022 1899 5094 Profuturum
1929 5039 2079 5079 men-
2196 5092 2232 5094 ἡ
2256 5022 2285 5063 δ
2324 5024 2461 5080 Cod.
2489 5025 2725 5083 Colbert.
2749 5065 2765 5092 ,
2798 5024 2999 5079 Dilecto
3040 5024 3192 5094 fratri
3223 5021 3502 5093 Profuturo
3526 5019 3800 5090 episcopo

502 5098 577 5152 tio
599 5106 682 5153 est
710 5098 763 5152 in
797 5094 961 5166 gestis
989 5093 1202 5149 concilii
1238 5093 1398 5166 primi
1428 5092 1792 5166 Bracarensis,
1824 5093 1912 5147 ubi
1941 5094 2078 5150 dici-
2195 5092 2434 5166 Vigilius.

503 5177 590 5237 tur
616 5162 822 5237 scripta
843 5164 916 5237 ad,
937 5162 1411 5237 interrogationem
1446 5162 1562 5230 ejus
1584 5171 1687 5237 ,_et
1715 5172 1933 5237 propter
1962 5180 2080 5234 pro-
2260 5162 2282 5237 ῖξ
2317 5165 2448 5237 God.
2482 5165 2653 5222 Vatic.
2693 5164 2891 5237 Palat,
2920 5163 3221 5237 Profuturo,

502 5230 759 5291 lixitatem
787 5236 951 5305 gestis
979 5230 1314 5305 minimeiest
1338 5234 1557 5288 inserta.
1605 5230 1796 5305 Dedit:
1816 5230 2000 5288 autem
2028 5242 2084 5290 et
2213 5302 2221 5305 Α
2255 5232 2282 5270 ά
2327 5235 2595 5304 Colbert.,
2632 5235 2773 5291 etab
2816 5235 2993 5305 iniqua
3031 5230 3323 5302 rapacitate
3372 5238 3614 5297 servate,
3644 5230 3802 5284 insi-

501 5320 643 5359 anno
672 5320 780 5373 quo
794 5302 929 5360 'data
959 5314 1042 5360 est
1072 5304 1258 5359 inutile
1285 5319 1409 5358 reor
1435 5317 1554 5358 esse
1572 5304 1616 5357 si
1645 5302 1931 5373 disputem,
1962 5319 2083 5359 cum
2187 5302 2324 5371 dias,
2354 5313 2461 5360 etc.

500 5390 569 5429 ex
597 5373 785 5430 codice
812 5375 1124 5430 Colbertino
1175 5381 1389 5430 constet
1414 5373 1669 5442 scriptam
1699 5388 1818 5428 esse
1844 5389 1911 5429 eo
1939 5388 2083 5429 anno

501 5459 609 5568 iiii
638 5443 1367 5569 ³32ῗυ¹¹ἕῗέε⁰3ζ¹ῗῖἲὲἷὲίὲςὲἓὲἷι
1391 5442 1734 5567 “fligi”?
1754 5442 2081 5569 ⁵ῖ¹υῗῖὲἓ³ιῖι¹ι¹ἒι⁰

504 5527 624 5568 nats.
658 5527 902 5568 uatuztus
929 5530 984 5567 ιη
1009 5527 1160 5569 tvova
1190 5527 1387 5569 conca.
1417 5527 1624 5567 cottect.
1665 5527 1734 5566 Al
1772 5527 1928 5581 longe
1964 5529 2075 5568 ma-

501 5585 586 5652 ior
615 5585 744 5639 lides
783 5582 1029 5653 habenda
1070 5584 1290 5653 reliquis
1341 5583 1590 5637 omnibus
1639 5583 1932 5648 codicibus,
1965 5592 2075 5650 tum

502 5650 628 5709 mss.
657 5652 1041 5723 antiquissimis
1066 5650 1350 5723 Hispaniae,
1382 5654 1510 5709 visis
1537 5660 1593 5708 et
1620 5653 1828 5708 collatis
1855 5654 1923 5708 ab
1951 5654 2074 5709 illu-

2260 5384 2283 5412 ο
2312 5375 2454 5429 [dem
2484 5374 2630 5437 cod.,
2660 5374 2943 5443 apostolica
2973 5371 3115 5427 sedc.

2261 5444 2278 5482 ί
2309 5445 2453 5499 Idem
2480 5445 2625 5511 cod.,
2653 5445 2796 5499 illuc.

2256 5524 2281 5562 ε
2311 5514 2490 5578 Colb.,
2522 5514 2779 5569 subiectis.

2252 5582 2279 5621 ⁸³
2305 5583 2449 5639 ldcm
2474 5585 2619 5651 cod.,
2646 5586 2869 5654 judices.

2258 5654 2271 5692 ί
2306 5654 2569 5721 Colbert.,
2606 5653 2670 5709 ne
2695 5654 3014 5726 quando.....
3047 5653 3330 5708 crederent.

571 5770 591 5791 ‘
626 5769 804 5824 Prima
846 5766 1157 5840 inscribit_ur
1180 5765 1234 5840 in
1273 5767 1509 5840 editione
1549 5768 1821 5840 Mansiana
1857 5767 2095 5839 Epistola
2122 5769 2299 5840 Vigilii
2339 5784 2489 5840 papa:
2526 5767 2743 5840 nomine
2794 5768 2992 5839 scripta
3026 5769 3093 5824 ab
3137 5766 3467 5838 Eutychiano
3505 5766 3809 5836 quodam,

502 5854 660 5909 quam
687 5840 869 5897 videre
890 5838 1044 5897 estin
1072 5835 1336 5893 Brcriario
1366 5836 1604 5895 Liberali
1632 5839 1772 5897 notis
1801 5835 2179 5899 comitantibus
2196 5835 2550 5911 'exsc'rip'tam.
2581 5838 2730 5895 Emr.
