4006 6190
318 360 371 415 Π
1503 343 1850 406 EPISTULA-1
1893 342 1980 396 ΕΤ
2022 342 2148 399 DEC
2158 344 2357 399 RETA.
3499 342 3565 399 f8

314 476 550 547 pollutum
586 492 599 524 :
632 472 757 541 quia
803 469 872 525 de
916 468 1000 524 his
1048 465 1297 522 omnibus
1345 479 1463 534 quze
1492 464 1557 517 ad
1588 464 1877 516 humanum
1908 464 1954 519 Α
1984 474 2109 528 gare
2141 471 2186 514 κ,
2234 461 2334 527 Qui
2377 462 2423 516 si
2464 462 2514 516 in
2546 476 2730 517 errore
2768 462 3198 531 permanserint,
3240 464 3372 520 socii
3415 465 3567 521 nobis

309 567 490 620 victum
505 559 880 619 misericordia
897 558 991 614 Dei
1004 556 1233 613 contulit
1245 553 1497 627 [tribuit],
1514 553 1643 608 nihil
1659 552 1884 608 catholi-

315 660 378 713 cis
396 672 512 712 esse
527 654 800 725 judicatur
821 649 1175 707 immundum.
1198 647 1291 703 Sic
1312 648 1456 703 enim
1485 646 1663 702 Titum
1691 645 1885 700 doctor

315 747 531 815 gentium
582 743 781 797 Paulus
826 747 1015 795 monet
1063 736 1342 807 apostolus
1367 778 1382 802 ,
1427 734 1610 790 dicens
1645 752 1659 787 :
1694 733 1886 787 Omnia

314 835 485 888 munda
512 832 743 898 mundis,
787 829 1134 901 coinquinatis
1162 836 1333 880 autem
1357 833 1406 879 et
1433 826 1727 896 inﬁdelibus
1756 824 1888 878 nihil

314 935 378 979 est
399 924 642 979 mundum
686 940 705 977 :
735 922 827 976 sed
850 922 1063 992 polluta:
1107 927 1226 973 sunt
1269 935 1447 973 eorum
1490 934 1634 972 mens
1681 926 1730 970 et
1757 934 1883 971 con-

314 1018 529 1071 scientia.
566 1015 732 1069 Deum
759 1014 1072 1084 confitentur
1094 1027 1149 1066 se
1173 1027 1354 1074 nosse,
1389 1010 1539 1080 factis
1578 1017 1751 1062 autem
1793 1024 1885 1061 ne-

314 1119 447 1180 gant,
480 1106 855 1162 abominabiles
882 1115 930 1159 et
968 1103 1221 1158 increduli
1240 1145 1255 1168 ,
1286 1109 1334 1155 et
1363 1100 1433 1154 ad
1460 1117 1610 1155 omne
1643 1116 1770 1168 opus
1799 1099 1890 1152 bo-

314 1218 419 1254 nam
444 1200 653 1271 reprobi
682 1198 811 1268 (Tit.
845 1196 908 1266 ι).
958 1196 1219 1251 Similiter
1246 1202 1301 1248 et
1327 1192 1435 1247 alio
1463 1192 1517 1246 in
1548 1192 1670 1247 loco
1698 1190 1765 1243 ad
1795 1189 1887 1244 Ti-

315 1291 577 1344 motheum
604 1289 672 1342 de
700 1286 1006 1355 hujusmodi
1047 1283 1302 1339 cavendis
1331 1281 1605 1336 erroribus
1631 1280 1891 1350 praedica-

315 1384 412 1445 vit,
476 1382 662 1436 dicens
713 1398 726 1433 :
780 1379 845 1433 In
896 1378 1187 1433 novissimis
1257 1373 1565 1445 temporibus
1633 1372 1891 1428 discedent

309 1473 511 1541 quidam
538 1490 569 1523 α
600 1470 723 1538 ﬁde,
747 1468 1066 1521 attendentes
1094 1464 1359 1535 spiritibus
1387 1464 1600 1528 erroris,
1622 1472 1671 1515 et
1698 1461 1892 1515 doctri-

313 1566 381 1615 nis
406 1562 801 1619 darmoniorum,
828 1559 882 1611 in
914 1557 1169 1627 hypocrisi
1199 1554 1515 1624 loquentium
1543 1551 1891 1617 mendacium,

309 1664 351 1705 et
369 1652 705 1704 canteriatam
721 1649 1013 1702 habentium
1030 1664 1177 1700 suam
1200 1645 1588 1709 conscientiam,
1604 1643 1889 1714 prohiben-

312 1752 376 1794 tes
401 1738 611 1800 nubere,
641 1748 689 1792 et
717 1738 1034 1791 abstinentes
1064 1753 1095 1788 η
1122 1734 1248 1788 cibis
1285 1750 1410 1804 quos
1438 1731 1577 1786 Deus
1608 1733 1797 1785 creavit
1825 1731 1894 1785 ad

1985 564 2105 604 CSSO
2130 566 2234 605 non
2266 559 2507 620 possunt.

2056 639 2142 695 111.
2169 641 2336 695 Deliis
2356 642 2447 710 qui
2477 641 2638 697 etiam
2673 642 3004 712 baptismatis
3025 645 3194 712 gratia
3216 647 3462 704 salutaris
3482 664 3571 704 ac.

1986 742 2141 802 cepta
2171 733 2311 803 apud
2331 733 2556 788 Arianos
2586 734 2778 789 iterum
2807 734 3078 805 baptizati,
3105 737 3386 807 profundm
3410 755 3570 794 vora-

1985 824 2123 892 ginis
2152 832 2277 877 sunt
2300 832 2475 879 morte
2503 824 2754 890 demersi,
2786 826 2912 893 quid
2944 842 3039 895 per
3064 828 3305 898 singulos
3332 830 3570 898 ordines,

1986 915 2073 968 V81
2102 922 2290 969 :etates
2319 924 2723 970 alllCCCSSOI'Uﬂl
2771 924 3078 972 nostrorum
3107 918 3324 976 decreta
3348 937 3572 978 censue-

1987 1015 2133 1071 runt,
2163 1020 2283 1074 qua:
2311 1007 2593 1077 multiplici
2643 1015 2768 1062 sunt
2811 1008 3017 1078 digesta
3064 1013 3296 1082 ratione,
3326 1031 3357 1071 e
3386 1027 3573 1072 nostro

1988 1096 2186 1151 scrinio
2204 1096 2730 1169 revelata[relevata]
2745 1099 2977 1170 capitula
2995 1100 3077 1156 bis
3105 1102 3343 1172 subjecta
3368 1107 3572 1163 direxi—

1990 1202 2129 1242 mus.
2161 1186 2219 1241 ln
2262 1190 2455 1257 quibus
2495 1197 2672 1245 tamen
2720 1191 2851 1245 illud
2879 1192 3098 1262 speciali
3124 1195 3384 1252 charitate
3408 1200 3571 1255 etiam

1991 1281 2242 1335 convenit
2272 1280 2578 1346 observari,
2613 1291 2672 1335 ut
2714 1282 2837 1351 quia
2863 1299 2960 1353 pro
2989 1287 3223 1354 peccatis
3250 1288 3494 1357 plurimis
3521 1291 3572 1345 in

1992 1370 2240 1438 gentibus
2286 1371 2539 1441 iniquitas
2578 1373 2665 1427 illa
2701 1372 2973 1439 subrexit,
3006 1376 3057 1429 in
3085 1377 3440 1434 mstimatione
3467 1379 3574 1434 l'ra-

1994 1459 2261 1515 ternitatis
2309 1467 2412 1514 tua:
2440 1462 2773 1533 aliorumque
2822 1464 3135 1532 pontiﬁcum
3166 1482 3263 1537 per
3288 1484 3414 1523 suas
3440 1469 3575 1525 dim-

1992 1564 2146 1604 ceses
2174 1550 2525 1618 relinquatur,
2551 1558 2612 1605 ut
2630 1552 2673 1606 si
2701 1554 2931 1621 qualitas
2951 1562 3005 1608 et
3029 1557 3338 1624 pmnitentis
3364 1557 3579 1615 devotio

1998 1638 2158 1695 fuerit
2202 1642 2498 1711 approbata
2526 1684 2542 1710 ,
2574 1643 2914 1713 indulgentiae
2960 1660 3177 1716 quoque
3224 1649 3465 1705 remedio
3511 1652 3581 1707 sit

1998 1733 2187 1788 vicina.
2223 1733 2461 1801 Quorum
2501 1743 2676 1791 tamen
2721 1738 3089 1794 reconciliatio
3136 1756 3242 1794 non
3291 1756 3388 1811 per
3437 1742 3579 1795 illam

311 1830 691 1900 percipiendum
738 1844 855 1881 cum
903 1826 1188 1897 gratiarum
1220 1824 1422 1877 actione
1448 1819 1706 1891 ﬁdelibus.
1736 1829 1784 1874 et
1815 1821 1893 1874 his
1927 1836 1971 1893 Β
2000 1826 2398 1895 impositionem
2428 1843 2620 1883 manus
2649 1872 2664 1897 ,
2693 1844 2813 1899 qua:
2842 1846 2937 1899 per
2975 1830 3369 1890 invocationem
3413 1837 3581 1891 sancti

310 1923 386 1990 qui
413 1927 767 1990 cognoverunt
797 1919 1061 1971 ceritatem
1092 1931 1111 1969 :
1139 1915 1260 1985 quia
1287 1912 1470 1980 omnis
1517 1922 1755 1966 creatura
1798 1909 1897 1966 Dei

310 2010 435 2065 bona
455 2018 558 2076 est,
579 2017 628 2062 et
656 2007 787 2061 nihil
816 2005 1173 2076 reﬁciendum,
1194 2002 1330 2075 quod
1355 2019 1467 2056 cum
1494 2002 1780 2074 gratiarum
1810 2018 1898 2055 ac-

311 2102 440 2156 tione
479 2101 761 2170 percipitur
803 2096 856 2166 (1
888 2097 1020 2159 Tim.
1050 2096 1147 2163 tv).
1200 2094 1324 2149 llaec
1367 2094 1529 2162 igitur
1561 2093 1841 2162 sequentia
1872 2104 1897 2129 ο

312 2202 521 2262 patrum
549 2189 936 2246 venerabilium
966 2189 1255 2242 constituta
1294 2185 1603 2254 specialiter
1650 2199 1745 2238 eos
1772 2199 1899 2238 cen-

307 2290 530 2338 suerunt
555 2297 675 2336 esse
698 2279 1033 2334 damnandos
1068 2278 1160 2346 qui
1190 2319 1205 2344 ,
1237 2290 1360 2331 cum
1390 2276 1642 2330 carnibus
1664 2275 1904 2329 abstine-

315 2381 433 2426 rent
452 2414 470 2435 ,
503 2387 567 2426 ea
593 2385 809 2440 quoque
836 2367 1130 2424 credebant
1158 2383 1277 2422 esse
1306 2366 1543 2430 vitanda,
1574 2381 1694 2434 qua:
1721 2365 1899 2420 carni-

310 2466 408 2518 bus
437 2463 605 2518 fuisse
630 2461 954 2515 videbantur
974 2458 1227 2513 admixta.
1261 2457 1393 2511 Nam
1422 2466 1477 2511 et
1506 2457 1618 2526 ipse
1646 2456 1904 2509 Dominus

312 2561 502 2606 uoster
540 2549 697 2604 .lesus
736 2548 982 2604 Christus
1011 2548 1081 2601 ita
1124 2545 1476 2616 przcmouuit,
1513 2545 1698 2599 dicens
1731 2562 1744 2597 :
1778 2542 1903 2597 Non

308 2645 448 2715 quod
477 2645 638 2697 intrat
665 2643 718 2696 in
747 2658 804 2695 os
831 2641 1127 2710 coinquinat
1156 2639 1415 2693 hominem
1432 2681 1448 2706 ,
1471 2637 1561 2693 sed
1585 2654 1699 2709 qua:
1725 2654 1905 2708 proce-

309 2738 437 2790 dunt
450 2736 519 2790 de
536 2752 648 2797 ore,
667 2735 775 2789 ltcc
794 2741 915 2787 sunt
924 2747 1040 2803 qua!
1049 2732 1383 2801 coinquinant
1400 2730 1660 2784 hominem
1684 2727 1760 2799 (Μ
1768 2728 1899 2781 attlt.

312 2828 424 2898 xv).
472 2824 816 2895 Quapropter
841 2836 946 2898 nec
971 2820 1354 2878 abstinentiam
1393 2819 1506 2875 Deo
1542 2818 1790 2890 placitam
1821 2833 1908 2873 re-

311 2896 639 2990 probamus,
672 2931 773 2972 nec
801 2896 911 2970 eos’
925 2914 1016 2983 qui
1055 2920 1408 2969 exsecrantur
1442 2912 1655 2968 Domini
1690 2919 1905 2967 creatu-

312 3026 430 3066 ram
466 3010 762 3080 recipimus
790 3009 844 3063 iu
873 3013 1060 3063 nostra
1086 3004 1369 3064 societate.

381 3146 450 3201 ll.
480 3146 552 3201 De
573 3143 838 3215 baptismo
853 3141 881 3181 ι)
903 3156 1120 3212 quoque
1152 3149 1176 3179 ο
1204 3138 1521 3195 solemuiter
1540 3136 1908 3208 adimplenda,

1999 1917 2230 1987 Spiritus
2258 1917 2318 1972 lit
2343 1960 2358 1984 ,
2391 1927 2662 1989 operatur,
2707 1921 2800 1976 sed
2829 1937 2927 1991 per
2951 1922 3095 1976 illam
3124 1939 3229 1992 qua
3258 1926 3583 1995 pmnitentim

2001 2007 2201 2063 fructus
2227 2009 2542 2077 acquiritur,
2569 2019 2626 2065 et
2666 2007 2866 2068 sancte
2893 2014 3285 2071 communionis
3312 2018 3580 2071 restitutio

2001 2099 2383 2172 [restitutione]
2414 2098 2441 2137 ιι
2466 2101 2758 2171 perﬁcitur.

2072 2210 2161 2264 IV.
2213 2211 2289 2266 De
2316 2211 2516 2266 fabrica
2546 2228 2676 2267 vero
2704 2212 2988 2283 cujuslibet
3016 2215 3258 2271 ecclesia:
3284 2257 3299 2282 ,
3338 2218 3383 2272 si
3409 2218 3581 2273 diruta

2003 2303 2165 2358 fuerit
2187 2343 2202 2368 ,
2239 2304 2585 2359 instauranda
2611 2345 2627 2371 ,
2657 2313 2712 2359 et
2739 2305 2782 2358 si
2812 2307 2863 2359 in
2894 2322 2961 2361 eo
3007 2307 3129 2362 loco
3167 2309 3585 2363 consecrationis

2004 2395 2317 2450 solemnitas
2342 2393 2537 2449 debeat
2559 2396 2758 2458 iterari,
2792 2397 2843 2449 in
2872 2411 2981 2464 quo
3007 2397 3311 2451 sanetuaria
3342 2415 3447 2452 non
3476 2397 3585 2453 lue-

2005 2484 2149 2549 rint,
2201 2484 2328 2537 nihil
2355 2484 2657 2553 judicamus
2685 2484 2903 2540 ofﬁcere
2942 2486 2981 2552 ί,
3014 2487 3061 2542 si
3092 2503 3188 2556 per
3213 2504 3333 2543 eam
3373 2489 3589 2543 minimc

2006 2587 2142 2641 aqua
2172 2573 2452 2628 benedicta
2483 2573 2836 2647 [exorcizata]
2861 2575 3098 2644 iactetur
3120 2594 3133 2629 :
3157 2577 3282 2645 quia
3308 2592 3591 2634 consecra-

2007 2663 2208 2719 tionem
2238 2662 2521 2733 cujuslibet
2547 2665 2809 2732 ecclesiaz,
2841 2666 2895 2720 in
2916 2681 3020 2735 qua
3040 2666 3269 2737 Spiritus
3297 2669 3468 2724 sancti
3497 2684 3587 2722 ara

2009 2774 2116 2814 non
2146 2758 2363 2829 ponitur
2395 2757 2441 2825 i,
2465 2759 2831 2815 celebritatem
2861 2767 3069 2815 tantum
3098 2761 3294 2816 scimus
3320 2776 3440 2816 esse
3469 2762 3594 2817 mis:

2008 2863 2210 2903 sarum.
2243 2847 2311 2902 Et
2338 2848 2477 2914 ideo,
2506 2850 2552 2905 si
2580 2865 2683 2918 qua
2714 2859 3023 2906 sanctorum
3067 2852 3286 2907 basilica
3326 2867 3356 2906 a
3403 2850 3593 2906 funda»

2009 2940 2205 2994 mentis
2232 2940 2393 2994 etiam
2424 2938 2582 2994 fuerit
2603 2942 2877 3007 inuovata,
2900 2942 3017 2996 sine
3041 2942 3215 3011 aliqua
3238 2941 3591 3007 dubitatione,

2012 3047 2131 3086 cum
2164 3031 2216 3084 in
2246 3046 2309 3085 ea
2339 3032 2621 3087 missarum
2650 3030 2814 3087 fuerit
2840 3033 3109 3087 celebrata
3140 3033 3482 3099 solemnitas,
3515 3041 3596 3089 to.

2014 3121 2121 3175 tius
2149 3119 2501 3177 sanctiﬁcatio
2530 3123 2953 3178 consecrationis
2992 3122 3319 3193 implebitur.
3368 3122 3426 3177 Si
3467 3139 3600 3178 veru

310 3236 567 3293 similiter
594 3202 722 3305 quid
764 3202 1060 3302 apostolica
1088 3229 1172 3284 vel
1199 3202 1914 3284 sanxeritvelobsej-vctau;
1939 3202 1985 3263 C
2014 3213 2316 3267 sanctuaria
2363 3227 2483 3281 qum
2530 3212 2762 3267 habebat
2800 3213 2978 3268 ablata
3015 3221 3169 3281 sunt,
3201 3229 3385 3268 rursus
3410 3228 3600 3268 eorum

311 3328 561 3388 ctoritas,
592 3326 646 3380 in
672 3322 927 3392 subjectis
957 3334 1043 3377 tua
1068 3321 1304 3377 charitas
1331 3318 1611 3374 evidenter
1636 3326 1908 3387 agnoscet.

311 3418 451 3473 Illud
484 3428 665 3473 autem
690 3415 888 3471 novelli
909 3429 1028 3469 esse
1052 3412 1351 3482 judicamus
1380 3409 1600 3475 erroris,
1620 3408 1763 3477 quod
1791 3425 1913 3463 cum

312 3509 369 3564 in
402 3508 515 3564 ﬁne
541 3508 871 3578 psalmorum
920 3505 990 3559 ab
1034 3502 1283 3568 omnibus
1328 3498 1610 3556 catholicis
1647 3514 1714 3553 ex
1762 3514 1914 3555 more

308 3601 529 3656 dicatur
560 3618 575 3652 :
606 3598 786 3653 Gloria
818 3595 1007 3660 Patri,
1046 3603 1097 3648 et
1127 3592 1266 3646 Filio
1290 3635 1307 3660 ,
1353 3600 1403 3645 et
1452 3590 1672 3661 Spiritui
1710 3600 1910 3656 sancto,

312 3692 524 3761 aliqui,
564 3692 701 3745 sicut
748 3688 953 3743 indicas
977 3729 993 3753 ,
1038 3684 1296 3741 subducta
1328 3698 1433 3739 una
1461 3682 1665 3754 syllaba
1690 3683 1913 3751 conjun-

306 3784 485 3848 ctiva,
524 3781 822 3852 perfectum
850 3785 1116 3835 conantur
1157 3776 1402 3830 minuere
1441 3773 1758 3829 vocabulum
1795 3773 1913 3827 Tri—

309 3875 527 3936 nitatis,
561 3871 790 3927 dicendo
836 3888 850 3923 :
898 3868 1082 3923 Gloria
1126 3866 1317 3931 Patri,
1358 3874 1408 3918 et
1457 3862 1599 3919 Filio
1625 3905 1640 3930 ,
1692 3863 1913 3933 Spiritui

306 3975 501 4017 sancto
525 3960 580 4017 δ.
607 3962 863 4028 Quamvis
891 3973 1022 4029 ergo
1047 3959 1161 4029 ipsa
1193 3973 1291 4012 nos
1318 3954 1455 4011 ratio
1483 3955 1759 4010 evidenter
1784 3953 1915 4010 edo-

313 4064 464 4119 ceat,
497 4056 626 4126 quia
654 4055 910 4109 subducta
940 4067 1045 4107 una
1071 4050 1306 4122 syllaba,
1336 4062 1624 4119 personam
1655 4046 1773 4101 Filii
1804 4057 1828 4086 ο
1858 4056 1914 4102 et

310 4147 557 4217 Spiritus
593 4145 764 4200 sancti
793 4159 955 4198 unam
984 4138 1380 4211 quodammodo
1424 4152 1545 4194 esse
1589 4137 1910 4206 designent;

306 4249 499 4293 tamen
524 4239 593 4292 ad
619 4252 857 4292 errorem
885 4235 1071 4289 talium
1096 4230 1521 4289 convincendum
1547 4232 1742 4289 suﬂieit
1768 4232 1912 4302 quod

306 4329 583 4384 Dominus
623 4325 778 4384 Jesus
823 4326 1070 4382 Christus
1129 4324 1417 4393 designans
1469 4323 1522 4377 in
1573 4323 1914 4380 invocatione

305 4419 607 4475 Trinitatis
660 4417 995 4473 credentium
1055 4415 1255 4470 debere
1309 4415 1573 4484 baptisma
1627 4414 1910 4482 celebrari,

316 4510 463 4565 lixit
488 4528 500 4562 :
530 4508 561 4563 1
566 4519 634 4574 te,
658 4508 834 4563 docete
853 4523 1028 4563 omnes
1054 4515 1248 4578 gentes,
1273 4505 1594 4577 baptizantes
1616 4522 1703 4561 eos
1730 4508 1784 4561 in
1813 4523 1911 4562 no-

2016 3305 2345 3376 repositionc
2395 3303 2790 3377 [dispositione]
2837 3313 2892 3360 et
2938 3306 3220 3361 missarum
3259 3305 3599 3360 solemnitate

2016 3397 2371 3451 reverentiam
2400 3394 2841 3452 sanctiﬁcationis
2869 3396 3118 3466 accipiet.

2086 3505 2151 3560 V.
2186 3505 2388 3561 Pascha
2419 3521 2549 3561 vero
2578 3505 2815 3560 laturum
2846 3522 2977 3569 nos,
3007 3507 3052 3560 si
3093 3506 3234 3561 Deus
3271 3506 3500 3561 voluerit
3548 3521 3597 3559 si

2015 3595 2362 3652 calendarum
2397 3594 2419 3631 κ
2453 3594 2712 3650 Maiarum
2745 3594 2833 3650 dic
2862 3594 3228 3650 celebraturos
3256 3610 3375 3650 esse
3399 3610 3589 3664 cogno-

2014 3686 2170 3741 scite.
2212 3684 2463 3741 Ordinem
2494 3701 2709 3755 quoque
2738 3701 2959 3756 precum
2990 3686 3043 3740 in
3072 3685 3385 3741 celebritate
3412 3686 3598 3741 missa-

2014 3791 2131 3829 rum
2163 3774 2308 3829 nullo
2340 3791 2438 3830 nos
2460 3783 2721 3845 tempore,
2752 3776 2897 3830 nulla
2927 3774 3219 3831 festivitate
3240 3775 3600 3844 signiﬁcamus

2013 3869 2214 3923 habere
2240 3868 2465 3923 divisum
2492 3868 2805 3941 [diversum]
2835 3866 2851 3906 ι
2890 3886 2904 3921 :
2936 3868 3030 3924 sed
3057 3883 3270 3940 semper
3296 3867 3486 3923 eodem
3517 3875 3599 3923 te-

2016 3975 2147 4015 nore
2171 4002 2186 4028 ,
2224 3960 2405 4015 oblata
2438 3960 2549 4015 Deo
2576 3974 2798 4015 munera
2828 3974 3169 4015 consecrare.
3223 3959 3445 4027 Quoties
3471 3974 3602 4015 vero

2013 4051 2301 4120 paschalis,
2333 4058 2426 4105 aut
2471 4049 2815 4106 Ascensionis
2842 4048 3075 4117 Domini,
3107 4049 3193 4105 vel
3231 4048 3617 4117 Pentecostes,

2015 4152 2071 4199 et
2099 4143 2431 4215 Epiphanim,
2461 4151 2880 4212 sanctorumque
2902 4141 2997 4196 Dei
3025 4141 3187 4197 fuerit
3213 4141 3418 4213 agenda
3449 4139 3602 4196 festi-

2015 4238 2171 4302 vitas,
2203 4236 2410 4305 singula
2441 4233 2672 4305 capitula
2703 4234 2897 4290 diebus
2916 4243 3041 4305 apta
3068 4232 3461 4303 subjungimus,
3484 4232 3604 4302 qui-

2014 4331 2114 4385 bus
2143 4330 2710 4387 commemoratioucm
2740 4337 2937 4384 sanctae
2977 4327 3353 4393 solemnitatis,
3384 4337 3479 4381 aut
3507 4343 3601 4382 eo-

2015 4438 2132 4476 rum
2162 4422 2385 4476 l'acimus
2409 4461 2424 4486 ,
2455 4435 2683 4491 quorum
2713 4420 2956 4474 natalitia
2987 4419 3328 4475 celebramus
3358 4436 3370 4472 :
3403 4427 3603 4474 czetcra

2013 4530 2144 4570 vero
2188 4513 2376 4570 ordine
2422 4520 2683 4568 consueto
2735 4512 3127 4583 prosequimur.
3168 4509 3512 4583 Quapropter
3546 4521 3604 4566 et

310 4603 461 4655 asine
491 4600 687 4667 Patris,
722 4608 773 4655 et
803 4598 953 4665 Filii,
986 4608 1035 4655 et
1055 4574 1291 4669 Spiritus
1321 4574 1488 4652 sancti
1519 4597 1734 4669 (Matth.
1765 4599 1907 4670 ult.).
1944 4574 1991 4634 θ
2015 4607 2182 4677 ipsius
2209 4605 2483 4661 canonica:
2513 4604 2684 4674 precis
2713 4574 2929 4658 textum.
2962 4574 3255 4658 direximus
3290 4574 3481 4656 subter
3506 4600 3603 4655 ad-

262 4738 273 4747 .
301 4694 459 4765 Ergo
515 4709 638 4748 cum
685 4710 795 4749 non
852 4692 1048 4747 dixerit
1079 4710 1092 4745 :
1127 4690 1193 4745 1n
1220 4692 1427 4745 nomine
1450 4689 1653 4759 Patris,
1681 4702 1730 4745 et
1760 4690 1910 4758 Filii,
2014 4696 2238 4768 jectum,
2262 4710 2422 4765 quem
2447 4694 2584 4763 (Deo
2607 4692 2865 4765 propitio)
2889 4708 2953 4749 ex
2983 4693 3278 4765 apostolica
3312 4691 3602 4747 traditione

296 4785 552 4856 Spiritus
586 4786 758 4838 sancti
792 4784 847 4850 ί,
876 4784 970 4839 sed
1004 4782 1300 4850 mqualibus
1334 4780 1770 4837 distinctionibus
1806 4781 1911 4837 Pa-

299 4888 482 4939 trem,
515 4886 572 4931 et
600 4876 813 4943 Filium,
844 4886 902 4931 et
929 4874 1185 4946 Spiritum
1215 4882 1461 4929 sanctum
1486 4874 1707 4943 jusserit
1736 4876 1912 4931 nomi-

294 4968 469 5032 nari,
497 4976 714 5024 constat
758 4967 881 5023 illos
925 4967 1146 5021 omnino
1181 4980 1211 5020 a
1241 4966 1483 5021 doctrina
1521 4963 1789 5021 dominica
1818 4966 1912 5021 de-

288 5058 467 5113 viare
490 5096 507 5121 ,
549 5057 642 5127 qui
676 5055 881 5128 aliquid
924 5056 1053 5111 huic
1096 5054 1363 5111 voluerint
1400 5053 1723 5110 confessioni
1752 5054 1911 5111 dero-

376 5222 409 5251 ι
446 5210 633 5282 Colb.,
662 5211 1015 5282 exsequenda.

376 5283 413 5322 ι
471 5281 656 5345 Colb.,
689 5280 1073 5354 [De'baptismo
1117 5296 1313 5354 quoque
1357 5292 1720 5335 renascentum
1771 5282 1910 5337 trina

290 5354 585 5410 natione
618 5352 930 5416 sokmniter,
959 5360 1068 5407 etc.

382 5434 417 5461 ο
469 5422 602 5504 Cod.
643 5419 816 5504 Vatie.
846 5420 1057 5504 Palat”
1106 5437 1301 5496 quoque
1351 5422 1726 5477 renascentium
1770 5423 1910 5480 trina

291 5494 672 5552 immersione
700 5490 1035 5547 solemniter.
1118 5490 1131 5496 '
1221 5490 1231 5492 ’

291 5563 415 5644 ..έ
469 5563 652 5644 (Ξοῑιντν
680 5561 863 5644 «atere
901 5561 1231 5644 eaeeae
1269 5561 1489 5644 δείνξιιεξ
1523 5572 1725 5644 ραησιοο
1776 5561 1911 5620 Cod-

286 5634 449 5690 Vat.
482 5631 675 5698 Palat.,
704 5632 889 5687 Gloria
918 5630 1087 5695 Patri,
1120 5631 1283 5695 Filio,
1313 5630 1534 5698 Spiritui
1563 5644 1763 5688 sancto.

383 5714 419 5741 ο
458 5699 634 5773 Colb.,
666 5718 944 5773 personam
975 5703 1150 5773 Patris
1175 5712 1225 5757 et
1255 5701 1415 5769 Filii,
1446 5710 1553 5757 etc.

380 5774 405 5813 ι
466 5771 641 5837 Colb.,
667 5771 853 5827 Patris
885 5771 1036 5834 Filii,
1065 5780 1171 5829 etc.

378 5855 413 5893 ι
456 5843 630 5914 Colb.,
659 5844 986 5900 subtrahere.
1018 5841 1133 5901 llos
1162 5846 1332 5920 itaque
1366 5851 1452 5898 tua
1488 5844 1715 5900 charitas
1747 5849 1911 5904 modis

2015 4790 2367 4861 suscepimus.
2401 4788 2465 4842 Et
2496 4796 2558 4844 ut
2583 4787 2823 4843 charitas
2844 4795 2934 4841 tua
2962 4794 3270 4856 cognoscat,
3301 4786 3494 4854 quibus
3517 4784 3600 4839 lo-

2014 4882 2095 4938 cis
2132 4882 2310 4950 aliqua
2360 4879 2741 4935 festivitatibus
2785 4886 2912 4949 apta
2957 4884 3291 4943 eonnectes,
3337 4875 3602 4947 paschalis

2013 4974 2120 5029 diei
2144 4987 2335 5043 preces
2352 4971 2597 5026 similiter
2625 4968 2828 5043 [simul]
2857 4970 3168 5040 adjecimus.
3197 4968 3294 5023 llis
3314 4968 3472 5037 igitur
3490 4965 3567 5019 ira
3591 4995 3601 5006 -

2017 5064 2283 5121 ternitatis
2311 5073 2417 5118 tua:
2441 5061 2771 5133 inquisitioni
2801 5062 3105 5133 responsis,
3137 5059 3301 5116 Deum
3333 5072 3598 5123 DUSU'UID,

2013 5221 2248 5292 omnibus
2275 5220 2345 5274 ad
2355 5220 2709 5292 confessionis
2739 5228 2893 5292 recta:
2916 5218 3121 5292 studeat
3160 5215 3418 5270 tramitem
3454 5234 3603 5292 reva-

2014 5309 2150 5346 care.
2211 5290 2361 5362 Quod
2393 5292 2439 5344 si
2468 5286 2621 5361 forte,
2652 5291 2788 5362 quod
2815 5288 2969 5362 absit_,
2999 5290 3052 5362 in
3078 5303 3273 5362 errore,
3299 5293 3407 5344 etc.
3460 5286 3596 5343 Cod.

2014 5362 2165 5430 Vat.,
2193 5356 2512 5425 subtrahere,
2541 5356 2648 5415 etc.
2665 5356 2735 5414 'ut
2762 5368 2915 5415 notat
2935 5356 3201 5412 Baluzius.

2085 5430 2112 5469 ιι
2142 5431 2276 5487 Cod.
2304 5431 2455 5497 Vat.,
2484 5431 2823 5485 restitutione.

2092 5501 2107 5540 ¹
2144 5502 2323 5565 Colb.,
2354 5500 2572 5570 eﬂicere.

2092 5572 2105 5622 i
2144 5571 2322 5635 Colb.,
2348 5567 2406 5624 in
2422 5586 2524 5641 qua
2539 5570 2839 5623 sanctuaria
2861 5585 2964 5624 non
2984 5579 3263 5638 ponuntur.
3286 5567 3422 5623 Cod.
3450 5567 3616 5635 Vat...

2014 5651 2249 5699 sanctum
2280 5658 2395 5694 ara.

2088 5713 2112 5751 ι
2147 5711 2324 5776 Colb.,
2351 5718 2528 5765 octavo
2558 5707 2766 5766 calend.
2791 5709 2927 5768 Cod.
2963 5710 3105 5775 Vat.,
3129 5726 3221 5766 vin
3250 5709 3456 5765 calend.

2093 5781 2111 5823 ¹
2145 5782 2279 5841 Cod.
2305 5780 2453 5849 Vah,
2486 5778 2764 5839 diversum.
