4006 6190
357 317 413 372 2|
1502 292 1856 351 EPlSTOLz};
1899 295 1983 347 ΕΤ
2025 291 2370 346 DECRETA.
3531 288 3600 344 at;

362 438 520 483 sontes
559 442 645 480 eos
678 397 733 479 in
779 424 987 479 nomine
1027 421 1240 485 Patris,
1297 430 1347 475 et
1392 417 1539 483 Filii,
1586 428 1635 471 et
1686 414 1913 484 Spiritus
1944 417 1985 473 Α
2019 410 2134 476 Dei,
2187 411 2270 465 cui
2321 408 2606 466 serviendo
2647 411 2900 479 regnatis,
2946 416 3001 465 et
3048 409 3321 479 regnando
3365 406 3600 476 servitis,

359 520 525 577 sancti.
546 515 733 570 Amen.

357 624 657 681 EPISTULA
711 624 1011 699 (olintlll)
1066 620 1289 676 VlGlHl
1338 617 1569 674 ADllUC
1622 612 1913 672 PSEUDO-

1002 710 1206 767 PAPIE

708 847 775 886 AD
812 844 1089 885 ςιεεΑιιιιῖυ
1127 842 1532 882 ᾹηΕιᾹτΕΝὸΕΙ.

356 918 410 972 Γὶ
460 919 726 975 Silrerium
790 919 1076 974 consulenti
1123 918 1187 970 de
1248 916 1567 987 injungenda
1617 914 1915 984 ptenitentia

414 992 511 1060 regi
558 991 906 1045 Theodebcrto
943 991 1005 1044 ob
1040 990 1358 1042 incestuosas
1390 987 1598 1056 nuptias
1623 993 1917 1040 contractas

411 1061 698 1130 respondet.

412 1152 757 1208 Dilectissimo
784 1151 935 1205 fratri
959 1148 1197 1204 Caesarie
1226 1147 1464 1216 Vigilius.

409 1245 462 1299 Si
482 1260 580 1315 pro
601 1244 978 1298 observatione
997 1241 1294 1298 emlestinm
1320 1239 1693 1294 mandatorum
1725 1236 1917 1291 callio-

354 1337 455 1391 lica:
494 1336 633 1390 filios
680 1334 930 1390 Ecclesiae
956 1339 1260 1403 opportune
1290 1330 1374 1385 vel
1402 1331 1707 1399 importune
1742 1342 1921 1382 sacer-

349 1428 490 1483 dotes
507 1426 747 1493 singulos
770 1426 929 1481 decet
959 1427 1240 1486 instruere,
1271 1429 1474 1491 quanto
1517 1420 1682 1487 magis
1711 1418 1792 1473 bis
1827 1416 1916 1484 qui

350 1517 624 1572 devotione
659 1516 913 1570 laudabili
942 1515 1009 1570 de
1036 1516 1197 1570 rebus
1223 1514 1324 1569 sibi
1364 1511 1539 1567 dubiis
1580 1510 1646 1565 ad
1685 1508 1919 1563 studium

349 1611 558 1665 veniunt
604 1609 936 1672 consulendi,
980 1608 1308 1678 competenti
1349 1620 1573 1661 necesse
1611 1612 1694 1658 est
1733 1602 1921 1656 ordine

348 1702 702 1772 respondere!
738 1701 874 1756 llinc
901 1709 983 1754 est
1022 1699 1165 1769 quod
1192 1699 1411 1768 gloriosi
1442 1698 1531 1750 lilii
1564 1696 1730 1750 nostri
1781 1693 1922 1761 regis

2016 503 2242 571 gratiam
2270 500 2548 555 indefessis
2576 501 2859 556 cumulatis
2888 500 3137 571 operibus
3161 518 3176 567 ;
3210 511 3267 557 ut
3296 503 3346 556 in
3377 501 3456 558 bis
3484 507 3604 571 quae

2019 592 2171 646 vobis
2200 606 2298 661 pro
2328 591 2635 659 integritate
2662 599 2715 644 et
2734 590 3023 646 devotione
3051 590 3172 647 fidei
3200 600 3394 648 vestra:
3424 591 3605 646 Domi—

2020 699 2119 738 nus
2152 681 2407 750 singulari
2433 682 2632 751 pietate
2665 682 2951 746 concessit,
2981 682 3508 755 agnoscanturjustc
3542 699 3604 739 ac

2020 775 2408 828 convenienter
2461 772 2690 841 im;leri,
2749 788 2910 842 quam
2962 773 3399 843 przedieationcm
3444 776 3609 830 docet

2020 866 2306 935 Apostolus
2358 884 2371 918 :
2426 862 2562 927 Quia
2608 866 2773 919 sancti
2817 881 2907 934 per
2951 866 3109 936 ﬁdem
3158 869 3383 922 vicerunt
3444 885 3602 939 regna

2022 957 2208 1028 (Hebr.
2240 956 2338 1028 χι).
2368 955 2555 1023 Qualia
2582 956 2724 1011 enim
2753 970 2912 1024 regna
2944 957 3060 1027 plus
3089 961 3252 1015 armis
3292 959 3413 1015 fidei
3442 975 3603 1030 quam

2019 1065 2279 1121 corporea
2310 1048 2621 1103 fortitudine
2648 1047 2905 1115 viceritis,
2932 1048 3093 1104 docet
3123 1050 3451 1106 immensitas
3470 1065 3604 1121 gen-

2025 1140 2153 1194 tium
2203 1137 2565 1207 subjectarum
2590 1179 2605 1203 ,
2646 1152 2765 1206 quae
2806 1147 3009 1206 quanto
3039 1138 3211 1208 major
3247 1140 3479 1209 assurgit
3505 1156 3609 1195 nu-

2022 1244 2194 1294 mero,
2221 1235 2371 1282 tanto
2397 1227 2605 1299 mystici
2643 1227 2811 1284 solius
2833 1227 3069 1298 perfecta
3100 1232 3414 1298 Operatione
3438 1232 3604 1287 mira-

2022 1320 2126 1373 culi
2156 1326 2459 1389 superatur.
2491 1316 2641 1374 Unde
2660 1333 2761 1374 nos
2782 1319 2833 1373 in
2856 1318 3084 1376 Domino
3106 1321 3325 1377 nimium
3357 1323 3607 1379 convenit

2023 1410 2260 1477 gloriari,
2291 1410 2435 1479 quod
2474 1425 2582 1465 non
2612 1411 2943 1481 imperialem
2971 1413 3167 1480 solum,
3205 1414 3298 1468 sed
3326 1415 3489 1470 etiam
3519 1430 3608 1471 sa-

2023 1500 2351 1556 eerdotalem
2380 1500 2534 1557 vobis
2560 1501 2796 1555 animum
2827 1502 3127 1558 concedere
3142 1518 3239 1560 sua
3265 1504 3609 1559 miseratione

2024 1592 2273 1660 dignatus
2311 1602 2395 1646 est
2427 1609 2439 1644 :
2471 1598 2526 1647 et
2563 1591 2707 1661 quod
2735 1607 2925 1647 omnes
2960 1593 3244 1663 pontifices
3281 1595 3501 1666 antiqua
3556 1597 3606 1649 in
3646 1624 3705 1640 ι·-

2025 1682 2304 1739 offerendo
2333 1684 2593 1739 sacrificia
2623 1683 2908 1741 traditione
2933 1685 3292 1756 deposcimus,
3321 1696 3612 1743 exorantes

351 1791 699 1848 Tbeodeberti
744 1792 1253 1860 interrogationem,
1301 1804 1404 1858 qua
1454 1803 1551 1841 nos
1599 1801 1697 1856 per
1742 1783 1921 1838 Mode-

2028 1783 2085 1829 ut
2130 1774 2450 1829 catholicam
2495 1774 2654 1833 fidem
2683 1775 2940 1845 adunare,
2992 1791 3180 1847 regere
3229 1778 3506 1845 Dominus,
3554 1789 3611 1835 et

348 1882 505 1937 vicum
544 1884 721 1937 virum
749 1884 1009 1937 illustrem
1044 1882 1279 1950 legatum
1319 1896 1472 1935 suum
1501 1879 1726 1936 credidit
1744 1877 1924 1947 requi-

347 1974 573 2039 rendos,
616 1975 865 2029 duximus
911 1974 1335 2044 amplectendam
1385 1990 1397 2025 :
1440 1975 1490 2026 in
1540 1987 1644 2042 qua
1698 1969 1920 2039 gloriam

344 2082 490 2120 suam
546 2066 819 2120 desiderat
872 2066 1175 2132 informari;
1243 2064 1541 2135 cujusmodi
1608 2063 1921 2136 poenitentia

344 2160 505 2229 possit
546 2160 689 2216 illius
727 2174 956 2232 purgare
982 2160 1266 2224 delictum,
1316 2160 1407 2230 qui
1447 2174 1568 2214 cum
1598 2173 1766 2212 uxore
1814 2157 1922 2210 fra-

345 2253 435 2307 tris
469 2255 554 2308 sui
597 2253 840 2308 illicitum
890 2252 1228 2321 praesumpsit
1270 2252 1404 2307 inire
1444 2249 1770 2318 conjugium.
1824 2248 1920 2303 Cui

342 2358 436 2398 nos
461 2343 714 2413 equidem
740 2344 918 2398 missis
948 2342 1226 2407 affatibus,
1248 2356 1475 2411 quorum
1506 2350 1747 2396 tenorem
1781 2349 1921 2394 tuam

341 2436 644 2492 fraternitas
671 2437 723 2491 in
763 2436 1019 2505 subjectis
1045 2436 1312 2501 inveniet,
1356 2435 1459 2490 hoc
1490 2434 1723 2489 indicare
1764 2448 1920 2488 cura-

339 2527 535 2595 vimus,
567 2528 822 2597 quoniam
855 2528 960 2582 tale
996 2527 1340 2582 commissum
1397 2541 1502 2580 non
1545 2540 1709 2594 parva
1747 2523 1924 2577 cordis

337 2616 627 2672 afflictione
655 2618 831 2671 valeat
867 2617 1094 2687 expiari.
1133 2616 1237 2671 Sed
1263 2616 1386 2685 quia
1418 2615 1576 2687 (sicut
1606 2614 1922 2668 cbaritatem

339 2715 477 2760 tuam
507 2708 649 2763 bene
678 2724 835 2764 nosse
857 2706 1413 2778 confidimus)-modns
1435 2704 1763 2776 pmnitentia:
1787 2719 1924 2774 pm:—

335 2800 567 2853 scntinm
599 2800 776 2869 potius
801 2798 1142 2855 sacerdotum
1186 2796 1501 2869 inspectioni
1532 2796 1885 2852 committitur
1906 2838 1921 2861 ,

336 2900 392 2944 ut
413 2891 572 2959 juxta
599 2891 1030 2960 eompunctionis
1058 2890 1307 2945 meritum
1333 2888 1500 2944 veniae
1521 2903 1734 2959 quoque
1757 2888 1926 2957 possit

336 2982 598 3052 indulgeri
627 2982 940 3045 remedium,
972 2989 1076 3036 tua:
1106 2982 1208 3035 hoc
1238 2980 1414 3051 poius
1440 2978 1781 3035 testimationi
1806 2993 1925 3032 crc-

333 3072 505 3128 dimns
526 3071 956 3142 relinquendum.
982 3070 1321 3144 Quapropter
1348 3070 1584 3126 cbaritas
1613 3076 1726 3137 tua,
1757 3069 1922 3123 totius

2026 1865 2299 1920 custodire
2346 1865 2640 1921 totoorbe
2689 1865 2958 1935 dignetur,
3010 1868 3232 1923 summis
3287 1868 3392 1925 hoc
3439 1870 3610 1939 pictas

2028 1966 2206 2013 vestra
2248 1958 2450 2013 viribus
2487 1958 2697 2026 etl'ecit;
2728 1975 2847 2015 cum
2890 1976 2986 2031 per
3026 1978 3215 2019 omnes
3252 1965 3403 2032 regni
3448 1967 3608 2020 vestri

2027 2059 2241 2122 partes,
2271 2060 2328 2106 et
2373 2052 2654 2107 universos
2696 2051 2829 2108 ﬁnes
2878 2061 3051 2119 terrae,
3085 2069 3204 2108 eam
3255 2052 3411 2109 fidem
3450 2071 3608 2125 quam

2025 2160 2124 2215 per
2152 2143 2486 2199 venerabiles
2508 2160 2723 2214 semper
2749 2145 3067 2201 Christiana:
3088 2145 3439 2204 confessionis
3464 2147 3610 2217 judi-

2025 2234 2112 2289 cio
2142 2233 2574 2304 complesteiidas
2610 2232 2898 2299 Niczenam,
2936 2235 3608 2306 Constantinopolitanani,

2026 2324 2352 2393 Ephesinam
2382 2324 2631 2392 primam,
2656 2323 2751 2377 sed
2782 2331 2838 2379 et
2863 2324 3353 2381 Clialcedonensem
3378 2325 3613 2397 synodos

2026 2422 2239 2469 constat
2273 2413 2814 2483 irreprebensibiliter
2848 2414 3157 2480 solidatam,
3189 2416 3502 2471 inconcussa
3528 2415 3607 2484 jn-

2026 2508 2198 2563 beatis
2222 2524 2356 2578 pace
2375 2510 2604 2575 servari,
2646 2525 2744 2565 nec
2767 2510 3071 2566 Christiano
3099 2527 3424 2583 quemquam
3453 2528 3617 2568 voca-

2028 2601 2154 2655 bulo
2204 2603 2543 2672 nuncupetis,
2595 2603 2685 2673 qui
2730 2619 2789 2658 se
2838 2619 2866 2657 a
2916 2603 3256 2674 pnefatarum
3286 2604 3622 2678 synodorum

2030 2691 2234 2745 unitate
2275 2692 2550 2761 sejungit:
2585 2699 2640 2746 et
2686 2692 2777 2763 qui
2808 2691 2971 2747 fidem
3001 2709 3187 2749 earum
3220 2709 3329 2750 non
3366 2695 3617 2750 omnibus

2027 2788 2231 2844 viibus
2269 2789 2526 2860 omnique
2571 2789 2809 2845 defendit
2837 2789 3070 2858 adnixa,
3111 2808 3217 2847 non
3266 2792 3614 2863 iudicandum

2030 2881 2158 2952 (sed
2194 2880 2304 2949 jam
2329 2880 2623 2949 indicatum
2654 2880 2702 2953 ¹)
2746 2882 2924 2951 potius
2966 2883 3302 2938 existimetis.
3351 2882 3449 2940 Cui
3506 2898 3613 2939 non

2028 2993 2158 3048 ergo
2203 2976 2543 3032 sacerdotum
2579 2975 2866 3046 jucundam
2896 2976 3313 3032 exsultationem
3340 2985 3393 3031 et
3421 2977 3613 3045 gaudia

2030 3077 2233 3132 infinita
2263 3076 2536 3144 conciliet,
2566 3075 2710 3146 quod
2756 3075 3011 3130 insertum
3042 3089 3139 3145 per
3179 3074 3274 3129 Dci
3301 3076 3466 3132 nostri
3494 3090 3618 3145 gra-

333 3165 457 3222 facti
507 3166 792 3237 qualitate,
842 3181 907 3221 ac
947 3165 1257 3236 peenitcntis
1303 3164 1470 3234 ipsius
1510 3162 1924 3233 compunctione

2031 3174 2158 3225 tiam
2182 3169 2331 3226 cordi
2360 3176 2541 3224 vestro
2567 3168 2746 3222 lumen
2784 3168 3108 3237 evangelicae
3137 3169 3396 3235 veritatis,
3430 3170 3613 3240 perni-

333 3269 636 3331 perspecta,
661 3260 968 3331 praedictum
989 3258 1279 3327 gloriosum
1295 3271 1475 3327 regem
1495 3256 1659 3311 lilium
1680 3264 1920 3311 nostrum

332 3363 387 3408 et
404 3353 473 3408 de
500 3354 762 3422 temporis
781 3351 1160 3407 observatione
1182 3366 1289 3405 non
1317 3350 1532 3406 omittat
1560 3351 1847 3415 instruere,
1869 3356 1924 3401 et

334 3456 400 3498 ne
426 3443 659 3498 ulterius
697 3442 804 3496 tale
832 3440 1034 3510 aliquid
1062 3448 1433 3511 praesumetur,
1460 3440 1722 3493 instanter
1750 3452 1921 3506 expo-

331 3542 464 3587 scat.
490 3532 628 3587 Illud
670 3547 833 3601 quam
863 3532 1098 3586 maxime
1125 3528 1556 3600 praecavendum,
1588 3542 1648 3582 ut
1690 3544 1756 3583 ne
1786 3528 1920 3597 ipse,

330 3625 420 3693 qui
448 3625 563 3679 hoc
581 3624 819 3679 noscitur
837 3621 1136 3688 admisisse,
1160 3621 1225 3676 ad
1249 3620 1467 3677 eosdem
1487 3621 1722 3675 vomitus
1742 3636 1923 3674 rever-

333 3725 503 3781 tatur,
534 3716 630 3770 sed
659 3714 841 3770 divisis
868 3715 1029 3770 etiam
1054 3713 1473 3768 habitationibus
1499 3721 1923 3777 commanentes,

332 3809 400 3860 ab
450 3808 603 3862 omni
650 3807 960 3879 suspicione
1012 3806 1282 3861 commissi
1332 3804 1583 3859 facinoris
1638 3803 1926 3858 reddantur

335 3898 622 3953 intmmies.
674 3899 932 3953 Dominus
972 3905 1025 3953 te
1076 3895 1399 3950 incolumem
1430 3893 1714 3958 custodiat,
1762 3892 1929 3947 frater

332 3990 672 4044 charissim.
693 3988 884 4044 Datum
901 3988 1071 4059 pridie
1088 4003 1351 4043 nonarum
1374 3985 1704 4052 Martiarum,
1723 3984 1929 4041 Joanne

336 4080 450 4135 viro
472 4081 777 4135 clarissimo
803 4081 1043 4135 consule.

561 4189 887 4248 EPISTOLA
919 4194 1064 4265 (alim
1095 4191 1183 4264 IV)
1227 4191 1454 4247 VlGlLll
1493 4189 1695 4245 PAPzE

902 4324 970 4363 AD
1006 4324 1369 4364 JUSTINIANUI.

334 4396 479 4450 Dum
522 4394 854 4470 Iustiniano:
906 4401 1187 4468 imperator
1233 4415 1409 4470 eorum
1465 4399 1678 4470 Vigilio
1704 4399 1930 4470 legitime

407 4472 576 4521 electo
603 4468 759 4537 [idem
801 4471 1062 4539 professus
1093 4476 1245 4536 esset,
1278 4468 1364 4523 ille
1396 4485 1461 4523 ea:
1491 4468 1635 4522 haste
1663 4469 1716 4522 in
1747 4468 1928 4540 defen-

2026 3264 2296 3319 ciosorum
2349 3270 2511 3332 atque
2544 3261 2916 3315 haereticorum
2945 3260 3254 3330 dogmatum
3301 3269 3462 3319 nocte
3510 3262 3619 3318 dis-

2026 3370 2203 3421 cussa,
2233 3352 2519 3409 universali
2550 3353 2856 3421 resplendet
2893 3350 3185 3408 Ecclesia}?
3214 3352 3366 3408 Absit
3407 3368 3537 3424 ergo
3585 3370 3625 3407 a-

2028 3449 2204 3513 nobis,
2235 3455 2294 3501 ut
2320 3445 2464 3514 quod
2493 3446 2743 3500 omnibus
2783 3444 3035 3501 fratribus
3055 3446 3392 3515 coepisc0pis
3420 3446 3618 3501 nostris

2025 3554 2284 3612 generare
2304 3536 2552 3607 gaudium
2584 3536 2919 3606 profitemur,
2947 3544 3188 3590 nostrum
3239 3551 3345 3591 non
3374 3544 3468 3592 aut
3494 3553 3619 3593 cum

2030 3631 2279 3689 omnibus
2306 3629 2595 3685 misceatur
2621 3670 2635 3696 ,
2681 3638 2775 3682 aut
2823 3625 2987 3699 (quod
3043 3630 3212 3698 magis
3253 3627 3472 3695 dignum
3510 3634 3616 3690 est)

2030 3742 2189 3796 supra
2220 3731 2447 3781 cunctos
2474 3723 2727 3777 emineat.
2755 3720 2829 3775 Ex
2858 3737 2963 3792 qua
2987 3736 3065 3787 re,
3094 3718 3413 3776 venerabilis
3444 3722 3619 3792 impe~

2030 3830 2201 3886 rator,
2246 3816 2439 3872 devota
2487 3814 2850 3869 venerationis
2877 3813 3236 3882 gratulatione
3278 3813 3619 3884 suscipimus,

2029 3909 2172 3980 quod
2220 3908 2413 3963 ardore
2448 3903 2593 3972 fidei,
2624 3912 2677 3959 et
2706 3896 2886 3960 suavis
2926 3902 3214 3959 iracundiae
3254 3904 3621 3960 commotione

2030 3999 2296 4066 succensi,
2319 3997 2473 4052 nobis
2495 3996 2658 4052 etiam
2682 3997 2799 4066 pios
2823 3996 3096 4051 direxistis
3115 3992 3326 4062 affatus,
3350 3995 3401 4050 in
3426 3995 3620 4066 quibus

2032 4093 2203 4145 beatae
2231 4086 2625 4145 recordationis
2645 4084 2996 4142 Caelestinum
3026 4093 3189 4156 atque
3218 4084 3454 4141 Leonem
3488 4100 3619 4155 apo-

2030 4180 2233 4237 stalica:
2253 4179 2393 4235 sedis
2410 4177 2682 4248 prmsules,
2707 4176 2797 4246 qui
2820 4175 3057 4246 singulas
3078 4177 3307 4231 haereses
3327 4191 3424 4246 pro
3442 4174 3620 4233 divina

2030 4274 2133 4328 sibi
2165 4270 2569 4342 dispensatione
2597 4268 2904 4334 commissa,
2943 4284 3066 4323 cum
3104 4268 3347 4340 synodali
3392 4283 3624 4339 congre-

2031 4375 2248 4445 gatione
2280 4373 2617 4436 damnantes,
2649 4368 2777 4441 quid
2796 4355 2985 4426 cuncti
3008 4368 3331 4438 generaliter
3348 4369 3499 4440 sequi
3525 4369 3622 4426 de-

2033 4472 2197 4526 beant
2226 4467 2536 4533 Christiani,
2568 4480 2819 4520 mansura
2863 4466 2915 4520 in
2944 4480 3115 4521 avum
3159 4464 3276 4532 lege
3303 4472 3625 4529 sanxerunt,

404 4554 605 4619 sarem,
626 4553 692 4627 era;
709 4548 1030 4608 persecutore
1048 4540 1102 4627 in
1117 4540 1532 4627 ρναπίὶισαευλνεη)ἶ
1548 4556 1612 4592 ex
1632 4539 1924 4622 blaspheme

2034 4560 2284 4619 laudabili
2325 4555 2758 4614 commemoratis
2796 4555 3010 4611 affectu.
3056 4554 3297 4622 Quorum
3324 4554 3628 4627 probabilia

404 4610 464 4661 in
483 4677 520 4692 η
541 4609 888 4692 confessorem
958 4609 1208 4692 mutatus,
1268 4612 1324 4663 in
1354 4609 1692 4691 ﬁat/timum.
1720 4611 1931 4692 ejusque

406 4677 642 4800 τοιιςῖαε
708 4679 975 4733 hereticos
1046 4680 1393 4734 amt/remotis
1470 4677 1781 4734 sententiain
1840 4677 1928 4734 iu-

409 4760 542 4802 torsi
571 4787 585 4799 .

404 4838 815 4895 Gloriosissimo
890 4847 945 4894 et
999 4840 1417 4897 clementissimo
1468 4840 1578 4898 filio
1626 4839 1931 4897 Iustiniano

332 4933 588 4998 Augusto
611 4930 833 5000 Vigilius
860 4933 1165 5004 episcopus.

409 5020 637 5076 Litteris
656 5022 954 5078 clementia:
976 5034 1185 5092 vestrm,
1209 5024 1444 5094 glorioso
1471 5024 1584 5080 viro
1608 5025 1716 5081 lilio
1747 5036 1931 5083 nostro

330 5113 632 5168 Dominieo
651 5115 943 5170 exconsule
963 5123 1123 5184 atque
1150 5117 1376 5186 patricio
1395 5116 1695 5183 deferente,
1719 5127 1931 5174 aSsneta

325 5202 697 5258 veneratione
716 5207 997 5276 susceptis,
1024 5206 1358 5275 iucunditate
1400 5207 1680 5277 multiplici
1722 5209 1935 5264 univer-

325 5296 439 5350 sali
497 5293 751 5350 Ecclesia:
787 5296 1127 5366 gaudendum
1170 5314 1290 5353 esse
1345 5300 1737 5369 perspeximus,
1786 5299 1932 5369 quod

328 5387 711 5441 Christianam
742 5388 917 5451 fidem,
947 5404 1054 5457 qua
1082 5388 1260 5443 divina
1293 5388 1527 5445 Trinitas
1556 5390 1850 5445 honoratur
1879 5400 1937 5445 et

327 5480 570 5543 colitur,
599 5478 651 5533 in
680 5478 832 5535 nullo
859 5479 1193 5550 dissimilem,
1221 5480 1273 5536 in
1305 5478 1451 5535 nullo
1478 5480 1787 5551 permittitis
1815 5495 1934 5535 esse

328 5567 681 5637 discordem;
724 5578 782 5625 et
828 5570 969 5625 hanc
1015 5571 1431 5628 clementissimo
1478 5571 1705 5643 imperio
1752 5579 1933 5628 vestro

322 4790 332 4829 l

2035 4652 2329 4711 constituta
2394 4657 2594 4706 sancta:
2652 4647 3047 4704 recordationis
3102 4645 3406 4715 Hormisda,
3459 4656 3623 4717 atque

2036 4745 2271 4802 Joannes
2319 4742 2525 4809 senior,
2573 4756 2673 4797 nec
2715 4756 2825 4796 non
2872 4747 2929 4795 et
2969 4740 3259 4811 Agapetus,
3310 4739 3629 4796 decessores

2036 4834 2205 4891 nostri
2235 4848 2331 4903 per
2354 4831 2533 4887 omnia
2564 4837 2968 4898 conservantes,
2991 4830 3268 4887 universos
3293 4828 3622 4886 Nestoriana:

2036 4935 2199 4995 atque
2248 4923 2593 4997 Eutychiana:
2620 4939 2882 4994 sequaces
2911 4924 3130 4980 haeresis
3164 4923 3320 4995 justa:
3364 4936 3628 4978 mucrone

2037 5021 2316 5077 sementim
2366 5021 2731 5092 perculerunt.
2786 5018 2941 5087 Quod
2989 5035 3088 5075 nos
3153 5017 3376 5072 summis
3420 5016 3629 5072 viribus

2038 5115 2215 5183 sequi,
2257 5128 2574 5182 summoque
2602 5112 2802 5169 adnixu
2831 5111 3142 5178 defendere,
3189 5108 3405 5181 pietatis
3431 5116 3624 5165 vestrae

2036 5206 2321 5262 clementia
2343 5204 2764 5261 indubitabiliter
2783 5212 3062 5273 agnoscat,
3081 5202 3175 5259 sed
3195 5209 3253 5258 et
3271 5200 3414 5257 beati
3430 5199 3626 5258 Leonis

2036 5300 2294 5369 epistolas
2342 5299 2409 5355 ad
2452 5305 2655 5354 sanctze
2698 5296 3089 5353 recordationis
3128 5294 3442 5351 Flavianum
3496 5303 3627 5350 tunc

2035 5389 2647 5461 Constantinopolitame
2688 5390 2920 5446 civitatis
2940 5387 3255 5455 antistitem,
3286 5402 3391 5444 nec
3413 5401 3522 5442 non
3568 5394 3627 5444 et

2037 5480 2102 5536 ad
2140 5482 2570 5538 clementissima:
2619 5480 2891 5536 memoria:
2934 5480 3171 5537 Leonem
3198 5479 3501 5553 principem
3529 5477 3628 5534 de-

2036 5573 2297 5639 stinatos;
2322 5571 2516 5644 quibus
2550 5571 2926 5628 biereticorum
2976 5570 3032 5629 id
3073 5580 3156 5629 est
3189 5568 3425 5628 NeStorii
3462 5576 3629 5640 atque

416 5768 435 5800 ι
470 5765 685 5823 Ansulis
711 5765 917 5823 inclusa
939 5766 992 5822 in
1022 5764 1235 5824 Labbeo
1265 5768 1461 5826 omissa
1490 5766 1821 5830 restituimus
1844 5785 1913 5827 ex
1950 5765 2185 5825 editione
2216 5766 2478 5825 Romana.
