4006 6190
503 334 575 389 ετ
1915 341 2064 399 γιςι]

2180 342 2264 399 PA
2270 342 2381 399 P12
3674 351 3731 407 ει

506 457 820 531 Eutychetis
847 459 1144 533 perﬁdiam,
1166 453 1476 519 rationabili
1502 464 1819 529 assertione,
1844 464 1957 521 Deo
1985 464 2088 521 sibi
2114 469 2166 528 Α
2193 462 2356 532 (sicut
2378 478 2537 533 supra
2569 465 2929 536 meminimus)
2962 468 3255 524 secundum
3303 467 3582 537 pncsulum
3613 466 3733 522 sedis

505 549 813 618 inspirante,
865 552 1135 618 confudit,
1175 554 1397 608 omnino
1444 554 1834 624 amplectimur,
1880 567 1934 614 ct
1979 574 2082 629 qua

503 650 717 713 oportet
744 642 1006 699 charitate
1028 644 1380 700 defendimus.
1413 645 1478 699 Et
1508 649 1751 716 quamvis
1794 666 1894 705 nos
1920 653 2084 709 animi

506 729 733 803 ﬁdeique
787 743 1002 802 nostraz,
1046 730 1155 790 Deo
1185 735 1543 801 custodiente,
1590 738 1869 796 sinceritas
1895 752 2081 799 contra

502 844 564 883 ea
618 826 921 882 nullatenus
961 827 1142 882 venire
1181 828 1494 897 permittat;
1522 831 1855 900 perpendere
1901 844 2081 891 tamen

502 919 662 975 debet
687 928 880 975 vestra:
905 920 1120 991 pietatis
1147 920 1458 976 admiranda
1481 922 1758 994 prudentia
1774 962 1790 989 ,
1821 926 1945 995 quia
1973 945 2080 984 non

501 1010 643 1080 digni
667 1018 954 1065 censentur
982 1010 1266 1072 antistites,
1301 1011 1392 1080 qui
1422 1012 1763 1082 prmfatorum
1794 1018 2079 1087 prmsulum

499 1102 641 1156 sedis
694 1100 1005 1171 apostolica:
1073 1101 1455 1158 inviolabiliter
1506 1106 1727 1163 minime
1784 1112 2078 1167 constituta

497 1194 845 1249 servaverint.
874 1192 998 1248 "mc
1022 1208 1150 1263 ergo
1176 1209 1295 1265 qua:
1316 1195 1385 1251 de
1408 1196 1509 1252 ﬁde
1536 1213 1567 1251 a
1593 1197 1841 1260 Patribus
1866 1214 2079 1261 sancta-

498 1302 616 1341 rum
638 1293 871 1355 quatuor
895 1285 1241 1357 synodorum,
1264 1295 1321 1342 et
1340 1302 1370 1341 a
1390 1288 1680 1359 designatis
1707 1293 1877 1349 beatae
1897 1310 2078 1351 recor-

495 1375 728 1431 dationis
753 1390 905 1446 papm
935 1374 1129 1431 Leonis
1148 1377 1411 1448 epistolis,
1444 1388 1606 1450 atque
1623 1396 1653 1436 a
1681 1387 2074 1456 suprascripto-

496 1481 611 1519 rum
627 1463 1079 1536 prmdecessorum
1097 1476 1402 1524 nostrorum
1423 1473 1750 1541 constitutis,
1771 1485 1895 1530 sunt
1914 1494 2076 1535 vene—

494 1556 737 1611 rabiliter
762 1554 1118 1627 deﬁnita,per
1145 1559 1324 1613 omnia
1351 1576 1448 1615 nos
1477 1571 1782 1631 sequentes,
1804 1573 1860 1620 et
1885 1582 2072 1623 eorum

491 1644 749 1700 doctrinae
775 1648 1075 1702 contrarios
1094 1647 1354 1718 probabili
1382 1652 1690 1720 apostolicm
1716 1655 1858 1711 sedis
1882 1668 2071 1713 aucto-

492 1736 651 1792 ritate
678 1738 1014 1805 damnantes,
1048 1741 1562 1799 anathematizamus
1601 1759 1716 1809 eos,
1765 1749 2071 1819 quicunque

2189 553 2498 621 apostolica:
2522 555 2834 622 constituta,
2868 558 2950 611 his
2976 559 3065 627 qui
3109 559 3451 628 resipuerint,
3484 566 3535 613 et
3563 572 3730 628 ρεπεν

2185 642 2423 698 dentium
2456 647 2804 717 synodorum,
2832 648 2916 704 vel
2946 651 3432 720 suprascriptorum
3462 647 3733 719 apostolica

2185 733 2326 788 sedis
2357 734 2667 805 pontiﬁcum
2708 755 2879 809 susce;
2901 741 3043 795 crint
3086 742 3397 806 constituta,
3438 740 3732 809 ptenitentite

2183 832 2239 879 et
2258 828 2650 883 communionis
2671 829 2874 883 aditum
2904 846 3222 887 reseremus.
3247 831 3352 886 Sel
3373 830 3498 901 quia
3520 832 3734 886 novimus

2184 921 2363 989 potius
2393 922 2512 991 plus
2544 923 2664 978 illos
2687 925 2779 993 qui
2805 925 3110 980 hmreticam
3154 924 3433 995 perﬁdiam
3460 923 3732 987 destruunt,

2181 1010 2281 1064 sibi
2325 1013 2495 1081 magis
2536 1014 2793 1084 prodesse
2821 1015 3119 1070 errantium
3159 1014 3377 1070 vitando
3406 1012 3734 1078 consortium,

2178 1117 2339 1171 quam
2372 1105 2651 1159 sententia:
2687 1106 3175 1177 suprascriptorum
3205 1104 3425 1159 Patrum
3454 1102 3736 1174 multiplici-

2179 1198 2262 1245 ter
2287 1192 2529 1247 solidatae
2557 1194 2756 1263 aliquid
2787 1196 3052 1251 ﬁrmitatis
3080 1194 3394 1265 adiungere,
3435 1208 3590 1264 quam
3615 1208 3733 1249 con-

2176 1292 2283 1337 stat
2311 1284 2420 1338 suis
2444 1284 2741 1341 indubitate
2770 1287 2973 1343 viribus
3010 1287 3123 1342 Deo
3158 1294 3384 1342 auctore
3428 1284 3731 1341 subsistere:

2175 1373 2298 1430 ideo
2323 1376 2583 1432 hactenus
2610 1386 2861 1446 tanquam
2891 1395 2999 1434 non
3028 1379 3238 1433 noviter
3259 1378 3424 1433 latam
3453 1375 3733 1432 damnatio-

2175 1483 2298 1523 nem
2340 1470 2558 1524 minime
2605 1470 2848 1525 arbitrati
2872 1486 3059 1526 sumus
3106 1486 3248 1526 novo
3284 1470 3464 1539 aliquo
3518 1468 3736 1538 indigere

2174 1575 2233 1614 re
2264 1575 2455 1629 ponso.
2485 1558 2585 1626 Qui
2613 1560 2756 1615 enim
2799 1560 3060 1617 haeresum
3090 1575 3316 1629 quarum
3355 1573 3515 1629 supra
3563 1557 3719 1613 memi-

2174 1652 2372 1719 nimus,
2396 1653 2480 1706 vel
2508 1652 2747 1708 omnium
2777 1653 3001 1707 aliarum
3029 1668 3149 1722 qum
3174 1661 3301 1707 sunt
3334 1652 3621 1722 apostolica
3647 1648 3734 1705 de-

2173 1740 2418 1797 ﬁnitione
2447 1750 2503 1797 et
2522 1742 2909 1798 constitutione
2927 1743 3213 1811 damnatm,
3241 1751 3538 1799 sectatores
3558 1741 3738 1797 fuerint

489 1828 556 1884 de
580 1828 702 1885 ﬁdei
727 1834 846 1901 ejus
863 1832 1200 1901 expositione
1228 1833 1309 1888 vel
1334 1835 1654 1892 rectitudine
1681 1846 1774 1893 aut
1795 1839 2067 1911 diSpntare
2101 1842 2141 1897 ll
2172 1832 2393 1899 inventi,
2426 1849 2533 1889 non
2556 1841 2761 1888 tantum
2788 1849 2854 1889 ex
2900 1850 3038 1890 nova
3084 1834 3219 1904 lege,
3277 1835 3373 1890 sed
3401 1850 3468 1889 ex
3506 1835 3614 1904 ipSa
3643 1848 3733 1887 au-

490 1932 761 1988 pcrverse,
784 1928 875 1974 aut
895 1920 1178 1977 inﬁdeliter
1205 1921 1451 1979 dubitare
1474 1927 1798 1983 tentaverint
1821 1947 1835 1982 :
1859 1938 1914 1986 et
1940 1947 2071 1987 con-

488 2013 568 2059 tra
599 2006 786 2061 eadem
821 2010 1138 2075 sentientes,
1167 2026 1286 2081 qua:
1318 2011 1387 2067 de
1431 2011 1534 2070 ﬁde
1564 2015 1615 2069 in
1647 2016 1879 2085 Nicrcna,
1923 2020 2067 2076 Con-

484 2103 981 2172 stantinopolitaaa,
1039 2104 1305 2175 Ephesina
1336 2106 1507 2177 prima
1538 2117 1594 2163 et
1620 2109 2065 2182 Chalcedonensi,

484 2192 836 2249 sanctissimis
863 2194 1101 2264 synodis,
1139 2212 1237 2250 nec
1266 2213 1373 2252 non
1403 2206 1459 2253 et
1485 2199 1657 2255 beatm
1682 2204 2068 2262 recordationis

489 2281 900 2349 pmdccessoris
919 2286 1087 2340 nostri
1103 2285 1298 2343 Leonis
1309 2289 1570 2359 epistolis,
1594 2307 1819 2361 quarum
1843 2293 2067 2353 fecimus

487 2376 836 2443 mentionem,
869 2379 951 2433 vel
982 2379 1243 2436 universis
1271 2397 1390 2452 qua:
1430 2383 1598 2453 ipsius
1623 2386 1800 2441 sanxit
1827 2389 2063 2444 auctori-

486 2475 587 2533 tas,
617 2470 980 2536 continentur,
1002 2472 1279 2527 catholica:
1304 2472 1423 2529 ﬁdei
1466 2478 1672 2532 unitate
1711 2481 2060 2549 secernimus,

482 2560 1000 2630 amplectentesqnc,
1030 2572 1085 2619 et
1128 2564 1180 2619 in
1207 2566 1454 2623 omnibus
1482 2572 1894 2640 comprobantcs
1941 2573 2063 2630 ﬁdei

481 2660 673 2708 vestrm
702 2653 961 2720 libellum,
991 2671 1150 2726 quem
1182 2659 1351 2713 nostri
1378 2660 1620 2730 obsequii
1647 2662 1903 2720 famulatu
1937 2676 2063 2724 tunc

479 2742 859 2812 prmdeeessori
888 2753 1074 2800 nostro
1098 2747 1196 2817 pia:
1217 2748 1604 2809 recordationis
1624 2752 1865 2825 Agapeto
1890 2758 2062 2827 pietas

480 2844 657 2889 vestra
680 2836 980 2892 ortholoxa
999 2839 1286 2894 devotione
1299 2841 1650 2909 contradidit;
1674 2843 1725 2898 in
1742 2859 1848 2913 quo
1861 2862 1924 2903 ea
1942 2864 2062 2919 qua:

481 2931 658 2978 mente
670 2925 874 2995 geritis,
906 2926 970 2982 ad
995 2928 1349 2984 eruditionem
1366 2930 1555 2986 lutum:
1573 2933 1767 3002 astatis,
1784 2937 2061 3007 scriptura:

479 3030 691 3084 quoque
703 3017 1010 3074 testimonio
1020 3017 1353 3089 declarastis,
1368 3022 1602 3091 nihilque
1612 3040 1641 3079 a
1654 3026 2060 3096 smpedictorum

480 3106 936 3175 praedecessorum
966 3118 1270 3165 nostrorum
1303 3110 1405 3167 ﬁde
1432 3112 1717 3172 deviantes
1772 3119 1875 3175 sub
1923 3137 2058 3190 qna-

2172 1932 2384 1978 ctorum
2441 1940 2663 1979 suorum
2704 1924 2816 1993 jam
2862 1925 3068 1995 pridem
3118 1924 3465 1980 damnatione
3519 1923 3736 1995 perculsi

2169 2023 2312 2069 sunt.
2345 2014 2413 2069 Et
2437 2015 2565 2070 licet
2592 2017 2844 2086 pietatem
2868 2026 3097 2072 vestram
3127 2017 3285 2072 aliter
3302 2016 3369 2070 de
3390 2015 3738 2071 taciturnitate

2171 2114 2356 2160 nostra
2386 2104 2646 2177 suspicari
2677 2108 2761 2162 vel
2791 2108 3093 2177 intelligere
3123 2108 3354 2162 voluerit
3381 2107 3641 2177 malignus
3665 2107 3737 2161 in~

2170 2205 2396 2267 terpres,
2444 2215 2546 2254 nos
2589 2208 2768 2255 tamen
2822 2215 2961 2270 quos
3005 2200 3197 2257 beatus
3240 2199 3431 2255 Petrus
3472 2200 3739 2269 apostolus

2170 2285 2223 2358 (I
2251 2287 2395 2341 Petr.
2420 2288 2498 2359 ιιι)
2526 2291 2672 2344 omni
2702 2289 2950 2359 poscenti
2976 2291 3240 2345 rationem
3271 2289 3496 2344 reddere
3525 2290 3611 2361 pia
3634 2299 3737 2346 trao

2165 2376 2369 2432 ditione
2394 2379 2692 2443 constituit,
2724 2379 2912 2435 libenti
2940 2380 3122 2435 animo
3141 2380 3527 2435 Christianitati
3556 2388 3741 2435 vestrm

2165 2467 2597 2523 satisfaciendum
2644 2483 2765 2524 esse
2811 2469 3221 2545 perspeximus;
3262 2469 3574 2540 suppliciter
3617 2485 3741 2541 spe-

2165 2566 2346 2614 rantes
2375 2558 2687 2632 [petentes],
2719 2568 2778 2615 nt
2800 2561 2996 2615 nullius
3020 2559 3360 2631 subrepéhtts
3395 2560 3599 2616 insidiis
3629 2561 3740 2632 pri-

2164 2648 2355 2716 vilegia
2410 2650 2554 2705 sedis
2608 2649 2753 2704 beati
2801 2649 2944 2705 Petri
2997 2650 3227 2720 apostoli
3278 2649 3743 2707 Christianissimis

2166 2737 2493 2808 temporibus
2543 2740 2736 2795 vestris
2782 2741 2836 2795 in
2872 2741 3053 2810 aliquo
3096 2741 3416 2811 permittatis
3470 2742 3735 2799 imminui.

2164 2829 2292 2895 Qum
2321 2831 2365 2886 si
2397 2832 2700 2897 turbentur,
2731 2832 2877 2902 quod
2917 2847 3025 2887 non
3064 2833 3351 2898 credimus,
3383 2843 3479 2889 aut
3495 2834 3743 2890 minuan-
3767 2840 3793 2863 ⁸

2164 2928 2250 2976 tur
2278 2922 2330 2976 in
2356 2922 2554 2993 aliquo,
2585 2922 2797 2978 violata:
2845 2922 2968 2977 ﬁdei
2996 2922 3166 2978 instar
3204 2923 3492 2980 ostendant
3531 2923 3742 2997 [offen-

2161 3012 2333 3085 dant].
2366 3012 2481 3069 Scit
2517 3013 2663 3069 enim
2691 3013 2968 3084 sapientiae
3006 3021 3195 3068 vestrae
3242 3012 3417 3083 pietas
3458 3015 3747 3085 singularis

2162 3105 2307 3159 illam
2335 3119 2394 3158 se
2421 3099 2758 3160 auctoritatis
2784 3105 2953 3174 ipsius
2981 3103 3125 3159 beati
3149 3103 3295 3159 Petri
3320 3104 3551 3174 apostoli
3580 3107 3744 3162 retri-

480 3199 610 3254 libet
637 3201 922 3255 occasione
950 3216 1259 3265 servamus,
1304 3203 1402 3258 nisi
1433 3203 1596 3274 forte,
1627 3206 1842 3263 haeresrs
1869 3209 1921 3265 in
1951 3226 2057 3279 qua

2167 3195 2437 3250 butionem
2478 3195 2653 3250 modis
2697 3195 2949 3252 omnibus
2988 3196 3326 3262 merituram,
3362 3210 3526 3265 quam
3552 3198 3640 3252 vel
3690 3198 3746 3253 in

479 3288 788 3344 volutantur
815 3299 1087 3360 amputata
1119 3292 1364 3363 caligine,
1413 3297 1829 3368 suprascriptam
1858 3300 1924 3356 de
1956 3300 2059 3359 ﬁde

480 3383 758 3438 veritatem
800 3384 1126 3454 pmnitcntizc
1154 3386 1519 3459 ‘competentis
1563 3389 1832 3445 voluerint
1870 3407 2059 3450 corre-

478 3473 658 3528 ctione
686 3474 911 3539 sectari;
943 3483 997 3529 ct
1024 3474 1290 3530 damnatis
1323 3478 1601 3546 omnibus,
1632 3496 1751 3551 quae
1780 3492 1966 3538 contra
1995 3501 2057 3540 ea

478 3577 598 3631 qua:
652 3561 856 3634 prmfati
911 3580 1096 3620 sumus
1147 3566 1459 3636 pravissima
1517 3569 1734 3639 quidam
1786 3573 2059 3643 impietate

479 3656 750 3725 dixerunt,
792 3658 1271 3728 subscriptionibns
1311 3661 1421 3716 suis
1459 3671 1512 3717 et
1560 3666 1791 3734 propriis
1839 3667 2060 3724 vocibus

478 3755 705 3805 cunctos
746 3749 1120 3804 ltzcreticorum
1166 3760 1480 3821 respuentes
1524 3769 1757 3821 errores,
1800 3757 2058 3813 canonica

476 3838 679 3895 fuerint
712 3840 1048 3896 districtione
1095 3842 1371 3912 conversi;
1405 3853 1462 3900 ut
1504 3854 1631 3903 tunc
1667 3850 2060 3907 communionis

477 3945 646 3986 sacrae
685 3933 999 4003 mysterium
1037 3944 1366 4003 mereantur,
1404 3937 1531 3993 dum
1560 3940 1740 3996 omnia
1768 3956 1886 4012 quae
1917 3958 2057 4013 pra:-

480 4021 572 4077 fati
597 4038 781 4078 sumus
808 4024 1067 4081 canonica
1095 4034 1150 4081 et
1174 4029 1467 4098 apostolica
1496 4029 1827 4087 districtione
1866 4033 2058 4103 imple-

478 4115 1065 4185 verint;quianosnnlli
1095 4119 1383 4188 corrigenti
1413 4136 1471 4177 se
1499 4124 1845 4192 paenitentiae
1880 4126 2057 4182 locum

480 4212 733 4261 convenit
758 4217 1059 4279 amputare.
1107 4208 1164 4264 in
1195 4209 1280 4267 his
1317 4227 1444 4267 vero
1493 4213 1547 4268 in
1577 4215 1771 4285 quibus
1810 4216 2058 4274 Mcnnam

476 4295 697 4351 fratrem
727 4304 784 4352 et
822 4300 1203 4370 coepiscopum
1250 4311 1516 4372 nostrum,
1555 4320 1849 4362 memorem
1894 4307 2057 4363 libelli

477 4388 581 4454 sui,
613 4403 772 4459 quem
800 4389 1179 4461 praedecessori
1210 4400 1396 4449 nostro
1426 4392 1596 4450 beata:
1624 4397 1897 4452 memorizn
1920 4397 2059 4468 Aga-

478 4490 625 4552 peto,
672 4482 1025 4538 ordinationis
1058 4500 1166 4538 sua:
1205 4492 1472 4556 tempore,
1519 4495 1711 4543 vestrae
1761 4488 2060 4544 clementiae

2162 3287 2301 3343 illius
2330 3287 2639 3357 privilegiis,
2674 3289 2756 3343 vel
2786 3289 2839 3342 in
2868 3296 3056 3343 nostra
3076 3288 3265 3343 humili
3292 3296 3472 3343 vestra
3492 3304 3748 3345 servave-

2160 3381 2298 3446 ritis,
2328 3380 2439 3436 Deo
2463 3380 2616 3436 vobis
2644 3381 2937 3452 aspirante,
2963 3396 3214 3450 persona.
3269 3380 3492 3448 Tamen,
3523 3390 3585 3437 ut
3610 3397 3751 3438 cun-

2159 3477 2243 3525 cta
2275 3471 2796 3539 pietatemvestram
2836 3471 3147 3539 informent,
3179 3480 3237 3527 et
3277 3473 3408 3532 nihil
3437 3488 3536 3543 pro
3563 3473 3747 3529 callidi

2160 3562 2488 3617 insidiatoris
2534 3563 2731 3617 astutia
2784 3562 3011 3617 ulterius
3050 3562 3381 3632 relinquatur
3412 3563 3751 3633 ambiguum,

2160 3652 2331 3707 beatae
2359 3653 2749 3709 recordationis
2777 3652 3190 3723 praedecessoris
3224 3653 3391 3709 nostri
3421 3669 3573 3723 papa:
3600 3653 3754 3711 Leo-

2160 3743 2265 3812 nis,
2290 3759 2410 3813 qua:
2438 3743 2665 3799 diversis
2692 3746 2760 3798 ad
2789 3742 3060 3800 Orientem
3100 3745 3455 3801 sunt‘dirccta
3488 3749 3757 3818 tempori-

2159 3832 2261 3888 bus
2288 3834 2603 3899 constituta,
2626 3842 2825 3903 quanta
2856 3834 2925 3890 de
2962 3834 3205 3904 plurimis
3248 3835 3300 3889 in
3350 3837 3603 3905 praesenti
3656 3851 3763 3893 ne-

2161 3924 2396 3980 cessaria
2438 3924 2784 3995 credidimus,
2827 3923 3308 3996 superadjeeimus,
3349 3934 3607 3995 rogantes
3654 3942 3763 3999 per

2161 4016 2360 4088 ipsum,
2386 4016 2541 4087 cujus
2570 4032 2788 4073 causam
2812 4018 3022 4088 integre
3043 4032 3205 4087 agere
3227 4017 3493 4076 festinatis
3516 4028 3573 4076 et
3599 4021 3768 4092 cupi-

2163 4110 2231 4166 tis
2270 4108 2690 4166 Christianitatis
2719 4109 2930 4176 all‘ectu,
2962 4117 3023 4165 ut
3052 4110 3303 4165 universa
3346 4110 3526 4181 legere
3573 4112 3767 4182 pietas

2161 4211 2339 4257 vestra
2386 4201 2651 4271 dignetur,
2698 4216 2767 4256 ne
2813 4200 3011 4270 aliquid
3056 4202 3289 4273 supersit
3330 4200 3475 4271 quod
3528 4201 3771 4259 minime

2160 4293 2451 4362 relegatur.
2494 4291 2619 4348 Scio
2648 4291 2791 4348 enim
2836 4293 2962 4361 quia
2992 4292 3132 4348 sicut
3179 4292 3319 4348 Deus
3372 4293 3527 4350 vobis
3575 4293 3770 4364 legem

2161 4383 2371 4439 dederit
2399 4384 2750 4449 voluntatem,
2784 4384 2856 4439 ita
2889 4392 3082 4441 cuncta
3129 4392 3443 4453 tractantes,
3485 4386 3774 4458 sapientia

2163 4477 2314 4533 vobis
2333 4477 2676 4547 singulariter
2704 4493 2733 4531 a
2763 4476 2877 4533 Deo
2905 4492 3164 4533 concessa
3191 4478 3497 4549 disponitis,
3548 4487 3612 4534 ut
3665 4495 3768 4536 ne-

475 4590 741 4631 consensu
761 4585 1097 4646 porrexerat,
1122 4574 1435 4647 sequentem
1459 4594 1644 4634 revera
1674 4580 1816 4638 sedis
1842 4588 2060 4651 aposto—

2167 4584 2269 4638 que
2296 4570 2364 4627 de
2391 4570 2652 4639 religione
2678 4584 2853 4639 neque
2876 4568 2945 4623 de
2972 4568 3154 4639 aliquo
3180 4570 3493 4640 praeiudicio
3522 4572 3777 4642 quilibet

477 4665 593 4721 lica:
621 4665 979 4737 disciplinam,
1014 4667 1278 4723 bzcreticis
1309 4666 1534 4724 inferius
1555 4670 1976 4742 comprehensis,
2004 4670 2057 4725 id

478 4765 561 4812 est
594 4753 797 4812 Severo
842 4754 1195 4829 Eutychiano,
1227 4754 1388 4813 Petro
1427 4756 1727 4828 Apameno,
1777 4757 2054 4825 Anthimo,

476 4845 570 4916 qui
620 4847 781 4901 etiam
838 4846 1134 4902 Ecclesiam
1186 4846 1838 4919 Constantinopolitanam
1892 4863 2056 4920 prava

475 4937 770 4994 ambitione
796 4945 1125 5009 pervaserat,
1156 4936 1374 5004 Xeneaa,
1398 4938 1492 4994 sed
1522 4947 1577 4994 et
1599 4938 1900 4995 Theodosio
1927 4939 2056 4995 Ale—

477 5031 761 5098 xandrino,
786 5039 843 5087 et
870 5031 1225 5089 Constantino
1251 5030 1589 5099 Laodicensi,
1622 5041 1785 5104 atque
1820 5034 2057 5090 Antonio

476 5123 814 5181 Versentano
840 5123 1185 5196 Eutychianze
1209 5124 1444 5189 haeresis,
1471 5124 1565 5180 sed
1591 5134 1646 5181 et
1667 5124 1945 5194 Dioscoro,
1967 5126 2057 5196 qui

476 5219 532 5272 in
563 5215 988 5272 Chalcedonensi
1036 5213 1245 5287 synodo
1284 5216 1425 5270 inter
1470 5215 1606 5271 alios
1653 5215 1849 5285 legitur
1893 5215 2058 5273 fuisse

476 5308 781 5372 damnatus,
822 5316 877 5361 et
898 5305 1290 5362 -defensorihus
1337 5316 1498 5375 atque
1550 5307 1868 5377 sequacibus
1920 5321 2055 5360 ana-

476 5403 659 5458 thema
689 5399 888 5456 dixisse
916 5401 1088 5470 pictas
1117 5407 1292 5455 vestra
1321 5396 1595 5453 mandavit
1620 5416 1632 5450 :
1664 5398 1716 5451 in
1745 5397 1890 5452 nullo
1908 5413 1936 5449 a
1959 5412 2059 5451 no—

477 5495 558 5549 bis
579 5491 793 5563 quidem
816 5490 1039 5547 moleste
1056 5490 1340 5561 suscipitur
1361 5505 1390 5544 a
1412 5489 1666 5560 prmdicto
1688 5486 1851 5543 fratre
1873 5497 2058 5543 nostro

477 5585 564 5640 vel
593 5599 623 5638 a
650 5583 889 5653 quolibet
912 5583 1017 5636 aiio
1048 5583 1100 5635 in
1148 5582 1429 5637 haereticos
1455 5580 1597 5635 dicta
1624 5579 1930 5634 damnatio:
1963 5577 2061 5634 sed

478 5685 532 5729 et
561 5676 791 5731 libenter
817 5674 1210 5743 amplectimur,
1238 5682 1293 5728 et
1314 5672 1455 5729 sedis
1483 5671 1791 5743 apostolicae
1819 5670 2057 5725 auctori-

479 5773 589 5821 tate
613 5766 902 5827 ﬁrmamus,
934 5763 1224 5833 complices
1250 5762 1621 5819 damnatorum
1643 5760 1801 5817 simili
1829 5761 2054 5816 anathe-

480 5859 637 5920 matis
685 5856 889 5913 ultione
941 5854 1265 5927 plectentcs;
1308 5870 1371 5909 ea
1421 5854 1668 5910 videlicet
1716 5853 1944 5920 ratione,
1996 5860 2054 5908 ut

2168 4662 2399 4718 ﬁdelium
2428 4664 2769 4718 sacerdotum
2795 4662 2967 4732 possit
2995 4662 3047 4717 in
3076 4664 3313 4734 qualibet
3352 4674 3506 4736 parte
3533 4667 3769 4721 vexari.

2166 4752 2454 4809 Rationem
2509 4753 2592 4807 his
2641 4752 2804 4820 igitur
2854 4753 3039 4822 (prout
3083 4752 3503 4809 Christianitatis
3556 4762 3780 4810 vestrm

2165 4845 2416 4900 meritum
2470 4842 2821 4914 postulabat),
2872 4842 3516 4914 inquantum‘valuimus,
3568 4845 3781 4900 reddi-

2164 4935 2308 4990 disse
2332 4933 2589 4998 sufﬁciat;
2637 4934 2883 5003 quamvis
2924 4950 3026 4990 nos
3067 4935 3196 4990 nihil
3236 4944 3423 4990 contra
3450 4936 3785 5007 synodalia,

2166 5026 2253 5081 vel
2280 5024 2737 5095 prtedecessorum
2779 5034 3087 5082 nostrorum
3119 5024 3405 5094 pracsulum
3434 5025 3580 5081 sedis
3628 5042 3787 5097 apo-

2166 5118 2370 5173 stolicae
2399 5118 2710 5184 constituta,
2742 5126 2835 5173 aut
2862 5117 3196 5174 commisisse
3228 5116 3445 5184 aliquid,
3489 5125 3589 5173 aut
3643 5127 3790 5174 ten-

2170 5217 2316 5263 tasse
2344 5209 2652 5279 quisquam,
2696 5208 2823 5263 licet
2859 5215 3065 5262 astutus
3111 5216 3166 5261 et
3213 5206 3442 5272 subtilis,
3490 5208 3787 5266 inveniet.

2166 5297 2241 5352 Ea
2263 5313 2391 5355 vero
2418 5314 2537 5370 qua:
2570 5298 2688 5353 ﬁdei
2718 5296 2999 5353 catholica:
3027 5296 3113 5350 vel
3140 5295 3333 5351 animm
3369 5306 3566 5353 nostra:
3593 5312 3793 5369 expc-

2165 5386 2319 5442 diunt
2348 5388 2437 5459 (dc
2464 5402 2593 5457 qua,
2617 5389 2756 5443 sicut
2778 5388 2924 5443 novit
2957 5386 3130 5457 pietas
3152 5395 3353 5454 vestra,
3377 5398 3431 5444 et
3454 5404 3550 5460 pro
3582 5404 3795 5445 sacen-

2163 5471 2330 5534 dotali
2353 5477 2553 5545 ofﬁcio,
2584 5486 2637 5534 et
2664 5493 2765 5547 pro
2794 5478 3178 5549 multiplicibus
3220 5481 3469 5549 prmstitis
3494 5480 3793 5536 elemen-

2165 5574 2251 5627 tiae
2277 5581 2484 5638 vestrm,
2516 5585 2733 5627 causam
2780 5570 2902 5642 plus
2930 5570 3049 5627 aliis
3076 5570 3251 5626 habeo
3280 5572 3446 5641 cogit:~
3466 5566 3575 5640 "‘i")
3634 5585 3794 5641 sug-

2162 5678 2349 5734 gerere
2378 5678 2486 5718 non
2523 5662 2737 5718 omitto.
2768 5661 3037 5734 Imprimis
3057 5653 3555 5736 supplicantes,‘et
3588 5664 3797 5734 ipsius

2161 5758 2306 5813 beati
2335 5757 2479 5814 Petri
2529 5759 2762 5829 apostoli
2792 5772 2950 5829 quem
2974 5758 3214 5828 diligitis,
3243 5756 3626 5813 intercedente
3666 5757 3799 5813 suf-

2159 5852 2348 5922 fragio,
2382 5852 2716 5924 postulantes
2738 5860 2795 5909 ut
2821 5868 3034 5926 semper
3058 5851 3124 5906 ad
3155 5851 3292 5907 hanc
3319 5850 3501 5907 sedem
3525 5861 3788 5924 aposto-
