  <div class='ocr_page' id='page_1' title='image "/cluster/home/n/w/nwhite01/storage/ocr_20150623/69/hvd.32044054758727/018.png"; bbox 0 0 4006 6190; ppageno 0'>
   <div class='ocr_carea' id='block_1_1' title="bbox 273 365 348 422">
    <p class='ocr_par' dir='ltr' id='par_1_1' title="bbox 273 365 348 422">
     <span class='ocr_line' id='line_1_1' title="bbox 273 365 348 422; baseline 0 0"><span class='ocrx_word' id='word_1_1' title='bbox 273 365 348 422; x_wconf 71' lang='lat'><strong>25</strong></span> 
     </span>
    </p>
   </div>
   <div class='ocr_carea' id='block_1_2' title="bbox 1484 357 3558 418">
    <p class='ocr_par' dir='ltr' id='par_1_2' title="bbox 1484 357 3558 418">
     <span class='ocr_line' id='line_1_2' title="bbox 1484 357 3558 418; baseline 0 -3"><span class='ocrx_word' id='word_1_2' title='bbox 1484 357 1840 417; x_wconf 63' lang='lat' dir='ltr'><strong>EPISTOLIE</strong></span> <span class='ocrx_word' id='word_1_3' title='bbox 1883 362 1968 418; x_wconf 80' lang='lat' dir='ltr'>ET</span> <span class='ocrx_word' id='word_1_4' title='bbox 2006 361 2345 418; x_wconf 58' lang='lat' dir='ltr'><strong>DECRETA.</strong></span> <span class='ocrx_word' id='word_1_5' title='bbox 3488 361 3558 415; x_wconf 68' lang='lat'><strong>26</strong></span> 
     </span>
    </p>
   </div>
   <div class='ocr_carea' id='block_1_3' title="bbox 278 472 3555 546">
    <p class='ocr_par' dir='ltr' id='par_1_3' title="bbox 278 472 3555 546">
     <span class='ocr_line' id='line_1_3' title="bbox 278 472 3555 546; baseline -0.001 -14"><span class='ocrx_word' id='word_1_6' title='bbox 278 479 448 532; x_wconf 85' lang='lat' dir='ltr'><strong>licam</strong></span> <span class='ocrx_word' id='word_1_7' title='bbox 495 490 594 546; x_wconf 84' lang='lat' dir='ltr'><strong>pro</strong></span> <span class='ocrx_word' id='word_1_8' title='bbox 618 473 963 545; x_wconf 79' lang='lat' dir='ltr'><strong>disponendis</strong></span> <span class='ocrx_word' id='word_1_9' title='bbox 991 472 1296 544; x_wconf 65' lang='lat' dir='ltr'><strong>reipublicae</strong></span> <span class='ocrx_word' id='word_1_10' title='bbox 1324 481 1515 529; x_wconf 66' lang='lat' dir='ltr'><strong>vestra:</strong></span> <span class='ocrx_word' id='word_1_11' title='bbox 1547 476 1869 532; x_wconf 79' lang='lat' dir='ltr'><strong>utilitatibus</strong></span> <span class='ocrx_word' id='word_1_12' title='bbox 1903 488 1947 544; x_wconf 74' lang='grc' dir='ltr'><strong>Α</strong></span> <span class='ocrx_word' id='word_1_13' title='bbox 1984 479 2036 532; x_wconf 89' lang='lat' dir='ltr'><strong>iu</strong></span> <span class='ocrx_word' id='word_1_14' title='bbox 2065 479 2346 533; x_wconf 77' lang='lat' dir='ltr'><strong>luereticos</strong></span> <span class='ocrx_word' id='word_1_15' title='bbox 2376 476 2597 533; x_wconf 79' lang='lat' dir='ltr'><strong>inferius</strong></span> <span class='ocrx_word' id='word_1_16' title='bbox 2626 476 3070 544; x_wconf 81' lang='lat' dir='ltr'><strong>comprehensos,</strong></span> <span class='ocrx_word' id='word_1_17' title='bbox 3097 474 3148 530; x_wconf 92' lang='lat' dir='ltr'><strong>id</strong></span> <span class='ocrx_word' id='word_1_18' title='bbox 3177 483 3258 530; x_wconf 91' lang='lat' dir='ltr'><strong>cst</strong></span> <span class='ocrx_word' id='word_1_19' title='bbox 3289 475 3342 530; x_wconf 92' lang='lat' dir='ltr'><strong>in</strong></span> <span class='ocrx_word' id='word_1_20' title='bbox 3387 474 3555 530; x_wconf 84' lang='lat' dir='ltr'><strong>Seve-</strong></span> 
     </span>
    </p>
   </div>
   <div class='ocr_carea' id='block_1_4' title="bbox 281 564 1878 634">
    <p class='ocr_par' dir='ltr' id='par_1_4' title="bbox 281 564 1878 634">
     <span class='ocr_line' id='line_1_4' title="bbox 281 564 1878 634; baseline -0.001 -12"><span class='ocrx_word' id='word_1_21' title='bbox 281 566 642 630; x_wconf 74' lang='lat' dir='ltr'><strong>orthodoxas,</strong></span> <span class='ocrx_word' id='word_1_22' title='bbox 669 574 726 620; x_wconf 90' lang='lat' dir='ltr'><strong>et</strong></span> <span class='ocrx_word' id='word_1_23' title='bbox 754 564 863 620; x_wconf 88' lang='lat' dir='ltr'><strong>Deo</strong></span> <span class='ocrx_word' id='word_1_24' title='bbox 888 564 1136 634; x_wconf 83' lang='lat' dir='ltr'><strong>placitas,</strong></span> <span class='ocrx_word' id='word_1_25' title='bbox 1177 572 1234 620; x_wconf 92' lang='lat' dir='ltr'><strong>et</strong></span> <span class='ocrx_word' id='word_1_26' title='bbox 1275 577 1456 633; x_wconf 86' lang='lat' dir='ltr'><strong>rugam</strong></span> <span class='ocrx_word' id='word_1_27' title='bbox 1497 573 1590 619; x_wconf 90' lang='lat' dir='ltr'><strong>aut</strong></span> <span class='ocrx_word' id='word_1_28' title='bbox 1614 568 1878 621; x_wconf 79' lang='lat' dir='ltr'><strong>maculam</strong></span> 
     </span>
    </p>
   </div>
   <div class='ocr_carea' id='block_1_5' title="bbox 284 656 1878 728">
    <p class='ocr_par' dir='ltr' id='par_1_5' title="bbox 284 656 1878 728">
     <span class='ocr_line' id='line_1_5' title="bbox 284 656 1878 728; baseline 0 -16"><span class='ocrx_word' id='word_1_29' title='bbox 284 659 416 714; x_wconf 73' lang='lat' dir='ltr'><strong>ﬁdei</strong></span> <span class='ocrx_word' id='word_1_30' title='bbox 465 675 571 712; x_wconf 93' lang='lat' dir='ltr'><strong>non</strong></span> <span class='ocrx_word' id='word_1_31' title='bbox 619 657 897 721; x_wconf 75' lang='lat' dir='ltr'><strong>habentes,</strong></span> <span class='ocrx_word' id='word_1_32' title='bbox 945 657 1235 725; x_wconf 81' lang='lat' dir='ltr'><strong>dignemini</strong></span> <span class='ocrx_word' id='word_1_33' title='bbox 1283 656 1553 712; x_wconf 82' lang='lat' dir='ltr'><strong>destinare</strong></span> <span class='ocrx_word' id='word_1_34' title='bbox 1599 673 1878 728; x_wconf 81' lang='lat' dir='ltr'><strong>personas,</strong></span> 
     </span>
    </p>
   </div>
   <div class='ocr_carea' id='block_1_6' title="bbox 286 747 1879 820">
    <p class='ocr_par' dir='ltr' id='par_1_6' title="bbox 286 747 1879 820">
     <span class='ocr_line' id='line_1_6' title="bbox 286 747 1879 820; baseline -0.003 -15"><span class='ocrx_word' id='word_1_35' title='bbox 286 767 394 820; x_wconf 90' lang='lat' dir='ltr'><strong>per</strong></span> <span class='ocrx_word' id='word_1_36' title='bbox 422 766 558 820; x_wconf 89' lang='lat' dir='ltr'><strong>quas</strong></span> <span class='ocrx_word' id='word_1_37' title='bbox 587 757 640 802; x_wconf 91' lang='lat' dir='ltr'><strong>et</strong></span> <span class='ocrx_word' id='word_1_38' title='bbox 669 764 732 802; x_wconf 86' lang='lat' dir='ltr'><strong>ea</strong></span> <span class='ocrx_word' id='word_1_39' title='bbox 758 762 876 816; x_wconf 79' lang='lat' dir='ltr'><strong>qua:</strong></span> <span class='ocrx_word' id='word_1_40' title='bbox 922 748 1137 819; x_wconf 91' lang='lat' dir='ltr'><strong>publico</strong></span> <span class='ocrx_word' id='word_1_41' title='bbox 1159 757 1341 802; x_wconf 90' lang='lat' dir='ltr'><strong>vestro</strong></span> <span class='ocrx_word' id='word_1_42' title='bbox 1371 749 1697 802; x_wconf 86' lang='lat' dir='ltr'><strong>conveniunt</strong></span> <span class='ocrx_word' id='word_1_43' title='bbox 1737 747 1879 801; x_wconf 83' lang='lat' dir='ltr'><strong>salu-</strong></span> 
     </span>
    </p>
   </div>
   <div class='ocr_carea' id='block_1_7' title="bbox 288 838 1883 914">
    <p class='ocr_par' dir='ltr' id='par_1_7' title="bbox 288 838 1883 914">
     <span class='ocr_line' id='line_1_7' title="bbox 288 838 1883 914; baseline -0.004 -17"><span class='ocrx_word' id='word_1_44' title='bbox 288 844 467 896; x_wconf 79' lang='lat' dir='ltr'><strong>briter</strong></span> <span class='ocrx_word' id='word_1_45' title='bbox 512 840 846 902; x_wconf 79' lang='lat' dir='ltr'><strong>ordinentur,</strong></span> <span class='ocrx_word' id='word_1_46' title='bbox 900 849 955 892; x_wconf 93' lang='lat' dir='ltr'><strong>et</strong></span> <span class='ocrx_word' id='word_1_47' title='bbox 1008 854 1106 908; x_wconf 82' lang='lat' dir='ltr'><strong>pro</strong></span> <span class='ocrx_word' id='word_1_48' title='bbox 1146 840 1338 893; x_wconf 78' lang='lat' dir='ltr'><strong>animae</strong></span> <span class='ocrx_word' id='word_1_49' title='bbox 1389 847 1579 893; x_wconf 72' lang='lat' dir='ltr'><strong>vestrm</strong></span> <span class='ocrx_word' id='word_1_50' title='bbox 1633 838 1883 914; x_wconf 86' lang='lat' dir='ltr'><strong>mercede</strong></span> 
     </span>
    </p>
   </div>
   <div class='ocr_carea' id='block_1_8' title="bbox 291 931 1878 1000">
    <p class='ocr_par' dir='ltr' id='par_1_8' title="bbox 291 931 1878 1000">
     <span class='ocr_line' id='line_1_8' title="bbox 291 931 1878 1000; baseline -0.003 -11"><span class='ocrx_word' id='word_1_51' title='bbox 291 933 577 989; x_wconf 62' lang='lat' dir='ltr'><strong>catholico</strong></span> <span class='ocrx_word' id='word_1_52' title='bbox 597 931 889 1000; x_wconf 71' lang='lat' dir='ltr'><strong>disciplina:</strong></span> <span class='ocrx_word' id='word_1_53' title='bbox 919 932 969 984; x_wconf 92' lang='lat' dir='ltr'><strong>in</strong></span> <span class='ocrx_word' id='word_1_54' title='bbox 1001 931 1147 985; x_wconf 90' lang='lat' dir='ltr'><strong>nullo</strong></span> <span class='ocrx_word' id='word_1_55' title='bbox 1176 931 1528 985; x_wconf 73' lang='lat' dir='ltr'><strong>conturbetur</strong></span> <span class='ocrx_word' id='word_1_56' title='bbox 1555 932 1836 998; x_wconf 77' lang='lat' dir='ltr'><strong>integritas</strong></span> <span class='ocrx_word' id='word_1_57' title='bbox 1865 949 1878 984; x_wconf 87' lang='lat'>:</span> 
     </span>
    </p>
   </div>
   <div class='ocr_carea' id='block_1_9' title="bbox 291 1022 1880 1090">
    <p class='ocr_par' dir='ltr' id='par_1_9' title="bbox 291 1022 1880 1090">
     <span class='ocr_line' id='line_1_9' title="bbox 291 1022 1880 1090; baseline -0.003 -10"><span class='ocrx_word' id='word_1_58' title='bbox 291 1035 358 1080; x_wconf 84' lang='lat' dir='ltr'><strong>ut</strong></span> <span class='ocrx_word' id='word_1_59' title='bbox 388 1025 620 1079; x_wconf 79' lang='lat' dir='ltr'><strong>universi</strong></span> <span class='ocrx_word' id='word_1_60' title='bbox 655 1039 842 1077; x_wconf 77' lang='lat' dir='ltr'><strong>revera</strong></span> <span class='ocrx_word' id='word_1_61' title='bbox 874 1022 1005 1076; x_wconf 93' lang='lat' dir='ltr'><strong>illud</strong></span> <span class='ocrx_word' id='word_1_62' title='bbox 1035 1024 1224 1090; x_wconf 67' lang='lat' dir='ltr'><strong>gratia:</strong></span> <span class='ocrx_word' id='word_1_63' title='bbox 1261 1023 1497 1077; x_wconf 72' lang='lat' dir='ltr'><strong>cmlestis</strong></span> <span class='ocrx_word' id='word_1_64' title='bbox 1530 1039 1722 1076; x_wconf 91' lang='lat' dir='ltr'><strong>munus</strong></span> <span class='ocrx_word' id='word_1_65' title='bbox 1747 1023 1880 1090; x_wconf 88' lang='lat' dir='ltr'><strong>jam,</strong></span> 
     </span>
    </p>
   </div>
   <div class='ocr_carea' id='block_1_10' title="bbox 292 1113 1881 1182">
    <p class='ocr_par' dir='ltr' id='par_1_10' title="bbox 292 1113 1881 1182">
     <span class='ocr_line' id='line_1_10' title="bbox 292 1113 1881 1182; baseline -0.003 -12"><span class='ocrx_word' id='word_1_66' title='bbox 292 1117 437 1170; x_wconf 88' lang='lat' dir='ltr'><strong>sicut</strong></span> <span class='ocrx_word' id='word_1_67' title='bbox 465 1123 520 1168; x_wconf 92' lang='lat' dir='ltr'><strong>et</strong></span> <span class='ocrx_word' id='word_1_68' title='bbox 553 1113 841 1176; x_wconf 77' lang='lat' dir='ltr'><strong>credimus,</strong></span> <span class='ocrx_word' id='word_1_69' title='bbox 877 1113 1132 1182; x_wconf 86' lang='lat' dir='ltr'><strong>pietatem</strong></span> <span class='ocrx_word' id='word_1_70' title='bbox 1163 1122 1393 1168; x_wconf 77' lang='lat' dir='ltr'><strong>vestram</strong></span> <span class='ocrx_word' id='word_1_71' title='bbox 1442 1113 1643 1167; x_wconf 83' lang='lat' dir='ltr'><strong>habere</strong></span> <span class='ocrx_word' id='word_1_72' title='bbox 1684 1127 1881 1179; x_wconf 85' lang='lat' dir='ltr'><strong>cogno-</strong></span> 
     </span>
    </p>
   </div>
   <div class='ocr_carea' id='block_1_11' title="bbox 294 1203 1882 1272">
    <p class='ocr_par' dir='ltr' id='par_1_11' title="bbox 294 1203 1882 1272">
     <span class='ocr_line' id='line_1_11' title="bbox 294 1203 1882 1272; baseline -0.001 -14"><span class='ocrx_word' id='word_1_73' title='bbox 294 1215 471 1268; x_wconf 79' lang='lat' dir='ltr'><strong>scant,</strong></span> <span class='ocrx_word' id='word_1_74' title='bbox 503 1204 648 1272; x_wconf 88' lang='lat' dir='ltr'><strong>quod</strong></span> <span class='ocrx_word' id='word_1_75' title='bbox 696 1203 952 1257; x_wconf 86' lang='lat' dir='ltr'><strong>Salomon</strong></span> <span class='ocrx_word' id='word_1_76' title='bbox 990 1203 1165 1257; x_wconf 89' lang='lat' dir='ltr'><strong>adhuc</strong></span> <span class='ocrx_word' id='word_1_77' title='bbox 1218 1220 1248 1257; x_wconf 90' lang='lat' dir='ltr'><strong>a</strong></span> <span class='ocrx_word' id='word_1_78' title='bbox 1294 1203 1521 1257; x_wconf 91' lang='lat' dir='ltr'><strong>Domino</strong></span> <span class='ocrx_word' id='word_1_79' title='bbox 1551 1204 1882 1272; x_wconf 86' lang='lat' dir='ltr'><strong>postulabat,</strong></span> 
     </span>
    </p>
   </div>
   <div class='ocr_carea' id='block_1_12' title="bbox 296 1291 1886 1364">
    <p class='ocr_par' dir='ltr' id='par_1_12' title="bbox 296 1291 1886 1364">
     <span class='ocr_line' id='line_1_12' title="bbox 296 1291 1886 1364; baseline -0.001 -18"><span class='ocrx_word' id='word_1_80' title='bbox 296 1295 487 1348; x_wconf 84' lang='lat' dir='ltr'><strong>dicens</strong></span> <span class='ocrx_word' id='word_1_81' title='bbox 515 1311 529 1344; x_wconf 89' lang='lat'><strong>:</strong></span> <span class='ocrx_word' id='word_1_82' title='bbox 565 1291 728 1346; x_wconf 79' lang='lat' dir='ltr'><strong>Dabis</strong></span> <span class='ocrx_word' id='word_1_83' title='bbox 748 1309 891 1346; x_wconf 82' lang='lat' dir='ltr'><strong>servo</strong></span> <span class='ocrx_word' id='word_1_84' title='bbox 916 1303 1000 1346; x_wconf 85' lang='lat' dir='ltr'><strong>tuo</strong></span> <span class='ocrx_word' id='word_1_85' title='bbox 1020 1309 1109 1347; x_wconf 88' lang='lat' dir='ltr'><strong>cor</strong></span> <span class='ocrx_word' id='word_1_86' title='bbox 1137 1293 1337 1357; x_wconf 86' lang='lat' dir='ltr'><strong>audire,</strong></span> <span class='ocrx_word' id='word_1_87' title='bbox 1377 1303 1425 1346; x_wconf 87' lang='lat' dir='ltr'><strong>et</strong></span> <span class='ocrx_word' id='word_1_88' title='bbox 1452 1295 1693 1364; x_wconf 82' lang='lat' dir='ltr'><strong>judicare</strong></span> <span class='ocrx_word' id='word_1_89' title='bbox 1719 1311 1886 1363; x_wconf 80' lang='lat' dir='ltr'><strong>popu-</strong></span> 
     </span>
    </p>
   </div>
   <div class='ocr_carea' id='block_1_13' title="bbox 300 1381 1890 1452">
    <p class='ocr_par' dir='ltr' id='par_1_13' title="bbox 300 1381 1890 1452">
     <span class='ocr_line' id='line_1_13' title="bbox 300 1381 1890 1452; baseline 0.003 -19"><span class='ocrx_word' id='word_1_90' title='bbox 300 1382 404 1433; x_wconf 74' lang='lat' dir='ltr'><strong>lum</strong></span> <span class='ocrx_word' id='word_1_91' title='bbox 433 1391 577 1433; x_wconf 74' lang='lat' dir='ltr'><strong>tuum</strong></span> <span class='ocrx_word' id='word_1_92' title='bbox 605 1383 658 1434; x_wconf 88' lang='lat' dir='ltr'><strong>in</strong></span> <span class='ocrx_word' id='word_1_93' title='bbox 681 1381 906 1450; x_wconf 65' lang='lat' dir='ltr'><strong>jus&#39;itia,</strong></span> <span class='ocrx_word' id='word_1_94' title='bbox 931 1391 978 1434; x_wconf 88' lang='lat' dir='ltr'><strong>et</strong></span> <span class='ocrx_word' id='word_1_95' title='bbox 1010 1381 1295 1452; x_wconf 76' lang='lat' dir='ltr'><strong>intelligere</strong></span> <span class='ocrx_word' id='word_1_96' title='bbox 1323 1382 1457 1435; x_wconf 81' lang='lat' dir='ltr'><strong>inter</strong></span> <span class='ocrx_word' id='word_1_97' title='bbox 1485 1383 1677 1437; x_wconf 85' lang='lat' dir='ltr'><strong>malum</strong></span> <span class='ocrx_word' id='word_1_98' title='bbox 1719 1392 1767 1437; x_wconf 89' lang='lat' dir='ltr'><strong>et</strong></span> <span class='ocrx_word' id='word_1_99' title='bbox 1806 1383 1890 1437; x_wconf 84' lang='lat' dir='ltr'><strong>b0-</strong></span> 
     </span>
    </p>
   </div>
   <div class='ocr_carea' id='block_1_14' title="bbox 300 1469 1889 1541">
    <p class='ocr_par' dir='ltr' id='par_1_14' title="bbox 300 1469 1889 1541">
     <span class='ocr_line' id='line_1_14' title="bbox 300 1469 1889 1541; baseline 0.004 -17"><span class='ocrx_word' id='word_1_100' title='bbox 300 1489 420 1524; x_wconf 72' lang='lat' dir='ltr'><strong>nxm</strong></span> <span class='ocrx_word' id='word_1_101' title='bbox 452 1470 574 1540; x_wconf 96' lang='grc'><em>(111</em></span> <span class='ocrx_word' id='word_1_102' title='bbox 608 1469 736 1541; x_wconf 86' lang='lat' dir='ltr'><strong>Reg.</strong></span> <span class='ocrx_word' id='word_1_103' title='bbox 771 1473 870 1538; x_wconf 85' lang='grc' dir='ltr'><strong>ιιι).</strong></span> <span class='ocrx_word' id='word_1_104' title='bbox 902 1470 970 1525; x_wconf 88' lang='lat' dir='ltr'><strong>Et</strong></span> <span class='ocrx_word' id='word_1_105' title='bbox 1005 1471 1128 1541; x_wconf 91' lang='lat' dir='ltr'><strong>quia</strong></span> <span class='ocrx_word' id='word_1_106' title='bbox 1159 1487 1254 1540; x_wconf 91' lang='lat' dir='ltr'><strong>per</strong></span> <span class='ocrx_word' id='word_1_107' title='bbox 1285 1471 1447 1526; x_wconf 87' lang='lat' dir='ltr'><strong>lilium</strong></span> <span class='ocrx_word' id='word_1_108' title='bbox 1493 1483 1734 1528; x_wconf 91' lang='lat' dir='ltr'><strong>nostrum</strong></span> <span class='ocrx_word' id='word_1_109' title='bbox 1783 1474 1889 1530; x_wconf 83' lang='lat' dir='ltr'><strong>Do-</strong></span> 
     </span>
    </p>
   </div>
   <div class='ocr_carea' id='block_1_15' title="bbox 303 1561 1891 1634">
    <p class='ocr_par' dir='ltr' id='par_1_15' title="bbox 303 1561 1891 1634">
     <span class='ocr_line' id='line_1_15' title="bbox 303 1561 1891 1634; baseline 0.001 -18"><span class='ocrx_word' id='word_1_110' title='bbox 303 1563 560 1616; x_wconf 90' lang='lat' dir='ltr'><strong>minicum</strong></span> <span class='ocrx_word' id='word_1_111' title='bbox 594 1561 938 1630; x_wconf 65' lang='lat' dir='ltr'><strong>praesentium</strong></span> <span class='ocrx_word' id='word_1_112' title='bbox 970 1562 1282 1630; x_wconf 89' lang='lat' dir='ltr'><strong>portitorem</strong></span> <span class='ocrx_word' id='word_1_113' title='bbox 1313 1563 1556 1631; x_wconf 65' lang='lat' dir='ltr'><strong>quaedam</strong></span> <span class='ocrx_word' id='word_1_114' title='bbox 1581 1565 1746 1618; x_wconf 90' lang='lat' dir='ltr'><strong>verbo</strong></span> <span class='ocrx_word' id='word_1_115' title='bbox 1775 1579 1891 1634; x_wconf 85' lang='lat' dir='ltr'><strong>sug-</strong></span> 
     </span>
    </p>
   </div>
   <div class='ocr_carea' id='block_1_16' title="bbox 301 1651 1892 1724">
    <p class='ocr_par' dir='ltr' id='par_1_16' title="bbox 301 1651 1892 1724">
     <span class='ocr_line' id='line_1_16' title="bbox 301 1651 1892 1724; baseline 0.003 -19"><span class='ocrx_word' id='word_1_116' title='bbox 301 1653 540 1720; x_wconf 82' lang='lat' dir='ltr'><strong>gerenda</strong></span> <span class='ocrx_word' id='word_1_117' title='bbox 592 1651 1000 1718; x_wconf 88' lang='lat' dir='ltr'><strong>mandavimus,</strong></span> <span class='ocrx_word' id='word_1_118' title='bbox 1049 1667 1330 1722; x_wconf 86' lang='lat' dir='ltr'><strong>speramus</strong></span> <span class='ocrx_word' id='word_1_119' title='bbox 1385 1661 1444 1707; x_wconf 91' lang='lat' dir='ltr'><strong>ut</strong></span> <span class='ocrx_word' id='word_1_120' title='bbox 1487 1670 1572 1721; x_wconf 91' lang='lat' dir='ltr'><strong>ea,</strong></span> <span class='ocrx_word' id='word_1_121' title='bbox 1622 1656 1892 1724; x_wconf 90' lang='lat' dir='ltr'><strong>aspirante</strong></span> 
     </span>
    </p>
   </div>
   <div class='ocr_carea' id='block_1_17' title="bbox 301 1743 1890 1813">
    <p class='ocr_par' dir='ltr' id='par_1_17' title="bbox 301 1743 1890 1813">
     <span class='ocr_line' id='line_1_17' title="bbox 301 1743 1890 1813; baseline 0.003 -17"><span class='ocrx_word' id='word_1_122' title='bbox 301 1745 460 1799; x_wconf 90' lang='lat' dir='ltr'><strong>vobis</strong></span> <span class='ocrx_word' id='word_1_123' title='bbox 487 1743 732 1806; x_wconf 86' lang='lat' dir='ltr'><strong>Domino,</strong></span> <span class='ocrx_word' id='word_1_124' title='bbox 763 1753 819 1797; x_wconf 90' lang='lat' dir='ltr'><strong>et</strong></span> <span class='ocrx_word' id='word_1_125' title='bbox 839 1743 1067 1798; x_wconf 85' lang='lat' dir='ltr'><strong>libenter</strong></span> <span class='ocrx_word' id='word_1_126' title='bbox 1090 1744 1278 1799; x_wconf 89' lang='lat' dir='ltr'><strong>audire</strong></span> <span class='ocrx_word' id='word_1_127' title='bbox 1308 1745 1615 1813; x_wconf 82' lang='lat' dir='ltr'><strong>dignemini,</strong></span> <span class='ocrx_word' id='word_1_128' title='bbox 1636 1755 1691 1801; x_wconf 91' lang='lat' dir='ltr'><strong>et</strong></span> <span class='ocrx_word' id='word_1_129' title='bbox 1717 1748 1890 1802; x_wconf 82' lang='lat' dir='ltr'><strong>maxi-</strong></span> 
     </span>
    </p>
   </div>
   <div class='ocr_carea' id='block_1_18' title="bbox 1982 566 3561 636">
    <p class='ocr_par' dir='ltr' id='par_1_18' title="bbox 1982 566 3561 636">
     <span class='ocr_line' id='line_1_18' title="bbox 1982 566 3561 636; baseline -0.003 -12"><span class='ocrx_word' id='word_1_130' title='bbox 1982 586 2099 624; x_wconf 91' lang='lat' dir='ltr'><strong>rum</strong></span> <span class='ocrx_word' id='word_1_131' title='bbox 2145 569 2560 634; x_wconf 81' lang='lat' dir='ltr'><strong>Antiocheuum,</strong></span> <span class='ocrx_word' id='word_1_132' title='bbox 2610 567 2824 622; x_wconf 83' lang='lat' dir='ltr'><strong>Petrum</strong></span> <span class='ocrx_word' id='word_1_133' title='bbox 2867 567 3216 636; x_wconf 78' lang='lat' dir='ltr'><strong>Apamenum,</strong></span> <span class='ocrx_word' id='word_1_134' title='bbox 3249 566 3561 621; x_wconf 83' lang='lat' dir='ltr'><strong>Autbimum</strong></span> 
     </span>
    </p>
   </div>
   <div class='ocr_carea' id='block_1_19' title="bbox 1983 653 3562 728">
    <p class='ocr_par' dir='ltr' id='par_1_19' title="bbox 1983 653 3562 728">
     <span class='ocr_line' id='line_1_19' title="bbox 1983 653 3562 728; baseline -0.003 -16"><span class='ocrx_word' id='word_1_135' title='bbox 1983 673 2198 728; x_wconf 86' lang='lat' dir='ltr'><strong>quoque</strong></span> <span class='ocrx_word' id='word_1_136' title='bbox 2237 673 2584 727; x_wconf 82' lang='lat' dir='ltr'><strong>pervaserem</strong></span> <span class='ocrx_word' id='word_1_137' title='bbox 2637 655 3248 724; x_wconf 63' lang='lat' dir='ltr'><strong>Constantinpolitanae</strong></span> <span class='ocrx_word' id='word_1_138' title='bbox 3291 653 3562 720; x_wconf 61' lang='lat' dir='ltr'><strong>Ecclesia,</strong></span> 
     </span>
    </p>
   </div>
   <div class='ocr_carea' id='block_1_20' title="bbox 1985 746 3567 811">
    <p class='ocr_par' dir='ltr' id='par_1_20' title="bbox 1985 746 3567 811">
     <span class='ocr_line' id='line_1_20' title="bbox 1985 746 3567 811; baseline -0.003 -9"><span class='ocrx_word' id='word_1_139' title='bbox 1985 759 2039 802; x_wconf 90' lang='lat' dir='ltr'><strong>et</strong></span> <span class='ocrx_word' id='word_1_140' title='bbox 2071 749 2432 803; x_wconf 83' lang='lat' dir='ltr'><strong>Theodosium</strong></span> <span class='ocrx_word' id='word_1_141' title='bbox 2487 746 2858 802; x_wconf 74' lang='lat' dir='ltr'><strong>Alexandrina:</strong></span> <span class='ocrx_word' id='word_1_142' title='bbox 2897 746 3151 811; x_wconf 80' lang='lat' dir='ltr'><strong>civitatis,</strong></span> <span class='ocrx_word' id='word_1_143' title='bbox 3202 760 3303 799; x_wconf 89' lang='lat' dir='ltr'><strong>nec</strong></span> <span class='ocrx_word' id='word_1_144' title='bbox 3350 760 3468 811; x_wconf 81' lang='lat' dir='ltr'><strong>non</strong></span> <span class='ocrx_word' id='word_1_145' title='bbox 3510 752 3567 798; x_wconf 91' lang='lat' dir='ltr'><strong>et</strong></span> 
     </span>
    </p>
   </div>
   <div class='ocr_carea' id='block_1_21' title="bbox 1983 833 3566 905">
    <p class='ocr_par' dir='ltr' id='par_1_21' title="bbox 1983 833 3566 905">
     <span class='ocr_line' id='line_1_21' title="bbox 1983 833 3566 905; baseline -0.004 -13"><span class='ocrx_word' id='word_1_146' title='bbox 1983 837 2414 899; x_wconf 89' lang='lat' dir='ltr'><strong>Constantinum,</strong></span> <span class='ocrx_word' id='word_1_147' title='bbox 2439 846 2601 905; x_wconf 90' lang='lat' dir='ltr'><strong>atque</strong></span> <span class='ocrx_word' id='word_1_148' title='bbox 2639 836 2929 890; x_wconf 83' lang='lat' dir='ltr'><strong>Antonium</strong></span> <span class='ocrx_word' id='word_1_149' title='bbox 2960 835 3347 892; x_wconf 78' lang='lat' dir='ltr'><strong>V’ersentanum</strong></span> <span class='ocrx_word' id='word_1_150' title='bbox 3397 833 3566 904; x_wconf 78' lang='lat' dir='ltr'><strong>Euty-</strong></span> 
     </span>
    </p>
   </div>
   <div class='ocr_carea' id='block_1_22' title="bbox 1985 924 3566 994">
    <p class='ocr_par' dir='ltr' id='par_1_22' title="bbox 1985 924 3566 994">
     <span class='ocr_line' id='line_1_22' title="bbox 1985 924 3566 994; baseline -0.004 -9"><span class='ocrx_word' id='word_1_151' title='bbox 1985 930 2190 985; x_wconf 73' lang='lat' dir='ltr'><strong>chiaua:</strong></span> <span class='ocrx_word' id='word_1_152' title='bbox 2217 928 2455 993; x_wconf 78' lang='lat' dir='ltr'><strong>haeresis,</strong></span> <span class='ocrx_word' id='word_1_153' title='bbox 2488 927 2582 982; x_wconf 87' lang='lat' dir='ltr'><strong>sed</strong></span> <span class='ocrx_word' id='word_1_154' title='bbox 2611 935 2661 981; x_wconf 91' lang='lat' dir='ltr'><strong>et</strong></span> <span class='ocrx_word' id='word_1_155' title='bbox 2691 926 3024 991; x_wconf 86' lang='lat' dir='ltr'><strong>Dioscorum,</strong></span> <span class='ocrx_word' id='word_1_156' title='bbox 3069 927 3158 994; x_wconf 85' lang='lat' dir='ltr'><strong>qui</strong></span> <span class='ocrx_word' id='word_1_157' title='bbox 3192 926 3243 979; x_wconf 91' lang='lat' dir='ltr'><strong>in</strong></span> <span class='ocrx_word' id='word_1_158' title='bbox 3265 924 3566 980; x_wconf 87' lang='lat' dir='ltr'><strong>Chalcedo-</strong></span> 
     </span>
    </p>
   </div>
   <div class='ocr_carea' id='block_1_23' title="bbox 1985 1018 3561 1092">
    <p class='ocr_par' dir='ltr' id='par_1_23' title="bbox 1985 1018 3561 1092">
     <span class='ocr_line' id='line_1_23' title="bbox 1985 1018 3561 1092; baseline -0.005 -15"><span class='ocrx_word' id='word_1_159' title='bbox 1985 1023 2140 1078; x_wconf 89' lang='lat' dir='ltr'><strong>nensi</strong></span> <span class='ocrx_word' id='word_1_160' title='bbox 2161 1022 2366 1092; x_wconf 83' lang='lat' dir='ltr'><strong>synodo</strong></span> <span class='ocrx_word' id='word_1_161' title='bbox 2391 1023 2530 1075; x_wconf 91' lang='lat' dir='ltr'><strong>inter</strong></span> <span class='ocrx_word' id='word_1_162' title='bbox 2559 1020 2694 1074; x_wconf 87' lang='lat' dir='ltr'><strong>alios</strong></span> <span class='ocrx_word' id='word_1_163' title='bbox 2715 1019 2907 1087; x_wconf 80' lang='lat' dir='ltr'><strong>legitur</strong></span> <span class='ocrx_word' id='word_1_164' title='bbox 2932 1018 3092 1073; x_wconf 82' lang='lat' dir='ltr'><strong>fuisse</strong></span> <span class='ocrx_word' id='word_1_165' title='bbox 3113 1018 3417 1082; x_wconf 90' lang='lat' dir='ltr'><strong>damnatus,</strong></span> <span class='ocrx_word' id='word_1_166' title='bbox 3440 1031 3561 1070; x_wconf 90' lang='lat' dir='ltr'><strong>cum</strong></span> 
     </span>
    </p>
   </div>
   <div class='ocr_carea' id='block_1_24' title="bbox 1986 1110 3568 1182">
    <p class='ocr_par' dir='ltr' id='par_1_24' title="bbox 1986 1110 3568 1182">
     <span class='ocr_line' id='line_1_24' title="bbox 1986 1110 3568 1182; baseline -0.002 -16"><span class='ocrx_word' id='word_1_167' title='bbox 1986 1113 2356 1168; x_wconf 82' lang='lat' dir='ltr'><strong>defensoribus</strong></span> <span class='ocrx_word' id='word_1_168' title='bbox 2397 1122 2557 1182; x_wconf 89' lang='lat' dir='ltr'><strong>atque</strong></span> <span class='ocrx_word' id='word_1_169' title='bbox 2584 1111 2902 1180; x_wconf 88' lang='lat' dir='ltr'><strong>sequacibus</strong></span> <span class='ocrx_word' id='word_1_170' title='bbox 2922 1110 3207 1164; x_wconf 90' lang='lat' dir='ltr'><strong>anathema</strong></span> <span class='ocrx_word' id='word_1_171' title='bbox 3247 1111 3447 1165; x_wconf 80' lang='lat' dir='ltr'><strong>dixisse</strong></span> <span class='ocrx_word' id='word_1_172' title='bbox 3469 1126 3568 1164; x_wconf 81' lang='lat' dir='ltr'><strong>co-</strong></span> 
     </span>
    </p>
   </div>
   <div class='ocr_carea' id='block_1_25' title="bbox 1987 1201 3565 1274">
    <p class='ocr_par' dir='ltr' id='par_1_25' title="bbox 1987 1201 3565 1274">
     <span class='ocr_line' id='line_1_25' title="bbox 1987 1201 3565 1274; baseline -0.003 -16"><span class='ocrx_word' id='word_1_173' title='bbox 1987 1207 2289 1273; x_wconf 85' lang='lat' dir='ltr'><strong>gnovimus,</strong></span> <span class='ocrx_word' id='word_1_174' title='bbox 2341 1205 2393 1259; x_wconf 93' lang='lat' dir='ltr'><strong>in</strong></span> <span class='ocrx_word' id='word_1_175' title='bbox 2429 1205 2622 1274; x_wconf 88' lang='lat' dir='ltr'><strong>quibus</strong></span> <span class='ocrx_word' id='word_1_176' title='bbox 2651 1219 2757 1258; x_wconf 92' lang='lat' dir='ltr'><strong>non</strong></span> <span class='ocrx_word' id='word_1_177' title='bbox 2798 1203 2996 1270; x_wconf 84' lang='lat' dir='ltr'><strong>aliquid</strong></span> <span class='ocrx_word' id='word_1_178' title='bbox 3042 1217 3239 1256; x_wconf 91' lang='lat' dir='ltr'><strong>novum</strong></span> <span class='ocrx_word' id='word_1_179' title='bbox 3283 1201 3565 1256; x_wconf 77' lang='lat' dir='ltr'><strong>sententia:</strong></span> 
     </span>
    </p>
   </div>
   <div class='ocr_carea' id='block_1_26' title="bbox 1988 1293 3568 1362">
    <p class='ocr_par' dir='ltr' id='par_1_26' title="bbox 1988 1293 3568 1362">
     <span class='ocr_line' id='line_1_26' title="bbox 1988 1293 3568 1362; baseline -0.003 -13"><span class='ocrx_word' id='word_1_180' title='bbox 1988 1295 2116 1349; x_wconf 92' lang='lat' dir='ltr'><strong>olim</strong></span> <span class='ocrx_word' id='word_1_181' title='bbox 2147 1310 2175 1348; x_wconf 92' lang='lat' dir='ltr'><strong>a</strong></span> <span class='ocrx_word' id='word_1_182' title='bbox 2204 1294 2451 1348; x_wconf 85' lang='lat' dir='ltr'><strong>Patribus</strong></span> <span class='ocrx_word' id='word_1_183' title='bbox 2479 1293 2708 1348; x_wconf 75' lang='lat' dir='ltr'><strong>decreta:</strong></span> <span class='ocrx_word' id='word_1_184' title='bbox 2738 1295 2984 1360; x_wconf 80' lang='lat' dir='ltr'><strong>junxisti,</strong></span> <span class='ocrx_word' id='word_1_185' title='bbox 3019 1308 3118 1347; x_wconf 90' lang='lat' dir='ltr'><strong>nec</strong></span> <span class='ocrx_word' id='word_1_186' title='bbox 3146 1293 3340 1347; x_wconf 82' lang='lat' dir='ltr'><strong>talibus</strong></span> <span class='ocrx_word' id='word_1_187' title='bbox 3366 1307 3568 1362; x_wconf 61' lang='lat' dir='ltr'><strong>pansu-</strong></span> 
     </span>
    </p>
   </div>
   <div class='ocr_carea' id='block_1_27' title="bbox 1988 1383 3571 1452">
    <p class='ocr_par' dir='ltr' id='par_1_27' title="bbox 1988 1383 3571 1452">
     <span class='ocr_line' id='line_1_27' title="bbox 1988 1383 3571 1452; baseline -0.001 -15"><span class='ocrx_word' id='word_1_188' title='bbox 1988 1384 2129 1438; x_wconf 90' lang='lat' dir='ltr'><strong>libus</strong></span> <span class='ocrx_word' id='word_1_189' title='bbox 2153 1383 2298 1438; x_wconf 87' lang='lat' dir='ltr'><strong>beati</strong></span> <span class='ocrx_word' id='word_1_190' title='bbox 2337 1383 2480 1438; x_wconf 91' lang='lat' dir='ltr'><strong>Petri</strong></span> <span class='ocrx_word' id='word_1_191' title='bbox 2511 1383 2721 1438; x_wconf 89' lang='lat' dir='ltr'><strong>vicariis</strong></span> <span class='ocrx_word' id='word_1_192' title='bbox 2763 1385 2812 1436; x_wconf 91' lang='lat' dir='ltr'><strong>in</strong></span> <span class='ocrx_word' id='word_1_193' title='bbox 2842 1390 3090 1437; x_wconf 74' lang='lat' dir='ltr'><strong>aut-tores</strong></span> <span class='ocrx_word' id='word_1_194' title='bbox 3118 1383 3378 1437; x_wconf 71' lang='lat' dir='ltr'><strong>hccresum</strong></span> <span class='ocrx_word' id='word_1_195' title='bbox 3427 1384 3571 1452; x_wconf 87' lang='lat' dir='ltr'><strong>ipsa-</strong></span> 
     </span>
    </p>
   </div>
   <div class='ocr_carea' id='block_1_28' title="bbox 1990 1471 3571 1542">
    <p class='ocr_par' dir='ltr' id='par_1_28' title="bbox 1990 1471 3571 1542">
     <span class='ocr_line' id='line_1_28' title="bbox 1990 1471 3571 1542; baseline -0.002 -14"><span class='ocrx_word' id='word_1_196' title='bbox 1990 1490 2108 1528; x_wconf 89' lang='lat' dir='ltr'><strong>rum</strong></span> <span class='ocrx_word' id='word_1_197' title='bbox 2140 1473 2262 1527; x_wconf 88' lang='lat' dir='ltr'><strong>data</strong></span> <span class='ocrx_word' id='word_1_198' title='bbox 2286 1473 2553 1528; x_wconf 84' lang='lat' dir='ltr'><strong>sententia</strong></span> <span class='ocrx_word' id='word_1_199' title='bbox 2584 1473 2797 1542; x_wconf 88' lang='lat' dir='ltr'><strong>penitus</strong></span> <span class='ocrx_word' id='word_1_200' title='bbox 2826 1473 3120 1541; x_wconf 79' lang='lat' dir='ltr'><strong>indigebat,</strong></span> <span class='ocrx_word' id='word_1_201' title='bbox 3152 1472 3276 1542; x_wconf 88' lang='lat' dir='ltr'><strong>quia</strong></span> <span class='ocrx_word' id='word_1_202' title='bbox 3307 1473 3395 1541; x_wconf 92' lang='lat' dir='ltr'><strong>qui</strong></span> <span class='ocrx_word' id='word_1_203' title='bbox 3419 1471 3571 1527; x_wconf 84' lang='lat' dir='ltr'><strong>dam-</strong></span> 
     </span>
    </p>
   </div>
   <div class='ocr_carea' id='block_1_29' title="bbox 1992 1564 3570 1633">
    <p class='ocr_par' dir='ltr' id='par_1_29' title="bbox 1992 1564 3570 1633">
     <span class='ocr_line' id='line_1_29' title="bbox 1992 1564 3570 1633; baseline 0.002 -16"><span class='ocrx_word' id='word_1_204' title='bbox 1992 1573 2131 1618; x_wconf 71' lang='lat' dir='ltr'><strong>nata:</strong></span> <span class='ocrx_word' id='word_1_205' title='bbox 2171 1564 2438 1619; x_wconf 66' lang='lat' dir='ltr'><strong>hwreseos</strong></span> <span class='ocrx_word' id='word_1_206' title='bbox 2482 1571 2720 1618; x_wconf 88' lang='lat' dir='ltr'><strong>sectator</strong></span> <span class='ocrx_word' id='word_1_207' title='bbox 2758 1565 3083 1633; x_wconf 79' lang='lat' dir='ltr'><strong>agnoscitur,</strong></span> <span class='ocrx_word' id='word_1_208' title='bbox 3132 1580 3239 1618; x_wconf 92' lang='lat' dir='ltr'><strong>non</strong></span> <span class='ocrx_word' id='word_1_209' title='bbox 3269 1572 3474 1618; x_wconf 90' lang='lat' dir='ltr'><strong>tantum</strong></span> <span class='ocrx_word' id='word_1_210' title='bbox 3503 1580 3570 1620; x_wconf 80' lang='lat' dir='ltr'><strong>ex</strong></span> 
     </span>
    </p>
   </div>
   <div class='ocr_carea' id='block_1_30' title="bbox 1995 1653 3573 1724">
    <p class='ocr_par' dir='ltr' id='par_1_30' title="bbox 1995 1653 3573 1724">
     <span class='ocr_line' id='line_1_30' title="bbox 1995 1653 3573 1724; baseline 0.002 -17"><span class='ocrx_word' id='word_1_211' title='bbox 1995 1653 2206 1708; x_wconf 90' lang='lat' dir='ltr'><strong>novella</strong></span> <span class='ocrx_word' id='word_1_212' title='bbox 2248 1654 2388 1722; x_wconf 85' lang='lat' dir='ltr'><strong>lege,</strong></span> <span class='ocrx_word' id='word_1_213' title='bbox 2435 1655 2528 1710; x_wconf 90' lang='lat' dir='ltr'><strong>sed</strong></span> <span class='ocrx_word' id='word_1_214' title='bbox 2569 1669 2639 1710; x_wconf 83' lang='lat' dir='ltr'><strong>ex</strong></span> <span class='ocrx_word' id='word_1_215' title='bbox 2688 1655 2800 1724; x_wconf 89' lang='lat' dir='ltr'><strong>ipsa</strong></span> <span class='ocrx_word' id='word_1_216' title='bbox 2827 1654 2937 1723; x_wconf 88' lang='lat' dir='ltr'><strong>jam</strong></span> <span class='ocrx_word' id='word_1_217' title='bbox 2967 1656 3203 1710; x_wconf 90' lang='lat' dir='ltr'><strong>auctoris</strong></span> <span class='ocrx_word' id='word_1_218' title='bbox 3245 1657 3324 1710; x_wconf 90' lang='lat' dir='ltr'><strong>sui</strong></span> <span class='ocrx_word' id='word_1_219' title='bbox 3352 1657 3573 1710; x_wconf 90' lang='lat' dir='ltr'><strong>damna-</strong></span> 
     </span>
    </p>
   </div>
   <div class='ocr_carea' id='block_1_31' title="bbox 1997 1743 3575 1812">
    <p class='ocr_par' dir='ltr' id='par_1_31' title="bbox 1997 1743 3575 1812">
     <span class='ocr_line' id='line_1_31' title="bbox 1997 1743 3575 1812; baseline 0.001 -15"><span class='ocrx_word' id='word_1_220' title='bbox 1997 1744 2144 1798; x_wconf 90' lang='lat' dir='ltr'><strong>tione</strong></span> <span class='ocrx_word' id='word_1_221' title='bbox 2171 1743 2450 1812; x_wconf 90' lang='lat' dir='ltr'><strong>perculsus</strong></span> <span class='ocrx_word' id='word_1_222' title='bbox 2479 1752 2580 1809; x_wconf 89' lang='lat' dir='ltr'><strong>est,</strong></span> <span class='ocrx_word' id='word_1_223' title='bbox 2605 1753 2755 1812; x_wconf 81' lang='lat' dir='ltr'><strong>grate</strong></span> <span class='ocrx_word' id='word_1_224' title='bbox 2784 1744 3069 1799; x_wconf 86' lang='lat' dir='ltr'><strong>admodum</strong></span> <span class='ocrx_word' id='word_1_225' title='bbox 3108 1754 3164 1800; x_wconf 92' lang='lat' dir='ltr'><strong>et</strong></span> <span class='ocrx_word' id='word_1_226' title='bbox 3203 1746 3430 1800; x_wconf 90' lang='lat' dir='ltr'><strong>libenter</strong></span> <span class='ocrx_word' id='word_1_227' title='bbox 3457 1761 3575 1800; x_wconf 90' lang='lat' dir='ltr'><strong>am-</strong></span> 
     </span>
    </p>
   </div>
   <div class='ocr_carea' id='block_1_32' title="bbox 302 1833 3578 1908">
    <p class='ocr_par' dir='ltr' id='par_1_32' title="bbox 302 1833 3578 1908">
     <span class='ocr_line' id='line_1_32' title="bbox 302 1833 3578 1908; baseline 0.002 -21"><span class='ocrx_word' id='word_1_228' title='bbox 302 1849 388 1887; x_wconf 76' lang='lat' dir='ltr'><strong>nie</strong></span> <span class='ocrx_word' id='word_1_229' title='bbox 436 1847 558 1902; x_wconf 79' lang='lat' dir='ltr'><strong>qua:</strong></span> <span class='ocrx_word' id='word_1_230' title='bbox 593 1833 972 1888; x_wconf 73' lang='lat' dir='ltr'><strong>ecclesiastica:</strong></span> <span class='ocrx_word' id='word_1_231' title='bbox 1021 1833 1157 1904; x_wconf 88' lang='lat' dir='ltr'><strong>paci,</strong></span> <span class='ocrx_word' id='word_1_232' title='bbox 1182 1849 1246 1889; x_wconf 91' lang='lat' dir='ltr'><strong>ac</strong></span> <span class='ocrx_word' id='word_1_233' title='bbox 1301 1834 1495 1890; x_wconf 88' lang='lat' dir='ltr'><strong>dehinc</strong></span> <span class='ocrx_word' id='word_1_234' title='bbox 1531 1838 1894 1903; x_wconf 79' lang='lat' dir='ltr'><strong>generalitatis</strong></span> <span class='ocrx_word' id='word_1_235' title='bbox 1924 1841 1971 1900; x_wconf 87' lang='lat' dir='ltr'><strong>B</strong></span> <span class='ocrx_word' id='word_1_236' title='bbox 1997 1834 2304 1904; x_wconf 89' lang='lat' dir='ltr'><strong>plectimur,</strong></span> <span class='ocrx_word' id='word_1_237' title='bbox 2337 1843 2392 1890; x_wconf 93' lang='lat' dir='ltr'><strong>et</strong></span> <span class='ocrx_word' id='word_1_238' title='bbox 2431 1837 2770 1892; x_wconf 85' lang='lat' dir='ltr'><strong>auctoritatis</strong></span> <span class='ocrx_word' id='word_1_239' title='bbox 2799 1837 2945 1892; x_wconf 88' lang='lat' dir='ltr'><strong>sedis</strong></span> <span class='ocrx_word' id='word_1_240' title='bbox 2985 1839 3314 1908; x_wconf 65' lang='lat' dir='ltr'><strong>apostolicaa,</strong></span> <span class='ocrx_word' id='word_1_241' title='bbox 3367 1839 3450 1894; x_wconf 87' lang='lat' dir='ltr'><strong>cui</strong></span> <span class='ocrx_word' id='word_1_242' title='bbox 3479 1854 3578 1894; x_wconf 82' lang='lat' dir='ltr'><strong>nos</strong></span> 
     </span>
    </p>
   </div>
   <div class='ocr_carea' id='block_1_33' title="bbox 301 1920 1894 1996">
    <p class='ocr_par' dir='ltr' id='par_1_33' title="bbox 301 1920 1894 1996">
     <span class='ocr_line' id='line_1_33' title="bbox 301 1920 1894 1996; baseline 0.004 -20"><span class='ocrx_word' id='word_1_243' title='bbox 301 1923 474 1992; x_wconf 90' lang='lat' dir='ltr'><strong>quieti</strong></span> <span class='ocrx_word' id='word_1_244' title='bbox 504 1920 784 1991; x_wconf 81' lang='lat' dir='ltr'><strong>profutura</strong></span> <span class='ocrx_word' id='word_1_245' title='bbox 811 1931 958 1988; x_wconf 89' lang='lat' dir='ltr'><strong>sunt,</strong></span> <span class='ocrx_word' id='word_1_246' title='bbox 987 1929 1246 1978; x_wconf 88' lang='lat' dir='ltr'><strong>consueta</strong></span> <span class='ocrx_word' id='word_1_247' title='bbox 1272 1921 1675 1980; x_wconf 88' lang='lat' dir='ltr'><strong>Christianitate</strong></span> <span class='ocrx_word' id='word_1_248' title='bbox 1698 1933 1754 1980; x_wconf 91' lang='lat' dir='ltr'><strong>et</strong></span> <span class='ocrx_word' id='word_1_249' title='bbox 1773 1941 1894 1996; x_wconf 91' lang='lat' dir='ltr'><strong>pro-</strong></span> 
     </span>
    </p>
   </div>
   <div class='ocr_carea' id='block_1_34' title="bbox 303 2012 894 2082">
    <p class='ocr_par' dir='ltr' id='par_1_34' title="bbox 303 2012 894 2082">
     <span class='ocr_line' id='line_1_34' title="bbox 303 2012 894 2082; baseline -0.005 -14"><span class='ocrx_word' id='word_1_250' title='bbox 303 2015 543 2070; x_wconf 86' lang='lat' dir='ltr'><strong>videntia</strong></span> <span class='ocrx_word' id='word_1_251' title='bbox 573 2012 894 2082; x_wconf 84' lang='lat' dir='ltr'><strong>disponatis.</strong></span> 
     </span>
    </p>
   </div>
   <div class='ocr_carea' id='block_1_35' title="bbox 549 2122 1646 2196">
    <p class='ocr_par' dir='ltr' id='par_1_35' title="bbox 549 2122 1646 2196">
     <span class='ocr_line' id='line_1_35' title="bbox 549 2122 1646 2196; baseline 0.005 -19"><span class='ocrx_word' id='word_1_252' title='bbox 549 2122 877 2178; x_wconf 82' lang='lat' dir='ltr'><strong>EPISTOLA</strong></span> <span class='ocrx_word' id='word_1_253' title='bbox 911 2124 1056 2195; x_wconf 87' lang='lat' dir='ltr'><strong>(olim</strong></span> <span class='ocrx_word' id='word_1_254' title='bbox 1085 2125 1152 2196; x_wconf 84' lang='lat' dir='ltr'><strong>V)</strong></span> <span class='ocrx_word' id='word_1_255' title='bbox 1184 2125 1409 2181; x_wconf 82' lang='lat' dir='ltr'><strong>VlGlLll</strong></span> <span class='ocrx_word' id='word_1_256' title='bbox 1442 2126 1646 2184; x_wconf 65' lang='lat' dir='ltr'><strong>mea;</strong></span> 
     </span>
    </p>
   </div>
   <div class='ocr_carea' id='block_1_36' title="bbox 927 2234 1266 2274">
    <p class='ocr_par' dir='ltr' id='par_1_36' title="bbox 927 2234 1266 2274">
     <span class='ocr_line' id='line_1_36' title="bbox 927 2234 1266 2274; baseline 0 -2"><span class='ocrx_word' id='word_1_257' title='bbox 927 2234 994 2272; x_wconf 74' lang='lat' dir='ltr'><strong>AD</strong></span> <span class='ocrx_word' id='word_1_258' title='bbox 1032 2235 1266 2274; x_wconf 70' lang='lat' dir='ltr'><strong>MENNAI.</strong></span> 
     </span>
    </p>
   </div>
   <div class='ocr_carea' id='block_1_37' title="bbox 300 2327 1896 2407">
    <p class='ocr_par' dir='ltr' id='par_1_37' title="bbox 300 2327 1896 2407">
     <span class='ocr_line' id='line_1_37' title="bbox 300 2327 1896 2407; baseline 0.006 -25"><span class='ocrx_word' id='word_1_259' title='bbox 300 2327 638 2407; x_wconf 48' lang='lat' dir='ltr'><strong>Cratqlatun</strong></span> <span class='ocrx_word' id='word_1_260' title='bbox 664 2346 778 2383; x_wconf 87' lang='lat' dir='ltr'><strong>eum</strong></span> <span class='ocrx_word' id='word_1_261' title='bbox 818 2329 1378 2407; x_wconf 26' lang='lat' dir='ltr'><strong>hlereticieda‘mnatis</strong></span> <span class='ocrx_word' id='word_1_262' title='bbox 1424 2345 1633 2390; x_wconf 83' lang='lat' dir='ltr'><strong>sanctas</strong></span> <span class='ocrx_word' id='word_1_263' title='bbox 1678 2347 1896 2407; x_wconf 82' lang='lat' dir='ltr'><strong>quatuor</strong></span> 
     </span>
    </p>
   </div>
   <div class='ocr_carea' id='block_1_38' title="bbox 374 2399 1895 2476">
    <p class='ocr_par' dir='ltr' id='par_1_38' title="bbox 374 2399 1895 2476">
     <span class='ocr_line' id='line_1_38' title="bbox 374 2399 1895 2476; baseline 0.009 -26"><span class='ocrx_word' id='word_1_264' title='bbox 374 2399 691 2476; x_wconf 55' lang='lat' dir='ltr'><strong>unirerrales</strong></span> <span class='ocrx_word' id='word_1_265' title='bbox 710 2400 934 2476; x_wconf 73' lang='lat' dir='ltr'><strong>synodos</strong></span> <span class='ocrx_word' id='word_1_266' title='bbox 955 2402 1193 2470; x_wconf 83' lang='lat' dir='ltr'><strong>amplecti</strong></span> <span class='ocrx_word' id='word_1_267' title='bbox 1217 2418 1234 2456; x_wconf 89' lang='lat'><strong><em>:</em></strong></span> <span class='ocrx_word' id='word_1_268' title='bbox 1263 2402 1328 2455; x_wconf 87' lang='lat' dir='ltr'><strong>ab</strong></span> <span class='ocrx_word' id='word_1_269' title='bbox 1357 2405 1542 2458; x_wconf 78' lang='lat' dir='ltr'><strong>hwrcsi</strong></span> <span class='ocrx_word' id='word_1_270' title='bbox 1587 2399 1895 2476; x_wconf 70' lang='lat' dir='ltr'><strong>resipiscen-</strong></span> 
     </span>
    </p>
   </div>
   <div class='ocr_carea' id='block_1_39' title="bbox 374 2470 867 2540">
    <p class='ocr_par' dir='ltr' id='par_1_39' title="bbox 374 2470 867 2540">
     <span class='ocr_line' id='line_1_39' title="bbox 374 2470 867 2540; baseline 0.006 -20"><span class='ocrx_word' id='word_1_271' title='bbox 374 2479 456 2521; x_wconf 79' lang='lat' dir='ltr'><strong>tes</strong></span> <span class='ocrx_word' id='word_1_272' title='bbox 477 2470 659 2522; x_wconf 71' lang='lat' dir='ltr'><strong>debere</strong></span> <span class='ocrx_word' id='word_1_273' title='bbox 688 2470 867 2540; x_wconf 81' lang='lat' dir='ltr'><strong>recipi.</strong></span> 
     </span>
    </p>
   </div>
   <div class='ocr_carea' id='block_1_40' title="bbox 379 2559 1894 2638">
    <p class='ocr_par' dir='ltr' id='par_1_40' title="bbox 379 2559 1894 2638">
     <span class='ocr_line' id='line_1_40' title="bbox 379 2559 1894 2638; baseline 0.007 -26"><span class='ocrx_word' id='word_1_274' title='bbox 379 2559 934 2638; x_wconf 74' lang='lat' dir='ltr'><strong>Dilectissimol’ratri</strong></span> <span class='ocrx_word' id='word_1_275' title='bbox 976 2560 1180 2616; x_wconf 78' lang='lat' dir='ltr'><strong>Menna:</strong></span> <span class='ocrx_word' id='word_1_276' title='bbox 1208 2561 1464 2635; x_wconf 90' lang='lat' dir='ltr'><strong>episcopo</strong></span> <span class='ocrx_word' id='word_1_277' title='bbox 1508 2564 1730 2636; x_wconf 83' lang='lat' dir='ltr'><strong>Vigilius</strong></span> <span class='ocrx_word' id='word_1_278' title='bbox 1777 2568 1894 2638; x_wconf 91' lang='lat' dir='ltr'><strong>epi-</strong></span> 
     </span>
    </p>
   </div>
   <div class='ocr_carea' id='block_1_41' title="bbox 301 2637 769 2720">
    <p class='ocr_par' dir='ltr' id='par_1_41' title="bbox 301 2637 769 2720">
     <span class='ocr_line' id='line_1_41' title="bbox 301 2637 769 2720; baseline -0.002 -15"><span class='ocrx_word' id='word_1_279' title='bbox 301 2666 525 2720; x_wconf 84' lang='lat' dir='ltr'><strong>scopus.</strong></span> <span class='ocrx_word' id='word_1_280' title='bbox 762 2637 769 2643; x_wconf 70' lang='grc'><em>’</em></span> 
     </span>
    </p>
   </div>
   <div class='ocr_carea' id='block_1_42' title="bbox 381 2739 1896 2816">
    <p class='ocr_par' dir='ltr' id='par_1_42' title="bbox 381 2739 1896 2816">
     <span class='ocr_line' id='line_1_42' title="bbox 381 2739 1896 2816; baseline 0.006 -23"><span class='ocrx_word' id='word_1_281' title='bbox 381 2739 532 2795; x_wconf 88' lang='lat' dir='ltr'><strong>Licet</strong></span> <span class='ocrx_word' id='word_1_282' title='bbox 559 2740 826 2806; x_wconf 89' lang='lat' dir='ltr'><strong>universa,</strong></span> <span class='ocrx_word' id='word_1_283' title='bbox 857 2749 1020 2810; x_wconf 83' lang='lat' dir='ltr'><strong>prout</strong></span> <span class='ocrx_word' id='word_1_284' title='bbox 1066 2740 1180 2798; x_wconf 92' lang='lat' dir='ltr'><strong>Deo</strong></span> <span class='ocrx_word' id='word_1_285' title='bbox 1219 2744 1510 2804; x_wconf 73' lang='lat' dir='ltr'><strong>auxiliante</strong></span> <span class='ocrx_word' id='word_1_286' title='bbox 1540 2745 1812 2816; x_wconf 85' lang='lat' dir='ltr'><strong>potuimus</strong></span> <span class='ocrx_word' id='word_1_287' title='bbox 1840 2745 1896 2802; x_wconf 61' lang='lat' dir='ltr'><strong>et</strong></span> 
     </span>
    </p>
   </div>
   <div class='ocr_carea' id='block_1_43' title="bbox 302 2831 1894 2902">
    <p class='ocr_par' dir='ltr' id='par_1_43' title="bbox 302 2831 1894 2902">
     <span class='ocr_line' id='line_1_43' title="bbox 302 2831 1894 2902; baseline 0.005 -17"><span class='ocrx_word' id='word_1_288' title='bbox 302 2831 646 2886; x_wconf 87' lang='lat' dir='ltr'><strong>credidimus</strong></span> <span class='ocrx_word' id='word_1_289' title='bbox 695 2833 970 2902; x_wconf 81' lang='lat' dir='ltr'><strong>expedire,</strong></span> <span class='ocrx_word' id='word_1_290' title='bbox 1002 2833 1220 2889; x_wconf 92' lang='lat' dir='ltr'><strong>domino</strong></span> <span class='ocrx_word' id='word_1_291' title='bbox 1271 2835 1380 2890; x_wconf 86' lang='lat' dir='ltr'><strong>lilio</strong></span> <span class='ocrx_word' id='word_1_292' title='bbox 1428 2845 1613 2893; x_wconf 89' lang='lat' dir='ltr'><strong>nostro</strong></span> <span class='ocrx_word' id='word_1_293' title='bbox 1657 2839 1894 2893; x_wconf 90' lang='lat' dir='ltr'><strong>serenis-</strong></span> 
     </span>
    </p>
   </div>
   <div class='ocr_carea' id='block_1_44' title="bbox 302 2925 1895 2998">
    <p class='ocr_par' dir='ltr' id='par_1_44' title="bbox 302 2925 1895 2998">
     <span class='ocr_line' id='line_1_44' title="bbox 302 2925 1895 2998; baseline 0.006 -17"><span class='ocrx_word' id='word_1_294' title='bbox 302 2926 447 2981; x_wconf 87' lang='lat' dir='ltr'><strong>simo</strong></span> <span class='ocrx_word' id='word_1_295' title='bbox 476 2936 534 2980; x_wconf 89' lang='lat' dir='ltr'><strong>et</strong></span> <span class='ocrx_word' id='word_1_296' title='bbox 557 2925 1012 2982; x_wconf 88' lang='lat' dir='ltr'><strong>Christianissimo</strong></span> <span class='ocrx_word' id='word_1_297' title='bbox 1052 2929 1365 2998; x_wconf 88' lang='lat' dir='ltr'><strong>imperatori</strong></span> <span class='ocrx_word' id='word_1_298' title='bbox 1402 2930 1470 2986; x_wconf 90' lang='lat' dir='ltr'><strong>de</strong></span> <span class='ocrx_word' id='word_1_299' title='bbox 1516 2932 1895 2990; x_wconf 86' lang='lat' dir='ltr'><strong>ecclesiasticis</strong></span> 
     </span>
    </p>
   </div>
   <div class='ocr_carea' id='block_1_45' title="bbox 304 3019 1891 3094">
    <p class='ocr_par' dir='ltr' id='par_1_45' title="bbox 304 3019 1891 3094">
     <span class='ocr_line' id='line_1_45' title="bbox 304 3019 1891 3094; baseline 0.007 -23"><span class='ocrx_word' id='word_1_300' title='bbox 304 3019 487 3072; x_wconf 63' lang='lat' dir='ltr'><strong>causis</strong></span> <span class='ocrx_word' id='word_1_301' title='bbox 518 3028 718 3073; x_wconf 71' lang='lat' dir='ltr'><strong>nostra:</strong></span> <span class='ocrx_word' id='word_1_302' title='bbox 751 3019 1122 3074; x_wconf 87' lang='lat' dir='ltr'><strong>insinuationis</strong></span> <span class='ocrx_word' id='word_1_303' title='bbox 1151 3037 1402 3078; x_wconf 88' lang='lat' dir='ltr'><strong>sermone</strong></span> <span class='ocrx_word' id='word_1_304' title='bbox 1432 3026 1852 3094; x_wconf 86' lang='lat' dir='ltr'><strong>suggesserimus</strong></span> <span class='ocrx_word' id='word_1_305' title='bbox 1877 3044 1891 3093; x_wconf 89' lang='lat'><strong>;</strong></span> 
     </span>
    </p>
   </div>
   <div class='ocr_carea' id='block_1_46' title="bbox 303 3108 1894 3178">
    <p class='ocr_par' dir='ltr' id='par_1_46' title="bbox 303 3108 1894 3178">
     <span class='ocr_line' id='line_1_46' title="bbox 303 3108 1894 3178; baseline 0.004 -15"><span class='ocrx_word' id='word_1_306' title='bbox 303 3108 676 3163; x_wconf 86' lang='lat' dir='ltr'><strong>necessarium</strong></span> <span class='ocrx_word' id='word_1_307' title='bbox 713 3119 888 3164; x_wconf 88' lang='lat' dir='ltr'><strong>tamen</strong></span> <span class='ocrx_word' id='word_1_308' title='bbox 921 3109 1274 3178; x_wconf 89' lang='lat' dir='ltr'><strong>judicavimus</strong></span> <span class='ocrx_word' id='word_1_309' title='bbox 1315 3123 1371 3168; x_wconf 90' lang='lat' dir='ltr'><strong>et</strong></span> <span class='ocrx_word' id='word_1_310' title='bbox 1414 3113 1662 3169; x_wconf 87' lang='lat' dir='ltr'><strong>charitati</strong></span> <span class='ocrx_word' id='word_1_311' title='bbox 1705 3124 1894 3171; x_wconf 73' lang='lat' dir='ltr'><strong>vestra:</strong></span> 
     </span>
    </p>
   </div>
   <div class='ocr_carea' id='block_1_47' title="bbox 1997 1923 3580 2000">
    <p class='ocr_par' dir='ltr' id='par_1_47' title="bbox 1997 1923 3580 2000">
     <span class='ocr_line' id='line_1_47' title="bbox 1997 1923 3580 2000; baseline 0.003 -21"><span class='ocrx_word' id='word_1_312' title='bbox 1997 1923 2141 1981; x_wconf 90' lang='lat' dir='ltr'><strong>Deus</strong></span> <span class='ocrx_word' id='word_1_313' title='bbox 2168 1926 2458 1996; x_wconf 62' lang='lat' dir='ltr'><strong>praesidere</strong></span> <span class='ocrx_word' id='word_1_314' title='bbox 2487 1928 2676 1994; x_wconf 87' lang='lat' dir='ltr'><strong>voluit,</strong></span> <span class='ocrx_word' id='word_1_315' title='bbox 2721 1929 3127 2000; x_wconf 87' lang='lat' dir='ltr'><strong>interpositione</strong></span> <span class='ocrx_word' id='word_1_316' title='bbox 3172 1930 3482 1985; x_wconf 79' lang='lat' dir='ltr'><strong>ﬁrmamus:</strong></span> <span class='ocrx_word' id='word_1_317' title='bbox 3523 1938 3580 1985; x_wconf 87' lang='lat' dir='ltr'><strong>et</strong></span> 
     </span>
    </p>
   </div>
   <div class='ocr_carea' id='block_1_48' title="bbox 1997 2018 3578 2094">
    <p class='ocr_par' dir='ltr' id='par_1_48' title="bbox 1997 2018 3578 2094">
     <span class='ocr_line' id='line_1_48' title="bbox 1997 2018 3578 2094; baseline 0.004 -22"><span class='ocrx_word' id='word_1_318' title='bbox 1997 2018 2234 2074; x_wconf 86' lang='lat' dir='ltr'><strong>universi</strong></span> <span class='ocrx_word' id='word_1_319' title='bbox 2277 2035 2466 2074; x_wconf 92' lang='lat' dir='ltr'><strong>eorum</strong></span> <span class='ocrx_word' id='word_1_320' title='bbox 2507 2021 2819 2090; x_wconf 89' lang='lat' dir='ltr'><strong>complices,</strong></span> <span class='ocrx_word' id='word_1_321' title='bbox 2865 2023 2950 2076; x_wconf 87' lang='lat' dir='ltr'><strong>vel</strong></span> <span class='ocrx_word' id='word_1_322' title='bbox 2981 2038 3168 2078; x_wconf 89' lang='lat' dir='ltr'><strong>omnes</strong></span> <span class='ocrx_word' id='word_1_323' title='bbox 3199 2025 3431 2079; x_wconf 71' lang='lat' dir='ltr'><strong>limretici</strong></span> <span class='ocrx_word' id='word_1_324' title='bbox 3461 2024 3578 2094; x_wconf 78' lang='lat' dir='ltr'><strong>pati</strong></span> 
     </span>
    </p>
   </div>
   <div class='ocr_carea' id='block_1_49' title="bbox 1997 2107 3577 2181">
    <p class='ocr_par' dir='ltr' id='par_1_49' title="bbox 1997 2107 3577 2181">
     <span class='ocr_line' id='line_1_49' title="bbox 1997 2107 3577 2181; baseline 0.002 -17"><span class='ocrx_word' id='word_1_325' title='bbox 1997 2107 2358 2166; x_wconf 88' lang='lat' dir='ltr'><strong>damnationis</strong></span> <span class='ocrx_word' id='word_1_326' title='bbox 2373 2112 2654 2166; x_wconf 72' lang='lat' dir='ltr'><strong>sententia:</strong></span> <span class='ocrx_word' id='word_1_327' title='bbox 2666 2112 3036 2181; x_wconf 89' lang='lat' dir='ltr'><strong>subjacehunt.</strong></span> <span class='ocrx_word' id='word_1_328' title='bbox 3056 2115 3168 2170; x_wconf 87' lang='lat' dir='ltr'><strong>lloc</strong></span> <span class='ocrx_word' id='word_1_329' title='bbox 3183 2115 3577 2181; x_wconf 88' lang='lat' dir='ltr'><strong>tantummodo,</strong></span> 
     </span>
    </p>
   </div>
   <div class='ocr_carea' id='block_1_50' title="bbox 1996 2199 3576 2276">
    <p class='ocr_par' dir='ltr' id='par_1_50' title="bbox 1996 2199 3576 2276">
     <span class='ocr_line' id='line_1_50' title="bbox 1996 2199 3576 2276; baseline 0.004 -22"><span class='ocrx_word' id='word_1_330' title='bbox 1996 2199 2138 2254; x_wconf 83' lang='lat' dir='ltr'><strong>sicut</strong></span> <span class='ocrx_word' id='word_1_331' title='bbox 2181 2201 2492 2270; x_wconf 61' lang='lat' dir='ltr'><strong>apostolica</strong></span> <span class='ocrx_word' id='word_1_332' title='bbox 2539 2201 2892 2257; x_wconf 83' lang='lat' dir='ltr'><strong>moderationi</strong></span> <span class='ocrx_word' id='word_1_333' title='bbox 2934 2207 3204 2269; x_wconf 87' lang='lat' dir='ltr'><strong>convenit,</strong></span> <span class='ocrx_word' id='word_1_334' title='bbox 3253 2221 3350 2276; x_wconf 87' lang='lat' dir='ltr'><strong>per</strong></span> <span class='ocrx_word' id='word_1_335' title='bbox 3395 2207 3576 2260; x_wconf 80' lang='lat' dir='ltr'><strong>omnia</strong></span> 
     </span>
    </p>
   </div>
   <div class='ocr_carea' id='block_1_51' title="bbox 1996 2291 3576 2365">
    <p class='ocr_par' dir='ltr' id='par_1_51' title="bbox 1996 2291 3576 2365">
     <span class='ocr_line' id='line_1_51' title="bbox 1996 2291 3576 2365; baseline 0.004 -23"><span class='ocrx_word' id='word_1_336' title='bbox 1996 2298 2358 2356; x_wconf 84' lang='lat' dir='ltr'><strong>reservantes,</strong></span> <span class='ocrx_word' id='word_1_337' title='bbox 2384 2299 2443 2346; x_wconf 88' lang='lat' dir='ltr'><strong>ut</strong></span> <span class='ocrx_word' id='word_1_338' title='bbox 2469 2291 2515 2346; x_wconf 91' lang='lat' dir='ltr'><strong>si</strong></span> <span class='ocrx_word' id='word_1_339' title='bbox 2556 2291 2749 2360; x_wconf 82' lang='lat' dir='ltr'><strong>aliquis</strong></span> <span class='ocrx_word' id='word_1_340' title='bbox 2771 2293 2857 2347; x_wconf 91' lang='lat' dir='ltr'><strong>vel</strong></span> <span class='ocrx_word' id='word_1_341' title='bbox 2887 2309 3070 2348; x_wconf 91' lang='lat' dir='ltr'><strong>eorum</strong></span> <span class='ocrx_word' id='word_1_342' title='bbox 3103 2295 3186 2350; x_wconf 89' lang='lat' dir='ltr'><strong>vel</strong></span> <span class='ocrx_word' id='word_1_343' title='bbox 3213 2296 3576 2365; x_wconf 89' lang='lat' dir='ltr'><strong>quorumlibet</strong></span> 
     </span>
    </p>
   </div>
   <div class='ocr_carea' id='block_1_52' title="bbox 1996 2380 3582 2455">
    <p class='ocr_par' dir='ltr' id='par_1_52' title="bbox 1996 2380 3582 2455">
     <span class='ocr_line' id='line_1_52' title="bbox 1996 2380 3582 2455; baseline 0.002 -21"><span class='ocrx_word' id='word_1_344' title='bbox 1996 2380 2289 2435; x_wconf 88' lang='lat' dir='ltr'><strong>errantium</strong></span> <span class='ocrx_word' id='word_1_345' title='bbox 2317 2380 2472 2450; x_wconf 88' lang='lat' dir='ltr'><strong>quasi</strong></span> <span class='ocrx_word' id='word_1_346' title='bbox 2503 2381 2682 2449; x_wconf 74' lang='lat' dir='ltr'><strong>agnita</strong></span> <span class='ocrx_word' id='word_1_347' title='bbox 2711 2381 2987 2436; x_wconf 71' lang='lat' dir='ltr'><strong>catholica:</strong></span> <span class='ocrx_word' id='word_1_348' title='bbox 3017 2383 3138 2439; x_wconf 86' lang='lat' dir='ltr'><strong>tidei</strong></span> <span class='ocrx_word' id='word_1_349' title='bbox 3163 2384 3386 2439; x_wconf 89' lang='lat' dir='ltr'><strong>veritate</strong></span> <span class='ocrx_word' id='word_1_350' title='bbox 3408 2386 3582 2455; x_wconf 65' lang='lat' dir='ltr'><strong>pinni-</strong></span> 
     </span>
    </p>
   </div>
   <div class='ocr_carea' id='block_1_53' title="bbox 2002 2473 3580 2545">
    <p class='ocr_par' dir='ltr' id='par_1_53' title="bbox 2002 2473 3580 2545">
     <span class='ocr_line' id='line_1_53' title="bbox 2002 2473 3580 2545; baseline 0.004 -21"><span class='ocrx_word' id='word_1_351' title='bbox 2002 2473 2227 2526; x_wconf 91' lang='lat' dir='ltr'><strong>tentiam</strong></span> <span class='ocrx_word' id='word_1_352' title='bbox 2257 2485 2423 2540; x_wconf 82' lang='lat' dir='ltr'><strong>agens</strong></span> <span class='ocrx_word' id='word_1_353' title='bbox 2449 2473 2647 2528; x_wconf 89' lang='lat' dir='ltr'><strong>reverti</strong></span> <span class='ocrx_word' id='word_1_354' title='bbox 2677 2473 2924 2539; x_wconf 86' lang='lat' dir='ltr'><strong>voluerit,</strong></span> <span class='ocrx_word' id='word_1_355' title='bbox 2957 2483 3011 2528; x_wconf 89' lang='lat' dir='ltr'><strong>et</strong></span> <span class='ocrx_word' id='word_1_356' title='bbox 3033 2476 3252 2531; x_wconf 68' lang='lat' dir='ltr'><strong>hmresis</strong></span> <span class='ocrx_word' id='word_1_357' title='bbox 3280 2477 3330 2529; x_wconf 88' lang='lat' dir='ltr'><strong>in</strong></span> <span class='ocrx_word' id='word_1_358' title='bbox 3358 2491 3461 2545; x_wconf 91' lang='lat' dir='ltr'><strong>qua</strong></span> <span class='ocrx_word' id='word_1_359' title='bbox 3484 2493 3580 2530; x_wconf 80' lang='lat' dir='ltr'><strong>vo—</strong></span> 
     </span>
    </p>
   </div>
   <div class='ocr_carea' id='block_1_54' title="bbox 1998 2562 3572 2637">
    <p class='ocr_par' dir='ltr' id='par_1_54' title="bbox 1998 2562 3572 2637">
     <span class='ocr_line' id='line_1_54' title="bbox 1998 2562 3572 2637; baseline 0.004 -22"><span class='ocrx_word' id='word_1_360' title='bbox 1998 2562 2201 2616; x_wconf 89' lang='lat' dir='ltr'><strong>lutatur</strong></span> <span class='ocrx_word' id='word_1_361' title='bbox 2229 2578 2412 2618; x_wconf 88' lang='lat' dir='ltr'><strong>errore</strong></span> <span class='ocrx_word' id='word_1_362' title='bbox 2437 2572 2770 2635; x_wconf 89' lang='lat' dir='ltr'><strong>contempto,</strong></span> <span class='ocrx_word' id='word_1_363' title='bbox 2798 2565 3088 2636; x_wconf 71' lang='lat' dir='ltr'><strong>Scriptura:</strong></span> <span class='ocrx_word' id='word_1_364' title='bbox 3115 2583 3331 2637; x_wconf 91' lang='lat' dir='ltr'><strong>quoque</strong></span> <span class='ocrx_word' id='word_1_365' title='bbox 3360 2567 3572 2637; x_wconf 80' lang='lat' dir='ltr'><strong>Profes-</strong></span> 
     </span>
    </p>
   </div>
   <div class='ocr_carea' id='block_1_55' title="bbox 1998 2653 3578 2729">
    <p class='ocr_par' dir='ltr' id='par_1_55' title="bbox 1998 2653 3578 2729">
     <span class='ocr_line' id='line_1_55' title="bbox 1998 2653 3578 2729; baseline 0.003 -23"><span class='ocrx_word' id='word_1_366' title='bbox 1998 2653 2152 2707; x_wconf 88' lang='lat' dir='ltr'><strong>sione</strong></span> <span class='ocrx_word' id='word_1_367' title='bbox 2205 2654 2512 2710; x_wconf 81' lang='lat' dir='ltr'><strong>universam</strong></span> <span class='ocrx_word' id='word_1_368' title='bbox 2564 2671 2809 2711; x_wconf 89' lang='lat' dir='ltr'><strong>errorum</strong></span> <span class='ocrx_word' id='word_1_369' title='bbox 2863 2673 3084 2712; x_wconf 91' lang='lat' dir='ltr'><strong>suorum</strong></span> <span class='ocrx_word' id='word_1_370' title='bbox 3147 2673 3211 2713; x_wconf 92' lang='lat' dir='ltr'><strong>ac</strong></span> <span class='ocrx_word' id='word_1_371' title='bbox 3258 2659 3578 2729; x_wconf 84' lang='lat' dir='ltr'><strong>complieutu</strong></span> 
     </span>
    </p>
   </div>
   <div class='ocr_carea' id='block_1_56' title="bbox 1997 2744 3579 2818">
    <p class='ocr_par' dir='ltr' id='par_1_56' title="bbox 1997 2744 3579 2818">
     <span class='ocr_line' id='line_1_56' title="bbox 1997 2744 3579 2818; baseline 0.004 -22"><span class='ocrx_word' id='word_1_372' title='bbox 1997 2744 2332 2798; x_wconf 87' lang='lat' dir='ltr'><strong>damnaverit</strong></span> <span class='ocrx_word' id='word_1_373' title='bbox 2356 2746 2697 2814; x_wconf 88' lang='lat' dir='ltr'><strong>pravitatem,</strong></span> <span class='ocrx_word' id='word_1_374' title='bbox 2726 2756 2779 2801; x_wconf 91' lang='lat' dir='ltr'><strong>et</strong></span> <span class='ocrx_word' id='word_1_375' title='bbox 2811 2748 3116 2816; x_wconf 69' lang='lat' dir='ltr'><strong>apostolica:</strong></span> <span class='ocrx_word' id='word_1_376' title='bbox 3157 2763 3388 2818; x_wconf 92' lang='lat' dir='ltr'><strong>sequens</strong></span> <span class='ocrx_word' id='word_1_377' title='bbox 3425 2749 3579 2804; x_wconf 89' lang='lat' dir='ltr'><strong>iusti-</strong></span> 
     </span>
    </p>
   </div>
   <div class='ocr_carea' id='block_1_57' title="bbox 1999 2833 3578 2910">
    <p class='ocr_par' dir='ltr' id='par_1_57' title="bbox 1999 2833 3578 2910">
     <span class='ocr_line' id='line_1_57' title="bbox 1999 2833 3578 2910; baseline 0.004 -24"><span class='ocrx_word' id='word_1_378' title='bbox 1999 2839 2112 2886; x_wconf 89' lang='lat' dir='ltr'><strong>tuta</strong></span> <span class='ocrx_word' id='word_1_379' title='bbox 2138 2833 2395 2888; x_wconf 75' lang='lat' dir='ltr'><strong>doctrina:</strong></span> <span class='ocrx_word' id='word_1_380' title='bbox 2425 2837 2711 2891; x_wconf 87' lang='lat' dir='ltr'><strong>anathema</strong></span> <span class='ocrx_word' id='word_1_381' title='bbox 2755 2837 2952 2892; x_wconf 79' lang='lat' dir='ltr'><strong>dixerit</strong></span> <span class='ocrx_word' id='word_1_382' title='bbox 2981 2839 3029 2892; x_wconf 91' lang='lat' dir='ltr'><strong>ei</strong></span> <span class='ocrx_word' id='word_1_383' title='bbox 3057 2839 3146 2907; x_wconf 92' lang='lat' dir='ltr'><strong>qui</strong></span> <span class='ocrx_word' id='word_1_384' title='bbox 3175 2840 3258 2893; x_wconf 87' lang='lat' dir='ltr'><strong>vel</strong></span> <span class='ocrx_word' id='word_1_385' title='bbox 3297 2840 3578 2910; x_wconf 69' lang='lat' dir='ltr'><strong>praadictas</strong></span> 
     </span>
    </p>
   </div>
   <div class='ocr_carea' id='block_1_58' title="bbox 1998 2913 3577 2998">
    <p class='ocr_par' dir='ltr' id='par_1_58' title="bbox 1998 2913 3577 2998">
     <span class='ocr_line' id='line_1_58' title="bbox 1998 2913 3577 2998; baseline 0.005 -21"><span class='ocrx_word' id='word_1_386' title='bbox 1998 2932 2232 2992; x_wconf 88' lang='lat' dir='ltr'><strong>quatuor</strong></span> <span class='ocrx_word' id='word_1_387' title='bbox 2271 2913 2515 2996; x_wconf 83' lang='lat' dir='ltr'><strong>synodos</strong></span> <span class='ocrx_word' id='word_1_388' title='bbox 2551 2929 2605 2982; x_wconf 89' lang='lat' dir='ltr'><strong>in</strong></span> <span class='ocrx_word' id='word_1_389' title='bbox 2658 2928 2779 2983; x_wconf 83' lang='lat' dir='ltr'><strong>lidei</strong></span> <span class='ocrx_word' id='word_1_390' title='bbox 2825 2944 2984 2984; x_wconf 86' lang='lat' dir='ltr'><strong>causa</strong></span> <span class='ocrx_word' id='word_1_391' title='bbox 3028 2945 3135 2984; x_wconf 91' lang='lat' dir='ltr'><strong>non</strong></span> <span class='ocrx_word' id='word_1_392' title='bbox 3182 2931 3443 2998; x_wconf 87' lang='lat' dir='ltr'><strong>sequitur,</strong></span> <span class='ocrx_word' id='word_1_393' title='bbox 3492 2932 3577 2986; x_wconf 85' lang='lat' dir='ltr'><strong>vel</strong></span> 
     </span>
    </p>
   </div>
   <div class='ocr_carea' id='block_1_59' title="bbox 1996 3015 3579 3088">
    <p class='ocr_par' dir='ltr' id='par_1_59' title="bbox 1996 3015 3579 3088">
     <span class='ocr_line' id='line_1_59' title="bbox 1996 3015 3579 3088; baseline 0.004 -20"><span class='ocrx_word' id='word_1_394' title='bbox 1996 3015 2171 3069; x_wconf 65' lang='lat' dir='ltr'><strong>beata:</strong></span> <span class='ocrx_word' id='word_1_395' title='bbox 2193 3016 2579 3072; x_wconf 89' lang='lat' dir='ltr'><strong>recordationis</strong></span> <span class='ocrx_word' id='word_1_396' title='bbox 2608 3018 3014 3088; x_wconf 83' lang='lat' dir='ltr'><strong>praedecessoris</strong></span> <span class='ocrx_word' id='word_1_397' title='bbox 3068 3021 3235 3077; x_wconf 91' lang='lat' dir='ltr'><strong>nostri</strong></span> <span class='ocrx_word' id='word_1_398' title='bbox 3266 3021 3459 3075; x_wconf 87' lang='lat' dir='ltr'><strong>Leonis</strong></span> <span class='ocrx_word' id='word_1_399' title='bbox 3487 3036 3579 3075; x_wconf 91' lang='lat' dir='ltr'><strong>vc-</strong></span> 
     </span>
    </p>
   </div>
   <div class='ocr_carea' id='block_1_60' title="bbox 1999 3105 3579 3173">
    <p class='ocr_par' dir='ltr' id='par_1_60' title="bbox 1999 3105 3579 3173">
     <span class='ocr_line' id='line_1_60' title="bbox 1999 3105 3579 3173; baseline 0.004 -15"><span class='ocrx_word' id='word_1_400' title='bbox 1999 3105 2257 3160; x_wconf 88' lang='lat' dir='ltr'><strong>nerabilia</strong></span> <span class='ocrx_word' id='word_1_401' title='bbox 2304 3106 2593 3161; x_wconf 90' lang='lat' dir='ltr'><strong>constituta</strong></span> <span class='ocrx_word' id='word_1_402' title='bbox 2635 3108 2695 3162; x_wconf 85' lang='lat' dir='ltr'><strong>in</strong></span> <span class='ocrx_word' id='word_1_403' title='bbox 2734 3109 2981 3163; x_wconf 89' lang='lat' dir='ltr'><strong>omnibus</strong></span> <span class='ocrx_word' id='word_1_404' title='bbox 3019 3124 3124 3163; x_wconf 93' lang='lat' dir='ltr'><strong>non</strong></span> <span class='ocrx_word' id='word_1_405' title='bbox 3176 3110 3481 3173; x_wconf 87' lang='lat' dir='ltr'><strong>conlitetur,</strong></span> <span class='ocrx_word' id='word_1_406' title='bbox 3523 3121 3579 3165; x_wconf 88' lang='lat' dir='ltr'><strong>et</strong></span> 
     </span>
    </p>
   </div>
   <div class='ocr_carea' id='block_1_61' title="bbox 308 3194 3580 3277">
    <p class='ocr_par' dir='ltr' id='par_1_61' title="bbox 308 3194 3580 3277">
     <span class='ocr_line' id='line_1_61' title="bbox 308 3194 3580 3277; baseline 0.005 -23"><span class='ocrx_word' id='word_1_407' title='bbox 308 3217 411 3271; x_wconf 83' lang='lat' dir='ltr'><strong>per</strong></span> <span class='ocrx_word' id='word_1_408' title='bbox 438 3201 877 3257; x_wconf 82' lang='lat' dir='ltr'><strong>Christianissimi</strong></span> <span class='ocrx_word' id='word_1_409' title='bbox 909 3201 998 3256; x_wconf 74' lang='lat' dir='ltr'><strong>filii</strong></span> <span class='ocrx_word' id='word_1_410' title='bbox 1026 3205 1194 3259; x_wconf 89' lang='lat' dir='ltr'><strong>nostri</strong></span> <span class='ocrx_word' id='word_1_411' title='bbox 1227 3206 1434 3275; x_wconf 86' lang='lat' dir='ltr'><strong>patricii</strong></span> <span class='ocrx_word' id='word_1_412' title='bbox 1473 3205 1734 3262; x_wconf 92' lang='lat' dir='ltr'><strong>Dominici</strong></span> <span class='ocrx_word' id='word_1_413' title='bbox 1773 3223 1892 3277; x_wconf 90' lang='lat' dir='ltr'><strong>per-</strong></span> <span class='ocrx_word' id='word_1_414' title='bbox 1919 3211 1963 3272; x_wconf 90' lang='lat' dir='ltr'>C</span> <span class='ocrx_word' id='word_1_415' title='bbox 1999 3210 2105 3250; x_wconf 79' lang='grc' dir='ltr'><strong>ηοη</strong></span> <span class='ocrx_word' id='word_1_416' title='bbox 2135 3194 2191 3249; x_wconf 67' lang='lat' dir='ltr'><strong>in</strong></span> <span class='ocrx_word' id='word_1_417' title='bbox 2239 3197 2488 3252; x_wconf 70' lang='lat' dir='ltr'><strong>omnibus</strong></span> <span class='ocrx_word' id='word_1_418' title='bbox 2509 3198 2709 3252; x_wconf 66' lang='lat' dir='ltr'><strong>Viribus</strong></span> <span class='ocrx_word' id='word_1_419' title='bbox 2735 3199 2986 3268; x_wconf 73' lang='grc' dir='ltr'>οιηιιίίιιιθ</span> <span class='ocrx_word' id='word_1_420' title='bbox 3013 3200 3173 3254; x_wconf 69' lang='lat' dir='ltr'><strong>animi</strong></span> <span class='ocrx_word' id='word_1_421' title='bbox 3214 3201 3454 3269; x_wconf 69' lang='lat' dir='ltr'><strong>sequitur</strong></span> <span class='ocrx_word' id='word_1_422' title='bbox 3480 3216 3580 3270; x_wconf 72' lang='grc' dir='ltr'><strong>ρυ-</strong></span> 
     </span>
    </p>
   </div>
   <div class='ocr_carea' id='block_1_62' title="bbox 307 3293 1896 3366">
    <p class='ocr_par' dir='ltr' id='par_1_62' title="bbox 307 3293 1896 3366">
     <span class='ocr_line' id='line_1_62' title="bbox 307 3293 1896 3366; baseline 0.004 -20"><span class='ocrx_word' id='word_1_423' title='bbox 307 3307 504 3346; x_wconf 81' lang='lat' dir='ltr'><strong>sonam</strong></span> <span class='ocrx_word' id='word_1_424' title='bbox 529 3293 725 3362; x_wconf 88' lang='lat' dir='ltr'><strong>scripta</strong></span> <span class='ocrx_word' id='word_1_425' title='bbox 755 3293 1025 3360; x_wconf 82' lang='lat' dir='ltr'><strong>dirigere:</strong></span> <span class='ocrx_word' id='word_1_426' title='bbox 1056 3295 1248 3364; x_wconf 88' lang='lat' dir='ltr'><strong>quibus</strong></span> <span class='ocrx_word' id='word_1_427' title='bbox 1287 3311 1385 3350; x_wconf 92' lang='lat' dir='ltr'><strong>nos</strong></span> <span class='ocrx_word' id='word_1_428' title='bbox 1430 3297 1617 3366; x_wconf 86' lang='lat' dir='ltr'><strong>grandi</strong></span> <span class='ocrx_word' id='word_1_429' title='bbox 1658 3299 1896 3353; x_wconf 84' lang='lat' dir='ltr'><strong>exsulta-</strong></span> 
     </span>
    </p>
   </div>
   <div class='ocr_carea' id='block_1_63' title="bbox 310 3384 1892 3457">
    <p class='ocr_par' dir='ltr' id='par_1_63' title="bbox 310 3384 1892 3457">
     <span class='ocr_line' id='line_1_63' title="bbox 310 3384 1892 3457; baseline 0.005 -21"><span class='ocrx_word' id='word_1_430' title='bbox 310 3384 464 3436; x_wconf 92' lang='lat' dir='ltr'><strong>tione</strong></span> <span class='ocrx_word' id='word_1_431' title='bbox 486 3392 543 3436; x_wconf 90' lang='lat' dir='ltr'><strong>et</strong></span> <span class='ocrx_word' id='word_1_432' title='bbox 563 3384 754 3451; x_wconf 84' lang='lat' dir='ltr'><strong>gaudio</strong></span> <span class='ocrx_word' id='word_1_433' title='bbox 773 3385 1072 3454; x_wconf 87' lang='lat' dir='ltr'><strong>suscepisse</strong></span> <span class='ocrx_word' id='word_1_434' title='bbox 1094 3388 1423 3455; x_wconf 79' lang='lat' dir='ltr'><strong>cognoscite,</strong></span> <span class='ocrx_word' id='word_1_435' title='bbox 1440 3387 1583 3456; x_wconf 90' lang='lat' dir='ltr'><strong>quod</strong></span> <span class='ocrx_word' id='word_1_436' title='bbox 1604 3387 1892 3457; x_wconf 73' lang='lat' dir='ltr'><strong>Niczenam,</strong></span> 
     </span>
    </p>
   </div>
   <div class='ocr_carea' id='block_1_64' title="bbox 309 3475 1898 3548">
    <p class='ocr_par' dir='ltr' id='par_1_64' title="bbox 309 3475 1898 3548">
     <span class='ocr_line' id='line_1_64' title="bbox 309 3475 1898 3548; baseline 0.005 -20"><span class='ocrx_word' id='word_1_437' title='bbox 309 3475 992 3545; x_wconf 79' lang='lat' dir='ltr'><strong>Constantinopolitanam,</strong></span> <span class='ocrx_word' id='word_1_438' title='bbox 1025 3476 1376 3548; x_wconf 85' lang='lat' dir='ltr'><strong>Ephesinam,</strong></span> <span class='ocrx_word' id='word_1_439' title='bbox 1408 3486 1464 3534; x_wconf 92' lang='lat' dir='ltr'><strong>et</strong></span> <span class='ocrx_word' id='word_1_440' title='bbox 1493 3479 1898 3536; x_wconf 86' lang='lat' dir='ltr'><strong>Chalcedonen-</strong></span> 
     </span>
    </p>
   </div>
   <div class='ocr_carea' id='block_1_65' title="bbox 310 3565 1898 3638">
    <p class='ocr_par' dir='ltr' id='par_1_65' title="bbox 310 3565 1898 3638">
     <span class='ocr_line' id='line_1_65' title="bbox 310 3565 1898 3638; baseline 0.006 -20"><span class='ocrx_word' id='word_1_441' title='bbox 310 3580 432 3618; x_wconf 81' lang='lat' dir='ltr'><strong>sem</strong></span> <span class='ocrx_word' id='word_1_442' title='bbox 463 3565 826 3620; x_wconf 84' lang='lat' dir='ltr'><strong>sanctissimas</strong></span> <span class='ocrx_word' id='word_1_443' title='bbox 853 3567 1106 3637; x_wconf 81' lang='lat' dir='ltr'><strong>synodos,</strong></span> <span class='ocrx_word' id='word_1_444' title='bbox 1136 3569 1188 3623; x_wconf 93' lang='lat' dir='ltr'><strong>in</strong></span> <span class='ocrx_word' id='word_1_445' title='bbox 1214 3569 1407 3638; x_wconf 90' lang='lat' dir='ltr'><strong>quibus</strong></span> <span class='ocrx_word' id='word_1_446' title='bbox 1437 3570 1559 3626; x_wconf 89' lang='lat' dir='ltr'><strong>lidei</strong></span> <span class='ocrx_word' id='word_1_447' title='bbox 1580 3571 1898 3627; x_wconf 76' lang='lat' dir='ltr'><strong>orthodoxa:</strong></span> 
     </span>
    </p>
   </div>
   <div class='ocr_carea' id='block_1_66' title="bbox 313 3655 1902 3732">
    <p class='ocr_par' dir='ltr' id='par_1_66' title="bbox 313 3655 1902 3732">
     <span class='ocr_line' id='line_1_66' title="bbox 313 3655 1902 3732; baseline 0.008 -26"><span class='ocrx_word' id='word_1_448' title='bbox 313 3664 482 3724; x_wconf 85' lang='lat' dir='ltr'><strong>atque</strong></span> <span class='ocrx_word' id='word_1_449' title='bbox 512 3656 820 3723; x_wconf 69' lang='lat' dir='ltr'><strong>apostolica:</strong></span> <span class='ocrx_word' id='word_1_450' title='bbox 841 3655 1184 3712; x_wconf 81' lang='lat' dir='ltr'><strong>fundamenta</strong></span> <span class='ocrx_word' id='word_1_451' title='bbox 1209 3669 1595 3726; x_wconf 88' lang='lat' dir='ltr'><strong>monstrantur,</strong></span> <span class='ocrx_word' id='word_1_452' title='bbox 1619 3661 1758 3716; x_wconf 91' lang='lat' dir='ltr'><strong>sicut</strong></span> <span class='ocrx_word' id='word_1_453' title='bbox 1782 3662 1902 3732; x_wconf 88' lang='lat' dir='ltr'><strong>pol-</strong></span> 
     </span>
    </p>
   </div>
   <div class='ocr_carea' id='block_1_67' title="bbox 317 3744 1897 3818">
    <p class='ocr_par' dir='ltr' id='par_1_67' title="bbox 317 3744 1897 3818">
     <span class='ocr_line' id='line_1_67' title="bbox 317 3744 1897 3818; baseline 0.008 -24"><span class='ocrx_word' id='word_1_454' title='bbox 317 3744 632 3797; x_wconf 78' lang='lat' dir='ltr'><strong>licitationis</strong></span> <span class='ocrx_word' id='word_1_455' title='bbox 674 3757 864 3800; x_wconf 76' lang='lat' dir='ltr'><strong>vestra:</strong></span> <span class='ocrx_word' id='word_1_456' title='bbox 894 3754 1020 3801; x_wconf 90' lang='lat' dir='ltr'><strong>tunc</strong></span> <span class='ocrx_word' id='word_1_457' title='bbox 1059 3748 1124 3801; x_wconf 91' lang='lat' dir='ltr'><strong>ad</strong></span> <span class='ocrx_word' id='word_1_458' title='bbox 1167 3748 1615 3818; x_wconf 72' lang='lat' dir='ltr'><strong>prmdecessorem</strong></span> <span class='ocrx_word' id='word_1_459' title='bbox 1657 3761 1897 3808; x_wconf 89' lang='lat' dir='ltr'><strong>nostrum</strong></span> 
     </span>
    </p>
   </div>
   <div class='ocr_carea' id='block_1_68' title="bbox 317 3835 1900 3912">
    <p class='ocr_par' dir='ltr' id='par_1_68' title="bbox 317 3835 1900 3912">
     <span class='ocr_line' id='line_1_68' title="bbox 317 3835 1900 3912; baseline 0.007 -26"><span class='ocrx_word' id='word_1_460' title='bbox 317 3844 518 3887; x_wconf 62' lang='lat' dir='ltr'><strong>sanctae</strong></span> <span class='ocrx_word' id='word_1_461' title='bbox 553 3835 945 3890; x_wconf 85' lang='lat' dir='ltr'><strong>recordationis</strong></span> <span class='ocrx_word' id='word_1_462' title='bbox 972 3835 1270 3908; x_wconf 80' lang='lat' dir='ltr'><strong>Agapetum</strong></span> <span class='ocrx_word' id='word_1_463' title='bbox 1314 3839 1475 3895; x_wconf 88' lang='lat' dir='ltr'><strong>lectio</strong></span> <span class='ocrx_word' id='word_1_464' title='bbox 1502 3841 1626 3896; x_wconf 91' lang='lat' dir='ltr'><strong>data</strong></span> <span class='ocrx_word' id='word_1_465' title='bbox 1652 3850 1900 3912; x_wconf 87' lang='lat' dir='ltr'><strong>testatur,</strong></span> 
     </span>
    </p>
   </div>
   <div class='ocr_carea' id='block_1_69' title="bbox 317 3925 1903 3995">
    <p class='ocr_par' dir='ltr' id='par_1_69' title="bbox 317 3925 1903 3995">
     <span class='ocr_line' id='line_1_69' title="bbox 317 3925 1903 3995; baseline 0.008 -18"><span class='ocrx_word' id='word_1_466' title='bbox 317 3925 702 3979; x_wconf 79' lang='lat' dir='ltr'><strong>inviolabiliter</strong></span> <span class='ocrx_word' id='word_1_467' title='bbox 727 3942 820 3979; x_wconf 88' lang='lat' dir='ltr'><strong>vos</strong></span> <span class='ocrx_word' id='word_1_468' title='bbox 840 3929 1081 3982; x_wconf 88' lang='lat' dir='ltr'><strong>asseritis</strong></span> <span class='ocrx_word' id='word_1_469' title='bbox 1104 3930 1396 3995; x_wconf 90' lang='lat' dir='ltr'><strong>custodire,</strong></span> <span class='ocrx_word' id='word_1_470' title='bbox 1421 3941 1476 3986; x_wconf 90' lang='lat' dir='ltr'><strong>et</strong></span> <span class='ocrx_word' id='word_1_471' title='bbox 1505 3933 1736 3988; x_wconf 80' lang='lat' dir='ltr'><strong>maxime</strong></span> <span class='ocrx_word' id='word_1_472' title='bbox 1757 3933 1903 3990; x_wconf 89' lang='lat' dir='ltr'><strong>beati</strong></span> 
     </span>
    </p>
   </div>
   <div class='ocr_carea' id='block_1_70' title="bbox 321 4013 1903 4090">
    <p class='ocr_par' dir='ltr' id='par_1_70' title="bbox 321 4013 1903 4090">
     <span class='ocr_line' id='line_1_70' title="bbox 321 4013 1903 4090; baseline 0.009 -23"><span class='ocrx_word' id='word_1_473' title='bbox 321 4013 520 4069; x_wconf 81' lang='lat' dir='ltr'><strong>Leonis</strong></span> <span class='ocrx_word' id='word_1_474' title='bbox 550 4015 960 4084; x_wconf 77' lang='lat' dir='ltr'><strong>pnedecessoris</strong></span> <span class='ocrx_word' id='word_1_475' title='bbox 994 4019 1162 4073; x_wconf 89' lang='lat' dir='ltr'><strong>nostri</strong></span> <span class='ocrx_word' id='word_1_476' title='bbox 1213 4021 1363 4090; x_wconf 87' lang='lat' dir='ltr'><strong>sequi</strong></span> <span class='ocrx_word' id='word_1_477' title='bbox 1411 4023 1461 4075; x_wconf 92' lang='lat' dir='ltr'><strong>in</strong></span> <span class='ocrx_word' id='word_1_478' title='bbox 1509 4024 1757 4079; x_wconf 88' lang='lat' dir='ltr'><strong>omnibus</strong></span> <span class='ocrx_word' id='word_1_479' title='bbox 1779 4040 1903 4080; x_wconf 88' lang='lat' dir='ltr'><strong>con-</strong></span> 
     </span>
    </p>
   </div>
   <div class='ocr_carea' id='block_1_71' title="bbox 317 4105 1903 4185">
    <p class='ocr_par' dir='ltr' id='par_1_71' title="bbox 317 4105 1903 4185">
     <span class='ocr_line' id='line_1_71' title="bbox 317 4105 1903 4185; baseline 0.009 -29"><span class='ocrx_word' id='word_1_480' title='bbox 317 4105 527 4163; x_wconf 80' lang='lat' dir='ltr'><strong>stituta.</strong></span> <span class='ocrx_word' id='word_1_481' title='bbox 558 4106 696 4173; x_wconf 85' lang='lat' dir='ltr'><strong>Quid</strong></span> <span class='ocrx_word' id='word_1_482' title='bbox 727 4118 808 4162; x_wconf 89' lang='lat' dir='ltr'><strong>est</strong></span> <span class='ocrx_word' id='word_1_483' title='bbox 828 4108 1073 4164; x_wconf 89' lang='lat' dir='ltr'><strong>charitati</strong></span> <span class='ocrx_word' id='word_1_484' title='bbox 1106 4119 1210 4165; x_wconf 78' lang='lat' dir='ltr'><strong>tua:</strong></span> <span class='ocrx_word' id='word_1_485' title='bbox 1254 4113 1464 4180; x_wconf 78' lang='lat' dir='ltr'><strong>dignius</strong></span> <span class='ocrx_word' id='word_1_486' title='bbox 1493 4113 1713 4170; x_wconf 89' lang='lat' dir='ltr'><strong>honoris</strong></span> <span class='ocrx_word' id='word_1_487' title='bbox 1759 4115 1903 4185; x_wconf 91' lang='lat' dir='ltr'><strong>quod</strong></span> 
     </span>
    </p>
   </div>
   <div class='ocr_carea' id='block_1_72' title="bbox 319 4197 1903 4271">
    <p class='ocr_par' dir='ltr' id='par_1_72' title="bbox 319 4197 1903 4271">
     <span class='ocr_line' id='line_1_72' title="bbox 319 4197 1903 4271; baseline 0.006 -21"><span class='ocrx_word' id='word_1_488' title='bbox 319 4197 628 4261; x_wconf 80' lang='lat' dir='ltr'><strong>conveniat,</strong></span> <span class='ocrx_word' id='word_1_489' title='bbox 657 4197 757 4252; x_wconf 88' lang='lat' dir='ltr'><strong>nisi</strong></span> <span class='ocrx_word' id='word_1_490' title='bbox 782 4213 812 4252; x_wconf 91' lang='lat' dir='ltr'><strong>a</strong></span> <span class='ocrx_word' id='word_1_491' title='bbox 844 4197 1213 4254; x_wconf 82' lang='lat' dir='ltr'><strong>Romanorum</strong></span> <span class='ocrx_word' id='word_1_492' title='bbox 1235 4203 1518 4271; x_wconf 71' lang='lat' dir='ltr'><strong>prazsulum</strong></span> <span class='ocrx_word' id='word_1_493' title='bbox 1546 4219 1654 4259; x_wconf 93' lang='lat' dir='ltr'><strong>non</strong></span> <span class='ocrx_word' id='word_1_494' title='bbox 1683 4205 1903 4260; x_wconf 86' lang='lat' dir='ltr'><strong>deviare</strong></span> 
     </span>
    </p>
   </div>
   <div class='ocr_carea' id='block_1_73' title="bbox 318 4286 1902 4365">
    <p class='ocr_par' dir='ltr' id='par_1_73' title="bbox 318 4286 1902 4365">
     <span class='ocr_line' id='line_1_73' title="bbox 318 4286 1902 4365; baseline 0.009 -27"><span class='ocrx_word' id='word_1_495' title='bbox 318 4286 605 4342; x_wconf 78' lang='lat' dir='ltr'><strong>doctrina?</strong></span> <span class='ocrx_word' id='word_1_496' title='bbox 630 4287 734 4341; x_wconf 80' lang='lat' dir='ltr'><strong>Aut</strong></span> <span class='ocrx_word' id='word_1_497' title='bbox 760 4289 888 4358; x_wconf 90' lang='lat' dir='ltr'><strong>quid</strong></span> <span class='ocrx_word' id='word_1_498' title='bbox 917 4290 1070 4344; x_wconf 90' lang='lat' dir='ltr'><strong>nobis</strong></span> <span class='ocrx_word' id='word_1_499' title='bbox 1089 4290 1400 4361; x_wconf 87' lang='lat' dir='ltr'><strong>jucundius,</strong></span> <span class='ocrx_word' id='word_1_500' title='bbox 1428 4295 1624 4363; x_wconf 89' lang='lat' dir='ltr'><strong>quidve</strong></span> <span class='ocrx_word' id='word_1_501' title='bbox 1669 4296 1741 4351; x_wconf 89' lang='lat' dir='ltr'><strong>sit</strong></span> <span class='ocrx_word' id='word_1_502' title='bbox 1777 4310 1902 4365; x_wconf 89' lang='lat' dir='ltr'><strong>gra-</strong></span> 
     </span>
    </p>
   </div>
   <div class='ocr_carea' id='block_1_74' title="bbox 320 4376 1902 4444">
    <p class='ocr_par' dir='ltr' id='par_1_74' title="bbox 320 4376 1902 4444">
     <span class='ocr_line' id='line_1_74' title="bbox 320 4376 1902 4444; baseline 0.009 -16"><span class='ocrx_word' id='word_1_503' title='bbox 320 4376 428 4429; x_wconf 87' lang='lat' dir='ltr'><strong>tius</strong></span> <span class='ocrx_word' id='word_1_504' title='bbox 451 4391 614 4444; x_wconf 89' lang='lat' dir='ltr'><strong>quam</strong></span> <span class='ocrx_word' id='word_1_505' title='bbox 658 4377 777 4432; x_wconf 91' lang='lat' dir='ltr'><strong>illos</strong></span> <span class='ocrx_word' id='word_1_506' title='bbox 804 4379 854 4431; x_wconf 91' lang='lat' dir='ltr'><strong>in</strong></span> <span class='ocrx_word' id='word_1_507' title='bbox 879 4378 1075 4433; x_wconf 79' lang='lat' dir='ltr'><strong>Christi</strong></span> <span class='ocrx_word' id='word_1_508' title='bbox 1097 4379 1310 4436; x_wconf 90' lang='lat' dir='ltr'><strong>Domini</strong></span> <span class='ocrx_word' id='word_1_509' title='bbox 1333 4391 1388 4438; x_wconf 93' lang='lat' dir='ltr'><strong>et</strong></span> <span class='ocrx_word' id='word_1_510' title='bbox 1411 4383 1708 4441; x_wconf 90' lang='lat' dir='ltr'><strong>Salvatoris</strong></span> <span class='ocrx_word' id='word_1_511' title='bbox 1732 4387 1902 4442; x_wconf 87' lang='lat' dir='ltr'><strong>nostri</strong></span> 
     </span>
    </p>
   </div>
   <div class='ocr_carea' id='block_1_75' title="bbox 319 4465 1906 4546">
    <p class='ocr_par' dir='ltr' id='par_1_75' title="bbox 319 4465 1906 4546">
     <span class='ocr_line' id='line_1_75' title="bbox 319 4465 1906 4546; baseline 0.009 -28"><span class='ocrx_word' id='word_1_512' title='bbox 319 4465 592 4520; x_wconf 87' lang='lat' dir='ltr'><strong>charitate</strong></span> <span class='ocrx_word' id='word_1_513' title='bbox 621 4467 927 4537; x_wconf 85' lang='lat' dir='ltr'><strong>complecti,</strong></span> <span class='ocrx_word' id='word_1_514' title='bbox 957 4469 1046 4539; x_wconf 91' lang='lat' dir='ltr'><strong>qui</strong></span> <span class='ocrx_word' id='word_1_515' title='bbox 1078 4469 1341 4540; x_wconf 89' lang='lat' dir='ltr'><strong>majorum</strong></span> <span class='ocrx_word' id='word_1_516' title='bbox 1373 4481 1680 4529; x_wconf 89' lang='lat' dir='ltr'><strong>nostrorum</strong></span> <span class='ocrx_word' id='word_1_517' title='bbox 1703 4483 1757 4530; x_wconf 92' lang='lat' dir='ltr'><strong>et</strong></span> <span class='ocrx_word' id='word_1_518' title='bbox 1777 4491 1906 4546; x_wconf 72' lang='lat' dir='ltr'><strong>pra:-</strong></span> 
     </span>
    </p>
   </div>
   <div class='ocr_carea' id='block_1_76' title="bbox 2000 3285 3579 3358">
    <p class='ocr_par' dir='ltr' id='par_1_76' title="bbox 2000 3285 3579 3358">
     <span class='ocr_line' id='line_1_76' title="bbox 2000 3285 3579 3358; baseline 0.004 -20"><span class='ocrx_word' id='word_1_519' title='bbox 2000 3285 2180 3353; x_wconf 89' lang='lat' dir='ltr'><strong>ritate,</strong></span> <span class='ocrx_word' id='word_1_520' title='bbox 2227 3293 2356 3341; x_wconf 91' lang='lat' dir='ltr'><strong>tunc</strong></span> <span class='ocrx_word' id='word_1_521' title='bbox 2403 3289 2793 3343; x_wconf 90' lang='lat' dir='ltr'><strong>communionis</strong></span> <span class='ocrx_word' id='word_1_522' title='bbox 2841 3297 3037 3343; x_wconf 78' lang='lat' dir='ltr'><strong>nostra:</strong></span> <span class='ocrx_word' id='word_1_523' title='bbox 3083 3291 3262 3358; x_wconf 89' lang='lat' dir='ltr'><strong>(quam</strong></span> <span class='ocrx_word' id='word_1_524' title='bbox 3304 3291 3430 3344; x_wconf 91' lang='lat' dir='ltr'><strong>nulli</strong></span> <span class='ocrx_word' id='word_1_525' title='bbox 3479 3305 3579 3344; x_wconf 88' lang='lat' dir='ltr'><strong>nos</strong></span> 
     </span>
    </p>
   </div>
   <div class='ocr_carea' id='block_1_77' title="bbox 1998 3380 3579 3452">
    <p class='ocr_par' dir='ltr' id='par_1_77' title="bbox 1998 3380 3579 3452">
     <span class='ocr_line' id='line_1_77' title="bbox 1998 3380 3579 3452; baseline 0.004 -21"><span class='ocrx_word' id='word_1_526' title='bbox 1998 3391 2196 3446; x_wconf 88' lang='lat' dir='ltr'><strong>negare</strong></span> <span class='ocrx_word' id='word_1_527' title='bbox 2223 3380 2474 3434; x_wconf 90' lang='lat' dir='ltr'><strong>convenit</strong></span> <span class='ocrx_word' id='word_1_528' title='bbox 2515 3381 2814 3452; x_wconf 73' lang='lat' dir='ltr'><strong>pmnitenti)</strong></span> <span class='ocrx_word' id='word_1_529' title='bbox 2843 3383 2941 3436; x_wconf 91' lang='lat' dir='ltr'><strong>sub</strong></span> <span class='ocrx_word' id='word_1_530' title='bbox 2976 3383 3269 3451; x_wconf 87' lang='lat' dir='ltr'><strong>apostolica</strong></span> <span class='ocrx_word' id='word_1_531' title='bbox 3316 3392 3372 3438; x_wconf 90' lang='lat' dir='ltr'><strong>et</strong></span> <span class='ocrx_word' id='word_1_532' title='bbox 3415 3399 3579 3438; x_wconf 83' lang='lat' dir='ltr'><strong>cano-</strong></span> 
     </span>
    </p>
   </div>
   <div class='ocr_carea' id='block_1_78' title="bbox 2000 3467 3578 3547">
    <p class='ocr_par' dir='ltr' id='par_1_78' title="bbox 2000 3467 3578 3547">
     <span class='ocr_line' id='line_1_78' title="bbox 2000 3467 3578 3547; baseline 0.004 -27"><span class='ocrx_word' id='word_1_533' title='bbox 2000 3467 2137 3531; x_wconf 88' lang='lat' dir='ltr'><strong>nica,</strong></span> <span class='ocrx_word' id='word_1_534' title='bbox 2164 3468 2303 3524; x_wconf 90' lang='lat' dir='ltr'><strong>sicut</strong></span> <span class='ocrx_word' id='word_1_535' title='bbox 2331 3469 2534 3547; x_wconf 62' lang='lat' dir='ltr'><strong>pratl&#39;ati</strong></span> <span class='ocrx_word' id='word_1_536' title='bbox 2572 3486 2774 3536; x_wconf 87' lang='lat' dir='ltr'><strong>sumus,</strong></span> <span class='ocrx_word' id='word_1_537' title='bbox 2802 3470 3163 3529; x_wconf 79' lang='lat' dir='ltr'><strong>satisfactione</strong></span> <span class='ocrx_word' id='word_1_538' title='bbox 3205 3473 3376 3528; x_wconf 89' lang='lat' dir='ltr'><strong>modis</strong></span> <span class='ocrx_word' id='word_1_539' title='bbox 3404 3474 3578 3528; x_wconf 87' lang='lat' dir='ltr'><strong>omni-</strong></span> 
     </span>
    </p>
   </div>
   <div class='ocr_carea' id='block_1_79' title="bbox 1998 3555 3579 3634">
    <p class='ocr_par' dir='ltr' id='par_1_79' title="bbox 1998 3555 3579 3634">
     <span class='ocr_line' id='line_1_79' title="bbox 1998 3555 3579 3634; baseline 0.006 -25"><span class='ocrx_word' id='word_1_540' title='bbox 1998 3555 2100 3611; x_wconf 87' lang='lat' dir='ltr'><strong>bus</strong></span> <span class='ocrx_word' id='word_1_541' title='bbox 2128 3564 2342 3626; x_wconf 88' lang='lat' dir='ltr'><strong>agetur:</strong></span> <span class='ocrx_word' id='word_1_542' title='bbox 2360 3559 2482 3627; x_wconf 91' lang='lat' dir='ltr'><strong>quia</strong></span> <span class='ocrx_word' id='word_1_543' title='bbox 2509 3559 2837 3629; x_wconf 81' lang='lat' dir='ltr'><strong>Redemptor</strong></span> <span class='ocrx_word' id='word_1_544' title='bbox 2858 3570 3039 3616; x_wconf 88' lang='lat' dir='ltr'><strong>noster</strong></span> <span class='ocrx_word' id='word_1_545' title='bbox 3057 3579 3164 3617; x_wconf 94' lang='lat' dir='ltr'><strong>non</strong></span> <span class='ocrx_word' id='word_1_546' title='bbox 3184 3564 3329 3617; x_wconf 91' lang='lat' dir='ltr'><strong>venit</strong></span> <span class='ocrx_word' id='word_1_547' title='bbox 3349 3565 3579 3634; x_wconf 84' lang='lat' dir='ltr'><strong>aliquem</strong></span> 
     </span>
    </p>
   </div>
   <div class='ocr_carea' id='block_1_80' title="bbox 2000 3648 3580 3721">
    <p class='ocr_par' dir='ltr' id='par_1_80' title="bbox 2000 3648 3580 3721">
     <span class='ocr_line' id='line_1_80' title="bbox 2000 3648 3580 3721; baseline 0.004 -19"><span class='ocrx_word' id='word_1_548' title='bbox 2000 3648 2245 3718; x_wconf 86' lang='lat' dir='ltr'><strong>perdere,</strong></span> <span class='ocrx_word' id='word_1_549' title='bbox 2278 3648 2374 3704; x_wconf 88' lang='lat' dir='ltr'><strong>sed</strong></span> <span class='ocrx_word' id='word_1_550' title='bbox 2403 3665 2590 3712; x_wconf 88' lang='lat' dir='ltr'><strong>omnes</strong></span> <span class='ocrx_word' id='word_1_551' title='bbox 2618 3666 2715 3721; x_wconf 88' lang='lat' dir='ltr'><strong>pro</strong></span> <span class='ocrx_word' id='word_1_552' title='bbox 2744 3667 2837 3706; x_wconf 89' lang='lat' dir='ltr'><strong>sua</strong></span> <span class='ocrx_word' id='word_1_553' title='bbox 2860 3651 3058 3721; x_wconf 87' lang='lat' dir='ltr'><strong>pietate</strong></span> <span class='ocrx_word' id='word_1_554' title='bbox 3082 3653 3306 3706; x_wconf 87' lang='lat' dir='ltr'><strong>salvare.</strong></span> <span class='ocrx_word' id='word_1_555' title='bbox 3331 3653 3400 3706; x_wconf 81' lang='lat' dir='ltr'><strong>Et</strong></span> <span class='ocrx_word' id='word_1_556' title='bbox 3423 3672 3580 3708; x_wconf 86' lang='lat' dir='ltr'><strong>manu</strong></span> 
     </span>
    </p>
   </div>
   <div class='ocr_carea' id='block_1_81' title="bbox 1999 3738 3583 3811">
    <p class='ocr_par' dir='ltr' id='par_1_81' title="bbox 1999 3738 3583 3811">
     <span class='ocr_line' id='line_1_81' title="bbox 1999 3738 3583 3811; baseline 0.002 -20"><span class='ocrx_word' id='word_1_557' title='bbox 1999 3738 2194 3793; x_wconf 82' lang='lat' dir='ltr'><strong>domini</strong></span> <span class='ocrx_word' id='word_1_558' title='bbox 2225 3755 2393 3810; x_wconf 65' lang='lat' dir='ltr'><strong>papae.</strong></span> <span class='ocrx_word' id='word_1_559' title='bbox 2410 3740 2517 3794; x_wconf 87' lang='lat' dir='ltr'><strong>Deo</strong></span> <span class='ocrx_word' id='word_1_560' title='bbox 2542 3740 2894 3811; x_wconf 87' lang='lat' dir='ltr'><strong>juvante,per</strong></span> <span class='ocrx_word' id='word_1_561' title='bbox 2921 3741 3085 3811; x_wconf 91' lang='lat' dir='ltr'><strong>ipsius</strong></span> <span class='ocrx_word' id='word_1_562' title='bbox 3105 3741 3583 3810; x_wconf 71' lang='lat' dir='ltr'><strong>gratiam,\v&#39;igilius</strong></span> 
     </span>
    </p>
   </div>
   <div class='ocr_carea' id='block_1_82' title="bbox 2001 3829 3580 3899">
    <p class='ocr_par' dir='ltr' id='par_1_82' title="bbox 2001 3829 3580 3899">
     <span class='ocr_line' id='line_1_82' title="bbox 2001 3829 3580 3899; baseline 0 -15"><span class='ocrx_word' id='word_1_563' title='bbox 2001 3829 2284 3899; x_wconf 91' lang='lat' dir='ltr'><strong>episcopus</strong></span> <span class='ocrx_word' id='word_1_564' title='bbox 2311 3839 2508 3884; x_wconf 70' lang='lat' dir='ltr'><strong>sancta:</strong></span> <span class='ocrx_word' id='word_1_565' title='bbox 2529 3829 2780 3885; x_wconf 74' lang='lat' dir='ltr'><strong>Ecclesia:</strong></span> <span class='ocrx_word' id='word_1_566' title='bbox 2800 3832 3078 3887; x_wconf 75' lang='lat' dir='ltr'><strong>catholica:</strong></span> <span class='ocrx_word' id='word_1_567' title='bbox 3106 3831 3250 3886; x_wconf 91' lang='lat' dir='ltr'><strong>urbis</strong></span> <span class='ocrx_word' id='word_1_568' title='bbox 3279 3830 3461 3886; x_wconf 66' lang='lat' dir='ltr'><strong>Roma:</strong></span> <span class='ocrx_word' id='word_1_569' title='bbox 3485 3831 3580 3884; x_wconf 90' lang='lat' dir='ltr'><strong>has</strong></span> 
     </span>
    </p>
   </div>
   <div class='ocr_carea' id='block_1_83' title="bbox 2001 3918 3581 3990">
    <p class='ocr_par' dir='ltr' id='par_1_83' title="bbox 2001 3918 3581 3990">
     <span class='ocr_line' id='line_1_83' title="bbox 2001 3918 3581 3990; baseline 0 -18"><span class='ocrx_word' id='word_1_570' title='bbox 2001 3918 2229 3973; x_wconf 87' lang='lat' dir='ltr'><strong>schedas</strong></span> <span class='ocrx_word' id='word_1_571' title='bbox 2251 3919 2600 3988; x_wconf 88' lang='lat' dir='ltr'><strong>epistolarum</strong></span> <span class='ocrx_word' id='word_1_572' title='bbox 2641 3921 3140 3990; x_wconf 87' lang='lat' dir='ltr'><strong>suprascriptarum,</strong></span> <span class='ocrx_word' id='word_1_573' title='bbox 3171 3935 3305 3989; x_wconf 91' lang='lat' dir='ltr'><strong>quas</strong></span> <span class='ocrx_word' id='word_1_574' title='bbox 3341 3933 3440 3987; x_wconf 87' lang='lat' dir='ltr'><strong>ego</strong></span> <span class='ocrx_word' id='word_1_575' title='bbox 3472 3919 3581 3972; x_wconf 92' lang='lat' dir='ltr'><strong>Deo</strong></span> 
     </span>
    </p>
   </div>
   <div class='ocr_carea' id='block_1_84' title="bbox 1997 4009 3583 4084">
    <p class='ocr_par' dir='ltr' id='par_1_84' title="bbox 1997 4009 3583 4084">
     <span class='ocr_line' id='line_1_84' title="bbox 1997 4009 3583 4084; baseline 0.001 -21"><span class='ocrx_word' id='word_1_576' title='bbox 1997 4009 2222 4079; x_wconf 91' lang='lat' dir='ltr'><strong>juvante</strong></span> <span class='ocrx_word' id='word_1_577' title='bbox 2259 4011 2474 4076; x_wconf 88' lang='lat' dir='ltr'><strong>dictavi,</strong></span> <span class='ocrx_word' id='word_1_578' title='bbox 2505 4012 2619 4082; x_wconf 91' lang='lat' dir='ltr'><strong>ipso</strong></span> <span class='ocrx_word' id='word_1_579' title='bbox 2649 4013 2941 4068; x_wconf 82' lang='lat' dir='ltr'><strong>auxiliante</strong></span> <span class='ocrx_word' id='word_1_580' title='bbox 2987 4013 3212 4084; x_wconf 82' lang='lat' dir='ltr'><strong>cognovi</strong></span> <span class='ocrx_word' id='word_1_581' title='bbox 3251 4021 3411 4082; x_wconf 90' lang='lat' dir='ltr'><strong>atque</strong></span> <span class='ocrx_word' id='word_1_582' title='bbox 3456 4012 3583 4067; x_wconf 83' lang='lat' dir='ltr'><strong>sub—</strong></span> 
     </span>
    </p>
   </div>
   <div class='ocr_carea' id='block_1_85' title="bbox 2003 4102 3584 4174">
    <p class='ocr_par' dir='ltr' id='par_1_85' title="bbox 2003 4102 3584 4174">
     <span class='ocr_line' id='line_1_85' title="bbox 2003 4102 3584 4174; baseline -0.001 -17"><span class='ocrx_word' id='word_1_583' title='bbox 2003 4102 2212 4171; x_wconf 88' lang='lat' dir='ltr'><strong>scripsi.</strong></span> <span class='ocrx_word' id='word_1_584' title='bbox 2242 4102 2312 4156; x_wconf 81' lang='lat' dir='ltr'><strong>Et</strong></span> <span class='ocrx_word' id='word_1_585' title='bbox 2341 4105 2446 4157; x_wconf 86' lang='lat' dir='ltr'><strong>alia</strong></span> <span class='ocrx_word' id='word_1_586' title='bbox 2473 4121 2628 4158; x_wconf 61' lang='lat' dir='ltr'><strong>mam:</strong></span> <span class='ocrx_word' id='word_1_587' title='bbox 2656 4105 2961 4171; x_wconf 80' lang='lat' dir='ltr'><strong>subscriptio</strong></span> <span class='ocrx_word' id='word_1_588' title='bbox 3009 4104 3176 4160; x_wconf 78' lang='lat' dir='ltr'><strong>Flavii</strong></span> <span class='ocrx_word' id='word_1_589' title='bbox 3207 4104 3464 4159; x_wconf 82' lang='lat' dir='ltr'><strong>Dominici</strong></span> <span class='ocrx_word' id='word_1_590' title='bbox 3489 4122 3584 4174; x_wconf 77' lang='lat' dir='ltr'><strong>pa-</strong></span> 
     </span>
    </p>
   </div>
   <div class='ocr_carea' id='block_1_86' title="bbox 2005 4192 3570 4250">
    <p class='ocr_par' dir='ltr' id='par_1_86' title="bbox 2005 4192 3570 4250">
     <span class='ocr_line' id='line_1_86' title="bbox 2005 4192 3570 4250; baseline 0.003 -6"><span class='ocrx_word' id='word_1_591' title='bbox 2005 4193 2158 4245; x_wconf 86' lang='lat' dir='ltr'><strong>tricii.</strong></span> <span class='ocrx_word' id='word_1_592' title='bbox 2190 4192 2403 4248; x_wconf 88' lang='lat' dir='ltr'><strong>Flavius</strong></span> <span class='ocrx_word' id='word_1_593' title='bbox 2454 4194 2759 4249; x_wconf 86' lang='lat' dir='ltr'><strong>Dominicus</strong></span> <span class='ocrx_word' id='word_1_594' title='bbox 2796 4195 2875 4249; x_wconf 92' lang='lat' dir='ltr'><strong>vir</strong></span> <span class='ocrx_word' id='word_1_595' title='bbox 2903 4195 3223 4250; x_wconf 88' lang='lat' dir='ltr'><strong>clarissimus</strong></span> <span class='ocrx_word' id='word_1_596' title='bbox 3264 4210 3444 4250; x_wconf 87' lang='lat' dir='ltr'><strong>comes</strong></span> <span class='ocrx_word' id='word_1_597' title='bbox 3487 4195 3570 4249; x_wconf 70' lang='grc' dir='ltr'><strong>(ια</strong></span> 
     </span>
    </p>
   </div>
   <div class='ocr_carea' id='block_1_87' title="bbox 2005 4282 3581 4356">
    <p class='ocr_par' dir='ltr' id='par_1_87' title="bbox 2005 4282 3581 4356">
     <span class='ocr_line' id='line_1_87' title="bbox 2005 4282 3581 4356; baseline 0.001 -20"><span class='ocrx_word' id='word_1_598' title='bbox 2005 4282 2372 4347; x_wconf 86' lang='lat' dir='ltr'><strong>mesticorum,</strong></span> <span class='ocrx_word' id='word_1_599' title='bbox 2424 4286 2681 4340; x_wconf 77' lang='lat' dir='ltr'><strong>exconsul</strong></span> <span class='ocrx_word' id='word_1_600' title='bbox 2725 4301 2787 4340; x_wconf 92' lang='lat' dir='ltr'><strong>ac</strong></span> <span class='ocrx_word' id='word_1_601' title='bbox 2835 4286 3106 4356; x_wconf 90' lang='lat' dir='ltr'><strong>patricius,</strong></span> <span class='ocrx_word' id='word_1_602' title='bbox 3154 4286 3249 4339; x_wconf 88' lang='lat' dir='ltr'><strong>bas</strong></span> <span class='ocrx_word' id='word_1_603' title='bbox 3289 4285 3512 4340; x_wconf 80' lang='lat' dir='ltr'><strong>schedas</strong></span> <span class='ocrx_word' id='word_1_604' title='bbox 3551 4299 3581 4337; x_wconf 89' lang='lat' dir='ltr'><strong>a</strong></span> 
     </span>
    </p>
   </div>
   <div class='ocr_carea' id='block_1_88' title="bbox 2003 4373 3582 4446">
    <p class='ocr_par' dir='ltr' id='par_1_88' title="bbox 2003 4373 3582 4446">
     <span class='ocr_line' id='line_1_88' title="bbox 2003 4373 3582 4446; baseline 0 -19"><span class='ocrx_word' id='word_1_605' title='bbox 2003 4373 2313 4429; x_wconf 88' lang='lat' dir='ltr'><strong>beatissimo</strong></span> <span class='ocrx_word' id='word_1_606' title='bbox 2354 4383 2516 4444; x_wconf 90' lang='lat' dir='ltr'><strong>atque</strong></span> <span class='ocrx_word' id='word_1_607' title='bbox 2566 4377 2860 4445; x_wconf 88' lang='lat' dir='ltr'><strong>apostolico</strong></span> <span class='ocrx_word' id='word_1_608' title='bbox 2907 4393 3044 4446; x_wconf 84' lang='lat' dir='ltr'><strong>papa</strong></span> <span class='ocrx_word' id='word_1_609' title='bbox 3089 4376 3276 4444; x_wconf 85' lang='lat' dir='ltr'><strong>Vigilio</strong></span> <span class='ocrx_word' id='word_1_610' title='bbox 3322 4377 3374 4429; x_wconf 92' lang='lat' dir='ltr'><strong>in</strong></span> <span class='ocrx_word' id='word_1_611' title='bbox 3421 4389 3582 4429; x_wconf 84' lang='lat' dir='ltr'><strong>causa</strong></span> 
     </span>
    </p>
   </div>
   <div class='ocr_carea' id='block_1_89' title="bbox 2006 4465 3584 4534">
    <p class='ocr_par' dir='ltr' id='par_1_89' title="bbox 2006 4465 3584 4534">
     <span class='ocr_line' id='line_1_89' title="bbox 2006 4465 3584 4534; baseline 0.001 -17"><span class='ocrx_word' id='word_1_612' title='bbox 2006 4465 2129 4518; x_wconf 83' lang='lat' dir='ltr'><strong>lidei</strong></span> <span class='ocrx_word' id='word_1_613' title='bbox 2167 4465 2335 4521; x_wconf 80' lang='lat' dir='ltr'><strong>factas</strong></span> <span class='ocrx_word' id='word_1_614' title='bbox 2363 4466 2429 4519; x_wconf 92' lang='lat' dir='ltr'><strong>ad</strong></span> <span class='ocrx_word' id='word_1_615' title='bbox 2459 4466 2712 4520; x_wconf 91' lang='lat' dir='ltr'><strong>domnum</strong></span> <span class='ocrx_word' id='word_1_616' title='bbox 2741 4477 2980 4522; x_wconf 88' lang='lat' dir='ltr'><strong>nostrum</strong></span> <span class='ocrx_word' id='word_1_617' title='bbox 3013 4466 3366 4521; x_wconf 78' lang='lat' dir='ltr'><strong>Justinianum</strong></span> <span class='ocrx_word' id='word_1_618' title='bbox 3409 4466 3584 4534; x_wconf 81' lang='lat' dir='ltr'><strong>piissi-</strong></span> 
     </span>
    </p>
   </div>
   <div class='ocr_carea' id='block_1_90' title="bbox 321 4555 1896 4640">
    <p class='ocr_par' dir='ltr' id='par_1_90' title="bbox 321 4555 1896 4633">
     <span class='ocr_line' id='line_1_90' title="bbox 321 4555 1896 4633; baseline 0.01 -27"><span class='ocrx_word' id='word_1_619' title='bbox 321 4555 666 4609; x_wconf 86' lang='lat' dir='ltr'><strong>decessorum</strong></span> <span class='ocrx_word' id='word_1_620' title='bbox 697 4555 838 4610; x_wconf 82' lang='lat' dir='ltr'><strong>facta</strong></span> <span class='ocrx_word' id='word_1_621' title='bbox 866 4559 1211 4615; x_wconf 87' lang='lat' dir='ltr'><strong>custodiunt?</strong></span> <span class='ocrx_word' id='word_1_622' title='bbox 1252 4559 1400 4618; x_wconf 89' lang='lat' dir='ltr'><strong>Unde</strong></span> <span class='ocrx_word' id='word_1_623' title='bbox 1420 4565 1768 4633; x_wconf 90' lang='lat' dir='ltr'><strong>spiritualiter</strong></span> <span class='ocrx_word' id='word_1_624' title='bbox 1814 4581 1896 4620; x_wconf 91' lang='lat' dir='ltr'><strong>sa-</strong></span> 
     </span>
    </p>
   </div>
   <div class='ocr_carea' id='block_1_91' title="bbox 1999 4555 3586 4640">
    <p class='ocr_par' dir='ltr' id='par_1_91' title="bbox 2008 4555 3586 4640">
     <span class='ocr_line' id='line_1_91' title="bbox 2008 4555 3586 4640; baseline 0 -32"><span class='ocrx_word' id='word_1_625' title='bbox 2008 4571 2152 4608; x_wconf 92' lang='lat' dir='ltr'><strong>mum</strong></span> <span class='ocrx_word' id='word_1_626' title='bbox 2175 4565 2230 4610; x_wconf 93' lang='lat' dir='ltr'><strong>et</strong></span> <span class='ocrx_word' id='word_1_627' title='bbox 2257 4555 2764 4640; x_wconf 76' lang='lat' dir='ltr'><strong>Christianissimum</strong></span> <span class='ocrx_word' id='word_1_628' title='bbox 2794 4559 3102 4627; x_wconf 88' lang='lat' dir='ltr'><strong>principem,</strong></span> <span class='ocrx_word' id='word_1_629' title='bbox 3129 4558 3298 4612; x_wconf 89' lang='lat' dir='ltr'><strong>sedet</strong></span> <span class='ocrx_word' id='word_1_630' title='bbox 3329 4557 3394 4609; x_wconf 90' lang='lat' dir='ltr'><strong>ad</strong></span> <span class='ocrx_word' id='word_1_631' title='bbox 3437 4555 3586 4608; x_wconf 79' lang='lat' dir='ltr'><strong>Men-</strong></span> 
     </span>
    </p>
   </div>
   <div class='ocr_carea' id='block_1_92' title="bbox 323 4647 1906 4719">
    <p class='ocr_par' dir='ltr' id='par_1_92' title="bbox 323 4647 1906 4719">
     <span class='ocr_line' id='line_1_92' title="bbox 323 4647 1906 4719; baseline 0.008 -20"><span class='ocrx_word' id='word_1_632' title='bbox 323 4647 559 4700; x_wconf 89' lang='lat' dir='ltr'><strong>lutantes</strong></span> <span class='ocrx_word' id='word_1_633' title='bbox 589 4655 659 4710; x_wconf 89' lang='lat' dir='ltr'><strong>te,</strong></span> <span class='ocrx_word' id='word_1_634' title='bbox 691 4647 987 4713; x_wconf 91' lang='lat' dir='ltr'><strong>hortamur,</strong></span> <span class='ocrx_word' id='word_1_635' title='bbox 1012 4656 1067 4703; x_wconf 89' lang='lat' dir='ltr'><strong>et</strong></span> <span class='ocrx_word' id='word_1_636' title='bbox 1093 4665 1198 4719; x_wconf 90' lang='lat' dir='ltr'><strong>qua</strong></span> <span class='ocrx_word' id='word_1_637' title='bbox 1226 4667 1324 4708; x_wconf 90' lang='lat' dir='ltr'><strong>nos</strong></span> <span class='ocrx_word' id='word_1_638' title='bbox 1344 4655 1596 4709; x_wconf 90' lang='lat' dir='ltr'><strong>convenit</strong></span> <span class='ocrx_word' id='word_1_639' title='bbox 1623 4654 1906 4712; x_wconf 74' lang='lat' dir='ltr'><strong>aiiectione</strong></span> 
     </span>
    </p>
   </div>
   <div class='ocr_carea' id='block_1_93' title="bbox 325 4736 1905 4809">
    <p class='ocr_par' dir='ltr' id='par_1_93' title="bbox 325 4736 1905 4809">
     <span class='ocr_line' id='line_1_93' title="bbox 325 4736 1905 4809; baseline 0.007 -21"><span class='ocrx_word' id='word_1_640' title='bbox 325 4736 659 4790; x_wconf 73' lang='lat' dir='ltr'><strong>incessanter</strong></span> <span class='ocrx_word' id='word_1_641' title='bbox 685 4736 1028 4806; x_wconf 89' lang='lat' dir='ltr'><strong>alloquimur,</strong></span> <span class='ocrx_word' id='word_1_642' title='bbox 1058 4747 1115 4793; x_wconf 91' lang='lat' dir='ltr'><strong>ut</strong></span> <span class='ocrx_word' id='word_1_643' title='bbox 1163 4739 1305 4797; x_wconf 90' lang='lat' dir='ltr'><strong>illius</strong></span> <span class='ocrx_word' id='word_1_644' title='bbox 1348 4759 1611 4809; x_wconf 90' lang='lat' dir='ltr'><strong>normam,</strong></span> <span class='ocrx_word' id='word_1_645' title='bbox 1644 4744 1783 4799; x_wconf 91' lang='lat' dir='ltr'><strong>illius</strong></span> <span class='ocrx_word' id='word_1_646' title='bbox 1811 4745 1905 4799; x_wconf 90' lang='lat' dir='ltr'><strong>ad-</strong></span> 
     </span>
    </p>
   </div>
   <div class='ocr_carea' id='block_1_94' title="bbox 326 4825 1903 4904">
    <p class='ocr_par' dir='ltr' id='par_1_94' title="bbox 326 4825 1903 4904">
     <span class='ocr_line' id='line_1_94' title="bbox 326 4825 1903 4904; baseline 0.007 -26"><span class='ocrx_word' id='word_1_647' title='bbox 326 4826 698 4888; x_wconf 86' lang='lat' dir='ltr'><strong>monitionem,</strong></span> <span class='ocrx_word' id='word_1_648' title='bbox 754 4825 897 4880; x_wconf 90' lang='lat' dir='ltr'><strong>illius</strong></span> <span class='ocrx_word' id='word_1_649' title='bbox 949 4827 1112 4896; x_wconf 86' lang='lat' dir='ltr'><strong>(sicut</strong></span> <span class='ocrx_word' id='word_1_650' title='bbox 1149 4837 1205 4884; x_wconf 91' lang='lat' dir='ltr'><strong>et</strong></span> <span class='ocrx_word' id='word_1_651' title='bbox 1251 4831 1538 4900; x_wconf 90' lang='lat' dir='ltr'><strong>promisisti</strong></span> <span class='ocrx_word' id='word_1_652' title='bbox 1583 4841 1637 4888; x_wconf 90' lang='lat' dir='ltr'><strong>et</strong></span> <span class='ocrx_word' id='word_1_653' title='bbox 1676 4832 1903 4904; x_wconf 89' lang='lat' dir='ltr'><strong>indicas)</strong></span> 
     </span>
    </p>
   </div>
   <div class='ocr_carea' id='block_1_95' title="bbox 323 4917 1907 4986">
    <p class='ocr_par' dir='ltr' id='par_1_95' title="bbox 323 4917 1907 4986">
     <span class='ocr_line' id='line_1_95' title="bbox 323 4917 1907 4986; baseline 0.008 -17"><span class='ocrx_word' id='word_1_654' title='bbox 323 4917 565 4986; x_wconf 77' lang='lat' dir='ltr'><strong>sequaris</strong></span> <span class='ocrx_word' id='word_1_655' title='bbox 589 4917 640 4971; x_wconf 92' lang='lat' dir='ltr'><strong>in</strong></span> <span class='ocrx_word' id='word_1_656' title='bbox 672 4919 920 4973; x_wconf 89' lang='lat' dir='ltr'><strong>omnibus</strong></span> <span class='ocrx_word' id='word_1_657' title='bbox 949 4921 1258 4976; x_wconf 90' lang='lat' dir='ltr'><strong>constituta.</strong></span> <span class='ocrx_word' id='word_1_658' title='bbox 1310 4922 1475 4978; x_wconf 87' lang='lat' dir='ltr'><strong>Plena</strong></span> <span class='ocrx_word' id='word_1_659' title='bbox 1504 4935 1629 4980; x_wconf 92' lang='lat' dir='ltr'><strong>sunt</strong></span> <span class='ocrx_word' id='word_1_660' title='bbox 1668 4927 1808 4981; x_wconf 90' lang='lat' dir='ltr'><strong>enim</strong></span> <span class='ocrx_word' id='word_1_661' title='bbox 1839 4927 1907 4981; x_wconf 91' lang='lat' dir='ltr'><strong>de</strong></span> 
     </span>
    </p>
   </div>
   <div class='ocr_carea' id='block_1_96' title="bbox 321 5005 1906 5077">
    <p class='ocr_par' dir='ltr' id='par_1_96' title="bbox 321 5005 1906 5077">
     <span class='ocr_line' id='line_1_96' title="bbox 321 5005 1906 5077; baseline 0.008 -19"><span class='ocrx_word' id='word_1_662' title='bbox 321 5006 561 5075; x_wconf 69' lang='lat' dir='ltr'><strong>praedicti</strong></span> <span class='ocrx_word' id='word_1_663' title='bbox 609 5005 1027 5077; x_wconf 73' lang='lat' dir='ltr'><strong>prmdecessoris</strong></span> <span class='ocrx_word' id='word_1_664' title='bbox 1065 5010 1232 5064; x_wconf 91' lang='lat' dir='ltr'><strong>nostri</strong></span> <span class='ocrx_word' id='word_1_665' title='bbox 1263 5022 1461 5066; x_wconf 72' lang='lat' dir='ltr'><strong>sancta:</strong></span> <span class='ocrx_word' id='word_1_666' title='bbox 1491 5021 1548 5068; x_wconf 89' lang='lat' dir='ltr'><strong>et</strong></span> <span class='ocrx_word' id='word_1_667' title='bbox 1589 5015 1906 5070; x_wconf 77' lang='lat' dir='ltr'><strong>veneranda:</strong></span> 
     </span>
    </p>
   </div>
   <div class='ocr_carea' id='block_1_97' title="bbox 324 5097 1906 5170">
    <p class='ocr_par' dir='ltr' id='par_1_97' title="bbox 324 5097 1906 5170">
     <span class='ocr_line' id='line_1_97' title="bbox 324 5097 1906 5170; baseline 0.007 -21"><span class='ocrx_word' id='word_1_668' title='bbox 324 5097 718 5153; x_wconf 84' lang='lat' dir='ltr'><strong>recordationis</strong></span> <span class='ocrx_word' id='word_1_669' title='bbox 741 5097 937 5153; x_wconf 87' lang='lat' dir='ltr'><strong>Leonis</strong></span> <span class='ocrx_word' id='word_1_670' title='bbox 963 5099 1177 5170; x_wconf 87' lang='lat' dir='ltr'><strong>scriptis</strong></span> <span class='ocrx_word' id='word_1_671' title='bbox 1199 5109 1390 5156; x_wconf 76' lang='lat' dir='ltr'><strong>vestra:</strong></span> <span class='ocrx_word' id='word_1_672' title='bbox 1412 5101 1760 5159; x_wconf 81' lang='lat' dir='ltr'><strong>fraternitatis</strong></span> <span class='ocrx_word' id='word_1_673' title='bbox 1781 5105 1906 5160; x_wconf 86' lang='lat' dir='ltr'><strong>scri-</strong></span> 
     </span>
    </p>
   </div>
   <div class='ocr_carea' id='block_1_98' title="bbox 325 5187 1904 5260">
    <p class='ocr_par' dir='ltr' id='par_1_98' title="bbox 325 5187 1904 5260">
     <span class='ocr_line' id='line_1_98' title="bbox 325 5187 1904 5260; baseline 0.008 -23"><span class='ocrx_word' id='word_1_674' title='bbox 325 5187 432 5247; x_wconf 83' lang='lat' dir='ltr'><strong>uia,</strong></span> <span class='ocrx_word' id='word_1_675' title='bbox 464 5201 588 5254; x_wconf 79' lang='lat' dir='ltr'><strong>qua:</strong></span> <span class='ocrx_word' id='word_1_676' title='bbox 618 5187 680 5239; x_wconf 88' lang='lat' dir='ltr'><strong>ad</strong></span> <span class='ocrx_word' id='word_1_677' title='bbox 713 5187 1139 5256; x_wconf 67' lang='lat' dir='ltr'><strong>[anedeccssorcs</strong></span> <span class='ocrx_word' id='word_1_678' title='bbox 1169 5199 1288 5245; x_wconf 89' lang='lat' dir='ltr'><strong>tuos</strong></span> <span class='ocrx_word' id='word_1_679' title='bbox 1329 5192 1577 5260; x_wconf 86' lang='lat' dir='ltr'><strong>leguntur</strong></span> <span class='ocrx_word' id='word_1_680' title='bbox 1620 5195 1687 5248; x_wconf 90' lang='lat' dir='ltr'><strong>ab</strong></span> <span class='ocrx_word' id='word_1_681' title='bbox 1714 5195 1904 5250; x_wconf 90' lang='lat' dir='ltr'><strong>eodem</strong></span> 
     </span>
    </p>
   </div>
   <div class='ocr_carea' id='block_1_99' title="bbox 322 5277 1908 5357">
    <p class='ocr_par' dir='ltr' id='par_1_99' title="bbox 322 5277 1908 5357">
     <span class='ocr_line' id='line_1_99' title="bbox 322 5277 1908 5357; baseline 0.009 -27"><span class='ocrx_word' id='word_1_682' title='bbox 322 5279 596 5332; x_wconf 75' lang='lat' dir='ltr'><strong>destinata</strong></span> <span class='ocrx_word' id='word_1_683' title='bbox 628 5277 877 5346; x_wconf 81' lang='lat' dir='ltr'><strong>pontiﬁce</strong></span> <span class='ocrx_word' id='word_1_684' title='bbox 917 5297 929 5332; x_wconf 92' lang='lat'><strong>:</strong></span> <span class='ocrx_word' id='word_1_685' title='bbox 978 5281 1299 5352; x_wconf 87' lang='lat' dir='ltr'><strong>ibidemque,</strong></span> <span class='ocrx_word' id='word_1_686' title='bbox 1324 5300 1443 5352; x_wconf 72' lang='lat' dir='ltr'><strong>quae</strong></span> <span class='ocrx_word' id='word_1_687' title='bbox 1479 5287 1674 5340; x_wconf 87' lang='lat' dir='ltr'><strong>nostris</strong></span> <span class='ocrx_word' id='word_1_688' title='bbox 1707 5288 1908 5357; x_wconf 74' lang='lat' dir='ltr'><strong>pnede-</strong></span> 
     </span>
    </p>
   </div>
   <div class='ocr_carea' id='block_1_100' title="bbox 321 5370 1906 5442">
    <p class='ocr_par' dir='ltr' id='par_1_100' title="bbox 321 5370 1906 5442">
     <span class='ocr_line' id='line_1_100' title="bbox 321 5370 1906 5442; baseline 0.008 -19"><span class='ocrx_word' id='word_1_689' title='bbox 321 5370 632 5423; x_wconf 76' lang='lat' dir='ltr'><strong>cessoribus</strong></span> <span class='ocrx_word' id='word_1_690' title='bbox 672 5371 834 5425; x_wconf 88' lang='lat' dir='ltr'><strong>vestri</strong></span> <span class='ocrx_word' id='word_1_691' title='bbox 881 5372 1242 5440; x_wconf 85' lang='lat' dir='ltr'><strong>promiserint,</strong></span> <span class='ocrx_word' id='word_1_692' title='bbox 1277 5375 1602 5442; x_wconf 83' lang='lat' dir='ltr'><strong>releguntur.</strong></span> <span class='ocrx_word' id='word_1_693' title='bbox 1657 5377 1762 5433; x_wconf 90' lang='lat' dir='ltr'><strong>Sed</strong></span> <span class='ocrx_word' id='word_1_694' title='bbox 1792 5382 1906 5436; x_wconf 66' lang='lat' dir='ltr'><strong>haec</strong></span> 
     </span>
    </p>
   </div>
   <div class='ocr_carea' id='block_1_101' title="bbox 321 5460 1904 5534">
    <p class='ocr_par' dir='ltr' id='par_1_101' title="bbox 321 5460 1904 5534">
     <span class='ocr_line' id='line_1_101' title="bbox 321 5460 1904 5534; baseline 0.009 -22"><span class='ocrx_word' id='word_1_695' title='bbox 321 5462 524 5514; x_wconf 74' lang='lat' dir='ltr'><strong>dixisse</strong></span> <span class='ocrx_word' id='word_1_696' title='bbox 555 5460 787 5517; x_wconf 85' lang='lat' dir='ltr'><strong>suliiciat</strong></span> <span class='ocrx_word' id='word_1_697' title='bbox 810 5480 822 5514; x_wconf 93' lang='lat'>:</span> <span class='ocrx_word' id='word_1_698' title='bbox 855 5464 1096 5533; x_wconf 80' lang='lat' dir='ltr'><strong>Apostoli</strong></span> <span class='ocrx_word' id='word_1_699' title='bbox 1121 5480 1350 5534; x_wconf 89' lang='lat' dir='ltr'><strong>namque</strong></span> <span class='ocrx_word' id='word_1_700' title='bbox 1374 5483 1553 5522; x_wconf 87' lang='lat' dir='ltr'><strong>sermo</strong></span> <span class='ocrx_word' id='word_1_701' title='bbox 1574 5479 1696 5523; x_wconf 90' lang='lat' dir='ltr'><strong>ante</strong></span> <span class='ocrx_word' id='word_1_702' title='bbox 1716 5471 1904 5526; x_wconf 89' lang='lat' dir='ltr'><strong>oculos</strong></span> 
     </span>
    </p>
   </div>
   <div class='ocr_carea' id='block_1_102' title="bbox 323 5553 1904 5630">
    <p class='ocr_par' dir='ltr' id='par_1_102' title="bbox 323 5553 1904 5630">
     <span class='ocr_line' id='line_1_102' title="bbox 323 5553 1904 5630; baseline 0.007 -26"><span class='ocrx_word' id='word_1_703' title='bbox 323 5562 545 5605; x_wconf 53' lang='lat' dir='ltr'><strong>no»th</strong></span> <span class='ocrx_word' id='word_1_704' title='bbox 572 5560 674 5610; x_wconf 81' lang='lat' dir='ltr'><strong>est.</strong></span> <span class='ocrx_word' id='word_1_705' title='bbox 695 5553 785 5622; x_wconf 89' lang='lat' dir='ltr'><strong>qui</strong></span> <span class='ocrx_word' id='word_1_706' title='bbox 818 5553 946 5607; x_wconf 83' lang='lat' dir='ltr'><strong>dicit</strong></span> <span class='ocrx_word' id='word_1_707' title='bbox 971 5573 982 5606; x_wconf 93' lang='lat'>:</span> <span class='ocrx_word' id='word_1_708' title='bbox 1009 5555 1331 5624; x_wconf 81' lang='lat' dir='ltr'><strong>Sapientiam</strong></span> <span class='ocrx_word' id='word_1_709' title='bbox 1360 5559 1614 5618; x_wconf 83' lang='lat' dir='ltr'><strong>loquimur</strong></span> <span class='ocrx_word' id='word_1_710' title='bbox 1633 5561 1766 5613; x_wconf 81' lang='lat' dir='ltr'><strong>inter</strong></span> <span class='ocrx_word' id='word_1_711' title='bbox 1785 5577 1904 5630; x_wconf 70' lang='lat' dir='ltr'><strong>pero~</strong></span> 
     </span>
    </p>
   </div>
   <div class='ocr_carea' id='block_1_103' title="bbox 322 5639 1903 5714">
    <p class='ocr_par' dir='ltr' id='par_1_103' title="bbox 322 5639 1903 5714">
     <span class='ocr_line' id='line_1_103' title="bbox 322 5639 1903 5714; baseline 0.007 -21"><span class='ocrx_word' id='word_1_712' title='bbox 322 5645 486 5704; x_wconf 74' lang='lat' dir='ltr'><strong>{celos</strong></span> <span class='ocrx_word' id='word_1_713' title='bbox 531 5639 584 5709; x_wconf 76' lang='grc' dir='ltr'><strong>(ι</strong></span> <span class='ocrx_word' id='word_1_714' title='bbox 617 5641 738 5695; x_wconf 87' lang='lat' dir='ltr'><strong>Cor.</strong></span> <span class='ocrx_word' id='word_1_715' title='bbox 784 5643 845 5710; x_wconf 84' lang='lat' dir='ltr'><strong>l).</strong></span> <span class='ocrx_word' id='word_1_716' title='bbox 895 5643 970 5696; x_wconf 90' lang='lat' dir='ltr'><strong>De</strong></span> <span class='ocrx_word' id='word_1_717' title='bbox 1016 5643 1096 5698; x_wconf 89' lang='lat' dir='ltr'><strong>bis</strong></span> <span class='ocrx_word' id='word_1_718' title='bbox 1124 5660 1252 5699; x_wconf 89' lang='lat' dir='ltr'><strong>vero</strong></span> <span class='ocrx_word' id='word_1_719' title='bbox 1289 5645 1483 5714; x_wconf 85' lang='lat' dir='ltr'><strong>quibus</strong></span> <span class='ocrx_word' id='word_1_720' title='bbox 1520 5654 1572 5701; x_wconf 88' lang='lat' dir='ltr'><strong>te</strong></span> <span class='ocrx_word' id='word_1_721' title='bbox 1614 5664 1903 5704; x_wconf 86' lang='lat' dir='ltr'><strong>memorem</strong></span> 
     </span>
    </p>
   </div>
   <div class='ocr_carea' id='block_1_104' title="bbox 322 5733 1908 5808">
    <p class='ocr_par' dir='ltr' id='par_1_104' title="bbox 322 5733 1908 5808">
     <span class='ocr_line' id='line_1_104' title="bbox 322 5733 1908 5808; baseline 0.009 -22"><span class='ocrx_word' id='word_1_722' title='bbox 322 5733 493 5787; x_wconf 82' lang='lat' dir='ltr'><strong>libelli</strong></span> <span class='ocrx_word' id='word_1_723' title='bbox 527 5748 684 5801; x_wconf 90' lang='lat' dir='ltr'><strong>quem</strong></span> <span class='ocrx_word' id='word_1_724' title='bbox 711 5736 1076 5806; x_wconf 82' lang='lat' dir='ltr'><strong>suprascripto</strong></span> <span class='ocrx_word' id='word_1_725' title='bbox 1114 5738 1490 5808; x_wconf 73' lang='lat' dir='ltr'><strong>prardecessori</strong></span> <span class='ocrx_word' id='word_1_726' title='bbox 1536 5751 1720 5797; x_wconf 89' lang='lat' dir='ltr'><strong>nostro</strong></span> <span class='ocrx_word' id='word_1_727' title='bbox 1751 5745 1908 5800; x_wconf 83' lang='lat' dir='ltr'><strong>tradi-</strong></span> 
     </span>
    </p>
   </div>
   <div class='ocr_carea' id='block_1_105' title="bbox 323 5827 1904 5897">
    <p class='ocr_par' dir='ltr' id='par_1_105' title="bbox 323 5827 1904 5897">
     <span class='ocr_line' id='line_1_105' title="bbox 323 5827 1904 5897; baseline 0.009 -21"><span class='ocrx_word' id='word_1_728' title='bbox 323 5827 512 5890; x_wconf 65' lang='grc' dir='ltr'><strong>σει-λέ,</strong></span> <span class='ocrx_word' id='word_1_729' title='bbox 557 5833 610 5880; x_wconf 91' lang='lat' dir='ltr'><strong>ct</strong></span> <span class='ocrx_word' id='word_1_730' title='bbox 650 5835 939 5896; x_wconf 86' lang='lat' dir='ltr'><strong>sequentes</strong></span> <span class='ocrx_word' id='word_1_731' title='bbox 981 5827 1289 5897; x_wconf 84' lang='lat' dir='ltr'><strong>apostolica:</strong></span> <span class='ocrx_word' id='word_1_732' title='bbox 1318 5830 1605 5886; x_wconf 85' lang='lat' dir='ltr'><strong>constituta</strong></span> <span class='ocrx_word' id='word_1_733' title='bbox 1651 5833 1904 5891; x_wconf 71' lang='lat' dir='ltr'><strong>doctrinm</strong></span> 
     </span>
    </p>
   </div>
   <div class='ocr_carea' id='block_1_106' title="bbox 2010 4645 3585 4721">
    <p class='ocr_par' dir='ltr' id='par_1_106' title="bbox 2010 4645 3585 4721">
     <span class='ocr_line' id='line_1_106' title="bbox 2010 4645 3585 4721; baseline 0.001 -20"><span class='ocrx_word' id='word_1_734' title='bbox 2010 4663 2135 4702; x_wconf 89' lang='lat' dir='ltr'><strong>nam</strong></span> <span class='ocrx_word' id='word_1_735' title='bbox 2163 4649 2335 4702; x_wconf 89' lang='lat' dir='ltr'><strong>virum</strong></span> <span class='ocrx_word' id='word_1_736' title='bbox 2379 4645 2743 4705; x_wconf 83' lang='lat' dir='ltr'><strong>beatissimum</strong></span> <span class='ocrx_word' id='word_1_737' title='bbox 2773 4650 3374 4721; x_wconf 76' lang='lat' dir='ltr'><strong>Constantinopolitanzc</strong></span> <span class='ocrx_word' id='word_1_738' title='bbox 3411 4649 3585 4703; x_wconf 88' lang='lat' dir='ltr'><strong>archi-</strong></span> 
     </span>
    </p>
   </div>
   <div class='ocr_carea' id='block_1_107' title="bbox 2007 4738 3581 4810">
    <p class='ocr_par' dir='ltr' id='par_1_107' title="bbox 2007 4738 3581 4810">
     <span class='ocr_line' id='line_1_107' title="bbox 2007 4738 3581 4810; baseline 0.001 -18"><span class='ocrx_word' id='word_1_739' title='bbox 2007 4738 2318 4808; x_wconf 88' lang='lat' dir='ltr'><strong>episcopum</strong></span> <span class='ocrx_word' id='word_1_740' title='bbox 2346 4740 2574 4795; x_wconf 91' lang='lat' dir='ltr'><strong>civitatis</strong></span> <span class='ocrx_word' id='word_1_741' title='bbox 2602 4742 2862 4810; x_wconf 86' lang='lat' dir='ltr'><strong>rclegens,</strong></span> <span class='ocrx_word' id='word_1_742' title='bbox 2893 4741 3196 4804; x_wconf 83' lang='lat' dir='ltr'><strong>conferens,</strong></span> <span class='ocrx_word' id='word_1_743' title='bbox 3211 4742 3581 4796; x_wconf 84' lang='lat' dir='ltr'><strong>consentiens-</strong></span> 
     </span>
    </p>
   </div>
   <div class='ocr_carea' id='block_1_108' title="bbox 2007 4830 3587 4900">
    <p class='ocr_par' dir='ltr' id='par_1_108' title="bbox 2007 4830 3587 4900">
     <span class='ocr_line' id='line_1_108' title="bbox 2007 4830 3587 4900; baseline 0.002 -18"><span class='ocrx_word' id='word_1_744' title='bbox 2007 4843 2114 4897; x_wconf 89' lang='lat' dir='ltr'><strong>que</strong></span> <span class='ocrx_word' id='word_1_745' title='bbox 2156 4830 2476 4900; x_wconf 90' lang='lat' dir='ltr'><strong>subscripsi,</strong></span> <span class='ocrx_word' id='word_1_746' title='bbox 2515 4831 2602 4886; x_wconf 90' lang='lat' dir='ltr'><strong>die</strong></span> <span class='ocrx_word' id='word_1_747' title='bbox 2661 4847 2729 4887; x_wconf 81' lang='lat' dir='ltr'><strong>xv</strong></span> <span class='ocrx_word' id='word_1_748' title='bbox 2773 4833 3022 4887; x_wconf 86' lang='lat' dir='ltr'><strong>calendas</strong></span> <span class='ocrx_word' id='word_1_749' title='bbox 3066 4831 3328 4895; x_wconf 88' lang='lat' dir='ltr'><strong>Octobris,</strong></span> <span class='ocrx_word' id='word_1_750' title='bbox 3377 4831 3587 4887; x_wconf 85' lang='lat' dir='ltr'><strong>Justino</strong></span> 
     </span>
    </p>
   </div>
   <div class='ocr_carea' id='block_1_109' title="bbox 2009 4923 3278 4998">
    <p class='ocr_par' dir='ltr' id='par_1_109' title="bbox 2009 4923 3278 4998">
     <span class='ocr_line' id='line_1_109' title="bbox 2009 4923 3278 4998; baseline 0.006 -22"><span class='ocrx_word' id='word_1_751' title='bbox 2009 4923 2125 4978; x_wconf 90' lang='lat' dir='ltr'><strong>viro</strong></span> <span class='ocrx_word' id='word_1_752' title='bbox 2152 4923 2445 4980; x_wconf 86' lang='lat' dir='ltr'><strong>clarissimo</strong></span> <span class='ocrx_word' id='word_1_753' title='bbox 2465 4926 2683 4982; x_wconf 89' lang='lat' dir='ltr'><strong>consule</strong></span> <span class='ocrx_word' id='word_1_754' title='bbox 2701 4928 2871 4998; x_wconf 80' lang='lat' dir='ltr'><strong>(Anno</strong></span> <span class='ocrx_word' id='word_1_755' title='bbox 2899 4927 3106 4982; x_wconf 81' lang='lat' dir='ltr'><strong>Domini</strong></span> <span class='ocrx_word' id='word_1_756' title='bbox 3132 4927 3278 4995; x_wconf 64' lang='grc'><strong>540).</strong></span> 
     </span>
    </p>
   </div>
   <div class='ocr_carea' id='block_1_110' title="bbox 2216 5061 3372 5138">
    <p class='ocr_par' dir='ltr' id='par_1_110' title="bbox 2216 5061 3372 5138">
     <span class='ocr_line' id='line_1_110' title="bbox 2216 5061 3372 5138; baseline 0.005 -22"><span class='ocrx_word' id='word_1_757' title='bbox 2216 5061 2546 5119; x_wconf 81' lang='lat' dir='ltr'><strong>EPISTOLA</strong></span> <span class='ocrx_word' id='word_1_758' title='bbox 2585 5065 2728 5135; x_wconf 84' lang='lat' dir='ltr'><strong>(olim</strong></span> <span class='ocrx_word' id='word_1_759' title='bbox 2773 5066 2861 5138; x_wconf 76' lang='lat' dir='ltr'><strong>VI)</strong></span> <span class='ocrx_word' id='word_1_760' title='bbox 2908 5065 3133 5121; x_wconf 84' lang='lat' dir='ltr'><strong>VlGlLll</strong></span> <span class='ocrx_word' id='word_1_761' title='bbox 3172 5066 3372 5123; x_wconf 69' lang='grc' dir='ltr'><strong>ΡΑΡᾹΞ</strong></span> 
     </span>
    </p>
   </div>
   <div class='ocr_carea' id='block_1_111' title="bbox 2389 5195 3203 5236">
    <p class='ocr_par' dir='ltr' id='par_1_111' title="bbox 2389 5195 3203 5236">
     <span class='ocr_line' id='line_1_111' title="bbox 2389 5195 3203 5236; baseline 0.005 -4"><span class='ocrx_word' id='word_1_762' title='bbox 2389 5195 2456 5233; x_wconf 76' lang='lat' dir='ltr'><strong>AD</strong></span> <span class='ocrx_word' id='word_1_763' title='bbox 2495 5195 2763 5235; x_wconf 73' lang='lat' dir='ltr'><strong>AUXANIUH</strong></span> <span class='ocrx_word' id='word_1_764' title='bbox 2803 5198 3203 5236; x_wconf 59' lang='lat' dir='ltr'><strong>ARELATENaEI.</strong></span> 
     </span>
    </p>
   </div>
   <div class='ocr_carea' id='block_1_112' title="bbox 2011 5288 3592 5366">
    <p class='ocr_par' dir='ltr' id='par_1_112' title="bbox 2011 5288 3592 5366">
     <span class='ocr_line' id='line_1_112' title="bbox 2011 5288 3592 5366; baseline 0.004 -21"><span class='ocrx_word' id='word_1_765' title='bbox 2011 5288 2169 5345; x_wconf 80' lang='lat' dir='ltr'><strong>Usum</strong></span> <span class='ocrx_word' id='word_1_766' title='bbox 2197 5291 2364 5360; x_wconf 86' lang='lat' dir='ltr'><strong>pallii,</strong></span> <span class='ocrx_word' id='word_1_767' title='bbox 2393 5309 2541 5366; x_wconf 84' lang='lat' dir='ltr'><strong>quem</strong></span> <span class='ocrx_word' id='word_1_768' title='bbox 2561 5295 2870 5366; x_wconf 80' lang='lat' dir='ltr'><strong>postulabat,</strong></span> <span class='ocrx_word' id='word_1_769' title='bbox 2900 5297 3099 5363; x_wconf 72' lang='lat' dir='ltr'><strong>(li/fert,</strong></span> <span class='ocrx_word' id='word_1_770' title='bbox 3126 5296 3296 5366; x_wconf 82' lang='lat' dir='ltr'><strong>quoad</strong></span> <span class='ocrx_word' id='word_1_771' title='bbox 3321 5298 3592 5354; x_wconf 77' lang='lat' dir='ltr'><strong>certiorem</strong></span> 
     </span>
    </p>
   </div>
   <div class='ocr_carea' id='block_1_113' title="bbox 2505 5365 3083 5435">
    <p class='ocr_par' dir='ltr' id='par_1_113' title="bbox 2505 5365 3083 5435">
     <span class='ocr_line' id='line_1_113' title="bbox 2505 5365 3083 5435; baseline 0.009 -21"><span class='ocrx_word' id='word_1_772' title='bbox 2505 5365 2662 5433; x_wconf 74' lang='lat' dir='ltr'><strong>faciat</strong></span> <span class='ocrx_word' id='word_1_773' title='bbox 2706 5365 3083 5435; x_wconf 80' lang='lat' dir='ltr'><strong>imperatorem.</strong></span> 
     </span>
    </p>
   </div>
   <div class='ocr_carea' id='block_1_114' title="bbox 2082 5475 3154 5545">
    <p class='ocr_par' dir='ltr' id='par_1_114' title="bbox 2082 5475 3154 5545">
     <span class='ocr_line' id='line_1_114' title="bbox 2082 5475 3154 5545; baseline 0.007 -17"><span class='ocrx_word' id='word_1_774' title='bbox 2082 5475 2436 5531; x_wconf 78' lang='lat' dir='ltr'><strong>Dilectissimo</strong></span> <span class='ocrx_word' id='word_1_775' title='bbox 2467 5476 2614 5532; x_wconf 78' lang='lat' dir='ltr'><strong>fratri</strong></span> <span class='ocrx_word' id='word_1_776' title='bbox 2645 5478 2888 5532; x_wconf 77' lang='lat' dir='ltr'><strong>Auxanio</strong></span> <span class='ocrx_word' id='word_1_777' title='bbox 2920 5479 3154 5545; x_wconf 77' lang='lat' dir='ltr'><strong>Vigilius.</strong></span> 
     </span>
    </p>
   </div>
   <div class='ocr_carea' id='block_1_115' title="bbox 2082 5565 3585 5639">
    <p class='ocr_par' dir='ltr' id='par_1_115' title="bbox 2082 5565 3585 5639">
     <span class='ocr_line' id='line_1_115' title="bbox 2082 5565 3585 5639; baseline 0.005 -19"><span class='ocrx_word' id='word_1_778' title='bbox 2082 5567 2291 5635; x_wconf 82' lang='lat' dir='ltr'><strong>Scripta</strong></span> <span class='ocrx_word' id='word_1_779' title='bbox 2320 5566 2387 5622; x_wconf 89' lang='lat' dir='ltr'><strong>de</strong></span> <span class='ocrx_word' id='word_1_780' title='bbox 2433 5565 2765 5622; x_wconf 83' lang='lat' dir='ltr'><strong>ordinatione</strong></span> <span class='ocrx_word' id='word_1_781' title='bbox 2809 5567 3086 5623; x_wconf 84' lang='lat' dir='ltr'><strong>cltaritatis</strong></span> <span class='ocrx_word' id='word_1_782' title='bbox 3128 5581 3336 5639; x_wconf 67' lang='lat' dir='ltr'><strong>vestrae,</strong></span> <span class='ocrx_word' id='word_1_783' title='bbox 3380 5573 3585 5628; x_wconf 81' lang='lat' dir='ltr'><strong>Joanne</strong></span> 
     </span>
    </p>
   </div>
   <div class='ocr_carea' id='block_1_116' title="bbox 2015 5657 3586 5728">
    <p class='ocr_par' dir='ltr' id='par_1_116' title="bbox 2015 5657 3586 5728">
     <span class='ocr_line' id='line_1_116' title="bbox 2015 5657 3586 5728; baseline 0.007 -20"><span class='ocrx_word' id='word_1_784' title='bbox 2015 5657 2122 5712; x_wconf 82' lang='lat' dir='ltr'><strong>ﬁlio</strong></span> <span class='ocrx_word' id='word_1_785' title='bbox 2152 5667 2335 5714; x_wconf 90' lang='lat' dir='ltr'><strong>nostro</strong></span> <span class='ocrx_word' id='word_1_786' title='bbox 2365 5659 2696 5728; x_wconf 85' lang='lat' dir='ltr'><strong>presbytero,</strong></span> <span class='ocrx_word' id='word_1_787' title='bbox 2727 5660 2818 5714; x_wconf 85' lang='lat' dir='ltr'><strong>sed</strong></span> <span class='ocrx_word' id='word_1_788' title='bbox 2847 5670 2902 5714; x_wconf 90' lang='lat' dir='ltr'><strong>et</strong></span> <span class='ocrx_word' id='word_1_789' title='bbox 2931 5660 3161 5719; x_wconf 87' lang='lat' dir='ltr'><strong>Tcrcdio</strong></span> <span class='ocrx_word' id='word_1_790' title='bbox 3188 5664 3412 5720; x_wconf 85' lang='lat' dir='ltr'><strong>diacono</strong></span> <span class='ocrx_word' id='word_1_791' title='bbox 3438 5665 3586 5720; x_wconf 80' lang='lat' dir='ltr'><strong>defc-</strong></span> 
     </span>
    </p>
   </div>
   <div class='ocr_carea' id='block_1_117' title="bbox 2011 5749 3583 5824">
    <p class='ocr_par' dir='ltr' id='par_1_117' title="bbox 2011 5749 3583 5824">
     <span class='ocr_line' id='line_1_117' title="bbox 2011 5749 3583 5824; baseline 0.006 -23"><span class='ocrx_word' id='word_1_792' title='bbox 2011 5749 2270 5812; x_wconf 83' lang='lat' dir='ltr'><strong>rentibus,</strong></span> <span class='ocrx_word' id='word_1_793' title='bbox 2292 5767 2410 5803; x_wconf 84' lang='lat' dir='ltr'><strong>cum</strong></span> <span class='ocrx_word' id='word_1_794' title='bbox 2437 5751 2596 5804; x_wconf 88' lang='lat' dir='ltr'><strong>animi</strong></span> <span class='ocrx_word' id='word_1_795' title='bbox 2617 5753 2836 5822; x_wconf 82' lang='lat' dir='ltr'><strong>spiritali</strong></span> <span class='ocrx_word' id='word_1_796' title='bbox 2859 5755 3213 5821; x_wconf 68' lang='lat' dir='ltr'><strong>gratulatione</strong></span> <span class='ocrx_word' id='word_1_797' title='bbox 3231 5757 3583 5824; x_wconf 79' lang='lat' dir='ltr'><strong>suscepimus,</strong></span> 
     </span>
    </p>
   </div>
   <div class='ocr_carea' id='block_1_118' title="bbox 2015 5839 3582 5915">
    <p class='ocr_par' dir='ltr' id='par_1_118' title="bbox 2015 5839 3582 5915">
     <span class='ocr_line' id='line_1_118' title="bbox 2015 5839 3582 5915; baseline 0.007 -21"><span class='ocrx_word' id='word_1_798' title='bbox 2015 5839 2236 5896; x_wconf 82' lang='lat' dir='ltr'><strong>Domino</strong></span> <span class='ocrx_word' id='word_1_799' title='bbox 2266 5842 2459 5908; x_wconf 61' lang='lat' dir='ltr'><strong>gratias</strong></span> <span class='ocrx_word' id='word_1_800' title='bbox 2489 5840 2802 5915; x_wconf 75' lang='lat' dir='ltr'><strong>referentes,</strong></span> <span class='ocrx_word' id='word_1_801' title='bbox 2824 5845 2945 5915; x_wconf 88' lang='lat' dir='ltr'><strong>quia</strong></span> <span class='ocrx_word' id='word_1_802' title='bbox 2976 5847 3075 5901; x_wconf 89' lang='lat' dir='ltr'><strong>hoc</strong></span> <span class='ocrx_word' id='word_1_803' title='bbox 3102 5849 3150 5901; x_wconf 91' lang='lat' dir='ltr'><strong>in</strong></span> <span class='ocrx_word' id='word_1_804' title='bbox 3183 5846 3412 5906; x_wconf 78' lang='lat' dir='ltr'><strong>Ecclosm</strong></span> <span class='ocrx_word' id='word_1_805' title='bbox 3444 5850 3582 5905; x_wconf 62' lang='lat' dir='ltr'><strong>Are.</strong></span> 
     </span>
    </p>
   </div>
  </div>
