4006 6190
607 341 672 394 27

2030 336 2252 393 VlGlLll
2293 334 2494 389 i’APAZ

3779 341 3837 395 ‘28

605 455 793 510 tatensi
823 455 1016 510 factum
1051 465 1150 520 est,
1176 458 1323 527 quod
1352 467 1406 513 et
1435 458 1728 514 canenibns
1755 466 1810 514 et
1843 459 2184 516 decessurum
2218 460 2261 519 A
2290 456 2445 520 tione.
2468 455 2522 508 in
2548 456 2815 520 charitate,
2842 457 2895 509 in
2916 457 3037 526 ﬁde,
3069 458 3124 513 in
3145 458 3384 511 castitate
3413 455 3465 528 (1
3497 455 3625 512 Tim.
3652 457 3739 529 iv).
3785 460 3843 514 Et

605 555 909 603 nostrorum
941 548 1138 616 regulis
1165 550 1479 605 conveniret
1507 566 1520 605 :
1549 559 1816 621 quatenus
1840 567 1907 606 ex
1936 551 2184 621 sequenti
2284 547 2428 602 sicut
2456 546 2584 602 item
2612 548 2982 617 apostolorum
3004 549 3208 618 primus
3228 549 3578 605 saluberrima
3621 551 3838 607 admoni-

602 638 793 694 ordine
820 638 1108 693 sacerdotii
1131 649 1221 693 tua
1252 638 1555 695 fraternitas
1583 641 1651 694 ad
1697 641 2018 711 pontificalis
2061 655 2186 710 pro-

602 729 894 783 veheretur
919 730 1125 799 apicem
1153 728 1441 796 dignitatis,
1464 738 1520 784 et
1540 730 1730 786 divinae
1759 732 1810 786 in
1834 739 1888 786 te
1913 731 2187 786 electionis

606 820 859 890 iudicium
883 821 1262 892 compleretur,
1289 820 1428 876 sicut
1465 821 1725 892 scriptum
1753 830 1869 878 est:
1900 819 2068 876 Omne
2093 821 2189 874 da-

606 922 713 967 tum
741 914 984 984 optimum
1014 922 1063 966 et
1086 928 1238 967 omne
1283 913 1474 968 donum
1502 915 1782 985 perfectum
1805 916 2069 968 desursum
2090 924 2188 982 est,

606 1004 915 1059 descendens
936 1020 969 1056 a
997 1001 1155 1056 Patre
1174 1002 1443 1067 luminum,
1468 1005 1607 1074 apud
1620 1021 1766 1075 quem
1788 1020 1892 1059 non
1912 1013 1989 1059 est
2012 1013 2189 1057 trans-

601 1096 821 1149 mutatio
884 1109 978 1147 nec
1017 1093 1384 1147 vicissitudinis
1424 1092 1745 1148 obumbratio
1776 1092 1997 1165 (Jacob.
2032 1092 2089 1163 ι).
2124 1091 2192 1146 Et

608 1188 802 1239 iterum
830 1183 1022 1239 doctor
1047 1182 1285 1252 gentium
1313 1183 1588 1252 apostolus
1627 1181 1821 1239 Paulus
1868 1182 2000 1238 dicit
2030 1199 2043 1235 :
2076 1180 2190 1235 Nec

608 1275 876 1347 quisquam
902 1274 1056 1328 sumit
1082 1272 1183 1327 sibi
1202 1273 1469 1338 honorem,
1499 1272 1588 1326 sed
1620 1271 1707 1344 qui
1744 1279 1954 1325 vocatur
2006 1287 2041 1325 a
2086 1269 2191 1323 Deo

610 1376 854 1437 tanquam
881 1365 1057 1419 Aaron
1081 1362 1267 1431 (Hebr.
1291 1366 1367 1432 v).
1400 1362 1659 1433 Superest
1682 1371 1742 1417 ut
1768 1362 1928 1429 Deus,
1960 1361 2052 1433 qui
2093 1376 2194 1417 nos

609 1456 908 1511 immeritos
948 1453 1202 1510 ineffabili
1242 1455 1603 1511 misericordia
1629 1454 1894 1510 honorem
1933 1456 2193 1510 miserans

610 1545 967 1615 pontiﬁcalem
999 1545 1196 1599 habere
1238 1559 1337 1615 pro
1362 1560 1457 1599 sua
1505 1545 1707 1615 pietate
1732 1544 1999 1612 concedit,
2028 1544 2194 1601 donet

610 1643 667 1690 et
692 1636 989 1706 prtemium,
1008 1644 1067 1689 ut
1089 1635 1217 1690 illud
1240 1636 1292 1689 in
1316 1636 1468 1691 nobis
1489 1636 1822 1706 compleatur
1835 1635 1977 1707 quod
1996 1635 2193 1691 Christi

616 1727 709 1782 Dei
737 1737 793 1781 et
836 1725 1131 1781 Salvatoris
1176 1727 1347 1781 nostri
1396 1726 1556 1781 verba
1597 1733 1880 1792 testantur,
1923 1725 2188 1781 dicentis:

2288 638 2437 693 tione
2459 638 2781 707 praecipiens
2805 655 2817 691 :
2858 637 3061 693 Pascite
3079 641 3166 711 qui
3193 640 3247 695 in
3269 640 3408 695 vobis
3435 652 3511 695 est
3530 659 3721 714 gregem
3736 643 3841 709 Dei,

2287 730 2639 799 consequenti
2682 729 3060 786 adhortatione
3110 732 3385 802 subjungit
3425 750 3439 786 :
3497 733 3683 789 Forma
3726 737 3840 808 {acti

2290 822 2460 892 gregis
2483 837 2548 875 ex
2572 823 2762 886 animo,
2787 830 2838 874 et
2864 838 2976 875 cum
3006 824 3305 892 apparuerit
3323 823 3564 893 princeps
3584 834 3848 895 pastorum,

2288 916 2580 985 percipiatis
2610 913 3079 968 immarcescibilem
3124 917 3307 985 gloria:
3333 932 3578 970 coronam
3613 916 3678 989 (ι
3716 916 3848 971 Petr.

2289 1025 2323 1062 v
2339 1009 2381 1078 ).
2407 1006 2465 1063 Si
2490 1023 2608 1077 quae
2635 1022 2763 1078 ergo
2793 1007 2933 1063 inter
2961 1006 3154 1063 fratres
3180 1015 3236 1062 et
3262 1008 3610 1079 coepiscopos
3633 1017 3848 1071 nostros,

2292 1100 2346 1154 in
2395 1099 2527 1155 locis
2574 1108 2765 1155 vestra:
2809 1099 3059 1154 ebaritati
3098 1100 3349 1170 prtesenti
3373 1103 3687 1157 auctoritate
3714 1118 3850 1158 com-

2292 1192 2487 1258 missis,
2514 1193 2812 1247 seminante
2844 1191 2934 1248 illo
2964 1200 3186 1247 auctore
3212 1207 3279 1247 ex
3333 1193 3550 1260 antiqua
3596 1194 3856 1262 iniquitate

2294 1282 2548 1347 zizanias,
2572 1281 2936 1339 dissensiones
2965 1283 3305 1351 emerserint,
3331 1277 3580 1339 adhibitis
3601 1285 3854 1339 vobiscum

2276 1371 2663 1427 sacerdotibus
2688 1387 2913 1428 numero
2932 1373 3279 1443 competenti,
3310 1388 3500 1430 causas
3523 1375 3767 1430 canonica
3809 1384 3859 1431 et

2293 1459 2588 1529 apostolica
2615 1462 2868 1530 aequitate
2893 1461 3157 1529 discutite,
3190 1477 3250 1518 ea
3279 1463 3452 1517 modis
3474 1464 3713 1520 omnibus
3739 1480 3857 1535 pro-

2293 1550 2406 1606 lato
2429 1549 2633 1621 judicio
2665 1553 2885 1619 liuituri,
2909 1567 3028 1622 qua:
3050 1554 3161 1609 Deo
3187 1554 3400 1624 placitis
3422 1555 3756 1610 decessorum
3776 1571 3862 1608 no-

2294 1653 2529 1700 strorum
2555 1647 2761 1715 possint
2782 1646 2980 1715 regulis
3008 1648 3315 1703 convenire.
3361 1647 3416 1702 Si
3447 1663 3551 1717 qua
3583 1663 3705 1703 vero
3751 1663 3863 1703 cer—

2297 1734 2495 1788 tamina
2523 1744 2616 1788 aut
2636 1735 2704 1791 de
2730 1736 2991 1804 religione
3021 1736 3164 1805 iidei,
3194 1738 3335 1807 quod
3366 1737 3507 1793 Deus
3534 1736 3751 1803 auferat,
3777 1748 3866 1791 aut

614 1816 776 1888 Euge,
809 1832 947 1871 serve
968 1815 1097 1871 bone
1120 1826 1171 1870 et
1196 1817 1387 1886 ﬁdelis,
1410 1817 1531 1888 quia
1548 1818 1602 1871 in
1629 1833 1794 1888 pauca
1820 1817 1964 1888 fuisti
2001 1816 2191 1887 ﬁdelis,
2224 1829 2267 1887 Β
2296 1826 2364 1881 de
2406 1826 2647 1896 quolibet
2693 1828 2935 1896 negotio,
2966 1828 3108 1898 quod
3139 1829 3212 1883 ibi
3259 1845 3358 1899 pro
3387 1830 3468 1885 sui
3518 1829 3866 1897 magnitudine

613 1924 773 1977 supra
811 1907 974 1961 multa
1017 1915 1067 1961 te
1095 1908 1438 1971 constituam;
1468 1909 1610 1961 intra
1645 1909 1699 1962 in
1726 1909 1970 1980 gaudium
1996 1908 2194 1963 domini

616 1997 688 2050 tui
716 1993 927 2066 (Matth.
952 1995 1109 2066 xxv);
1134 2004 1189 2050 et
1211 1996 1402 2051 iterum
1427 2014 1439 2049 :
1474 1995 1600 2060 Quis
1621 2005 1774 2067 putas
1790 2005 1868 2051 est
1894 1997 2067 2068 ﬁdelis
2087 2013 2197 2051 ser-

612 2101 704 2139 vus
723 2094 772 2138 et
798 2084 1045 2153 prudens,
1063 2102 1211 2157 quem
1232 2087 1495 2140 constituit
1513 2086 1753 2141 dominus
1771 2103 1922 2158 super
1943 2087 2196 2159 familiam

609 2190 781 2238 satam,
811 2183 867 2226 ut
891 2173 976 2227 det
1004 2174 1110 2229 illis
1136 2175 1190 2228 in
1219 2184 1444 2246 tempore
1464 2177 1619 2231 tritici
1646 2179 1979 2232 incusat-am?
2007 2177 2197 2233 Beatus

612 2267 701 2321 ille
726 2282 898 2321 servus
927 2283 1073 2336 quem
1102 2283 1217 2321 cum
1238 2269 1429 2322 venerit
1453 2268 1692 2324 dominus
1728 2271 1979 2325 invenerit
2004 2272 2078 2325 ita
2109 2273 2198 2343 [u-

610 2361 830 2414 cientem
853 2359 1069 2431 (Matth.
1092 2358 1260 2431 xxiv).
1292 2358 1430 2415 Sunt
1458 2364 1621 2417 etiam
1663 2379 1783 2433 qua:
1818 2379 1916 2434 per
1957 2364 2047 2419 Dei
2077 2380 2199 2435 gra-

616 2450 745 2504 tiam
763 2465 927 2519 super
956 2448 1291 2505 fraternitate
1318 2460 1496 2506 vestra
1521 2453 1586 2505 ad
1618 2451 1860 2508 facienda
1897 2454 2039 2509 bona
2069 2455 2197 2511 hor-

614 2548 797 2596 tentur
822 2542 1086 2611 exempla.
1141 2540 1197 2596 Si
1234 2543 1376 2597 enim
1416 2542 1714 2599 decessoris
1744 2545 1817 2598 tui
1865 2545 1976 2609 illa,
2007 2561 2126 2614 quae
2167 2562 2197 2599 a

614 2634 745 2690 sede
763 2633 1059 2704 apostolica
1074 2633 1143 2689 de
1163 2634 1511 2690 fundamento
1531 2644 1698 2705 petra
1709 2636 1986 2691 dominicae
2001 2636 2199 2692 doctri-

615 2740 697 2781 nte
726 2726 867 2781 bona
895 2726 1415 2795 suscipiensactibus
1443 2727 1761 2795 exmquavit,
1793 2727 1988 2781 imitari
2015 2728 2199 2782 volue-

616 2818 711 2885 ris,
741 2824 796 2872 et
817 2832 846 2870 a
873 2816 1017 2871 sedis
1040 2816 1351 2886 apostolica:
1396 2817 1448 2870 in
1488 2816 1634 2871 nullo
1662 2816 1960 2872 deviaveris
2002 2817 2200 2872 consti—

617 2907 775 2972 tutis;
805 2906 945 2961 sicut
984 2906 1241 2976 scriptum
1272 2915 1395 2961 est:
1424 2905 1692 2962 Coronam
1713 2908 1831 2961 sine
1867 2907 2201 2963 dubitatione

617 2999 897 3068 percipies,
924 3013 1084 3068 quam
1122 2996 1272 3053 dedit
1313 2999 1455 3054 Deus
1482 2984 1822 3066 diligentibus
1864 3014 1942 3056 se.
1994 3000 2069 3055 De
2115 2999 2200 3055 his

615 3104 745 3145 vero
771 3103 892 3160 quae
912 3089 1147 3144 charitas
1174 3098 1352 3144 vestra
1382 3098 1490 3144 tam
1518 3089 1587 3145 de
1614 3105 1713 3145 usu
1743 3091 1913 3161 pallii,
1944 3106 2103 3161 quam
2132 3093 2199 3146 de

614 3180 732 3234 aliis
759 3181 857 3235 sibi
887 3196 915 3234 a
946 3180 1103 3235 nobis
1146 3179 1300 3250 petiit
1340 3180 1539 3236 debere
1579 3180 1823 3247 concedi,
1866 3181 2050 3236 libenti
2095 3183 2198 3237 hoc

614 3271 795 3325 animo
823 3269 984 3325 etiam
1013 3271 1067 3325 in
1097 3271 1347 3341 prtesenti
1376 3269 1554 3326 facere
1580 3272 1698 3327 sine
1725 3271 1981 3328 dilatione
2015 3273 2195 3344 potui-

615 3376 766 3426 mus,
799 3360 898 3414 nisi
926 3376 1048 3415 cum
1077 3359 1511 3415 Christianissimi
1541 3361 1744 3417 domini
1776 3360 1864 3417 filii
1905 3361 2070 3419 nostri
2092 3362 2200 3423 im-

615 3453 882 3523 peratoris
903 3453 1026 3517 hoc,
1053 3454 1193 3509 sicut
1213 3453 1351 3508 ratio
1381 3455 1635 3523 postulat,
1678 3456 2031 3510 voluissemus
2078 3470 2201 3525 per-

616 3541 778 3598 ficere
802 3544 1011 3611 notitia,
1037 3545 1148 3600 Deo
1177 3555 1424 3612 auctore;
1453 3555 1513 3601 ut
1553 3556 1608 3601 et
1636 3548 1789 3603 vobis
1828 3547 2030 3618 gratior
2066 3563 2201 3618 prae-

614 3638 865 3692 stiterunt
910 3653 1072 3694 causa
1101 3639 1374 3706 reddatur,
1417 3639 1546 3693 dum
1590 3655 1711 3708 qua:
1740 3640 2051 3709 postulastis
2078 3655 2200 3695 cum

612 3742 881 3782 consensu
918 3727 1357 3785 Christianissimi
1385 3729 1642 3798 principis
1670 3729 1995 3794 referuntur,
2019 3737 2074 3783 et
2102 3746 2202 3785 nos

615 3819 875 3875 honorem
901 3819 1022 3876 fidei
1043 3820 1160 3890 ejus
1184 3837 1431 3876 servasse
1450 3837 1571 3876 cum
1593 3822 1921 3891 competenti
1946 3837 2200 3877 reveren-

615 3912 684 3965 tia
711 3912 1030 3980 judicemur.
1065 3912 1206 3968 Deus
1234 3921 1288 3969 te
1333 3914 1657 3970 incolumem
1698 3914 1984 3979 custodiat,
2037 3913 2202 3970 frater

615 4001 943 4059 charissime.
1001 4003 1134 4058 Data
1182 4021 1248 4059 xv
1296 4005 1550 4061 calendas
1595 4005 1942 4072 Novembres,
2006 4008 2198 4063 iterum

614 4101 739 4162 post.
778 4092 1113 4149 consulatum
1168 4095 1351 4151 Basilii
1396 4096 1495 4152 viri
1542 4097 1824 4153 clarissimi
1883 4098 2059 4170 (Anno
2104 4097 2201 4154 Do-

616 4186 745 4240 mini
766 4185 800 4240 5
814 4186 913 4256 ιδ).

828 4294 1159 4351 EPISTOLA
1182 4300 1196 4369 ς
1216 4299 1338 4353 olim
1361 4298 1483 4370 Vll)
1515 4296 1739 4354 VIGlLll
1785 4297 1986 4353 ΡΑΡᾹΞ

1232 4433 1300 4471 ΔΙ)
1331 4433 1570 4472 ευιιοειί.

629 4527 877 4602 νξεεδμὶιιξ
906 4546 1025 4602 suas
1052 4532 1105 4583 in
1132 4529 1306 4584 Gallia
1336 4531 1560 4602 delegat,
1591 4542 1640 4585 et
1678 4531 1827 4602 pallii
1865 4547 2015 4585 usum
2065 4548 2195 4586 con-

687 4598 841 4664 redit,
872 4600 1155 4654 admonens
1185 4608 1239 4652 ut
1270 4619 1363 4670 pro
1391 4598 1713 4670 imperatore
1756 4601 1914 4655 Deum
1944 4610 2073 4665 oret,
2103 4620 2198 4669 pa—

686 4685 892 4789 remquf
920 4669 1052 4789 ilntcr
1074 4672 1239 4739 ipsum
1271 4669 1328 4723 el
1370 4669 1743 4724 Cltildebertum
1785 4688 1952 4742 regem
1986 4688 2196 4727 conser—

686 4753 714 4789 v
751 4755 806 4789 re
835 4756 857 4789 ,ς
884 4755 935 4789 ut
953 4747 1054 4789 cal.

686 4753 714 4789 v
751 4755 806 4790 re
835 4747 1054 4791 studeat.

688 4828 1042 4883 Dilectissimo
1071 4828 1219 4883 fratri
1250 4828 1496 4884 Auxanio
1527 4831 1771 4896 Vigilius.

684 4916 832 4972 Sicut
861 4932 960 4971 nos
980 4933 1077 4987 pro
1102 4926 1206 4971 tute
1226 4918 1505 4973 ebaritatis
1533 4918 1749 4985 affectu,
1779 4927 1834 4972 et
1856 4934 1954 4988 pro
1993 4918 2197 4986 glorio-

612 5007 804 5063 sissimi
837 5007 927 5061 lilii
962 5007 1129 5061 nostri
1158 5008 1300 5075 regis
1331 5007 1658 5077 Childcberti
1689 5007 1991 5063 Christiana
2032 5008 2198 5062 devo-

615 5100 760 5154 tione
791 5098 1073 5161 mandatis,
1124 5100 1268 5154 vices
1297 5108 1511 5154 nostras
1540 5100 1885 5154 libentissima
1919 5099 2196 5153 voluntate

612 5191 957 5255 contulimus,
983 5191 1053 5244 ita
1078 5188 1468 5244 fraternitatem
1490 5199 1636 5245 tuam
1669 5191 1918 5245 convenit
1942 5191 2051 5244 Deo
2081 5191 2195 5260 pla-

612 5279 732 5333 citis
759 5282 1011 5349 operibus
1040 5288 1202 5335 tantte
1223 5281 1365 5335 sedis
1394 5282 1716 5336 auctoritate
1763 5282 1922 5348 digna
1964 5297 2193 5338 conver-

613 5369 822 5423 satione
851 5371 927 5423 uti
968 5377 1129 5440 atque
1179 5371 1482 5439 disponere,
1517 5379 1575 5425 ut
1618 5372 1776 5426 bonis
1803 5372 2009 5427 actibus
2034 5374 2189 5428 inno-

614 5471 842 5523 tescens,
869 5469 1076 5515 rectum
1103 5462 1246 5517 circa
1275 5462 1590 5516 charitatem
1641 5470 1786 5516 tuam
1808 5462 2067 5531 judicium
2097 5480 2194 5519 no-

612 5557 738 5603 stra:
764 5548 1066 5605 dilectionis
1092 5551 1362 5606 ostendas.
1389 5549 1654 5606 Convenit
1699 5553 1842 5607 enim
1872 5568 1972 5607 nos
1997 5553 2192 5609 Docto-

615 5640 690 5694 ris
726 5639 963 5710 gentium
1009 5641 1261 5695 mandata
1308 5642 1570 5709 recolere,
1618 5642 1814 5711 quibus
1851 5642 2191 5698 Timotheum

614 5731 926 5803 discipulum
952 5748 1107 5787 suum
1138 5734 1580 5790 iustructiouibus
1605 5734 1805 5790 sanctis
1824 5734 2086 5796 hortatur,
2110 5733 2193 5787 di-

616 5840 742 5881 cens
770 5843 781 5878 :
815 5824 1119 5897 Exemplum
1142 5835 1248 5880 esto
1276 5825 1507 5895 ﬁdelium
1549 5827 1602 5881 in
1632 5823 1800 5892 verba,
1830 5827 1885 5880 in
1913 5842 2187 5882 conversa-

2226 3212 2287 3303 Ο,

2229 4578 2276 4638 D

2298 1918 2576 1973 terminari
2605 1935 2708 1974 non
2732 1920 2920 1990 possit,
2948 1920 3243 1985 evenerint,
3277 1921 3439 1975 totius
3461 1920 3696 1975 veritatis
3723 1920 3867 1974 inda-

2297 2009 2421 2076 gine
2448 2009 2685 2077 diligenti
2713 2010 2920 2065 ratione
2947 2010 3205 2077 discussa,
3254 2011 3534 2066 relationis
3557 2011 3623 2064 ad
3660 2027 3754 2065 nos
3781 2026 3863 2065 sc-

2298 2101 2431 2155 riem
2454 2102 2801 2168 destinaules,
2826 2104 3133 2174 apostolicm
3152 2104 3264 2159 sedi
3282 2105 3614 2159 terminanda
3635 2113 3833 2159 servate
3855 2123 3867 2157 :

2299 2200 2357 2244 ut
2386 2192 2648 2247 universis
2686 2208 2715 2246 a
2747 2192 3080 2248 fraternitate
3110 2201 3287 2248 vestra
3315 2195 3641 2263 competenti
3669 2195 3871 2250 ratione

2299 2279 2590 2350 dispositis,
2615 2297 2720 2351 pax
2740 2298 2858 2351 qua:
2885 2282 3178 2339 Salvatoris
3206 2300 3339 2341 voce
3362 2286 3555 2341 collata
3580 2294 3662 2340 est
3690 2284 3857 2341 Eccle-

2298 2371 2392 2424 sia:
2419 2370 2538 2437 Dei,
2568 2388 2686 2442 qua:
2707 2389 2810 2427 una
2842 2382 2924 2429 est
2954 2375 3006 2429 in
3039 2383 3153 2430 toto
3183 2377 3315 2431 orbe
3336 2375 3545 2441 diﬂ'usa,
3594 2377 3765 2432 stabili
3788 2377 3874 2431 lir-

2300 2464 2491 2518 mitate
2536 2476 2802 2531 servetur,
2835 2483 2934 2522 nec
2979 2469 3184 2538 antiqui
3214 2470 3384 2527 hostis
3413 2471 3580 2540 possit
3608 2473 3875 2525 taxatione

2302 2554 2500 2619 vexari,
2550 2554 2603 2609 in
2633 2555 2774 2613 illius
2813 2567 2977 2626 petrae
3014 2558 3209 2614 Christi
3240 2560 3333 2615 Dei
3378 2560 3586 2615 Domini
3610 2569 3665 2616 et
3689 2560 3873 2616 Salva-

2301 2643 2433 2698 toris
2478 2645 2647 2699 nostri
2679 2648 2953 2703 erectione
3000 2648 3207 2704 firmata
3236 2650 3525 2706 stabilitate
3567 2653 3871 2722 persistens.

2299 2730 2424 2798 Qua:
2447 2742 2637 2789 cuncta
2666 2743 2725 2790 ut
2746 2735 3052 2793 fraternitas
3077 2748 3253 2795 vestra
3283 2742 3473 2797 melius
3498 2759 3595 2814 per
3622 2744 3715 2800 Dei
3754 2760 3873 2815 gra-

2301 2825 2425 2878 tiam
2475 2826 2644 2896 possit
2694 2828 2937 2897 implere,
2970 2831 3235 2887 universis
3282 2835 3569 2904 episcopis,
3608 2837 3797 2906 quibus
3827 2847 3878 2891 te

2300 2928 2527 2982 praeesse
2556 2916 2844 2985 voluimm,
2875 2920 3211 2976 auctoritatis
3241 2930 3438 2977 nostra:
3463 2932 3547 2980 est
3598 2927 3738 2982 serie
3781 2927 3875 2982 de-

2299 3004 2580 3059 claratum.
2627 3006 2813 3062 Nullus
2859 3024 2987 3078 ergo
3033 3011 3100 3065 de
3146 3012 3485 3082 pontificibus
3529 3024 3630 3070 tute
3665 3033 3762 3086 per
3786 3019 3881 3073 has

2298 3092 2443 3148 vices
2472 3097 2796 3152 ordinationi
2820 3100 3141 3167 commissis,
3168 3103 3307 3158 sicut
3335 3110 3389 3158 et
3432 3105 3499 3160 ad
3527 3121 3624 3161 eos
3648 3107 3773 3163 data
3802 3108 3883 3162 lo—

2299 3184 2481 3252 quitur
2526 3195 2710 3241 nostra
2740 3190 3050 3259 prmceptio,
3110 3191 3162 3246 in
3211 3191 3515 3264 longinquis
3556 3196 3886 3264 quibuslibet

2299 3274 2434 3331 locis
2470 3276 2670 3332 audeat
2714 3279 2999 3348 proficisci,
3035 3282 3135 3336 nisi
3164 3283 3389 3338 solemni
3419 3299 3587 3351 more,
3618 3286 3758 3340 sicut
3784 3287 3882 3342 de-

2198 3394 2221 3433 ;_
2238 3434 2249 3445 ν
2299 3379 2516 3422 cessere
2539 3376 2728 3424 nostro
2749 3369 3020 3427 decessori
3050 3381 3234 3428 vestro
3258 3374 3510 3429 similiter
3552 3375 3888 3431 concedente

2299 3466 2710 3526 consueverant,
2743 3458 3028 3515 formatam
3050 3472 3242 3518 vestra:
3289 3465 3565 3522 ebaritatis
3591 3469 3884 3538 acceperit.

2298 3546 2528 3617 Oportet
2572 3563 2701 3618 ergo
2755 3551 3149 3608 fraternitatem
3205 3563 3440 3610 vestram
3498 3557 3892 3615 incessentibus

2299 3640 2779 3709 supplicationibus
2802 3642 2912 3697 Deo
2939 3653 3121 3699 nostro
3144 3660 3334 3714 preces
3353 3644 3644 3712 effundere,
3672 3649 3892 3705 utdom-

2302 3746 2400 3784 nos
2422 3729 2561 3784 lilios
2589 3741 2821 3796 nostros,
2847 3733 3297 3792 clementissimus
3316 3739 3601 3810 principes,
3632 3738 3892 3797 Iustinia—

2300 3832 2427 3871 num
2457 3826 2618 3887 atque
2642 3818 3010 3887 Theodoram,
3040 3840 3136 3878 sua
3162 3840 3380 3896 semper
3406 3814 3745 3896 protectione
3795 3847 3892 3885 cn-

2301 3910 2499 3966 stodiat
2524 3930 2536 3964 :
2570 3913 2659 3981 qui
2689 3929 2787 3983 pro
2818 3914 2899 3969 his
2920 3924 3113 3971 vestra:
3140 3919 3389 3974 ebaritati
3443 3922 3788 3990 mandandis,
3844 3934 3892 3977 et

2302 4011 2629 4071 suggerente
2650 4005 3039 4072 gloriosissimo
3065 4016 3118 4062 et
3138 4011 3588 4067 excellentissimo
3633 4012 3688 4065 fil
3712 4029 3747 4067 ο
3795 4030 3892 4067 no—

2301 4101 2419 4149 stro
2465 4094 2691 4163 patricio
2732 4094 3009 4163 Belisario,
3061 4115 3162 4168 pro
3213 4115 3321 4169 quo
3347 4101 3473 4155 item
3514 4114 3609 4155 vos
3638 4104 3892 4157 convenit

2300 4198 2546 4245 exorare,
2574 4184 2661 4252 pia
2692 4186 3030 4254 praebuerunt
3056 4187 3341 4243 devotione
3369 4205 3720 4245 consensum.
3752 4190 3892 4245 Hor-

2302 4281 2484 4326 tamur
2509 4288 2743 4342 quoque,
2772 4282 2831 4328 ut
2856 4276 3177 4332 sacerdotali
3201 4294 3364 4350 opera
3390 4280 3530 4334 inter
3566 4281 3892 4350 gloriosissi-

2302 4376 2449 4415 mum
2474 4363 2642 4415 virum
2683 4361 3088 4420 Childebertum
3118 4382 3318 4435 regem,
3349 4368 3442 4423 scd
3482 4378 3537 4424 et
3564 4370 3891 4425 autedictuu

2303 4455 2776 4510 clementissimum
2814 4457 3134 4526 principem,
3182 4468 3458 4528 conceptm
3497 4460 3684 4528 gratim
3731 4461 3892 4515 docuv

2304 4557 2485 4604 menta
2516 4556 2736 4618 paterna
2767 4549 3143 4603 adhortatione
3174 4552 3417 4606 servetis.
3445 4550 3588 4605 Bene
3616 4551 3770 4605 enim
3798 4551 3891 4605 Dor

2303 4637 2432 4690 mini
2481 4645 2536 4691 et
2582 4636 2879 4692 Salvatoris
2928 4639 3259 4710 nostri,qu:e
3289 4641 3497 4710 populis
3518 4643 3886 4712 prtedicamns

2304 4726 2555 4781 mandata
2582 4734 2708 4780 ante
2736 4727 2923 4781 oculos
2970 4730 3284 4796 retinemus,
3340 4732 3533 4801 quibus
3577 4733 3696 4788 ait:
3752 4733 3891 4787 Beat

2303 4820 2533 4889 paciﬁci,
2564 4821 2806 4889 quoniam
2834 4821 2935 4889 ﬁlii
2984 4820 3083 4875 Dei
3112 4823 3427 4878 vocabuntur
3457 4824 3671 4894 (Matth.
3698 4825 3783 4896 v).
3843 4825 3888 4879 Ε

2304 4910 2428 4979 quia
2449 4909 2608 4977 digna
2638 4909 2904 4967 credimus
2926 4911 3135 4966 ratione
3156 4913 3436 4982 compleri,
3466 4922 3524 4966 ut
3548 4915 3736 4981 agenti
3757 4914 3892 4970 vice:

2305 5007 2518 5053 nostras
2544 4998 2692 5067 pallii
2722 5015 2827 5053 non
2857 4999 2999 5055 desit
3025 5010 3277 5064 ornatus;
3304 5015 3460 5055 usum
3489 5001 3585 5054 tibi
3607 5001 3767 5069 ejus,
3829 5004 3891 5058 sit

2301 5102 2393 5144 cut
2419 5092 2690 5147 decessori
2717 5102 2810 5147 tuo
2832 5093 3196 5163 praedecessor
3216 5100 3396 5149 noster
3418 5101 3616 5149 sancta:
3641 5095 3888 5150 recorda

2303 5181 2461 5237 tionis
2487 5181 2839 5254 Symmachus
2860 5183 3054 5251 legitur
3073 5183 3388 5249 contulisse,
3416 5183 3560 5237 beati
3588 5182 3739 5238 Petri
3774 5199 3891 5237 san

2300 5280 2387 5327 cta
2412 5274 2735 5329 auctoritate
2756 5273 3122 5328 concedimus.
3148 5272 3223 5326 Ea
3246 5288 3375 5329 vero
3399 5290 3517 5344 quae
3543 5274 3611 5330 de
3641 5284 3892 5343 praesunt

2299 5364 2640 5420 ordinatione
2687 5374 2869 5420 nostra
2899 5365 3098 5419 directa
3128 5366 3490 5434 praeceptione
3539 5364 3891 5434 signavimus

2301 5456 2365 5510 ad
2394 5457 2673 5512 universos
2700 5457 2984 5527 episc0pos
3013 5472 3139 5526 per‘
3163 5456 3480 5512 charitatem
3530 5465 3682 5510 tuam
3741 5456 3881 5509 volu

2298 5561 2420 5601 mus
2449 5547 2750 5615 pervenire.
2788 5546 2928 5602 Deus
2957 5556 3011 5601 te
3034 5547 3355 5602 incolumem
3405 5547 3702 5614 custodiat,
3736 5546 3885 5601 fratc

2299 5642 2631 5698 charissimc.
2666 5641 2799 5696 Data
2830 5658 2883 5696 χι
2921 5640 3173 5697 calendas
3192 5641 3391 5703 Junias,
3425 5657 3475 5695 tv
3506 5639 3751 5713 [quater]
3783 5656 3891 5708 p05

2300 5731 2634 5786 consulatum
2660 5731 2836 5787 Basilii
2860 5731 2959 5787 viri
2991 5731 3265 5788 clarissimi
3298 5733 3466 5800 (Anno
3499 5728 3715 5786 Domini
3748 5729 3889 5797 5433)
