4006 6190
259 322 317 374 29
1454 319 1806 376 EPISTOLA‘I
1842 318 1924 373 ET
1966 316 2306 372 DECRETA.
3444 316 3513 371 50

458 458 524 513 Εἰ
538 459 783 514 ISTOLA
810 460 957 530 (olim
986 460 1122 529 Vlll)
1154 458 1383 515 VlGlLll
1414 457 1618 514 PAPIE

641 588 708 626 AD
729 587 1003 626 AUXANIUI
1036 586 1443 626 ARELATBNSEH.

414 683 490 739 De
513 683 872 756 cognoscenda
901 700 1061 737 causa
1093 683 1400 738 Prrctextati
1420 682 1666 753 episcopi.

323 797 676 853 Dilectissimo
709 797 857 852 fratri
888 797 1132 852 Auxanio
1168 796 1409 866 Yigilius.

324 889 472 942 Licet
502 888 824 944 fraternitati
859 897 1051 943 vcstrzc
1095 888 1403 958 apostolica:
1441 887 1583 941 sedis
1633 886 1838 940 vicibus

253 980 545 1046 attributis,
569 995 703 1050 quas
732 980 938 1058 directa
971 979 1291 1032 auctoritate
1319 977 1700 1041 commisimus,
1747 992 1838 1045 ge-

255 1069 503 1122 neraliter
531 1068 922 1136 emergcntium
954 1083 1240 1122 causarum
1283 1067 1352 1122 sit
1383 1066 1836 1121 discutiendarum

258 1159 498 1223 licentia;
534 1168 710 1212 tamen
741 1159 864 1227 quia
894 1158 982 1210 lilii
1034 1157 1202 1211 no:.tri
1255 1155 1476 1210 Joannis
1517 1155 1834 1226 presbyteri,

255 1249 340 1302 scd
371 1258 425 1302 et
448 1248 664 1302 Teredii
693 1248 926 1310 diaconi,
956 1248 1049 1315 qui
1079 1247 1145 1300 ad
1169 1263 1267 1300 nos
1295 1262 1322 1298 a
1356 1257 1442 1299 tua
1473 1245 1734 1300 cltaritate
1756 1244 1835 1297 di-

255 1339 382 1393 recti
410 1346 562 1400 sunt,
607 1339 672 1392 de
724 1338 1031 1392 Prmtextati
1062 1352 1286 1391 excessu
1314 1344 1394 1390 est
1427 1345 1669 1405 porrecta
1706 1335 1840 1403 peti-

258 1432 346 1491 tio,
399 1429 770 1484 necessarium
818 1427 976 1482 valde
1007 1428 1352 1494 credidimus,
1389 1427 1696 1496 specialiter
1722 1441 1838 1479 me-

257 1520 445 1574 morati
481 1519 685 1588 negotii
713 1519 1167 1573 examinationem
1190 1517 1442 1587 praesenti
1470 1517 1620 1571 vobis
1650 1524 1832 1570 aucto-

255 1611 408 1664 ritate
427 1610 711 1664 mandare.
744 1609 1089 1678 Quapropter
1116 1607 1384 1672 charitati,
1417 1621 1521 1674 qua
1552 1607 1604 1660 in
1628 1605 1840 1659 Christo

247 1697 544 1768 jungimur.
594 1697 885 1751 reddentes
937 1696 1187 1751 fraternae
1233 1696 1465 1764 alloquia
1495 1695 1839 1763 visitationis,

1864 445 1909 503 Α
1941 441 2178 486 nostram
2207 431 2448 486 discussa
2477 428 2702 485 veritate
2725 427 2958 498 perferat
2986 427 3104 486 sine
3141 427 3399 486 dilatione
3418 446 3517 484 no-

1940 526 2125 579 titiam.
2169 524 2236 578 Et
2274 525 2399 594 quia
2441 540 2663 580 necesse
2689 533 2772 579 est
2807 532 2866 579 ut
2891 525 3029 594 aptis
3054 523 3166 580 Deo
3195 524 3518 596 propitiante

1938 613 2274 685 temporibus
2305 615 2636 671 Arelatensis
2662 615 2944 685 episcopus
2968 615 3166 670 nostris
3187 615 3392 672 vicibus
3409 616 3522 669 fun-

1935 715 2122 774 gatur;
2151 706 2365 775 quoties
2389 704 2712 774 iudicaverit
2757 705 3013 776 expedire
3041 714 3100 760 ut
3127 721 3226 776 pro
3277 703 3520 761 facienda

1936 799 2307 854 consolatione
2335 797 2608 852 communi
2635 798 3010 867 episcoporum
3031 797 3266 852 debeant
3294 810 3522 864 congre-

1936 889 2048 958 gari
2079 903 2344 959 personae,
2369 888 2549 943 nullus
2572 887 2889 944 inobediens
2919 888 3035 958 ejus
3073 889 3214 943 forte
3254 887 3522 941 mandatis

1936 978 2024 1033 sit.
2051 978 2202 1045 Quod
2223 979 2268 1033 si
2291 977 2474 1045 fuerit,
2496 993 2526 1032 a
2549 978 2964 1047 congregatione
2993 975 3351 1046 suspendatur
3375 992 3388 1028 :
3419 974 3524 1029 nisi

1938 1078 2030 1123 aut
2057 1069 2352 1138 corporalis
2381 1069 2678 1132 iulirmitas,
2713 1076 2806 1122 aut
2825 1068 2982 1136 justtc
3008 1082 3183 1120 causa:
3205 1082 3327 1121 eum
3357 1081 3522 1122 excu-

1938 1161 2077 1214 satio
2100 1159 2284 1214 venire
2310 1159 2596 1231 prohibeat
2622 1176 2634 1210 :
2659 1159 2732 1212 ita
2760 1167 2955 1222 tamen,
2982 1165 3039 1211 ut
3062 1157 3108 1212 ri
3138 1171 3217 1223 se,
3240 1156 3527 1225 quominus

1939 1259 2207 1315 occurrat,
2237 1249 2544 1304 rationabili
2575 1258 2751 1319 potest
2781 1249 3098 1318 exceptione
3127 1246 3430 1311 defendere,
3460 1247 3525 1301 ad

1939 1341 2202 1412 synodum
2235 1356 2332 1410 pro
2358 1355 2456 1394 suo
2487 1340 2790 1411 presbyteri
2819 1351 2912 1392 aut
2939 1339 3153 1393 diaconi
3181 1337 3375 1406 dirigat
3404 1338 3527 1391 loco

1941 1445 2223 1500 personam
2256 1448 2268 1482 :
2303 1438 2567 1498 quatenus
2589 1445 2708 1498 qua:
2737 1445 2765 1482 a
2794 1437 2978 1483 nostro
3003 1428 3205 1483 vicario
3235 1438 3530 1494 congrega-

1947 1521 2014 1574 tis
2061 1519 2314 1574 fratribus
2342 1521 2561 1575 delinita
2607 1521 2873 1574 sententia
2908 1519 3103 1574 fuerint
3130 1518 3436 1584 terminata,
3463 1516 3530 1568 a.l

1942 1614 2058 1682 ejus
2086 1614 2177 1681 qui
2206 1614 2400 1667 absens
2441 1622 2525 1666 est
2554 1628 2649 1682 per
2695 1627 2823 1667 suos
2851 1611 3112 1681 perducta
3144 1609 3390 1664 notitiam
3419 1609 3529 1662 sin»

1944 1719 2070 1759 cera
2102 1714 2156 1758 et
2178 1704 2472 1758 inviolabili
2495 1703 2787 1758 stabilitate
2813 1711 3114 1757 serventur.
3165 1700 3398 1754 Necesse
3445 1711 3530 1754 est

252 1791 533 1845 hortamur
555 1799 611 1842 ut
638 1789 891 1842 adhibitis
917 1789 1190 1850 vobiscum
1213 1787 1465 1841 fratribus
1491 1795 1543 1841 et
1561 1787 1838 1856 cocpisco-
1877 1826 1913 1880 Η
1943 1796 2107 1858 enim,
2141 1795 2356 1865 quoties
2384 1795 2436 1848 in
2460 1795 2678 1850 nomine
2707 1795 2917 1848 Domini
2947 1793 3064 1861 ejus
3095 1791 3276 1845 famuli
3306 1791 3372 1844 ad
3419 1799 3530 1844 ira-

252 1883 329 1950 pis
359 1882 562 1936 nostris
591 1896 820 1935 numero
841 1887 1207 1949 competente,
1240 1877 1478 1931 discussa
1509 1877 1720 1930 ratione
1749 1891 1841 1930 ca-

251 1973 440 2027 nonica
495 1972 746 2038 veritate,
797 1986 861 2024 ea
916 1969 1146 2040 sapienti
1193 1969 1530 2023 ordinatione
1571 1969 1840 2038 disponat,

248 2077 365 2128 quze
390 2061 744 2116 decessorum
775 2066 1082 2114 nostrorum
1103 2058 1427 2113 conveniant
1450 2057 1688 2125 statutis,
1712 2057 1844 2111 cha-

249 2152 376 2205 ritas
407 2159 622 2216 vestra;
654 2151 866 2205 ratione
910 2150 1246 2220 prospiciens
1297 2163 1364 2202 ne
1420 2148 1653 2218 aliquem
1685 2147 1842 2202 facile

248 2260 309 2297 ex
335 2244 493 2298 laicis
519 2243 588 2298 ad
617 2251 861 2298 sacratos
887 2241 1105 2296 ordines
1135 2242 1274 2296 saltu
1305 2241 1565 2311 prmcipiti
1593 2241 1840 2310 cuiquam

247 2336 591 2390 sacerdotum
642 2334 805 2389 liceat
857 2346 1170 2402 aggregare.
1229 2332 1372 2387 Deus
1417 2340 1471 2386 te
1517 2331 1840 2386 incolumem

247 2426 542 2493 custodiat,
600 2424 767 2479 frater
817 2423 1153 2479 charissime.
1229 2422 1360 2476 Data
1410 2421 1696 2476 undecimo
1745 2437 1840 2475 ca-

247 2518 431 2574 lendas
460 2516 667 2580 Junias,
701 2532 752 2572 tv
777 2523 904 2588 post
925 2514 1261 2571 consulatum
1315 2513 1493 2568 Basilii
1516 2513 1617 2567 viri
1646 2511 1833 2568 claris-

245 2610 380 2666 simi.

474 2725 811 2782 EPISTULA
840 2727 986 2797 (olim
1016 2724 1108 2796 IX)
1142 2722 1371 2779 VlGlLll
1407 2719 1617 2778 PAPE

726 2855 791 2892 AD
820 2852 1095 2893 EI’ISCOPOS
1123 2851 1352 2892 ωιιιάς.

243 2951 544 3003 Auxanium
566 2949 814 3002 vicarium
847 2948 982 3002 sedis
1017 2945 1316 3018 apostolica:
1357 2945 1684 3018 constitutum
1728 2961 1839 2999 esse

308 3023 557 3083 nuntiat;
609 3021 756 3090 cujus
784 3019 1010 3090 muneris
1050 3017 1228 3088 partes
1268 3017 1514 3086 explicat,
1563 3031 1837 3088 omnesque

307 3092 482 3144 eidem
505 3087 860 3160 obtemperare
881 3087 1045 3158 jubet.

1947 1886 2137 1938 ctanda
2163 1900 2279 1954 qua:
2308 1895 2432 1940 sunt
2455 1886 2552 1954 ipsi
2584 1885 2780 1956 placita
2811 1885 3155 1953 colliguntur,
3205 1882 3376 1937 sancti
3404 1881 3529 1952 Spi-

1947 1976 2081 2031 ritus
2108 1994 2214 2032 non
2237 1977 2428 2032 deesse
2474 1975 2833 2047 prtesentiam.
2881 1974 2958 2029 lta
3008 1976 3150 2030 enim
3194 1973 3390 2028 Christi
3437 1971 3530 2026 Dei

1945 2067 2154 2122 Domini
2179 2077 2234 2123 et
2280 2069 2577 2124 Salvatoris
2607 2069 2778 2124 nostri
2829 2068 3081 2123 mandata
3111 2083 3210 2122 nos
3239 2067 3528 2126 instruunt,

1943 2161 2136 2228 quibus
2176 2162 2288 2214 ait:
2327 2161 2424 2215 Ubi
2456 2161 2648 2232 fuerint
2675 2160 2774 2215 duo
2802 2168 2891 2212 aut
2925 2169 3027 2212 (res
3068 2160 3119 2212 in
3168 2159 3374 2212 nomine
3419 2174 3530 2209 meo

1944 2252 2260 2322 congregati,
2286 2249 2354 2305 ibi
2385 2267 2473 2304 ero
2502 2252 2555 2303 in
2577 2250 2744 2304 medio
2769 2266 2943 2303 eorum
2971 2249 3187 2316 (Matth.
3213 2247 3527 2317 xuu).Quid

1941 2356 2074 2409 ergo
2101 2357 2161 2396 se
2186 2341 2418 2397 mstimat
2439 2341 2762 2407 subiturum,
2790 2341 2880 2408 qui
2921 2339 3032 2394 Deo
3060 2339 3244 2394 odiosa
3274 2339 3528 2407 superbia

1943 2432 1996 2486 in
2029 2433 2118 2486 illa
2148 2433 2571 2502 congregatione
2600 2433 2860 2486 interesse
2885 2429 3200 2492 contemnit,
3234 2429 3285 2482 in
3316 2443 3420 2498 qua
3471 2444 3532 2482 se

1943 2523 2199 2579 Dominus
2242 2533 2428 2579 noster
2468 2523 2775 2578 adfuturum
2807 2523 2891 2591 pia
2925 2521 3282 2590 promissione
3317 2519 3528 2574 denun-

1943 2616 2074 2670 tiat?
2104 2615 2238 2672 Illud
2260 2617 2374 2686 pari
2401 2615 2721 2672 auctoritate
2742 2614 3080 2678 mandamus,
3129 2627 3197 2667 ne
3246 2613 3528 2681 quisquam

1941 2709 2314 2779 episcoporum
2346 2710 2462 2764 sine
2490 2709 2727 2778 przedicti
2777 2707 2954 2761 fratris
2997 2715 3052 2760 et
3091 2705 3328 2775 episcopi
3358 2705 3528 2759 nostri

1941 2797 2169 2853 formata
2186 2798 2252 2852 ad
2267 2799 2642 2868 longinquiora
2657 2798 2772 2852 loca
2797 2796 2992 2851 audeat
3017 2794 3312 2864 proﬁcisci;
3332 2793 3528 2863 quippe

1940 2889 2066 2960 quia
2113 2897 2170 2944 et
2217 2889 2564 2943 decessorum
2621 2898 2930 2942 nostrorum
2983 2885 3358 2940 deccssoribus
3384 2883 3525 2952 ejus,

1938 2979 2131 3048 quibus
2148 2979 2296 3034 vices
2315 2995 2440 3034 suas
2465 2978 2814 3034 libentissime
2834 2977 3202 3044 contulerunt,
3228 2981 3428 3028 sancttn
3447 2973 3526 3029 sic

1940 3071 2200 3126 definiunt
2223 3071 2495 3141 jussiones
2520 3089 2533 3124 :
2586 3079 2646 3124 ut
2694 3071 2777 3124 bis
2806 3068 3052 3123 omnibus
3080 3065 3385 3120 obedientia
3413 3065 3524 3120 Deo

312 3154 691 3237 Dilectissimis
716 3154 987 3244 fratribus,
1020 3177 1284 3234 universis
1303 3175 1569 3246 episcopis
1589 3174 1826 3231 omnium
1860 3185 1903 3244 ε
1938 3163 2137 3232 placita
2160 3162 2460 3224 custoditis,
2493 3177 2598 3231 pax
2620 3175 2740 3230 qua:
2761 3174 2792 3212 a
2817 3157 3031 3212 Christo
3062 3156 3172 3209 Deo
3213 3154 3440 3208 Domino
3467 3159 3525 3206 et

243 3275 646 3342 provinciarum
670 3286 762 3342 per
783 3270 1004 3333 Gallias,
1019 3269 1111 3338 qui
1135 3269 1235 3323 sub
1261 3281 1429 3336 regno
1453 3267 1535 3321 vel
1565 3274 1835 3336 potestate

240 3363 618 3431 gloriosissimi
654 3361 746 3418 ﬁlii
777 3362 946 3417 nostri
976 3359 1306 3415 Childeberti
1336 3359 1479 3428 regis
1505 3357 1832 3412 Francorum

241 3455 527 3509 constituti
551 3463 696 3519 sunt,
721 3452 814 3508 sed
843 3461 898 3507 et
919 3451 1005 3507 his
1045 3451 1137 3519 qui
1167 3465 1236 3504 ex
1279 3448 1500 3516 antiqua
1548 3457 1834 3502 consuetu-

243 3549 369 3602 dine
397 3548 469 3602 ab
492 3547 794 3602 Arelatensi
817 3545 1122 3602 consecrati
1149 3551 1298 3610 sunt,
1328 3543 1413 3598 vel
1442 3551 1833 3598 consecrantur

242 3637 538 3707 episcopis,
565 3636 804 3706 Vigilius.

311 3727 586 3795 Quantum
615 3743 714 3782 nos
739 3726 920 3781 divina
966 3724 1209 3795 potentia
1258 3723 1628 3794 apostolorum
1675 3722 1831 3792 primi

243 3821 452 3879 sedem.
507 3835 617 3874 non
673 3833 774 3889 pro
827 3817 1025 3872 nostris
1070 3815 1296 3879 meritis,
1329 3815 1423 3870 sed
1447 3829 1546 3884 pro
1574 3812 1834 3869 inell'abili

243 3926 354 3964 sum
380 3909 768 3964 misericordia:
795 3909 995 3978 pietate
1024 3907 1229 3962 habere
1279 3905 1580 3973 constituit,
1626 3913 1832 3958 tantum

244 4016 342 4054 nos
355 3999 426 4054 de
449 3999 816 4054 universarum
841 3997 1205 4053 Ecclesiarum
1219 3995 1592 4067 diSpositione,
1609 4002 1660 4048 et
1676 4007 1830 4064 pace,

243 4099 295 4144 et
313 4100 460 4146 statu
491 4105 677 4144 curam
711 4089 911 4143 habere
933 4086 1208 4149 convenit,
1236 4100 1359 4140 cum
1400 4083 1640 4152 gentium
1689 4082 1834 4136 dicat

242 4181 537 4250 Apostolus
564 4199 577 4233 :
615 4179 875 4234 [natantia
902 4195 1017 4233 mea
1045 4177 1369 4250 quotidiana,
1398 4173 1831 4230 sollicitudo-om-

239 4283 388 4330 niam
418 4270 872 4344 Ecclesiastme
895 4273 1015 4329 Cor.
1041 4272 1136 4342 ιι).
1185 4270 1468 4338 Quomodo
1515 4282 1646 4338 ergo
1695 4268 1834 4322 inter

243 4365 458 4420 Domini
487 4366 797 4421 sacerdotes
822 4373 1009 4421 sancta
1039 4372 1094 4419 et
1142 4363 1254 4417 Deo
1284 4361 1481 4432 placita
1511 4367 1690 4430 potest
1717 4373 1835 4412 ma-

241 4471 374 4511 nere
402 4456 713 4518 concordia,
746 4455 948 4520 nisiut,
972 4454 1017 4508 si
1040 4452 1261 4506 humani
1289 4450 1506 4519 generis
1543 4449 1716 4504 hostis
1735 4463 1831 4501 au-

1937 3253 2216 3309 Salvatore
2241 3260 2431 3308 nostro
2458 3252 2721 3322 apostolis
2763 3258 3015 3317 tanquam
3049 3246 3387 3302 lmreditario
3441 3252 3524 3298 est

1935 3345 2154 3400 nomine
2183 3343 2440 3399 derelicta
2471 3344 2523 3397 in
2555 3341 2795 3397 Ecclesia
2846 3340 2960 3404 Dei,
2999 3353 3115 3408 quas
3155 3352 3260 3391 una
3294 3343 3376 3391 cst
3405 3341 3524 3388 toto

1936 3437 2068 3490 orbe
2089 3435 2302 3502 diffusa,
2331 3435 2480 3490 firma
2510 3434 2801 3490 stabilitate
2827 3441 3095 3487 servetur.
3131 3429 3268 3484 Deus
3297 3443 3393 3482 vos
3439 3427 3523 3481 in-

1934 3527 2173 3582 columcs
2195 3525 2484 3588 custodiat,
2519 3524 2709 3577 fratres
2751 3521 3070 3578 charissimi.
3103 3519 3235 3571 Data
3257 3533 3309 3570 ιι
3337 3514 3522 3570 calen-

1936 3617 2033 3672 das
2055 3611 2259 3681 Junias,
2287 3632 2339 3670 tv
2367 3623 2490 3686 post
2513 3614 2852 3670 consulatum
2882 3609 3062 3664 Basilii
3082 3608 3182 3662 viri
3230 3607 3514 3662 clarissimi

1937 3707 2108 3779 (Anno
2141 3708 2265 3763 Chr.
2298 3705 2476 3779 545).;
2517 3717 2528 3727 ‘

2076 3867 2449 3944 occsurum
2483 3811 2851 3944 insimulat
2889 3813 3375 3917 mammas:
3421 3832 3434 3883 ῖ
3470 3839 3478 3852 ’

2008 3987 2074 4042 In
2101 3963 2310 4042 nomine
2332 3946 2540 4066 D'ojnini
2563 3957 2666 4056 Dei.
2688 3954 3004 4055 t'aslt‘i'lc‘au
3033 3975 3268 4055 Εέινᾰδρ..
3285 3973 3520 4049 [snpera-

1937 4089 2023 4135 tor
2050 4079 2230 4134 Czcsar
2263 4060 2849 4132 Flavius'Juétlnianus,
2879 4063 3222 4123 Memanicus
3247 4064 3313 4140 ",1"-
3323 4063 3518 4128 Gothi-

1935 4184 2048 4232 cus,
2075 4165 2384 4232 Francicus,
2415 4161 2783 4221 Germanicus,
2811 4159 3053 4224 Anticus,
3076 4155 3344 4218 Alanicus,
3372 4153 3519 4208 Van-

1934 4253 2158 4328 dalicus,
2190 4256 2490 4323 Africanus,
2522 4253 2671 4315 Pius,
2704 4251 2875 4316 Felix,
2907 4249 3174 4319 lnclytus,
3207 4245 3423 4310 Victor,
3454 4259 3522 4299 ac

1935 4350 2340 4420 Triumphator,
2371 4360 2585 4414 semper
2622 4345 2918 4410 Augustus,
2961 4336 3285 4393 beatissimis
3307 4335 3522 4403 episco-

1935 4447 2018 4516 pis
2071 4452 2126 4498 et
2175 4439 2522 4512 patriarchis,
2580 4435 2842 4508 Eutychio
2893 4429 3519 4498 Constantinopolitano,

241 4550 388 4619 liqua
410 4549 648 4616 nequitia
662 4555 977 4602 consuetam
999 4544 1259 4599 zizaniam
1281 4542 1549 4597 seminare
1573 4541 1827 4607 voluerit,
1860 4564 1909 4622 Β
1939 4533 2296 4622 Apollinarioi
2318 4528 2702 4622 Alexandri—no,
2764 4523 3032 4622 Domiiino
3081 4520 3476 4622 'l'heopnlitano
3499 4561 3516 4586 ,

239 4637 285 4692 is
325 4638 424 4708 qui
476 4636 774 4692 absentiam
802 4643 1042 4689 nostram
1084 4631 1226 4686 sedis
1272 4629 1582 4700 apostolicae
1623 4628 1830 4683 vicibus

241 4728 564 4801 pet-fruendo
588 4727 852 4794 spirituali
879 4725 1052 4795 gratia
1073 4732 1448 4794 reprazsentat,
1476 4720 1686 4777 auferat
1705 4736 1827 4777 cer-

238 4827 419 4873 tamen
445 4819 731 4872 exortum?
753 4814 1100 4886 Quapropter
1118 4812 1367 4868 Auxanio
1397 4813 1548 4866 fratri
1577 4819 1632 4865 et
1653 4811 1831 4880 coepi-

234 4922 408 4978 scopo
432 4916 644 4975 nostro,
665 4906 996 4962 Arelatensis
1019 4905 1254 4960 civitatis
1281 4905 1529 4972 antistiti,
1559 4905 1706 4959 vices
1729 4919 1827 4958 no-

231 5005 381 5054 stras
406 4999 640 5052 cbaritas
668 5006 847 5053 vestra
877 5012 977 5052 nos
1005 4995 1216 5051 dedisse
1235 5003 1552 5064 cognoscat;
1582 5002 1640 5048 ut
1663 4994 1703 5049 si
1726 4992 1828 5047 ali-

231 5107 362 5159 qua,
392 5089 538 5158 quod
593 5089 752 5156 absit,
785 5087 1028 5144 fortassis
1057 5087 1339 5142 emerserit
1368 5085 1665 5150 contentio,
1697 5101 1828 5140 con-

231 5180 474 5247 gregatis
515 5178 587 5233 ibi
631 5178 884 5234 fratribus
928 5186 984 5232 et
1026 5176 1363 5247 coepiscOpis
1390 5174 1610 5242 nostris,
1636 5189 1825 5228 causas

230 5271 497 5325 canonica
547 5279 605 5325 et
649 5270 946 5340 apostolica
996 5269 1320 5324 auctoritate
1368 5264 1682 5331 discutiens,
1711 5262 1824 5318 Deo

231 5364 432 5432 placita
459 5361 716 5432 squitate
737 5361 985 5416 diffiniat.
1029 5359 1418 5415 Contentiones
1449 5370 1580 5410 vero
1608 5355 1652 5408 si
1683 5369 1820 5424 qum,

234 5469 378 5524 quas
400 5454 658 5509 Dominus
677 5451 906 5520 auferat,
929 5451 982 5506 in
1013 5449 1133 5504 ﬁdei
1165 5461 1326 5503 causa
1354 5445 1702 5514 contigerint,
1731 5453 1824 5498 aut

232 5545 523 5600 euenerit
542 5542 682 5599 forte
710 5544 984 5612 negotium
1011 5538 1159 5610 quod
1187 5552 1284 5608 pro
1335 5533 1706 5605 magnitudine
1739 5534 1823 5588 sui

229 5636 545 5708 apostolica:
570 5635 714 5692 sedis
753 5634 923 5704 magis
957 5631 1165 5702 judicio
1205 5628 1402 5684 debeat
1424 5625 1720 5691 terminari,
1755 5626 1820 5681 ad

307 5809 334 5838 ⁸
361 5799 690 5871 tegendum,
732 5796 1090 5852 Alamauicua.

1935 4626 2229 4695 Stephano,
2261 4620 2493 4690 Georgio
2515 4627 2567 4674 et
2593 4619 2850 4672 Damiano
2872 4613 3287 4682 religiosissimis
3308 4613 3521 4682 episco-

1933 4718 2016 4788 pis
2045 4716 2215 4770 vicem
2245 4714 2530 4782 agentibus
2557 4710 2833 4765 Eustochii
2881 4709 2978 4763 viri
3023 4705 3315 4761 beatissimi
3343 4705 3508 4760 archi-

1935 4804 2171 4876 episcopi
2192 4800 2661 4874 llierosolymitani
2683 4808 2737 4854 et
2761 4796 3167 4869 patriarchtc,et
3189 4794 3410 4864 reliquis
3429 4809 3518 4848 re-

1935 4897 2291 4969 ligiosissimis
2335 4892 2603 4964 episcopis
2632 4905 2702 4946 ex
2729 4889 2957 4946 diversis
2998 4886 3291 4960 provinciis
3331 4885 3385 4939 in
3419 4885 3517 4939 hac

1935 4990 2080 5058 regia
2111 4987 2242 5042 urbe
2271 4983 2604 5054 degentibus.

2004 5081 2232 5150 Semper
2258 5077 2492 5132 studium
2522 5073 2623 5129 fuit
2647 5070 2963 5129 orthodoxis
2992 5079 3046 5124 et
3088 5069 3189 5139 piis
3221 5069 3515 5136 imperato-

1934 5175 2081 5228 r;bus
2105 5171 2348 5242 patribus
2376 5168 2595 5233 nostris,
2626 5181 2724 5238 pro
2755 5174 2998 5233 tempore
3038 5169 3255 5216 exortas
3284 5159 3516 5211 brereses

1932 5279 2028 5332 per
2051 5260 2528 5330 congregationem
2576 5255 3096 5324 religiosissimorum
3138 5249 3516 5318 episcoporum

1931 5360 2231 5425 amputare,
2263 5360 2321 5406 et
2360 5359 2508 5405 recta
2559 5347 2662 5402 fide
2699 5346 2910 5400 sincere
2956 5341 3261 5412 pumicata,
3293 5342 3344 5395 in
3382 5357 3516 5411 pace

1929 5457 2170 5500 sanctam
2221 5443 2315 5499 Dei
2371 5440 2666 5496 Ecclesium
2723 5434 3017 5492 custodire.
3067 5431 3407 5504 Quapropter
3460 5442 3515 5486 et

1929 5534 2314 5592 Constantinus
2343 5534 2444 5603 pia:
2471 5526 2862 5586 recordationis
2891 5525 3020 5580 Ario
3050 5524 3076 5564 δ
3107 5526 3516 5596 blasphemanto

1928 5635 1983 5680 ct
2007 5625 2240 5692 dicente,
2285 5637 2393 5678 non
2430 5635 2549 5676 esse
2595 5618 2788 5674 Filium
2835 5616 3350 5674 consubstantialem
3401 5616 3514 5671 Deo

2003 5785 2029 5825 δ
2058 5785 2282 5842 Veteres
2305 5780 2444 5848 libri,
2477 5780 2648 5837 Arrio.
2681 5778 2769 5837 Sic
2798 5776 2966 5834 ferme
2995 5775 3189 5834 Latini.
