  <div class='ocr_page' id='page_1' title='image "/cluster/home/n/w/nwhite01/storage/ocr_20150623/69/hvd.32044054758727/021.png"; bbox 0 0 4006 6190; ppageno 0'>
   <div class='ocr_carea' id='block_1_1' title="bbox 564 386 3805 447">
    <p class='ocr_par' dir='ltr' id='par_1_1' title="bbox 564 386 3805 447">
     <span class='ocr_line' id='line_1_1' title="bbox 564 386 3805 447; baseline -0.002 -3"><span class='ocrx_word' id='word_1_1' title='bbox 564 388 627 444; x_wconf 80' lang='lat'><strong>5|</strong></span> <span class='ocrx_word' id='word_1_2' title='bbox 1982 389 2211 447; x_wconf 75' lang='lat' dir='ltr'><strong>VIGILII</strong></span> <span class='ocrx_word' id='word_1_3' title='bbox 2245 386 2443 442; x_wconf 61' lang='lat' dir='ltr'><strong>i’APxE</strong></span> <span class='ocrx_word' id='word_1_4' title='bbox 3744 387 3805 441; x_wconf 66' lang='grc'><strong>5⁸1</strong></span> 
     </span>
    </p>
   </div>
   <div class='ocr_carea' id='block_1_2' title="bbox 572 495 3808 570">
    <p class='ocr_par' dir='ltr' id='par_1_2' title="bbox 572 495 3808 570">
     <span class='ocr_line' id='line_1_2' title="bbox 572 495 3808 570; baseline -0.002 -16"><span class='ocrx_word' id='word_1_5' title='bbox 572 503 740 570; x_wconf 76' lang='lat' dir='ltr'><strong>Patri,</strong></span> <span class='ocrx_word' id='word_1_6' title='bbox 770 503 863 558; x_wconf 90' lang='lat' dir='ltr'><strong>sed</strong></span> <span class='ocrx_word' id='word_1_7' title='bbox 894 511 1217 565; x_wconf 89' lang='lat' dir='ltr'><strong>creaturam,</strong></span> <span class='ocrx_word' id='word_1_8' title='bbox 1260 510 1314 555; x_wconf 91' lang='lat' dir='ltr'><strong>et</strong></span> <span class='ocrx_word' id='word_1_9' title='bbox 1346 516 1410 555; x_wconf 86' lang='lat' dir='ltr'><strong>ex</strong></span> <span class='ocrx_word' id='word_1_10' title='bbox 1441 516 1545 555; x_wconf 92' lang='lat' dir='ltr'><strong>non</strong></span> <span class='ocrx_word' id='word_1_11' title='bbox 1578 499 1913 555; x_wconf 93' lang='lat' dir='ltr'><strong>exstantibus</strong></span> <span class='ocrx_word' id='word_1_12' title='bbox 1944 499 2139 554; x_wconf 89' lang='lat' dir='ltr'><strong>factum</strong></span> <span class='ocrx_word' id='word_1_13' title='bbox 2169 501 2221 561; x_wconf 76' lang='grc' dir='ltr'>Α</span> <span class='ocrx_word' id='word_1_14' title='bbox 2251 506 2399 552; x_wconf 88' lang='lat' dir='ltr'><strong>tanta</strong></span> <span class='ocrx_word' id='word_1_15' title='bbox 2429 511 2527 565; x_wconf 88' lang='lat' dir='ltr'><strong>pro</strong></span> <span class='ocrx_word' id='word_1_16' title='bbox 2557 496 2648 551; x_wconf 93' lang='lat' dir='ltr'><strong>illo</strong></span> <span class='ocrx_word' id='word_1_17' title='bbox 2691 495 2828 551; x_wconf 84' lang='lat' dir='ltr'><strong>facta</strong></span> <span class='ocrx_word' id='word_1_18' title='bbox 2874 504 2957 551; x_wconf 90' lang='lat' dir='ltr'><strong>est</strong></span> <span class='ocrx_word' id='word_1_19' title='bbox 2995 496 3366 551; x_wconf 67' lang='lat' dir='ltr'><strong>hicreticorum</strong></span> <span class='ocrx_word' id='word_1_20' title='bbox 3410 495 3808 560; x_wconf 81' lang='lat' dir='ltr'><strong>circumventio.</strong></span> 
     </span>
    </p>
   </div>
   <div class='ocr_carea' id='block_1_3' title="bbox 511 591 2143 662">
    <p class='ocr_par' dir='ltr' id='par_1_3' title="bbox 511 591 2143 662">
     <span class='ocr_line' id='line_1_3' title="bbox 511 591 2143 662; baseline 0.001 -16"><span class='ocrx_word' id='word_1_21' title='bbox 511 603 517 609; x_wconf 89' lang='lat'><strong><em>&#39;</em></strong></span> <span class='ocrx_word' id='word_1_22' title='bbox 572 606 710 655; x_wconf 84' lang='lat' dir='ltr'><strong>esse.</strong></span> <span class='ocrx_word' id='word_1_23' title='bbox 763 593 1107 662; x_wconf 76' lang='lat' dir='ltr'><strong>congregavit</strong></span> <span class='ocrx_word' id='word_1_24' title='bbox 1142 592 1330 647; x_wconf 62' lang='lat' dir='ltr'><strong>Nicaue</strong></span> <span class='ocrx_word' id='word_1_25' title='bbox 1378 607 1443 645; x_wconf 91' lang='lat' dir='ltr'><strong>ex</strong></span> <span class='ocrx_word' id='word_1_26' title='bbox 1492 591 1719 647; x_wconf 90' lang='lat' dir='ltr'><strong>diversis</strong></span> <span class='ocrx_word' id='word_1_27' title='bbox 1766 592 2086 647; x_wconf 79' lang='lat' dir='ltr'><strong>dimeesibus</strong></span> <span class='ocrx_word' id='word_1_28' title='bbox 2116 600 2143 629; x_wconf 75' lang='grc' dir='ltr'>ἰ</span> 
     </span>
    </p>
   </div>
   <div class='ocr_carea' id='block_1_4' title="bbox 573 680 2145 751">
    <p class='ocr_par' dir='ltr' id='par_1_4' title="bbox 573 680 2145 751">
     <span class='ocr_line' id='line_1_4' title="bbox 573 680 2145 751; baseline 0.003 -20"><span class='ocrx_word' id='word_1_29' title='bbox 573 689 846 737; x_wconf 83' lang='lat' dir='ltr'><strong>trecentos</strong></span> <span class='ocrx_word' id='word_1_30' title='bbox 865 683 1050 738; x_wconf 89' lang='lat' dir='ltr'><strong>decem</strong></span> <span class='ocrx_word' id='word_1_31' title='bbox 1081 690 1134 737; x_wconf 90' lang='lat' dir='ltr'><strong>et</strong></span> <span class='ocrx_word' id='word_1_32' title='bbox 1159 691 1282 735; x_wconf 77' lang='lat' dir='ltr'><strong>orto</strong></span> <span class='ocrx_word' id='word_1_33' title='bbox 1304 689 1519 736; x_wconf 85' lang='lat' dir='ltr'><strong>sanctos</strong></span> <span class='ocrx_word' id='word_1_34' title='bbox 1544 681 1730 737; x_wconf 82' lang='lat' dir='ltr'><strong>Patres</strong></span> <span class='ocrx_word' id='word_1_35' title='bbox 1758 699 1771 735; x_wconf 93' lang='lat'><strong>:</strong></span> <span class='ocrx_word' id='word_1_36' title='bbox 1802 691 1855 737; x_wconf 91' lang='lat' dir='ltr'><strong>et</strong></span> <span class='ocrx_word' id='word_1_37' title='bbox 1881 698 2001 738; x_wconf 91' lang='lat' dir='ltr'><strong>cum</strong></span> <span class='ocrx_word' id='word_1_38' title='bbox 2033 680 2145 751; x_wconf 90' lang='lat' dir='ltr'><strong>ipse</strong></span> 
     </span>
    </p>
   </div>
   <div class='ocr_carea' id='block_1_5' title="bbox 569 772 2143 842">
    <p class='ocr_par' dir='ltr' id='par_1_5' title="bbox 569 772 2143 842">
     <span class='ocr_line' id='line_1_5' title="bbox 569 772 2143 842; baseline 0 -16"><span class='ocrx_word' id='word_1_39' title='bbox 569 773 730 826; x_wconf 89' lang='lat' dir='ltr'><strong>etiam</strong></span> <span class='ocrx_word' id='word_1_40' title='bbox 776 773 1005 829; x_wconf 91' lang='lat' dir='ltr'><strong>concilio</strong></span> <span class='ocrx_word' id='word_1_41' title='bbox 1045 773 1389 835; x_wconf 78' lang='lat' dir='ltr'><strong>interfuisset.</strong></span> <span class='ocrx_word' id='word_1_42' title='bbox 1434 781 1489 827; x_wconf 91' lang='lat' dir='ltr'><strong>et</strong></span> <span class='ocrx_word' id='word_1_43' title='bbox 1536 773 1825 842; x_wconf 90' lang='lat' dir='ltr'><strong>adjuvissct</strong></span> <span class='ocrx_word' id='word_1_44' title='bbox 1866 779 1892 812; x_wconf 71' lang='grc' dir='ltr'>δ</span> <span class='ocrx_word' id='word_1_45' title='bbox 1932 789 2027 827; x_wconf 90' lang='lat' dir='ltr'><strong>eos</strong></span> <span class='ocrx_word' id='word_1_46' title='bbox 2054 772 2143 842; x_wconf 86' lang='lat' dir='ltr'><strong>qui</strong></span> 
     </span>
    </p>
   </div>
   <div class='ocr_carea' id='block_1_6' title="bbox 570 860 2147 926">
    <p class='ocr_par' dir='ltr' id='par_1_6' title="bbox 570 860 2147 926">
     <span class='ocr_line' id='line_1_6' title="bbox 570 860 2147 926; baseline -0.001 -10"><span class='ocrx_word' id='word_1_47' title='bbox 570 862 1078 916; x_wconf 80' lang='lat' dir='ltr'><strong>consubstantialem</strong></span> <span class='ocrx_word' id='word_1_48' title='bbox 1121 861 1312 916; x_wconf 81' lang='lat' dir='ltr'><strong>Filium</strong></span> <span class='ocrx_word' id='word_1_49' title='bbox 1359 860 1503 915; x_wconf 83' lang='lat' dir='ltr'><strong>Patri</strong></span> <span class='ocrx_word' id='word_1_50' title='bbox 1550 861 1781 916; x_wconf 83' lang='lat' dir='ltr'><strong>confessi</strong></span> <span class='ocrx_word' id='word_1_51' title='bbox 1822 869 1966 926; x_wconf 92' lang='lat' dir='ltr'><strong>sunt,</strong></span> <span class='ocrx_word' id='word_1_52' title='bbox 2015 877 2147 916; x_wconf 89' lang='lat' dir='ltr'><strong>con-</strong></span> 
     </span>
    </p>
   </div>
   <div class='ocr_carea' id='block_1_7' title="bbox 569 942 2144 1020">
    <p class='ocr_par' dir='ltr' id='par_1_7' title="bbox 569 942 2144 1020">
     <span class='ocr_line' id='line_1_7' title="bbox 569 942 2144 1020; baseline -0.001 -16"><span class='ocrx_word' id='word_1_53' title='bbox 569 942 821 1006; x_wconf 87' lang='lat' dir='ltr'><strong>demnata</strong></span> <span class='ocrx_word' id='word_1_54' title='bbox 864 950 1059 1006; x_wconf 83' lang='lat' dir='ltr'><strong>Ariana</strong></span> <span class='ocrx_word' id='word_1_55' title='bbox 1107 951 1401 1020; x_wconf 88' lang='lat' dir='ltr'><strong>impietate,</strong></span> <span class='ocrx_word' id='word_1_56' title='bbox 1447 950 1679 1005; x_wconf 90' lang='lat' dir='ltr'><strong>studium</strong></span> <span class='ocrx_word' id='word_1_57' title='bbox 1718 951 1902 1005; x_wconf 88' lang='lat' dir='ltr'><strong>habuit</strong></span> <span class='ocrx_word' id='word_1_58' title='bbox 1942 959 2144 1005; x_wconf 91' lang='lat' dir='ltr'><strong>rectam</strong></span> 
     </span>
    </p>
   </div>
   <div class='ocr_carea' id='block_1_8' title="bbox 575 1039 2145 1111">
    <p class='ocr_par' dir='ltr' id='par_1_8' title="bbox 575 1039 2145 1111">
     <span class='ocr_line' id='line_1_8' title="bbox 575 1039 2145 1111; baseline 0.002 -21"><span class='ocrx_word' id='word_1_59' title='bbox 575 1039 730 1094; x_wconf 82' lang='lat' dir='ltr'><strong>fidem</strong></span> <span class='ocrx_word' id='word_1_60' title='bbox 761 1040 1022 1094; x_wconf 91' lang='lat' dir='ltr'><strong>obtinere.</strong></span> <span class='ocrx_word' id='word_1_61' title='bbox 1057 1039 1315 1109; x_wconf 82' lang='lat' dir='ltr'><strong>Exposita</strong></span> <span class='ocrx_word' id='word_1_62' title='bbox 1344 1040 1521 1109; x_wconf 83' lang='lat' dir='ltr'><strong>itaque</strong></span> <span class='ocrx_word' id='word_1_63' title='bbox 1550 1048 1737 1095; x_wconf 89' lang='lat' dir='ltr'><strong>sancto</strong></span> <span class='ocrx_word' id='word_1_64' title='bbox 1766 1040 2031 1111; x_wconf 84' lang='lat' dir='ltr'><strong>symbolo,</strong></span> <span class='ocrx_word' id='word_1_65' title='bbox 2060 1039 2145 1093; x_wconf 89' lang='lat' dir='ltr'><strong>vel</strong></span> 
     </span>
    </p>
   </div>
   <div class='ocr_carea' id='block_1_9' title="bbox 574 1128 2146 1200">
    <p class='ocr_par' dir='ltr' id='par_1_9' title="bbox 574 1128 2146 1200">
     <span class='ocr_line' id='line_1_9' title="bbox 574 1128 2146 1200; baseline -0.001 -18"><span class='ocrx_word' id='word_1_66' title='bbox 574 1131 898 1183; x_wconf 87' lang='lat' dir='ltr'><strong>mathemate</strong></span> <span class='ocrx_word' id='word_1_67' title='bbox 919 1129 1060 1192; x_wconf 90' lang='lat' dir='ltr'><strong>ﬁdei,</strong></span> <span class='ocrx_word' id='word_1_68' title='bbox 1094 1145 1188 1200; x_wconf 87' lang='lat' dir='ltr'><strong>per</strong></span> <span class='ocrx_word' id='word_1_69' title='bbox 1218 1130 1320 1183; x_wconf 91' lang='lat' dir='ltr'><strong>boc</strong></span> <span class='ocrx_word' id='word_1_70' title='bbox 1349 1130 1519 1184; x_wconf 78' lang='lat' dir='ltr'><strong>sancti</strong></span> <span class='ocrx_word' id='word_1_71' title='bbox 1551 1129 1737 1183; x_wconf 90' lang='lat' dir='ltr'><strong>Patres</strong></span> <span class='ocrx_word' id='word_1_72' title='bbox 1765 1128 1995 1184; x_wconf 69' lang='lat' dir='ltr'><strong>confes&lt;i</strong></span> <span class='ocrx_word' id='word_1_73' title='bbox 2022 1136 2146 1183; x_wconf 90' lang='lat' dir='ltr'><strong>sunt</strong></span> 
     </span>
    </p>
   </div>
   <div class='ocr_carea' id='block_1_10' title="bbox 570 1218 2147 1290">
    <p class='ocr_par' dir='ltr' id='par_1_10' title="bbox 570 1218 2147 1290">
     <span class='ocr_line' id='line_1_10' title="bbox 570 1218 2147 1290; baseline -0.001 -16"><span class='ocrx_word' id='word_1_74' title='bbox 570 1219 1076 1275; x_wconf 85' lang='lat' dir='ltr'><strong>consubstantialem</strong></span> <span class='ocrx_word' id='word_1_75' title='bbox 1108 1235 1225 1275; x_wconf 90' lang='lat' dir='ltr'><strong>esse</strong></span> <span class='ocrx_word' id='word_1_76' title='bbox 1252 1219 1441 1273; x_wconf 86' lang='lat' dir='ltr'><strong>Filium</strong></span> <span class='ocrx_word' id='word_1_77' title='bbox 1471 1219 1583 1274; x_wconf 88' lang='lat' dir='ltr'><strong>Deo</strong></span> <span class='ocrx_word' id='word_1_78' title='bbox 1614 1218 1779 1283; x_wconf 84' lang='lat' dir='ltr'><strong>Patri,</strong></span> <span class='ocrx_word' id='word_1_79' title='bbox 1810 1220 1949 1289; x_wconf 90' lang='lat' dir='ltr'><strong>quod</strong></span> <span class='ocrx_word' id='word_1_80' title='bbox 1977 1235 2147 1290; x_wconf 86' lang='lat' dir='ltr'><strong>usque</strong></span> 
     </span>
    </p>
   </div>
   <div class='ocr_carea' id='block_1_11' title="bbox 573 1307 2147 1379">
    <p class='ocr_par' dir='ltr' id='par_1_11' title="bbox 573 1307 2147 1379">
     <span class='ocr_line' id='line_1_11' title="bbox 573 1307 2147 1379; baseline 0.001 -16"><span class='ocrx_word' id='word_1_81' title='bbox 573 1318 699 1364; x_wconf 91' lang='lat' dir='ltr'><strong>tunc</strong></span> <span class='ocrx_word' id='word_1_82' title='bbox 719 1309 859 1379; x_wconf 75' lang='lat' dir='ltr'><strong>apud</strong></span> <span class='ocrx_word' id='word_1_83' title='bbox 880 1308 1138 1379; x_wconf 79' lang='lat' dir='ltr'><strong>plurimos</strong></span> <span class='ocrx_word' id='word_1_84' title='bbox 1166 1309 1529 1364; x_wconf 84' lang='lat' dir='ltr'><strong>dubitabatur.</strong></span> <span class='ocrx_word' id='word_1_85' title='bbox 1573 1307 1681 1363; x_wconf 86' lang='lat' dir='ltr'><strong>Sed</strong></span> <span class='ocrx_word' id='word_1_86' title='bbox 1719 1317 1776 1363; x_wconf 90' lang='lat' dir='ltr'><strong>et</strong></span> <span class='ocrx_word' id='word_1_87' title='bbox 1812 1307 2147 1365; x_wconf 88' lang='lat' dir='ltr'><strong>Theodosius</strong></span> 
     </span>
    </p>
   </div>
   <div class='ocr_carea' id='block_1_12' title="bbox 574 1397 2147 1470">
    <p class='ocr_par' dir='ltr' id='par_1_12' title="bbox 574 1397 2147 1470">
     <span class='ocr_line' id='line_1_12' title="bbox 574 1397 2147 1470; baseline -0.003 -15"><span class='ocrx_word' id='word_1_88' title='bbox 574 1401 758 1455; x_wconf 86' lang='lat' dir='ltr'><strong>senior</strong></span> <span class='ocrx_word' id='word_1_89' title='bbox 784 1400 883 1470; x_wconf 66' lang='lat' dir='ltr'><strong>piae</strong></span> <span class='ocrx_word' id='word_1_90' title='bbox 912 1399 1318 1463; x_wconf 85' lang='lat' dir='ltr'><strong>recordationis,</strong></span> <span class='ocrx_word' id='word_1_91' title='bbox 1350 1397 1664 1453; x_wconf 83' lang='lat' dir='ltr'><strong>Macedonio</strong></span> <span class='ocrx_word' id='word_1_92' title='bbox 1706 1406 1935 1467; x_wconf 75' lang='lat' dir='ltr'><strong>negante</strong></span> <span class='ocrx_word' id='word_1_93' title='bbox 1974 1398 2147 1453; x_wconf 82' lang='lat' dir='ltr'><strong>deita-</strong></span> 
     </span>
    </p>
   </div>
   <div class='ocr_carea' id='block_1_13' title="bbox 573 1487 2147 1558">
    <p class='ocr_par' dir='ltr' id='par_1_13' title="bbox 573 1487 2147 1558">
     <span class='ocr_line' id='line_1_13' title="bbox 573 1487 2147 1558; baseline 0.002 -18"><span class='ocrx_word' id='word_1_94' title='bbox 573 1498 679 1541; x_wconf 86' lang='lat' dir='ltr'><strong>tem</strong></span> <span class='ocrx_word' id='word_1_95' title='bbox 719 1488 889 1542; x_wconf 88' lang='lat' dir='ltr'><strong>sancti</strong></span> <span class='ocrx_word' id='word_1_96' title='bbox 937 1487 1189 1558; x_wconf 86' lang='lat' dir='ltr'><strong>Spiritus,</strong></span> <span class='ocrx_word' id='word_1_97' title='bbox 1233 1496 1285 1542; x_wconf 89' lang='lat' dir='ltr'><strong>et</strong></span> <span class='ocrx_word' id='word_1_98' title='bbox 1315 1487 1646 1557; x_wconf 84' lang='lat' dir='ltr'><strong>Apollinario</strong></span> <span class='ocrx_word' id='word_1_99' title='bbox 1671 1489 1758 1542; x_wconf 87' lang='lat' dir='ltr'><strong>vel</strong></span> <span class='ocrx_word' id='word_1_100' title='bbox 1799 1488 1990 1556; x_wconf 76' lang='lat' dir='ltr'><strong>Magno</strong></span> <span class='ocrx_word' id='word_1_101' title='bbox 2030 1488 2147 1558; x_wconf 87' lang='lat' dir='ltr'><strong>ejus</strong></span> 
     </span>
    </p>
   </div>
   <div class='ocr_carea' id='block_1_14' title="bbox 570 1576 2143 1646">
    <p class='ocr_par' dir='ltr' id='par_1_14' title="bbox 570 1576 2143 1646">
     <span class='ocr_line' id='line_1_14' title="bbox 570 1576 2143 1646; baseline 0.003 -17"><span class='ocrx_word' id='word_1_102' title='bbox 570 1576 833 1645; x_wconf 89' lang='lat' dir='ltr'><strong>discipulo</strong></span> <span class='ocrx_word' id='word_1_103' title='bbox 863 1577 914 1629; x_wconf 92' lang='lat' dir='ltr'><strong>in</strong></span> <span class='ocrx_word' id='word_1_104' title='bbox 942 1577 1342 1646; x_wconf 79' lang='lat' dir='ltr'><strong>dispensatione</strong></span> <span class='ocrx_word' id='word_1_105' title='bbox 1372 1577 1631 1631; x_wconf 87' lang='lat' dir='ltr'><strong>incarnati</strong></span> <span class='ocrx_word' id='word_1_106' title='bbox 1672 1577 1765 1632; x_wconf 90' lang='lat' dir='ltr'><strong>Dei</strong></span> <span class='ocrx_word' id='word_1_107' title='bbox 1807 1577 1966 1632; x_wconf 84' lang='lat' dir='ltr'><strong>Verbi</strong></span> <span class='ocrx_word' id='word_1_108' title='bbox 1996 1578 2143 1634; x_wconf 84' lang='lat' dir='ltr'><strong>blas-</strong></span> 
     </span>
    </p>
   </div>
   <div class='ocr_carea' id='block_1_15' title="bbox 574 1665 2146 1733">
    <p class='ocr_par' dir='ltr' id='par_1_15' title="bbox 574 1665 2146 1733">
     <span class='ocr_line' id='line_1_15' title="bbox 574 1665 2146 1733; baseline 0.004 -17"><span class='ocrx_word' id='word_1_109' title='bbox 574 1665 984 1733; x_wconf 81' lang='lat' dir='ltr'><strong>phemantibus,</strong></span> <span class='ocrx_word' id='word_1_110' title='bbox 1017 1673 1072 1719; x_wconf 84' lang='lat' dir='ltr'><strong>et</strong></span> <span class='ocrx_word' id='word_1_111' title='bbox 1108 1666 1407 1720; x_wconf 86' lang='lat' dir='ltr'><strong>dicentibus</strong></span> <span class='ocrx_word' id='word_1_112' title='bbox 1448 1681 1662 1721; x_wconf 88' lang='lat' dir='ltr'><strong>sensum</strong></span> <span class='ocrx_word' id='word_1_113' title='bbox 1705 1668 1996 1722; x_wconf 85' lang='lat' dir='ltr'><strong>humanum</strong></span> <span class='ocrx_word' id='word_1_114' title='bbox 2040 1684 2146 1723; x_wconf 93' lang='lat' dir='ltr'><strong>non</strong></span> 
     </span>
    </p>
   </div>
   <div class='ocr_carea' id='block_1_16' title="bbox 572 1753 2146 1827">
    <p class='ocr_par' dir='ltr' id='par_1_16' title="bbox 572 1753 2146 1827">
     <span class='ocr_line' id='line_1_16' title="bbox 572 1753 2146 1827; baseline 0.004 -21"><span class='ocrx_word' id='word_1_115' title='bbox 572 1754 833 1821; x_wconf 65' lang='lat' dir='ltr'><strong>recepisse</strong></span> <span class='ocrx_word' id='word_1_116' title='bbox 868 1753 1098 1808; x_wconf 88' lang='lat' dir='ltr'><strong>Verbum</strong></span> <span class='ocrx_word' id='word_1_117' title='bbox 1130 1753 1316 1827; x_wconf 92' lang='lat' dir='ltr'><strong>[Deum</strong></span> <span class='ocrx_word' id='word_1_118' title='bbox 1338 1753 1594 1825; x_wconf 82' lang='lat' dir='ltr'><strong>Verbum]</strong></span> <span class='ocrx_word' id='word_1_119' title='bbox 1628 1766 1681 1821; x_wconf 76' lang='grc' dir='ltr'><strong>ο,</strong></span> <span class='ocrx_word' id='word_1_120' title='bbox 1723 1756 1818 1810; x_wconf 92' lang='lat' dir='ltr'><strong>sed</strong></span> <span class='ocrx_word' id='word_1_121' title='bbox 1847 1756 1995 1811; x_wconf 90' lang='lat' dir='ltr'><strong>carni</strong></span> <span class='ocrx_word' id='word_1_122' title='bbox 2024 1758 2146 1812; x_wconf 90' lang='lat' dir='ltr'><strong>uni-</strong></span> 
     </span>
    </p>
   </div>
   <div class='ocr_carea' id='block_1_17' title="bbox 2246 586 3810 658">
    <p class='ocr_par' dir='ltr' id='par_1_17' title="bbox 2246 586 3810 658">
     <span class='ocr_line' id='line_1_17' title="bbox 2246 586 3810 658; baseline 0.001 -16"><span class='ocrx_word' id='word_1_123' title='bbox 2246 597 2308 642; x_wconf 90' lang='lat' dir='ltr'><strong>ut</strong></span> <span class='ocrx_word' id='word_1_124' title='bbox 2330 589 2491 641; x_wconf 88' lang='lat' dir='ltr'><strong>etiam</strong></span> <span class='ocrx_word' id='word_1_125' title='bbox 2519 586 2808 656; x_wconf 86' lang='lat' dir='ltr'><strong>ejiceretur</strong></span> <span class='ocrx_word' id='word_1_126' title='bbox 2831 597 3051 658; x_wconf 85' lang='lat' dir='ltr'><strong>propter</strong></span> <span class='ocrx_word' id='word_1_127' title='bbox 3072 603 3194 643; x_wconf 91' lang='lat' dir='ltr'><strong>eum</strong></span> <span class='ocrx_word' id='word_1_128' title='bbox 3236 587 3519 642; x_wconf 88' lang='lat' dir='ltr'><strong>Flavianus</strong></span> <span class='ocrx_word' id='word_1_129' title='bbox 3559 589 3810 657; x_wconf 65' lang='lat' dir='ltr'><strong>religiosae</strong></span> 
     </span>
    </p>
   </div>
   <div class='ocr_carea' id='block_1_18' title="bbox 2244 678 3808 750">
    <p class='ocr_par' dir='ltr' id='par_1_18' title="bbox 2244 678 3808 750">
     <span class='ocr_line' id='line_1_18' title="bbox 2244 678 3808 750; baseline 0 -18"><span class='ocrx_word' id='word_1_130' title='bbox 2244 679 2516 733; x_wconf 77' lang='lat' dir='ltr'><strong>memoria:</strong></span> <span class='ocrx_word' id='word_1_131' title='bbox 2544 678 2703 747; x_wconf 83' lang='lat' dir='ltr'><strong>regia:</strong></span> <span class='ocrx_word' id='word_1_132' title='bbox 2729 678 2876 734; x_wconf 90' lang='lat' dir='ltr'><strong>urbis</strong></span> <span class='ocrx_word' id='word_1_133' title='bbox 2900 680 3203 750; x_wconf 88' lang='lat' dir='ltr'><strong>episcopus.</strong></span> <span class='ocrx_word' id='word_1_134' title='bbox 3233 678 3340 733; x_wconf 72' lang='lat' dir='ltr'><strong>Pim</strong></span> <span class='ocrx_word' id='word_1_135' title='bbox 3365 687 3544 735; x_wconf 83' lang='lat' dir='ltr'><strong>autem</strong></span> <span class='ocrx_word' id='word_1_136' title='bbox 3572 680 3808 735; x_wconf 86' lang='lat' dir='ltr'><strong>recorda-</strong></span> 
     </span>
    </p>
   </div>
   <div class='ocr_carea' id='block_1_19' title="bbox 2246 766 3812 837">
    <p class='ocr_par' dir='ltr' id='par_1_19' title="bbox 2246 766 3812 837">
     <span class='ocr_line' id='line_1_19' title="bbox 2246 766 3812 837; baseline 0.004 -17"><span class='ocrx_word' id='word_1_137' title='bbox 2246 768 2409 821; x_wconf 89' lang='lat' dir='ltr'><strong>tionis</strong></span> <span class='ocrx_word' id='word_1_138' title='bbox 2463 766 2765 822; x_wconf 79' lang='lat' dir='ltr'><strong>Marcianus</strong></span> <span class='ocrx_word' id='word_1_139' title='bbox 2814 769 3157 837; x_wconf 79' lang='lat' dir='ltr'><strong>congregavit</strong></span> <span class='ocrx_word' id='word_1_140' title='bbox 3213 769 3553 824; x_wconf 87' lang='lat' dir='ltr'><strong>Chalcedone</strong></span> <span class='ocrx_word' id='word_1_141' title='bbox 3606 779 3812 826; x_wconf 80' lang='lat' dir='ltr'><strong>sanctos</strong></span> 
     </span>
    </p>
   </div>
   <div class='ocr_carea' id='block_1_20' title="bbox 2246 857 3812 930">
    <p class='ocr_par' dir='ltr' id='par_1_20' title="bbox 2246 857 3812 930">
     <span class='ocr_line' id='line_1_20' title="bbox 2246 857 3812 930; baseline 0 -18"><span class='ocrx_word' id='word_1_142' title='bbox 2246 857 2452 925; x_wconf 86' lang='lat' dir='ltr'><strong>Patres,</strong></span> <span class='ocrx_word' id='word_1_143' title='bbox 2482 866 2536 912; x_wconf 91' lang='lat' dir='ltr'><strong>et</strong></span> <span class='ocrx_word' id='word_1_144' title='bbox 2564 871 2756 926; x_wconf 89' lang='lat' dir='ltr'><strong>magna</strong></span> <span class='ocrx_word' id='word_1_145' title='bbox 2786 859 3135 914; x_wconf 87' lang='lat' dir='ltr'><strong>contentione</strong></span> <span class='ocrx_word' id='word_1_146' title='bbox 3164 858 3305 914; x_wconf 90' lang='lat' dir='ltr'><strong>inter</strong></span> <span class='ocrx_word' id='word_1_147' title='bbox 3348 859 3628 930; x_wconf 87' lang='lat' dir='ltr'><strong>episcopos</strong></span> <span class='ocrx_word' id='word_1_148' title='bbox 3659 858 3812 925; x_wconf 85' lang='lat' dir='ltr'><strong>facta,</strong></span> 
     </span>
    </p>
   </div>
   <div class='ocr_carea' id='block_1_21' title="bbox 2247 947 3812 1019">
    <p class='ocr_par' dir='ltr' id='par_1_21' title="bbox 2247 947 3812 1019">
     <span class='ocr_line' id='line_1_21' title="bbox 2247 947 3812 1019; baseline 0 -17"><span class='ocrx_word' id='word_1_149' title='bbox 2247 964 2353 1003; x_wconf 91' lang='lat' dir='ltr'><strong>non</strong></span> <span class='ocrx_word' id='word_1_150' title='bbox 2384 948 2556 1002; x_wconf 91' lang='lat' dir='ltr'><strong>solum</strong></span> <span class='ocrx_word' id='word_1_151' title='bbox 2586 963 2684 1018; x_wconf 88' lang='lat' dir='ltr'><strong>per</strong></span> <span class='ocrx_word' id='word_1_152' title='bbox 2722 963 2849 1003; x_wconf 91' lang='lat' dir='ltr'><strong>suos</strong></span> <span class='ocrx_word' id='word_1_153' title='bbox 2883 947 3113 1017; x_wconf 90' lang='lat' dir='ltr'><strong>judices,</strong></span> <span class='ocrx_word' id='word_1_154' title='bbox 3140 947 3235 1004; x_wconf 90' lang='lat' dir='ltr'><strong>sed</strong></span> <span class='ocrx_word' id='word_1_155' title='bbox 3264 950 3422 1003; x_wconf 92' lang='lat' dir='ltr'><strong>etiam</strong></span> <span class='ocrx_word' id='word_1_156' title='bbox 3464 964 3560 1018; x_wconf 87' lang='lat' dir='ltr'><strong>per</strong></span> <span class='ocrx_word' id='word_1_157' title='bbox 3586 950 3812 1019; x_wconf 83' lang='lat' dir='ltr'><strong>seipsum</strong></span> 
     </span>
    </p>
   </div>
   <div class='ocr_carea' id='block_1_22' title="bbox 2246 1036 3816 1107">
    <p class='ocr_par' dir='ltr' id='par_1_22' title="bbox 2246 1036 3816 1107">
     <span class='ocr_line' id='line_1_22' title="bbox 2246 1036 3816 1107; baseline 0.001 -14"><span class='ocrx_word' id='word_1_158' title='bbox 2246 1038 2301 1093; x_wconf 91' lang='lat' dir='ltr'><strong>in</strong></span> <span class='ocrx_word' id='word_1_159' title='bbox 2347 1037 2632 1093; x_wconf 91' lang='lat' dir='ltr'><strong>concilium</strong></span> <span class='ocrx_word' id='word_1_160' title='bbox 2680 1036 3001 1107; x_wconf 74' lang='lat' dir='ltr'><strong>pervenit&quot;,</strong></span> <span class='ocrx_word' id='word_1_161' title='bbox 3032 1046 3087 1093; x_wconf 88' lang='lat' dir='ltr'><strong>et</strong></span> <span class='ocrx_word' id='word_1_162' title='bbox 3131 1038 3196 1092; x_wconf 84' lang='lat' dir='ltr'><strong>ad</strong></span> <span class='ocrx_word' id='word_1_163' title='bbox 3244 1039 3582 1094; x_wconf 87' lang='lat' dir='ltr'><strong>concordiam</strong></span> <span class='ocrx_word' id='word_1_164' title='bbox 3632 1055 3816 1094; x_wconf 91' lang='lat' dir='ltr'><strong>omnes</strong></span> 
     </span>
    </p>
   </div>
   <div class='ocr_carea' id='block_1_23' title="bbox 2246 1126 3816 1198">
    <p class='ocr_par' dir='ltr' id='par_1_23' title="bbox 2246 1126 3816 1198">
     <span class='ocr_line' id='line_1_23' title="bbox 2246 1126 3816 1198; baseline 0 -15"><span class='ocrx_word' id='word_1_165' title='bbox 2246 1129 2511 1198; x_wconf 85' lang='lat' dir='ltr'><strong>perduxit.</strong></span> <span class='ocrx_word' id='word_1_166' title='bbox 2541 1126 2642 1193; x_wconf 89' lang='lat' dir='ltr'><strong>Qui</strong></span> <span class='ocrx_word' id='word_1_167' title='bbox 2671 1128 2841 1183; x_wconf 88' lang='lat' dir='ltr'><strong>sancti</strong></span> <span class='ocrx_word' id='word_1_168' title='bbox 2867 1126 3053 1182; x_wconf 90' lang='lat' dir='ltr'><strong>Patres</strong></span> <span class='ocrx_word' id='word_1_169' title='bbox 3078 1129 3129 1183; x_wconf 93' lang='lat' dir='ltr'><strong>in</strong></span> <span class='ocrx_word' id='word_1_170' title='bbox 3156 1130 3403 1184; x_wconf 91' lang='lat' dir='ltr'><strong>omnibus</strong></span> <span class='ocrx_word' id='word_1_171' title='bbox 3424 1129 3591 1183; x_wconf 90' lang='lat' dir='ltr'><strong>secuti</strong></span> <span class='ocrx_word' id='word_1_172' title='bbox 3615 1144 3677 1183; x_wconf 89' lang='lat' dir='ltr'><strong>ea</strong></span> <span class='ocrx_word' id='word_1_173' title='bbox 3698 1144 3816 1198; x_wconf 68' lang='lat' dir='ltr'><strong>quae</strong></span> 
     </span>
    </p>
   </div>
   <div class='ocr_carea' id='block_1_24' title="bbox 2248 1217 3816 1290">
    <p class='ocr_par' dir='ltr' id='par_1_24' title="bbox 2248 1217 3816 1290">
     <span class='ocr_line' id='line_1_24' title="bbox 2248 1217 3816 1290; baseline 0 -17"><span class='ocrx_word' id='word_1_174' title='bbox 2248 1235 2347 1290; x_wconf 90' lang='lat' dir='ltr'><strong>pro</strong></span> <span class='ocrx_word' id='word_1_175' title='bbox 2390 1218 2492 1274; x_wconf 91' lang='lat' dir='ltr'><strong>ﬁde</strong></span> <span class='ocrx_word' id='word_1_176' title='bbox 2518 1217 2735 1273; x_wconf 91' lang='lat' dir='ltr'><strong>deﬁnita</strong></span> <span class='ocrx_word' id='word_1_177' title='bbox 2762 1227 2887 1273; x_wconf 91' lang='lat' dir='ltr'><strong>sunt</strong></span> <span class='ocrx_word' id='word_1_178' title='bbox 2916 1235 2946 1273; x_wconf 92' lang='lat' dir='ltr'><strong>a</strong></span> <span class='ocrx_word' id='word_1_179' title='bbox 2975 1219 3240 1290; x_wconf 69' lang='lat' dir='ltr'><strong>prazdictis</strong></span> <span class='ocrx_word' id='word_1_180' title='bbox 3270 1221 3439 1275; x_wconf 90' lang='lat' dir='ltr'><strong>tribus</strong></span> <span class='ocrx_word' id='word_1_181' title='bbox 3466 1221 3664 1275; x_wconf 87' lang='lat' dir='ltr'><strong>sanctis</strong></span> <span class='ocrx_word' id='word_1_182' title='bbox 3689 1235 3816 1274; x_wconf 89' lang='lat' dir='ltr'><strong>con-</strong></span> 
     </span>
    </p>
   </div>
   <div class='ocr_carea' id='block_1_25' title="bbox 2248 1308 3816 1379">
    <p class='ocr_par' dir='ltr' id='par_1_25' title="bbox 2248 1308 3816 1379">
     <span class='ocr_line' id='line_1_25' title="bbox 2248 1308 3816 1379; baseline -0.001 -15"><span class='ocrx_word' id='word_1_183' title='bbox 2248 1310 2405 1373; x_wconf 90' lang='lat' dir='ltr'><strong>ciliis,</strong></span> <span class='ocrx_word' id='word_1_184' title='bbox 2446 1317 2501 1364; x_wconf 93' lang='lat' dir='ltr'><strong>et</strong></span> <span class='ocrx_word' id='word_1_185' title='bbox 2528 1324 2647 1379; x_wconf 78' lang='lat' dir='ltr'><strong>qua:</strong></span> <span class='ocrx_word' id='word_1_186' title='bbox 2682 1308 2916 1376; x_wconf 79' lang='lat' dir='ltr'><strong>judicata</strong></span> <span class='ocrx_word' id='word_1_187' title='bbox 2946 1318 3071 1365; x_wconf 91' lang='lat' dir='ltr'><strong>sunt</strong></span> <span class='ocrx_word' id='word_1_188' title='bbox 3098 1310 3164 1365; x_wconf 87' lang='lat' dir='ltr'><strong>de</strong></span> <span class='ocrx_word' id='word_1_189' title='bbox 3190 1311 3563 1366; x_wconf 71' lang='lat' dir='ltr'><strong>bmrcticorum</strong></span> <span class='ocrx_word' id='word_1_190' title='bbox 3596 1309 3816 1363; x_wconf 87' lang='lat' dir='ltr'><strong>damna-</strong></span> 
     </span>
    </p>
   </div>
   <div class='ocr_carea' id='block_1_26' title="bbox 2249 1398 3814 1468">
    <p class='ocr_par' dir='ltr' id='par_1_26' title="bbox 2249 1398 3814 1468">
     <span class='ocr_line' id='line_1_26' title="bbox 2249 1398 3814 1468; baseline 0 -15"><span class='ocrx_word' id='word_1_191' title='bbox 2249 1398 2397 1453; x_wconf 90' lang='lat' dir='ltr'><strong>tione</strong></span> <span class='ocrx_word' id='word_1_192' title='bbox 2445 1406 2500 1451; x_wconf 89' lang='lat' dir='ltr'><strong>ct</strong></span> <span class='ocrx_word' id='word_1_193' title='bbox 2546 1398 2822 1468; x_wconf 87' lang='lat' dir='ltr'><strong>impietate</strong></span> <span class='ocrx_word' id='word_1_194' title='bbox 2861 1414 3067 1465; x_wconf 92' lang='lat' dir='ltr'><strong>eorum,</strong></span> <span class='ocrx_word' id='word_1_195' title='bbox 3096 1400 3485 1454; x_wconf 84' lang='lat' dir='ltr'><strong>damnaverunt</strong></span> <span class='ocrx_word' id='word_1_196' title='bbox 3512 1408 3568 1454; x_wconf 94' lang='lat' dir='ltr'><strong>ct</strong></span> <span class='ocrx_word' id='word_1_197' title='bbox 3594 1401 3814 1454; x_wconf 88' lang='lat' dir='ltr'><strong>anathe-</strong></span> 
     </span>
    </p>
   </div>
   <div class='ocr_carea' id='block_1_27' title="bbox 2248 1485 3815 1559">
    <p class='ocr_par' dir='ltr' id='par_1_27' title="bbox 2248 1485 3815 1559">
     <span class='ocr_line' id='line_1_27' title="bbox 2248 1485 3815 1559; baseline 0 -17"><span class='ocrx_word' id='word_1_198' title='bbox 2248 1487 2636 1542; x_wconf 81' lang='lat' dir='ltr'><strong>inatizavcruut</strong></span> <span class='ocrx_word' id='word_1_199' title='bbox 2677 1485 2968 1559; x_wconf 83' lang='lat' dir='ltr'><strong>Eutycbem</strong></span> <span class='ocrx_word' id='word_1_200' title='bbox 3021 1488 3345 1554; x_wconf 88' lang='lat' dir='ltr'><strong>dementem,</strong></span> <span class='ocrx_word' id='word_1_201' title='bbox 3397 1497 3453 1543; x_wconf 90' lang='lat' dir='ltr'><strong>et</strong></span> <span class='ocrx_word' id='word_1_202' title='bbox 3500 1489 3657 1559; x_wconf 88' lang='lat' dir='ltr'><strong>impia</strong></span> <span class='ocrx_word' id='word_1_203' title='bbox 3703 1488 3815 1555; x_wconf 86' lang='lat' dir='ltr'><strong>ejus</strong></span> 
     </span>
    </p>
   </div>
   <div class='ocr_carea' id='block_1_28' title="bbox 2248 1579 3816 1651">
    <p class='ocr_par' dir='ltr' id='par_1_28' title="bbox 2248 1579 3816 1651">
     <span class='ocr_line' id='line_1_28' title="bbox 2248 1579 3816 1651; baseline 0.001 -18"><span class='ocrx_word' id='word_1_204' title='bbox 2248 1579 2519 1648; x_wconf 79' lang='lat' dir='ltr'><strong>dogmata,</strong></span> <span class='ocrx_word' id='word_1_205' title='bbox 2563 1596 2667 1636; x_wconf 92' lang='lat' dir='ltr'><strong>nec</strong></span> <span class='ocrx_word' id='word_1_206' title='bbox 2717 1597 2825 1635; x_wconf 91' lang='lat' dir='ltr'><strong>non</strong></span> <span class='ocrx_word' id='word_1_207' title='bbox 2869 1588 2923 1636; x_wconf 91' lang='lat' dir='ltr'><strong>et</strong></span> <span class='ocrx_word' id='word_1_208' title='bbox 2967 1581 3267 1636; x_wconf 88' lang='lat' dir='ltr'><strong>Nestorium</strong></span> <span class='ocrx_word' id='word_1_209' title='bbox 3313 1596 3434 1635; x_wconf 93' lang='lat' dir='ltr'><strong>cum</strong></span> <span class='ocrx_word' id='word_1_210' title='bbox 3482 1580 3655 1651; x_wconf 90' lang='lat' dir='ltr'><strong>impiis</strong></span> <span class='ocrx_word' id='word_1_211' title='bbox 3702 1579 3816 1647; x_wconf 87' lang='lat' dir='ltr'><strong>ejus</strong></span> 
     </span>
    </p>
   </div>
   <div class='ocr_carea' id='block_1_29' title="bbox 2248 1669 3817 1749">
    <p class='ocr_par' dir='ltr' id='par_1_29' title="bbox 2248 1669 3817 1749">
     <span class='ocr_line' id='line_1_29' title="bbox 2248 1669 3817 1749; baseline 0 -24"><span class='ocrx_word' id='word_1_212' title='bbox 2248 1669 2614 1739; x_wconf 81' lang='lat' dir='ltr'><strong>dogmatibus,</strong></span> <span class='ocrx_word' id='word_1_213' title='bbox 2659 1673 2910 1741; x_wconf 91' lang='lat' dir='ltr'><strong>quoniam</strong></span> <span class='ocrx_word' id='word_1_214' title='bbox 2956 1681 3081 1749; x_wconf 87' lang='lat' dir='ltr'><strong>tunc</strong></span> <span class='ocrx_word' id='word_1_215' title='bbox 3112 1669 3126 1710; x_wconf 84' lang='grc'>¹</span> <span class='ocrx_word' id='word_1_216' title='bbox 3163 1671 3551 1726; x_wconf 82' lang='lat' dir='ltr'><strong>festinaverunt</strong></span> <span class='ocrx_word' id='word_1_217' title='bbox 3602 1672 3817 1739; x_wconf 86' lang='lat' dir='ltr'><strong>quidam</strong></span> 
     </span>
    </p>
   </div>
   <div class='ocr_carea' id='block_1_30' title="bbox 2249 1750 3819 1829">
    <p class='ocr_par' dir='ltr' id='par_1_30' title="bbox 2249 1750 3819 1829">
     <span class='ocr_line' id='line_1_30' title="bbox 2249 1750 3819 1829; baseline 0.001 -16"><span class='ocrx_word' id='word_1_218' title='bbox 2249 1750 2538 1815; x_wconf 76' lang='lat' dir='ltr'><strong>defendere</strong></span> <span class='ocrx_word' id='word_1_219' title='bbox 2567 1759 2871 1815; x_wconf 84' lang='lat' dir='ltr'><strong>Nestorium</strong></span> <span class='ocrx_word' id='word_1_220' title='bbox 2903 1766 2957 1814; x_wconf 89' lang='lat' dir='ltr'><strong>et</strong></span> <span class='ocrx_word' id='word_1_221' title='bbox 2986 1760 3147 1829; x_wconf 91' lang='lat' dir='ltr'><strong>impia</strong></span> <span class='ocrx_word' id='word_1_222' title='bbox 3177 1759 3292 1829; x_wconf 89' lang='lat' dir='ltr'><strong>ejus</strong></span> <span class='ocrx_word' id='word_1_223' title='bbox 3335 1759 3605 1826; x_wconf 80' lang='lat' dir='ltr'><strong>dogmata.</strong></span> <span class='ocrx_word' id='word_1_224' title='bbox 3649 1758 3819 1828; x_wconf 82' lang='lat' dir='ltr'><strong>Super</strong></span> 
     </span>
    </p>
   </div>
   <div class='ocr_carea' id='block_1_31' title="bbox 574 1847 3818 1924">
    <p class='ocr_par' dir='ltr' id='par_1_31' title="bbox 574 1847 3818 1924">
     <span class='ocr_line' id='line_1_31' title="bbox 574 1847 3818 1924; baseline 0.002 -26"><span class='ocrx_word' id='word_1_225' title='bbox 574 1855 683 1899; x_wconf 90' lang='lat' dir='ltr'><strong>tmn</strong></span> <span class='ocrx_word' id='word_1_226' title='bbox 714 1862 832 1901; x_wconf 86' lang='lat' dir='ltr'><strong>esse</strong></span> <span class='ocrx_word' id='word_1_227' title='bbox 854 1847 1086 1901; x_wconf 91' lang='lat' dir='ltr'><strong>animam</strong></span> <span class='ocrx_word' id='word_1_228' title='bbox 1111 1848 1530 1903; x_wconf 90' lang='lat' dir='ltr'><strong>irrationabilcm</strong></span> <span class='ocrx_word' id='word_1_229' title='bbox 1555 1849 1771 1903; x_wconf 91' lang='lat' dir='ltr'><strong>habenti</strong></span> <span class='ocrx_word' id='word_1_230' title='bbox 1802 1867 1815 1902; x_wconf 89' lang='lat'>:</span> <span class='ocrx_word' id='word_1_231' title='bbox 1846 1862 2144 1917; x_wconf 82' lang='lat' dir='ltr'><strong>congrega-</strong></span> <span class='ocrx_word' id='word_1_232' title='bbox 2181 1865 2221 1924; x_wconf 72' lang='grc' dir='ltr'><strong><em>Β</em></strong></span> <span class='ocrx_word' id='word_1_233' title='bbox 2250 1848 2360 1903; x_wconf 64' lang='lat' dir='ltr'><strong>haec</strong></span> <span class='ocrx_word' id='word_1_234' title='bbox 2376 1859 2551 1904; x_wconf 89' lang='lat' dir='ltr'><strong>autem</strong></span> <span class='ocrx_word' id='word_1_235' title='bbox 2576 1850 2733 1905; x_wconf 91' lang='lat' dir='ltr'><strong>iidem</strong></span> <span class='ocrx_word' id='word_1_236' title='bbox 2756 1851 2807 1904; x_wconf 92' lang='lat' dir='ltr'><strong>in</strong></span> <span class='ocrx_word' id='word_1_237' title='bbox 2830 1850 3169 1905; x_wconf 89' lang='lat' dir='ltr'><strong>Chalcedone</strong></span> <span class='ocrx_word' id='word_1_238' title='bbox 3192 1851 3361 1905; x_wconf 89' lang='lat' dir='ltr'><strong>sancti</strong></span> <span class='ocrx_word' id='word_1_239' title='bbox 3387 1848 3570 1904; x_wconf 88' lang='lat' dir='ltr'><strong>Patres</strong></span> <span class='ocrx_word' id='word_1_240' title='bbox 3593 1850 3818 1903; x_wconf 86' lang='lat' dir='ltr'><strong>anathe-</strong></span> 
     </span>
    </p>
   </div>
   <div class='ocr_carea' id='block_1_32' title="bbox 576 1938 2148 2008">
    <p class='ocr_par' dir='ltr' id='par_1_32' title="bbox 576 1938 2148 2008">
     <span class='ocr_line' id='line_1_32' title="bbox 576 1938 2148 2008; baseline 0.003 -19"><span class='ocrx_word' id='word_1_241' title='bbox 576 1938 645 1990; x_wconf 77' lang='lat' dir='ltr'><strong>tis</strong></span> <span class='ocrx_word' id='word_1_242' title='bbox 675 1938 728 1990; x_wconf 92' lang='lat' dir='ltr'><strong>in</strong></span> <span class='ocrx_word' id='word_1_243' title='bbox 757 1938 899 2004; x_wconf 87' lang='lat' dir='ltr'><strong>regia</strong></span> <span class='ocrx_word' id='word_1_244' title='bbox 930 1938 1062 1993; x_wconf 84' lang='lat' dir='ltr'><strong>urbe</strong></span> <span class='ocrx_word' id='word_1_245' title='bbox 1088 1946 1301 1993; x_wconf 85' lang='lat' dir='ltr'><strong>centum</strong></span> <span class='ocrx_word' id='word_1_246' title='bbox 1331 1939 1714 2008; x_wconf 83' lang='lat' dir='ltr'><strong>quinquaginta</strong></span> <span class='ocrx_word' id='word_1_247' title='bbox 1744 1940 1942 1995; x_wconf 88' lang='lat' dir='ltr'><strong>sanctis</strong></span> <span class='ocrx_word' id='word_1_248' title='bbox 1971 1938 2148 1995; x_wconf 88' lang='lat' dir='ltr'><strong>Patri-</strong></span> 
     </span>
    </p>
   </div>
   <div class='ocr_carea' id='block_1_33' title="bbox 575 2028 2151 2099">
    <p class='ocr_par' dir='ltr' id='par_1_33' title="bbox 575 2028 2151 2099">
     <span class='ocr_line' id='line_1_33' title="bbox 575 2028 2151 2099; baseline 0.003 -18"><span class='ocrx_word' id='word_1_249' title='bbox 575 2031 673 2081; x_wconf 75' lang='lat' dir='ltr'><strong>lius</strong></span> <span class='ocrx_word' id='word_1_250' title='bbox 691 2068 706 2091; x_wconf 93' lang='lat'><strong>,</strong></span> <span class='ocrx_word' id='word_1_251' title='bbox 731 2044 851 2083; x_wconf 92' lang='lat' dir='ltr'><strong>cum</strong></span> <span class='ocrx_word' id='word_1_252' title='bbox 882 2038 938 2083; x_wconf 89' lang='lat' dir='ltr'><strong>et</strong></span> <span class='ocrx_word' id='word_1_253' title='bbox 976 2030 1090 2098; x_wconf 92' lang='lat' dir='ltr'><strong>ipse</strong></span> <span class='ocrx_word' id='word_1_254' title='bbox 1116 2030 1383 2099; x_wconf 89' lang='lat' dir='ltr'><strong>particeps</strong></span> <span class='ocrx_word' id='word_1_255' title='bbox 1410 2028 1597 2085; x_wconf 81' lang='lat' dir='ltr'><strong>fuisset</strong></span> <span class='ocrx_word' id='word_1_256' title='bbox 1623 2030 1858 2097; x_wconf 89' lang='lat' dir='ltr'><strong>concilii,</strong></span> <span class='ocrx_word' id='word_1_257' title='bbox 1886 2030 2151 2085; x_wconf 90' lang='lat' dir='ltr'><strong>damnatis</strong></span> 
     </span>
    </p>
   </div>
   <div class='ocr_carea' id='block_1_34' title="bbox 574 2121 2147 2191">
    <p class='ocr_par' dir='ltr' id='par_1_34' title="bbox 574 2121 2147 2191">
     <span class='ocr_line' id='line_1_34' title="bbox 574 2121 2147 2191; baseline 0.003 -21"><span class='ocrx_word' id='word_1_258' title='bbox 574 2121 837 2189; x_wconf 69' lang='lat' dir='ltr'><strong>pnedictis</strong></span> <span class='ocrx_word' id='word_1_259' title='bbox 866 2121 1132 2176; x_wconf 85' lang='lat' dir='ltr'><strong>h:ereticis</strong></span> <span class='ocrx_word' id='word_1_260' title='bbox 1174 2137 1277 2175; x_wconf 88' lang='lat' dir='ltr'><strong>una</strong></span> <span class='ocrx_word' id='word_1_261' title='bbox 1304 2136 1424 2178; x_wconf 92' lang='lat' dir='ltr'><strong>cum</strong></span> <span class='ocrx_word' id='word_1_262' title='bbox 1471 2122 1646 2191; x_wconf 89' lang='lat' dir='ltr'><strong>impiis</strong></span> <span class='ocrx_word' id='word_1_263' title='bbox 1674 2136 1859 2177; x_wconf 91' lang='lat' dir='ltr'><strong>eorum</strong></span> <span class='ocrx_word' id='word_1_264' title='bbox 1880 2122 2147 2190; x_wconf 85' lang='lat' dir='ltr'><strong>dogmati-</strong></span> 
     </span>
    </p>
   </div>
   <div class='ocr_carea' id='block_1_35' title="bbox 577 2211 2149 2283">
    <p class='ocr_par' dir='ltr' id='par_1_35' title="bbox 577 2211 2149 2283">
     <span class='ocr_line' id='line_1_35' title="bbox 577 2211 2149 2283; baseline 0.001 -19"><span class='ocrx_word' id='word_1_265' title='bbox 577 2214 691 2273; x_wconf 84' lang='lat' dir='ltr'><strong>bus,</strong></span> <span class='ocrx_word' id='word_1_266' title='bbox 727 2211 850 2266; x_wconf 90' lang='lat' dir='ltr'><strong>fecit</strong></span> <span class='ocrx_word' id='word_1_267' title='bbox 877 2221 1077 2268; x_wconf 90' lang='lat' dir='ltr'><strong>rectam</strong></span> <span class='ocrx_word' id='word_1_268' title='bbox 1105 2212 1396 2283; x_wconf 68' lang='lat' dir='ltr'><strong>przcdicare</strong></span> <span class='ocrx_word' id='word_1_269' title='bbox 1423 2211 1599 2266; x_wconf 86' lang='lat' dir='ltr'><strong>ﬁdem.</strong></span> <span class='ocrx_word' id='word_1_270' title='bbox 1623 2211 1805 2267; x_wconf 90' lang='lat' dir='ltr'><strong>Secuti</strong></span> <span class='ocrx_word' id='word_1_271' title='bbox 1828 2212 1970 2266; x_wconf 91' lang='lat' dir='ltr'><strong>enim</strong></span> <span class='ocrx_word' id='word_1_272' title='bbox 1991 2211 2149 2266; x_wconf 92' lang='lat' dir='ltr'><strong>iidem</strong></span> 
     </span>
    </p>
   </div>
   <div class='ocr_carea' id='block_1_36' title="bbox 579 2303 2152 2373">
    <p class='ocr_par' dir='ltr' id='par_1_36' title="bbox 579 2303 2152 2373">
     <span class='ocr_line' id='line_1_36' title="bbox 579 2303 2152 2373; baseline 0.002 -16"><span class='ocrx_word' id='word_1_273' title='bbox 579 2304 750 2358; x_wconf 88' lang='lat' dir='ltr'><strong>sancti</strong></span> <span class='ocrx_word' id='word_1_274' title='bbox 798 2303 983 2359; x_wconf 82' lang='lat' dir='ltr'><strong>Patres</strong></span> <span class='ocrx_word' id='word_1_275' title='bbox 1033 2305 1333 2373; x_wconf 82' lang='lat' dir='ltr'><strong>expositam</strong></span> <span class='ocrx_word' id='word_1_276' title='bbox 1381 2311 1582 2359; x_wconf 87' lang='lat' dir='ltr'><strong>rectam</strong></span> <span class='ocrx_word' id='word_1_277' title='bbox 1634 2303 1791 2359; x_wconf 91' lang='lat' dir='ltr'><strong>ﬁdem</strong></span> <span class='ocrx_word' id='word_1_278' title='bbox 1830 2320 1859 2359; x_wconf 90' lang='lat' dir='ltr'><strong>a</strong></span> <span class='ocrx_word' id='word_1_279' title='bbox 1900 2305 2152 2361; x_wconf 90' lang='lat' dir='ltr'><strong>trecentis</strong></span> 
     </span>
    </p>
   </div>
   <div class='ocr_carea' id='block_1_37' title="bbox 576 2392 2153 2463">
    <p class='ocr_par' dir='ltr' id='par_1_37' title="bbox 576 2392 2153 2463">
     <span class='ocr_line' id='line_1_37' title="bbox 576 2392 2153 2463; baseline 0.003 -18"><span class='ocrx_word' id='word_1_280' title='bbox 576 2392 760 2447; x_wconf 84' lang='lat' dir='ltr'><strong>decem</strong></span> <span class='ocrx_word' id='word_1_281' title='bbox 801 2400 855 2448; x_wconf 90' lang='lat' dir='ltr'><strong>et</strong></span> <span class='ocrx_word' id='word_1_282' title='bbox 898 2400 1022 2449; x_wconf 86' lang='lat' dir='ltr'><strong>octo</strong></span> <span class='ocrx_word' id='word_1_283' title='bbox 1063 2394 1263 2448; x_wconf 91' lang='lat' dir='ltr'><strong>sanctis</strong></span> <span class='ocrx_word' id='word_1_284' title='bbox 1312 2393 1577 2460; x_wconf 84' lang='lat' dir='ltr'><strong>Patribns,</strong></span> <span class='ocrx_word' id='word_1_285' title='bbox 1622 2393 2040 2463; x_wconf 80' lang='lat' dir='ltr'><strong>cxplanaverunt</strong></span> <span class='ocrx_word' id='word_1_286' title='bbox 2084 2393 2153 2449; x_wconf 91' lang='lat' dir='ltr'><strong>de</strong></span> 
     </span>
    </p>
   </div>
   <div class='ocr_carea' id='block_1_38' title="bbox 583 2482 2154 2553">
    <p class='ocr_par' dir='ltr' id='par_1_38' title="bbox 583 2482 2154 2553">
     <span class='ocr_line' id='line_1_38' title="bbox 583 2482 2154 2553; baseline 0.003 -20"><span class='ocrx_word' id='word_1_287' title='bbox 583 2482 785 2536; x_wconf 81' lang='lat' dir='ltr'><strong>deitate</strong></span> <span class='ocrx_word' id='word_1_288' title='bbox 812 2484 981 2536; x_wconf 92' lang='lat' dir='ltr'><strong>sancti</strong></span> <span class='ocrx_word' id='word_1_289' title='bbox 1027 2483 1277 2552; x_wconf 87' lang='lat' dir='ltr'><strong>Spiritus,</strong></span> <span class='ocrx_word' id='word_1_290' title='bbox 1301 2492 1357 2537; x_wconf 90' lang='lat' dir='ltr'><strong>et</strong></span> <span class='ocrx_word' id='word_1_291' title='bbox 1394 2483 1630 2553; x_wconf 88' lang='lat' dir='ltr'><strong>perfecte</strong></span> <span class='ocrx_word' id='word_1_292' title='bbox 1670 2483 1737 2537; x_wconf 91' lang='lat' dir='ltr'><strong>de</strong></span> <span class='ocrx_word' id='word_1_293' title='bbox 1760 2482 2154 2551; x_wconf 89' lang='lat' dir='ltr'><strong>dispensatione</strong></span> 
     </span>
    </p>
   </div>
   <div class='ocr_carea' id='block_1_39' title="bbox 580 2570 2154 2626">
    <p class='ocr_par' dir='ltr' id='par_1_39' title="bbox 580 2570 2154 2626">
     <span class='ocr_line' id='line_1_39' title="bbox 580 2570 2154 2626; baseline 0.001 -2"><span class='ocrx_word' id='word_1_294' title='bbox 580 2571 841 2626; x_wconf 91' lang='lat' dir='ltr'><strong>incarnati</strong></span> <span class='ocrx_word' id='word_1_295' title='bbox 870 2570 896 2608; x_wconf 73' lang='grc' dir='ltr'><strong>ιι</strong></span> <span class='ocrx_word' id='word_1_296' title='bbox 939 2571 1034 2625; x_wconf 83' lang='lat' dir='ltr'><strong>Dei</strong></span> <span class='ocrx_word' id='word_1_297' title='bbox 1079 2571 1237 2625; x_wconf 85' lang='lat' dir='ltr'><strong>Verbi</strong></span> <span class='ocrx_word' id='word_1_298' title='bbox 1290 2572 1605 2626; x_wconf 91' lang='lat' dir='ltr'><strong>docuerunt.</strong></span> <span class='ocrx_word' id='word_1_299' title='bbox 1656 2571 1853 2625; x_wconf 90' lang='lat' dir='ltr'><strong>lterum</strong></span> <span class='ocrx_word' id='word_1_300' title='bbox 1907 2572 2154 2626; x_wconf 88' lang='lat' dir='ltr'><strong>Nestorio</strong></span> 
     </span>
    </p>
   </div>
   <div class='ocr_carea' id='block_1_40' title="bbox 582 2659 2152 2729">
    <p class='ocr_par' dir='ltr' id='par_1_40' title="bbox 582 2659 2152 2729">
     <span class='ocr_line' id='line_1_40' title="bbox 582 2659 2152 2729; baseline 0.001 -16"><span class='ocrx_word' id='word_1_301' title='bbox 582 2660 746 2729; x_wconf 90' lang='lat' dir='ltr'><strong>impio</strong></span> <span class='ocrx_word' id='word_1_302' title='bbox 773 2660 935 2713; x_wconf 90' lang='lat' dir='ltr'><strong>alium</strong></span> <span class='ocrx_word' id='word_1_303' title='bbox 964 2659 1173 2715; x_wconf 88' lang='lat' dir='ltr'><strong>dicente</strong></span> <span class='ocrx_word' id='word_1_304' title='bbox 1205 2661 1369 2714; x_wconf 89' lang='lat' dir='ltr'><strong>Deum</strong></span> <span class='ocrx_word' id='word_1_305' title='bbox 1399 2660 1664 2723; x_wconf 83' lang='lat' dir='ltr'><strong>Verbum,</strong></span> <span class='ocrx_word' id='word_1_306' title='bbox 1697 2668 1754 2715; x_wconf 93' lang='lat' dir='ltr'><strong>ct</strong></span> <span class='ocrx_word' id='word_1_307' title='bbox 1789 2661 1950 2715; x_wconf 88' lang='lat' dir='ltr'><strong>alium</strong></span> <span class='ocrx_word' id='word_1_308' title='bbox 1995 2660 2152 2715; x_wconf 88' lang='lat' dir='ltr'><strong>Chri-</strong></span> 
     </span>
    </p>
   </div>
   <div class='ocr_carea' id='block_1_41' title="bbox 579 2749 2151 2819">
    <p class='ocr_par' dir='ltr' id='par_1_41' title="bbox 579 2749 2151 2819">
     <span class='ocr_line' id='line_1_41' title="bbox 579 2749 2151 2819; baseline 0.002 -16"><span class='ocrx_word' id='word_1_309' title='bbox 579 2758 720 2804; x_wconf 88' lang='lat' dir='ltr'><strong>stmn</strong></span> <span class='ocrx_word' id='word_1_310' title='bbox 752 2758 800 2812; x_wconf 78' lang='grc' dir='ltr'><strong>ο,</strong></span> <span class='ocrx_word' id='word_1_311' title='bbox 832 2763 888 2804; x_wconf 87' lang='lat' dir='ltr'><strong>et</strong></span> <span class='ocrx_word' id='word_1_312' title='bbox 914 2749 1055 2805; x_wconf 89' lang='lat' dir='ltr'><strong>hunc</strong></span> <span class='ocrx_word' id='word_1_313' title='bbox 1080 2750 1295 2819; x_wconf 88' lang='lat' dir='ltr'><strong>quidem</strong></span> <span class='ocrx_word' id='word_1_314' title='bbox 1326 2758 1515 2804; x_wconf 69' lang='lat' dir='ltr'><strong>natura</strong></span> <span class='ocrx_word' id='word_1_315' title='bbox 1546 2749 1736 2804; x_wconf 86' lang='lat' dir='ltr'><strong>Filium</strong></span> <span class='ocrx_word' id='word_1_316' title='bbox 1774 2749 1791 2787; x_wconf 70' lang='grc' dir='ltr'><em>τ</em></span> <span class='ocrx_word' id='word_1_317' title='bbox 1824 2750 1918 2805; x_wconf 91' lang='lat' dir='ltr'><strong>Dei</strong></span> <span class='ocrx_word' id='word_1_318' title='bbox 1958 2750 2151 2816; x_wconf 85' lang='lat' dir='ltr'><strong>Patris,</strong></span> 
     </span>
    </p>
   </div>
   <div class='ocr_carea' id='block_1_42' title="bbox 581 2840 2157 2910">
    <p class='ocr_par' dir='ltr' id='par_1_42' title="bbox 581 2840 2157 2910">
     <span class='ocr_line' id='line_1_42' title="bbox 581 2840 2157 2910; baseline 0.001 -15"><span class='ocrx_word' id='word_1_319' title='bbox 581 2842 728 2895; x_wconf 76' lang='lat' dir='ltr'><strong>illum</strong></span> <span class='ocrx_word' id='word_1_320' title='bbox 776 2849 955 2895; x_wconf 90' lang='lat' dir='ltr'><strong>autem</strong></span> <span class='ocrx_word' id='word_1_321' title='bbox 1003 2842 1173 2909; x_wconf 88' lang='lat' dir='ltr'><strong>gratia</strong></span> <span class='ocrx_word' id='word_1_322' title='bbox 1223 2840 1387 2895; x_wconf 87' lang='lat' dir='ltr'><strong>tilium</strong></span> <span class='ocrx_word' id='word_1_323' title='bbox 1439 2841 1603 2910; x_wconf 91' lang='lat' dir='ltr'><strong>impie</strong></span> <span class='ocrx_word' id='word_1_324' title='bbox 1655 2841 2050 2906; x_wconf 88' lang='lat' dir='ltr'><strong>introducente,</strong></span> <span class='ocrx_word' id='word_1_325' title='bbox 2100 2851 2157 2897; x_wconf 91' lang='lat' dir='ltr'><strong>et</strong></span> 
     </span>
    </p>
   </div>
   <div class='ocr_carea' id='block_1_43' title="bbox 580 2930 2154 3000">
    <p class='ocr_par' dir='ltr' id='par_1_43' title="bbox 580 2930 2154 3000">
     <span class='ocr_line' id='line_1_43' title="bbox 580 2930 2154 3000; baseline 0.001 -15"><span class='ocrx_word' id='word_1_326' title='bbox 580 2939 825 2985; x_wconf 89' lang='lat' dir='ltr'><strong>sanctam</strong></span> <span class='ocrx_word' id='word_1_327' title='bbox 857 2931 1144 2999; x_wconf 88' lang='lat' dir='ltr'><strong>gloriosam</strong></span> <span class='ocrx_word' id='word_1_328' title='bbox 1170 2946 1385 3000; x_wconf 88' lang='lat' dir='ltr'><strong>semper</strong></span> <span class='ocrx_word' id='word_1_329' title='bbox 1402 2931 1676 2999; x_wconf 85' lang='lat' dir='ltr'><strong>Virginem</strong></span> <span class='ocrx_word' id='word_1_330' title='bbox 1705 2930 1800 2985; x_wconf 90' lang='lat' dir='ltr'><strong>Dei</strong></span> <span class='ocrx_word' id='word_1_331' title='bbox 1829 2930 2154 2988; x_wconf 87' lang='lat' dir='ltr'><strong>Genitricem</strong></span> 
     </span>
    </p>
   </div>
   <div class='ocr_carea' id='block_1_44' title="bbox 582 3022 2155 3091">
    <p class='ocr_par' dir='ltr' id='par_1_44' title="bbox 582 3022 2155 3091">
     <span class='ocr_line' id='line_1_44' title="bbox 582 3022 2155 3091; baseline 0.001 -14"><span class='ocrx_word' id='word_1_332' title='bbox 582 3039 701 3078; x_wconf 83' lang='lat' dir='ltr'><strong>esse</strong></span> <span class='ocrx_word' id='word_1_333' title='bbox 724 3033 972 3091; x_wconf 83' lang='lat' dir='ltr'><strong>negante,</strong></span> <span class='ocrx_word' id='word_1_334' title='bbox 1004 3038 1124 3077; x_wconf 90' lang='lat' dir='ltr'><strong>cum</strong></span> <span class='ocrx_word' id='word_1_335' title='bbox 1152 3038 1287 3091; x_wconf 89' lang='lat' dir='ltr'><strong>pene</strong></span> <span class='ocrx_word' id='word_1_336' title='bbox 1307 3036 1495 3077; x_wconf 86' lang='lat' dir='ltr'><strong>omnes</strong></span> <span class='ocrx_word' id='word_1_337' title='bbox 1521 3022 1808 3077; x_wconf 89' lang='lat' dir='ltr'><strong>orientales</strong></span> <span class='ocrx_word' id='word_1_338' title='bbox 1842 3031 2023 3091; x_wconf 89' lang='lat' dir='ltr'><strong>partes</strong></span> <span class='ocrx_word' id='word_1_339' title='bbox 2060 3040 2155 3079; x_wconf 86' lang='lat' dir='ltr'><strong>sua</strong></span> 
     </span>
    </p>
   </div>
   <div class='ocr_carea' id='block_1_45' title="bbox 581 3112 2156 3183">
    <p class='ocr_par' dir='ltr' id='par_1_45' title="bbox 581 3112 2156 3183">
     <span class='ocr_line' id='line_1_45' title="bbox 581 3112 2156 3183; baseline -0.001 -12"><span class='ocrx_word' id='word_1_340' title='bbox 581 3115 859 3183; x_wconf 78' lang='lat' dir='ltr'><strong>impietate</strong></span> <span class='ocrx_word' id='word_1_341' title='bbox 905 3113 1247 3183; x_wconf 86' lang='lat' dir='ltr'><strong>adimplcsset</strong></span> <span class='ocrx_word' id='word_1_342' title='bbox 1293 3113 1432 3166; x_wconf 88' lang='lat' dir='ltr'><strong>idem</strong></span> <span class='ocrx_word' id='word_1_343' title='bbox 1476 3112 1770 3179; x_wconf 85' lang='lat' dir='ltr'><strong>Nestorius,</strong></span> <span class='ocrx_word' id='word_1_344' title='bbox 1827 3112 2156 3169; x_wconf 87' lang='lat' dir='ltr'><strong>Theodosius</strong></span> 
     </span>
    </p>
   </div>
   <div class='ocr_carea' id='block_1_46' title="bbox 576 3201 2155 3273">
    <p class='ocr_par' dir='ltr' id='par_1_46' title="bbox 576 3201 2155 3273">
     <span class='ocr_line' id='line_1_46' title="bbox 576 3201 2155 3273; baseline 0.002 -18"><span class='ocrx_word' id='word_1_345' title='bbox 576 3203 764 3272; x_wconf 87' lang='lat' dir='ltr'><strong>junior</strong></span> <span class='ocrx_word' id='word_1_346' title='bbox 795 3203 895 3272; x_wconf 72' lang='lat' dir='ltr'><strong>pia:</strong></span> <span class='ocrx_word' id='word_1_347' title='bbox 924 3201 1311 3257; x_wconf 88' lang='lat' dir='ltr'><strong>recordationis</strong></span> <span class='ocrx_word' id='word_1_348' title='bbox 1341 3202 1687 3270; x_wconf 79' lang='lat' dir='ltr'><strong>congregavit</strong></span> <span class='ocrx_word' id='word_1_349' title='bbox 1715 3202 1949 3271; x_wconf 89' lang='lat' dir='ltr'><strong>priorem</strong></span> <span class='ocrx_word' id='word_1_350' title='bbox 1980 3202 2155 3273; x_wconf 71' lang='lat' dir='ltr'><strong>pre~</strong></span> 
     </span>
    </p>
   </div>
   <div class='ocr_carea' id='block_1_47' title="bbox 585 3289 2159 3361">
    <p class='ocr_par' dir='ltr' id='par_1_47' title="bbox 585 3289 2159 3361">
     <span class='ocr_line' id='line_1_47' title="bbox 585 3289 2159 3361; baseline 0.002 -15"><span class='ocrx_word' id='word_1_351' title='bbox 585 3293 754 3346; x_wconf 85' lang='lat' dir='ltr'><strong>sinam</strong></span> <span class='ocrx_word' id='word_1_352' title='bbox 782 3300 1019 3345; x_wconf 89' lang='lat' dir='ltr'><strong>sanctam</strong></span> <span class='ocrx_word' id='word_1_353' title='bbox 1043 3290 1326 3361; x_wconf 82' lang='lat' dir='ltr'><strong>synodum,</strong></span> <span class='ocrx_word' id='word_1_354' title='bbox 1347 3290 1434 3344; x_wconf 92' lang='lat' dir='ltr'><strong>cui</strong></span> <span class='ocrx_word' id='word_1_355' title='bbox 1454 3289 1811 3359; x_wconf 72' lang='lat' dir='ltr'><strong>pnesidebant</strong></span> <span class='ocrx_word' id='word_1_356' title='bbox 1837 3290 2159 3349; x_wconf 74' lang='lat' dir='ltr'><strong>leestinus</strong></span> 
     </span>
    </p>
   </div>
   <div class='ocr_carea' id='block_1_48' title="bbox 584 3378 2157 3451">
    <p class='ocr_par' dir='ltr' id='par_1_48' title="bbox 584 3378 2157 3451">
     <span class='ocr_line' id='line_1_48' title="bbox 584 3378 2157 3451; baseline 0 -15"><span class='ocrx_word' id='word_1_357' title='bbox 584 3391 637 3437; x_wconf 91' lang='lat' dir='ltr'><strong>ct</strong></span> <span class='ocrx_word' id='word_1_358' title='bbox 668 3382 896 3451; x_wconf 83' lang='lat' dir='ltr'><strong>Cyrillus</strong></span> <span class='ocrx_word' id='word_1_359' title='bbox 924 3381 1093 3435; x_wconf 89' lang='lat' dir='ltr'><strong>sancti</strong></span> <span class='ocrx_word' id='word_1_360' title='bbox 1122 3379 1326 3444; x_wconf 85' lang='lat' dir='ltr'><strong>Patres,</strong></span> <span class='ocrx_word' id='word_1_361' title='bbox 1371 3388 1427 3435; x_wconf 90' lang='lat' dir='ltr'><strong>et</strong></span> <span class='ocrx_word' id='word_1_362' title='bbox 1471 3378 1689 3434; x_wconf 89' lang='lat' dir='ltr'><strong>directis</strong></span> <span class='ocrx_word' id='word_1_363' title='bbox 1734 3378 2022 3449; x_wconf 76' lang='lat' dir='ltr'><strong>iudicibus,</strong></span> <span class='ocrx_word' id='word_1_364' title='bbox 2064 3383 2157 3451; x_wconf 92' lang='lat' dir='ltr'><strong>qui</strong></span> 
     </span>
    </p>
   </div>
   <div class='ocr_carea' id='block_1_49' title="bbox 584 3470 2162 3540">
    <p class='ocr_par' dir='ltr' id='par_1_49' title="bbox 584 3470 2162 3540">
     <span class='ocr_line' id='line_1_49' title="bbox 584 3470 2162 3540; baseline 0.001 -14"><span class='ocrx_word' id='word_1_365' title='bbox 584 3472 844 3526; x_wconf 89' lang='lat' dir='ltr'><strong>deberent</strong></span> <span class='ocrx_word' id='word_1_366' title='bbox 868 3471 1099 3525; x_wconf 89' lang='lat' dir='ltr'><strong>concilio</strong></span> <span class='ocrx_word' id='word_1_367' title='bbox 1120 3471 1397 3533; x_wconf 88' lang='lat' dir='ltr'><strong>interesse,</strong></span> <span class='ocrx_word' id='word_1_368' title='bbox 1423 3470 1677 3535; x_wconf 76' lang='lat' dir='ltr'><strong>compulit</strong></span> <span class='ocrx_word' id='word_1_369' title='bbox 1697 3479 1752 3524; x_wconf 91' lang='lat' dir='ltr'><strong>et</strong></span> <span class='ocrx_word' id='word_1_370' title='bbox 1777 3471 1944 3540; x_wconf 89' lang='lat' dir='ltr'><strong>ipsum</strong></span> <span class='ocrx_word' id='word_1_371' title='bbox 1970 3471 2162 3527; x_wconf 85' lang='lat' dir='ltr'><strong>Nesto-</strong></span> 
     </span>
    </p>
   </div>
   <div class='ocr_carea' id='block_1_50' title="bbox 585 3560 2160 3631">
    <p class='ocr_par' dir='ltr' id='par_1_50' title="bbox 585 3560 2160 3631">
     <span class='ocr_line' id='line_1_50' title="bbox 585 3560 2160 3631; baseline 0.001 -16"><span class='ocrx_word' id='word_1_372' title='bbox 585 3562 725 3615; x_wconf 89' lang='lat' dir='ltr'><strong>rium</strong></span> <span class='ocrx_word' id='word_1_373' title='bbox 756 3561 829 3614; x_wconf 87' lang='lat' dir='ltr'><strong>ibi</strong></span> <span class='ocrx_word' id='word_1_374' title='bbox 859 3562 1171 3630; x_wconf 86' lang='lat' dir='ltr'><strong>pervenire,</strong></span> <span class='ocrx_word' id='word_1_375' title='bbox 1204 3570 1260 3614; x_wconf 90' lang='lat' dir='ltr'><strong>et</strong></span> <span class='ocrx_word' id='word_1_376' title='bbox 1282 3560 1537 3631; x_wconf 89' lang='lat' dir='ltr'><strong>judicium</strong></span> <span class='ocrx_word' id='word_1_377' title='bbox 1569 3569 1789 3629; x_wconf 85' lang='lat' dir='ltr'><strong>propter</strong></span> <span class='ocrx_word' id='word_1_378' title='bbox 1814 3576 1935 3616; x_wconf 92' lang='lat' dir='ltr'><strong>eum</strong></span> <span class='ocrx_word' id='word_1_379' title='bbox 1967 3577 2160 3631; x_wconf 89' lang='lat' dir='ltr'><strong>proce-</strong></span> 
     </span>
    </p>
   </div>
   <div class='ocr_carea' id='block_1_51' title="bbox 586 3650 2162 3733">
    <p class='ocr_par' dir='ltr' id='par_1_51' title="bbox 586 3650 2162 3733">
     <span class='ocr_line' id='line_1_51' title="bbox 586 3650 2162 3733; baseline -0.001 -26"><span class='ocrx_word' id='word_1_380' title='bbox 586 3653 716 3707; x_wconf 89' lang='lat' dir='ltr'><strong>dere</strong></span> <span class='ocrx_word' id='word_1_381' title='bbox 746 3663 769 3701; x_wconf 74' lang='grc' dir='ltr'>ε</span> <span class='ocrx_word' id='word_1_382' title='bbox 795 3670 810 3718; x_wconf 87' lang='grc'><strong>;</strong></span> <span class='ocrx_word' id='word_1_383' title='bbox 841 3661 896 3707; x_wconf 93' lang='lat' dir='ltr'><strong>et</strong></span> <span class='ocrx_word' id='word_1_384' title='bbox 924 3652 1012 3706; x_wconf 82' lang='lat' dir='ltr'><strong>tali</strong></span> <span class='ocrx_word' id='word_1_385' title='bbox 1035 3652 1433 3733; x_wconf 71' lang='lat' dir='ltr'><strong>examinatione</strong></span> <span class='ocrx_word' id='word_1_386' title='bbox 1458 3650 1820 3733; x_wconf 35' lang='lat' dir='ltr'><strong>factaﬁsecuti</strong></span> <span class='ocrx_word' id='word_1_387' title='bbox 1850 3651 2009 3704; x_wconf 88' lang='lat' dir='ltr'><strong>iidem</strong></span> <span class='ocrx_word' id='word_1_388' title='bbox 2036 3666 2162 3705; x_wconf 88' lang='lat' dir='ltr'><strong>san-</strong></span> 
     </span>
    </p>
   </div>
   <div class='ocr_carea' id='block_1_52' title="bbox 532 3719 2163 3826">
    <p class='ocr_par' dir='ltr' id='par_1_52' title="bbox 532 3719 2163 3826">
     <span class='ocr_line' id='line_1_52' title="bbox 532 3719 2163 3826; baseline 0.001 -31"><span class='ocrx_word' id='word_1_389' title='bbox 532 3800 550 3817; x_wconf 52' lang='lat'><strong><em>.</em></strong></span> <span class='ocrx_word' id='word_1_390' title='bbox 586 3744 678 3826; x_wconf 61' lang='grc' dir='ltr'><strong>(τιίε</strong></span> <span class='ocrx_word' id='word_1_391' title='bbox 699 3742 884 3826; x_wconf 39' lang='lat' dir='ltr'><strong>Pages</strong></span> <span class='ocrx_word' id='word_1_392' title='bbox 917 3739 1332 3826; x_wconf 47' lang='lat' dir='ltr'><strong>qumia’oﬁa</strong></span> <span class='ocrx_word' id='word_1_393' title='bbox 1738 3736 1763 3774; x_wconf 73' lang='grc' dir='ltr'>ιι</span> <span class='ocrx_word' id='word_1_394' title='bbox 1795 3739 2010 3794; x_wconf 84' lang='lat' dir='ltr'><strong>definita</strong></span> <span class='ocrx_word' id='word_1_395' title='bbox 2037 3748 2163 3796; x_wconf 89' lang='lat' dir='ltr'><strong>sunt</strong></span> 
     </span>
    </p>
   </div>
   <div class='ocr_carea' id='block_1_53' title="bbox 500 3808 2165 3916">
    <p class='ocr_par' dir='ltr' id='par_1_53' title="bbox 500 3808 2165 3916">
     <span class='ocr_line' id='line_1_53' title="bbox 500 3808 2165 3916; baseline 0.01 -45"><span class='ocrx_word' id='word_1_396' title='bbox 500 3808 684 3916; x_wconf 43' lang='lat'><strong>33.3%,;</strong></span> <span class='ocrx_word' id='word_1_397' title='bbox 695 3808 1302 3916; x_wconf 42' lang='lat' dir='ltr'><strong>gimmgﬁgqiehis</strong></span> <span class='ocrx_word' id='word_1_398' title='bbox 1318 3808 1592 3884; x_wconf 60' lang='lat' dir='ltr'><strong>oi‘atribbs</strong></span> <span class='ocrx_word' id='word_1_399' title='bbox 1615 3808 1649 3893; x_wconf 56' lang='lat'><strong>,;</strong></span> <span class='ocrx_word' id='word_1_400' title='bbox 1676 3830 2165 3887; x_wconf 88' lang='lat' dir='ltr'><strong>condemnaverunt</strong></span> 
     </span>
    </p>
   </div>
   <div class='ocr_carea' id='block_1_54' title="bbox 488 3906 2161 4006">
    <p class='ocr_par' dir='ltr' id='par_1_54' title="bbox 488 3906 2161 4006">
     <span class='ocr_line' id='line_1_54' title="bbox 488 3906 2161 4006; baseline -0.001 -26"><span class='ocrx_word' id='word_1_401' title='bbox 585 3906 1026 3980; x_wconf 17' lang='lat' dir='ltr'><strong>Ne&#39;stdrium‘una</strong></span> <span class='ocrx_word' id='word_1_402' title='bbox 1058 3939 1179 3978; x_wconf 92' lang='lat' dir='ltr'><strong>cum</strong></span> <span class='ocrx_word' id='word_1_403' title='bbox 1204 3922 1319 4006; x_wconf 66' lang='lat' dir='ltr'><strong>ejus</strong></span> <span class='ocrx_word' id='word_1_404' title='bbox 1339 3920 1875 4006; x_wconf 47' lang='grc' dir='ltr'><strong>⁸ἱριῃὴειίιῑεῖ,εῐζίιῑςίιίι</strong></span> <span class='ocrx_word' id='word_1_405' title='bbox 1905 3924 2161 3979; x_wconf 84' lang='lat' dir='ltr'><strong>subsecu-</strong></span> 
     </span>
    </p>
   </div>
   <div class='ocr_carea' id='block_1_55' title="bbox 502 3991 2163 4102">
    <p class='ocr_par' dir='ltr' id='par_1_55' title="bbox 502 3991 2163 4102">
     <span class='ocr_line' id='line_1_55' title="bbox 502 3991 2163 4102; baseline 0.001 -33"><span class='ocrx_word' id='word_1_406' title='bbox 502 4072 554 4101; x_wconf 45' lang='grc' dir='ltr'><strong>θ’</strong></span> <span class='ocrx_word' id='word_1_407' title='bbox 588 3991 1857 4102; x_wconf 35' lang='grc' dir='ltr'><strong>ῑρεείιῳωοξκξςηείξρέὃέἶξξςῖξιξεῖιβγξῇιιξω</strong></span> <span class='ocrx_word' id='word_1_408' title='bbox 1903 4030 2163 4084; x_wconf 90' lang='lat' dir='ltr'><strong>sequaces</strong></span> 
     </span>
    </p>
   </div>
   <div class='ocr_carea' id='block_1_56' title="bbox 420 4077 2163 4198">
    <p class='ocr_par' dir='ltr' id='par_1_56' title="bbox 420 4077 2163 4198">
     <span class='ocr_line' id='line_1_56' title="bbox 420 4077 2163 4198; baseline -0.002 -38"><span class='ocrx_word' id='word_1_409' title='bbox 841 4077 1434 4179; x_wconf 52' lang='grc' dir='ltr'><strong>ἓιιῆιιὶίΐεειῖέθνὶτᾶἧῖ</strong></span> <span class='ocrx_word' id='word_1_410' title='bbox 1459 4077 1840 4173; x_wconf 35' lang='lat' dir='ltr'><strong>Eq&#39;ua&#39;iituom&#39;i&#39;n</strong></span> <span class='ocrx_word' id='word_1_411' title='bbox 1872 4077 2001 4174; x_wconf 80' lang='lat' dir='ltr'><strong>ipsis</strong></span> <span class='ocrx_word' id='word_1_412' title='bbox 2042 4105 2163 4176; x_wconf 86' lang='lat' dir='ltr'><strong>fuit)</strong></span> 
     </span>
    </p>
   </div>
   <div class='ocr_carea' id='block_1_57' title="bbox 490 4176 2158 4254">
    <p class='ocr_par' dir='ltr' id='par_1_57' title="bbox 490 4176 2158 4254">
     <span class='ocr_line' id='line_1_57' title="bbox 490 4176 2158 4254; baseline -0.003 -1"><span class='ocrx_word' id='word_1_413' title='bbox 490 4176 563 4208; x_wconf 71' lang='grc'><strong>”’</strong></span> <span class='ocrx_word' id='word_1_414' title='bbox 589 4176 822 4253; x_wconf 60' lang='lat' dir='ltr'><strong>reiutare</strong></span> <span class='ocrx_word' id='word_1_415' title='bbox 847 4176 1343 4252; x_wconf 82' lang='lat' dir='ltr'><strong>condemnationem</strong></span> <span class='ocrx_word' id='word_1_416' title='bbox 1373 4206 1558 4250; x_wconf 85' lang='lat' dir='ltr'><strong>contra</strong></span> <span class='ocrx_word' id='word_1_417' title='bbox 1586 4196 1893 4254; x_wconf 89' lang='lat' dir='ltr'><strong>Nestorium</strong></span> <span class='ocrx_word' id='word_1_418' title='bbox 1920 4197 2117 4250; x_wconf 79' lang='lat' dir='ltr'><strong>factam</strong></span> <span class='ocrx_word' id='word_1_419' title='bbox 2145 4212 2158 4248; x_wconf 91' lang='lat'>:</span> 
     </span>
    </p>
   </div>
   <div class='ocr_carea' id='block_1_58' title="bbox 589 4285 2163 4358">
    <p class='ocr_par' dir='ltr' id='par_1_58' title="bbox 589 4285 2163 4358">
     <span class='ocr_line' id='line_1_58' title="bbox 589 4285 2163 4358; baseline -0.004 -14"><span class='ocrx_word' id='word_1_420' title='bbox 589 4289 684 4344; x_wconf 91' lang='lat' dir='ltr'><strong>scd</strong></span> <span class='ocrx_word' id='word_1_421' title='bbox 721 4289 1005 4358; x_wconf 64' lang='lat' dir='ltr'><strong>pradietus</strong></span> <span class='ocrx_word' id='word_1_422' title='bbox 1032 4288 1133 4357; x_wconf 77' lang='lat' dir='ltr'><strong>pia:</strong></span> <span class='ocrx_word' id='word_1_423' title='bbox 1174 4288 1564 4343; x_wconf 89' lang='lat' dir='ltr'><strong>recordationis</strong></span> <span class='ocrx_word' id='word_1_424' title='bbox 1604 4287 1957 4348; x_wconf 88' lang='lat' dir='ltr'><strong>Theodosius,</strong></span> <span class='ocrx_word' id='word_1_425' title='bbox 1989 4285 2163 4339; x_wconf 88' lang='lat' dir='ltr'><strong>vindi-</strong></span> 
     </span>
    </p>
   </div>
   <div class='ocr_carea' id='block_1_59' title="bbox 591 4377 2162 4451">
    <p class='ocr_par' dir='ltr' id='par_1_59' title="bbox 591 4377 2162 4451">
     <span class='ocr_line' id='line_1_59' title="bbox 591 4377 2162 4451; baseline -0.003 -15"><span class='ocrx_word' id='word_1_426' title='bbox 591 4397 720 4436; x_wconf 90' lang='lat' dir='ltr'><strong>cans</strong></span> <span class='ocrx_word' id='word_1_427' title='bbox 747 4396 811 4436; x_wconf 92' lang='lat' dir='ltr'><strong>ea</strong></span> <span class='ocrx_word' id='word_1_428' title='bbox 837 4396 956 4451; x_wconf 75' lang='lat' dir='ltr'><strong>qua:</strong></span> <span class='ocrx_word' id='word_1_429' title='bbox 986 4382 1058 4434; x_wconf 87' lang='lat' dir='ltr'><strong>ita</strong></span> <span class='ocrx_word' id='word_1_430' title='bbox 1084 4389 1231 4435; x_wconf 85' lang='lat' dir='ltr'><strong>recte</strong></span> <span class='ocrx_word' id='word_1_431' title='bbox 1255 4387 1441 4435; x_wconf 88' lang='lat' dir='ltr'><strong>contra</strong></span> <span class='ocrx_word' id='word_1_432' title='bbox 1481 4381 1786 4436; x_wconf 88' lang='lat' dir='ltr'><strong>Nestorium</strong></span> <span class='ocrx_word' id='word_1_433' title='bbox 1823 4387 1879 4434; x_wconf 89' lang='lat' dir='ltr'><strong>et</strong></span> <span class='ocrx_word' id='word_1_434' title='bbox 1915 4378 2031 4447; x_wconf 90' lang='lat' dir='ltr'><strong>ejus</strong></span> <span class='ocrx_word' id='word_1_435' title='bbox 2060 4377 2162 4432; x_wconf 82' lang='lat' dir='ltr'><strong>im-</strong></span> 
     </span>
    </p>
   </div>
   <div class='ocr_carea' id='block_1_60' title="bbox 591 4469 2165 4543">
    <p class='ocr_par' dir='ltr' id='par_1_60' title="bbox 591 4469 2165 4543">
     <span class='ocr_line' id='line_1_60' title="bbox 591 4469 2165 4543; baseline -0.003 -16"><span class='ocrx_word' id='word_1_436' title='bbox 591 4473 846 4543; x_wconf 87' lang='lat' dir='ltr'><strong>pietatem</strong></span> <span class='ocrx_word' id='word_1_437' title='bbox 876 4472 1126 4527; x_wconf 70' lang='lat' dir='ltr'><strong>fuerant:</strong></span> <span class='ocrx_word' id='word_1_438' title='bbox 1179 4470 1432 4541; x_wconf 79' lang='lat' dir='ltr'><strong>iudicata.</strong></span> <span class='ocrx_word' id='word_1_439' title='bbox 1476 4472 1601 4527; x_wconf 84' lang='lat' dir='ltr'><strong>fecit</strong></span> <span class='ocrx_word' id='word_1_440' title='bbox 1647 4471 1870 4527; x_wconf 85' lang='lat' dir='ltr'><strong>ﬁrmiter</strong></span> <span class='ocrx_word' id='word_1_441' title='bbox 1919 4469 2165 4524; x_wconf 88' lang='lat' dir='ltr'><strong>obtinere</strong></span> 
     </span>
    </p>
   </div>
   <div class='ocr_carea' id='block_1_61' title="bbox 2250 1941 3815 2014">
    <p class='ocr_par' dir='ltr' id='par_1_61' title="bbox 2250 1941 3815 2014">
     <span class='ocr_line' id='line_1_61' title="bbox 2250 1941 3815 2014; baseline -0.002 -19"><span class='ocrx_word' id='word_1_442' title='bbox 2250 1943 2637 1998; x_wconf 85' lang='lat' dir='ltr'><strong>matizavcrunt</strong></span> <span class='ocrx_word' id='word_1_443' title='bbox 2666 1958 2760 1999; x_wconf 92' lang='lat' dir='ltr'><strong>eos</strong></span> <span class='ocrx_word' id='word_1_444' title='bbox 2788 1944 2878 2014; x_wconf 89' lang='lat' dir='ltr'><strong>qui</strong></span> <span class='ocrx_word' id='word_1_445' title='bbox 2929 1943 3072 1998; x_wconf 88' lang='lat' dir='ltr'><strong>aliud</strong></span> <span class='ocrx_word' id='word_1_446' title='bbox 3119 1943 3418 2014; x_wconf 82' lang='lat' dir='ltr'><strong>symbolum</strong></span> <span class='ocrx_word' id='word_1_447' title='bbox 3467 1941 3815 2005; x_wconf 78' lang='lat' dir='ltr'><strong>tradiderunt,</strong></span> 
     </span>
    </p>
   </div>
   <div class='ocr_carea' id='block_1_62' title="bbox 2252 2032 3818 2104">
    <p class='ocr_par' dir='ltr' id='par_1_62' title="bbox 2252 2032 3818 2104">
     <span class='ocr_line' id='line_1_62' title="bbox 2252 2032 3818 2104; baseline -0.001 -19"><span class='ocrx_word' id='word_1_448' title='bbox 2252 2041 2346 2086; x_wconf 90' lang='lat' dir='ltr'><strong>aut</strong></span> <span class='ocrx_word' id='word_1_449' title='bbox 2375 2033 2618 2098; x_wconf 89' lang='lat' dir='ltr'><strong>tradunt,</strong></span> <span class='ocrx_word' id='word_1_450' title='bbox 2652 2044 2845 2103; x_wconf 52' lang='lat' dir='ltr'><strong>prarter</strong></span> <span class='ocrx_word' id='word_1_451' title='bbox 2874 2036 2975 2089; x_wconf 91' lang='lat' dir='ltr'><strong>hoc</strong></span> <span class='ocrx_word' id='word_1_452' title='bbox 2999 2032 3144 2104; x_wconf 92' lang='lat' dir='ltr'><strong>quod</strong></span> <span class='ocrx_word' id='word_1_453' title='bbox 3187 2032 3490 2103; x_wconf 89' lang='lat' dir='ltr'><strong>expositum</strong></span> <span class='ocrx_word' id='word_1_454' title='bbox 3531 2039 3611 2085; x_wconf 86' lang='lat' dir='ltr'><strong>est</strong></span> <span class='ocrx_word' id='word_1_455' title='bbox 3647 2046 3677 2084; x_wconf 90' lang='lat' dir='ltr'><strong>a</strong></span> <span class='ocrx_word' id='word_1_456' title='bbox 3708 2038 3818 2085; x_wconf 88' lang='lat' dir='ltr'><strong>tre-</strong></span> 
     </span>
    </p>
   </div>
   <div class='ocr_carea' id='block_1_63' title="bbox 2251 2121 3818 2190">
    <p class='ocr_par' dir='ltr' id='par_1_63' title="bbox 2251 2121 3818 2190">
     <span class='ocr_line' id='line_1_63' title="bbox 2251 2121 3818 2190; baseline -0.001 -14"><span class='ocrx_word' id='word_1_457' title='bbox 2251 2123 2424 2179; x_wconf 89' lang='lat' dir='ltr'><strong>centis</strong></span> <span class='ocrx_word' id='word_1_458' title='bbox 2452 2123 2639 2179; x_wconf 80' lang='lat' dir='ltr'><strong>decem</strong></span> <span class='ocrx_word' id='word_1_459' title='bbox 2665 2132 2721 2178; x_wconf 88' lang='lat' dir='ltr'><strong>ct</strong></span> <span class='ocrx_word' id='word_1_460' title='bbox 2743 2131 2868 2178; x_wconf 89' lang='lat' dir='ltr'><strong>octo</strong></span> <span class='ocrx_word' id='word_1_461' title='bbox 2897 2124 3095 2179; x_wconf 88' lang='lat' dir='ltr'><strong>sanctis</strong></span> <span class='ocrx_word' id='word_1_462' title='bbox 3117 2121 3387 2189; x_wconf 88' lang='lat' dir='ltr'><strong>Patribus,</strong></span> <span class='ocrx_word' id='word_1_463' title='bbox 3403 2128 3459 2175; x_wconf 89' lang='lat' dir='ltr'><strong>et</strong></span> <span class='ocrx_word' id='word_1_464' title='bbox 3483 2121 3818 2190; x_wconf 74' lang='lat' dir='ltr'><strong>explanatum</strong></span> 
     </span>
    </p>
   </div>
   <div class='ocr_carea' id='block_1_64' title="bbox 2251 2211 3823 2284">
    <p class='ocr_par' dir='ltr' id='par_1_64' title="bbox 2251 2211 3823 2284">
     <span class='ocr_line' id='line_1_64' title="bbox 2251 2211 3823 2284; baseline -0.001 -17"><span class='ocrx_word' id='word_1_465' title='bbox 2251 2230 2281 2267; x_wconf 93' lang='lat' dir='ltr'><strong>a</strong></span> <span class='ocrx_word' id='word_1_466' title='bbox 2311 2223 2526 2268; x_wconf 89' lang='lat' dir='ltr'><strong>centum</strong></span> <span class='ocrx_word' id='word_1_467' title='bbox 2565 2215 2945 2284; x_wconf 85' lang='lat' dir='ltr'><strong>quinquaginta</strong></span> <span class='ocrx_word' id='word_1_468' title='bbox 2984 2215 3181 2269; x_wconf 84' lang='lat' dir='ltr'><strong>sanctis</strong></span> <span class='ocrx_word' id='word_1_469' title='bbox 3230 2212 3493 2267; x_wconf 90' lang='lat' dir='ltr'><strong>Patribus.</strong></span> <span class='ocrx_word' id='word_1_470' title='bbox 3525 2211 3617 2265; x_wconf 86' lang='lat' dir='ltr'><strong>llis</strong></span> <span class='ocrx_word' id='word_1_471' title='bbox 3643 2212 3823 2279; x_wconf 89' lang='lat' dir='ltr'><strong>itaque</strong></span> 
     </span>
    </p>
   </div>
   <div class='ocr_carea' id='block_1_65' title="bbox 2252 2302 3819 2375">
    <p class='ocr_par' dir='ltr' id='par_1_65' title="bbox 2252 2302 3819 2375">
     <span class='ocr_line' id='line_1_65' title="bbox 2252 2302 3819 2375; baseline -0.002 -18"><span class='ocrx_word' id='word_1_472' title='bbox 2252 2306 2503 2359; x_wconf 91' lang='lat' dir='ltr'><strong>omnibus</strong></span> <span class='ocrx_word' id='word_1_473' title='bbox 2541 2321 2639 2375; x_wconf 91' lang='lat' dir='ltr'><strong>per</strong></span> <span class='ocrx_word' id='word_1_474' title='bbox 2675 2306 2883 2362; x_wconf 87' lang='lat' dir='ltr'><strong>diversa</strong></span> <span class='ocrx_word' id='word_1_475' title='bbox 2930 2313 3169 2374; x_wconf 90' lang='lat' dir='ltr'><strong>tempora</strong></span> <span class='ocrx_word' id='word_1_476' title='bbox 3218 2302 3533 2364; x_wconf 89' lang='lat' dir='ltr'><strong>subsecutis,</strong></span> <span class='ocrx_word' id='word_1_477' title='bbox 3584 2302 3819 2372; x_wconf 64' lang='lat' dir='ltr'><strong>pandicti</strong></span> 
     </span>
    </p>
   </div>
   <div class='ocr_carea' id='block_1_66' title="bbox 2252 2393 3823 2464">
    <p class='ocr_par' dir='ltr' id='par_1_66' title="bbox 2252 2393 3823 2464">
     <span class='ocr_line' id='line_1_66' title="bbox 2252 2393 3823 2464; baseline -0.001 -17"><span class='ocrx_word' id='word_1_478' title='bbox 2252 2394 2354 2464; x_wconf 62' lang='lat' dir='ltr'><strong>piae</strong></span> <span class='ocrx_word' id='word_1_479' title='bbox 2387 2395 2774 2449; x_wconf 79' lang='lat' dir='ltr'><strong>recordationis</strong></span> <span class='ocrx_word' id='word_1_480' title='bbox 2796 2395 2963 2449; x_wconf 91' lang='lat' dir='ltr'><strong>nostri</strong></span> <span class='ocrx_word' id='word_1_481' title='bbox 2994 2396 3176 2449; x_wconf 87' lang='lat' dir='ltr'><strong>Patres</strong></span> <span class='ocrx_word' id='word_1_482' title='bbox 3200 2409 3260 2448; x_wconf 89' lang='lat' dir='ltr'><strong>ea</strong></span> <span class='ocrx_word' id='word_1_483' title='bbox 3286 2408 3403 2461; x_wconf 73' lang='lat' dir='ltr'><strong>qua:</strong></span> <span class='ocrx_word' id='word_1_484' title='bbox 3430 2393 3481 2447; x_wconf 93' lang='lat' dir='ltr'><strong>in</strong></span> <span class='ocrx_word' id='word_1_485' title='bbox 3506 2406 3823 2462; x_wconf 85' lang='lat' dir='ltr'><strong>unoquoque</strong></span> 
     </span>
    </p>
   </div>
   <div class='ocr_carea' id='block_1_67' title="bbox 2254 2484 3823 2554">
    <p class='ocr_par' dir='ltr' id='par_1_67' title="bbox 2254 2484 3823 2554">
     <span class='ocr_line' id='line_1_67' title="bbox 2254 2484 3823 2554; baseline -0.003 -16"><span class='ocrx_word' id='word_1_486' title='bbox 2254 2484 2482 2538; x_wconf 83' lang='lat' dir='ltr'><strong>concilio</strong></span> <span class='ocrx_word' id='word_1_487' title='bbox 2505 2485 2743 2553; x_wconf 87' lang='lat' dir='ltr'><strong>jndicata</strong></span> <span class='ocrx_word' id='word_1_488' title='bbox 2770 2494 2922 2549; x_wconf 91' lang='lat' dir='ltr'><strong>sunt,</strong></span> <span class='ocrx_word' id='word_1_489' title='bbox 2957 2486 3157 2554; x_wconf 86' lang='lat' dir='ltr'><strong>legibus</strong></span> <span class='ocrx_word' id='word_1_490' title='bbox 3186 2484 3297 2539; x_wconf 89' lang='lat' dir='ltr'><strong>suis</strong></span> <span class='ocrx_word' id='word_1_491' title='bbox 3340 2484 3823 2538; x_wconf 90' lang='lat' dir='ltr'><strong>corroboravcrunt</strong></span> 
     </span>
    </p>
   </div>
   <div class='ocr_carea' id='block_1_68' title="bbox 2254 2570 3823 2642">
    <p class='ocr_par' dir='ltr' id='par_1_68' title="bbox 2254 2570 3823 2642">
     <span class='ocr_line' id='line_1_68' title="bbox 2254 2570 3823 2642; baseline -0.002 -15"><span class='ocrx_word' id='word_1_492' title='bbox 2254 2582 2309 2627; x_wconf 91' lang='lat' dir='ltr'><strong>et</strong></span> <span class='ocrx_word' id='word_1_493' title='bbox 2354 2573 2828 2639; x_wconf 79' lang='lat' dir='ltr'><strong>confirmaverunt,</strong></span> <span class='ocrx_word' id='word_1_494' title='bbox 2872 2584 2926 2629; x_wconf 92' lang='lat' dir='ltr'><strong>et</strong></span> <span class='ocrx_word' id='word_1_495' title='bbox 2971 2574 3250 2629; x_wconf 70' lang='lat' dir='ltr'><strong>bmrcticos</strong></span> <span class='ocrx_word' id='word_1_496' title='bbox 3290 2576 3383 2642; x_wconf 86' lang='lat' dir='ltr'><strong>qui</strong></span> <span class='ocrx_word' id='word_1_497' title='bbox 3429 2570 3823 2627; x_wconf 86' lang='lat' dir='ltr'><strong>deﬁnitionibus</strong></span> 
     </span>
    </p>
   </div>
   <div class='ocr_carea' id='block_1_69' title="bbox 2256 2663 3823 2734">
    <p class='ocr_par' dir='ltr' id='par_1_69' title="bbox 2256 2663 3823 2734">
     <span class='ocr_line' id='line_1_69' title="bbox 2256 2663 3823 2734; baseline -0.001 -17"><span class='ocrx_word' id='word_1_498' title='bbox 2256 2664 2631 2732; x_wconf 73' lang='lat' dir='ltr'><strong>ptmdictorum</strong></span> <span class='ocrx_word' id='word_1_499' title='bbox 2659 2672 2963 2718; x_wconf 90' lang='lat' dir='ltr'><strong>sanctorum</strong></span> <span class='ocrx_word' id='word_1_500' title='bbox 2986 2672 3215 2734; x_wconf 88' lang='lat' dir='ltr'><strong>quatuor</strong></span> <span class='ocrx_word' id='word_1_501' title='bbox 3239 2664 3584 2719; x_wconf 84' lang='lat' dir='ltr'><strong>conciliorum</strong></span> <span class='ocrx_word' id='word_1_502' title='bbox 3613 2663 3823 2718; x_wconf 85' lang='lat' dir='ltr'><strong>resiste-</strong></span> 
     </span>
    </p>
   </div>
   <div class='ocr_carea' id='block_1_70' title="bbox 2256 2749 3824 2821">
    <p class='ocr_par' dir='ltr' id='par_1_70' title="bbox 2256 2749 3824 2821">
     <span class='ocr_line' id='line_1_70' title="bbox 2256 2749 3824 2821; baseline -0.001 -16"><span class='ocrx_word' id='word_1_503' title='bbox 2256 2767 2336 2818; x_wconf 89' lang='lat' dir='ltr'><strong>re,</strong></span> <span class='ocrx_word' id='word_1_504' title='bbox 2367 2761 2419 2804; x_wconf 86' lang='lat' dir='ltr'><strong>et</strong></span> <span class='ocrx_word' id='word_1_505' title='bbox 2455 2749 2722 2806; x_wconf 87' lang='lat' dir='ltr'><strong>Ecclesias</strong></span> <span class='ocrx_word' id='word_1_506' title='bbox 2747 2752 3070 2807; x_wconf 89' lang='lat' dir='ltr'><strong>conturbare</strong></span> <span class='ocrx_word' id='word_1_507' title='bbox 3098 2754 3275 2806; x_wconf 89' lang='lat' dir='ltr'><strong>conati</strong></span> <span class='ocrx_word' id='word_1_508' title='bbox 3304 2760 3446 2815; x_wconf 91' lang='lat' dir='ltr'><strong>sunt,</strong></span> <span class='ocrx_word' id='word_1_509' title='bbox 3487 2751 3824 2821; x_wconf 88' lang='lat' dir='ltr'><strong>expulerunt.</strong></span> 
     </span>
    </p>
   </div>
   <div class='ocr_carea' id='block_1_71' title="bbox 2258 2838 3822 2902">
    <p class='ocr_par' dir='ltr' id='par_1_71' title="bbox 2258 2838 3822 2902">
     <span class='ocr_line' id='line_1_71' title="bbox 2258 2838 3822 2902; baseline 0.001 -11"><span class='ocrx_word' id='word_1_510' title='bbox 2258 2838 2515 2893; x_wconf 81' lang='lat' dir='ltr'><strong>Defuncto</strong></span> <span class='ocrx_word' id='word_1_511' title='bbox 2544 2846 2722 2893; x_wconf 90' lang='lat' dir='ltr'><strong>autem</strong></span> <span class='ocrx_word' id='word_1_512' title='bbox 2752 2839 3021 2893; x_wconf 83' lang='lat' dir='ltr'><strong>Marciano</strong></span> <span class='ocrx_word' id='word_1_513' title='bbox 3048 2839 3184 2893; x_wconf 74' lang='lat' dir='ltr'><strong>diva:</strong></span> <span class='ocrx_word' id='word_1_514' title='bbox 3215 2850 3251 2876; x_wconf 80' lang='grc' dir='ltr'>ω</span> <span class='ocrx_word' id='word_1_515' title='bbox 3279 2840 3682 2902; x_wconf 89' lang='lat' dir='ltr'><strong>recordationis,</strong></span> <span class='ocrx_word' id='word_1_516' title='bbox 3700 2855 3822 2894; x_wconf 91' lang='lat' dir='ltr'><strong>cum</strong></span> 
     </span>
    </p>
   </div>
   <div class='ocr_carea' id='block_1_72' title="bbox 2256 2930 3829 3002">
    <p class='ocr_par' dir='ltr' id='par_1_72' title="bbox 2256 2930 3829 3002">
     <span class='ocr_line' id='line_1_72' title="bbox 2256 2930 3829 3002; baseline -0.002 -14"><span class='ocrx_word' id='word_1_517' title='bbox 2256 2933 2532 2988; x_wconf 84' lang='lat' dir='ltr'><strong>contentio</strong></span> <span class='ocrx_word' id='word_1_518' title='bbox 2562 2938 2706 2987; x_wconf 89' lang='lat' dir='ltr'><strong>esset</strong></span> <span class='ocrx_word' id='word_1_519' title='bbox 2736 2947 2832 3002; x_wconf 87' lang='lat' dir='ltr'><strong>per</strong></span> <span class='ocrx_word' id='word_1_520' title='bbox 2878 2931 3088 2986; x_wconf 79' lang='lat' dir='ltr'><strong>diversa</strong></span> <span class='ocrx_word' id='word_1_521' title='bbox 3135 2934 3251 2986; x_wconf 89' lang='lat' dir='ltr'><strong>loca</strong></span> <span class='ocrx_word' id='word_1_522' title='bbox 3299 2931 3367 2986; x_wconf 90' lang='lat' dir='ltr'><strong>de</strong></span> <span class='ocrx_word' id='word_1_523' title='bbox 3412 2930 3829 2987; x_wconf 76' lang='lat' dir='ltr'><strong>Cbalccdonensu</strong></span> 
     </span>
    </p>
   </div>
   <div class='ocr_carea' id='block_1_73' title="bbox 2257 3021 3836 3091">
    <p class='ocr_par' dir='ltr' id='par_1_73' title="bbox 2257 3021 3836 3091">
     <span class='ocr_line' id='line_1_73' title="bbox 2257 3021 3836 3091; baseline 0.001 -15"><span class='ocrx_word' id='word_1_524' title='bbox 2257 3034 2444 3076; x_wconf 80' lang='lat' dir='ltr'><strong>Sancto</strong></span> <span class='ocrx_word' id='word_1_525' title='bbox 2484 3022 2732 3089; x_wconf 66' lang='lat' dir='ltr'><strong>concilio,</strong></span> <span class='ocrx_word' id='word_1_526' title='bbox 2784 3021 2893 3076; x_wconf 86' lang='lat' dir='ltr'><strong>Leo</strong></span> <span class='ocrx_word' id='word_1_527' title='bbox 2945 3022 3045 3091; x_wconf 66' lang='lat' dir='ltr'><strong>piae</strong></span> <span class='ocrx_word' id='word_1_528' title='bbox 3098 3022 3486 3077; x_wconf 85' lang='lat' dir='ltr'><strong>recordationis</strong></span> <span class='ocrx_word' id='word_1_529' title='bbox 3531 3021 3600 3076; x_wconf 90' lang='lat' dir='ltr'><strong>ad</strong></span> <span class='ocrx_word' id='word_1_530' title='bbox 3647 3039 3836 3077; x_wconf 88' lang='lat' dir='ltr'><strong>omnes</strong></span> 
     </span>
    </p>
   </div>
   <div class='ocr_carea' id='block_1_74' title="bbox 2259 3112 3834 3182">
    <p class='ocr_par' dir='ltr' id='par_1_74' title="bbox 2259 3112 3834 3182">
     <span class='ocr_line' id='line_1_74' title="bbox 2259 3112 3834 3182; baseline -0.002 -15"><span class='ocrx_word' id='word_1_531' title='bbox 2259 3114 2456 3182; x_wconf 88' lang='lat' dir='ltr'><strong>ubique</strong></span> <span class='ocrx_word' id='word_1_532' title='bbox 2500 3112 2808 3167; x_wconf 89' lang='lat' dir='ltr'><strong>sacerdotes</strong></span> <span class='ocrx_word' id='word_1_533' title='bbox 2855 3112 3089 3181; x_wconf 83' lang='lat' dir='ltr'><strong>scripsit,</strong></span> <span class='ocrx_word' id='word_1_534' title='bbox 3133 3122 3193 3166; x_wconf 87' lang='lat' dir='ltr'><strong>ut</strong></span> <span class='ocrx_word' id='word_1_535' title='bbox 3237 3112 3600 3182; x_wconf 82' lang='lat' dir='ltr'><strong>unusquisque</strong></span> <span class='ocrx_word' id='word_1_536' title='bbox 3646 3127 3834 3165; x_wconf 90' lang='lat' dir='ltr'><strong>eorum</strong></span> 
     </span>
    </p>
   </div>
   <div class='ocr_carea' id='block_1_75' title="bbox 2184 3202 3837 3281">
    <p class='ocr_par' dir='ltr' id='par_1_75' title="bbox 2184 3202 3837 3281">
     <span class='ocr_line' id='line_1_75' title="bbox 2184 3202 3837 3281; baseline -0.001 -23"><span class='ocrx_word' id='word_1_537' title='bbox 2184 3218 2229 3281; x_wconf 71' lang='grc' dir='ltr'><strong>ρ</strong></span> <span class='ocrx_word' id='word_1_538' title='bbox 2260 3205 2530 3275; x_wconf 88' lang='lat' dir='ltr'><strong>propriam</strong></span> <span class='ocrx_word' id='word_1_539' title='bbox 2557 3205 2877 3259; x_wconf 89' lang='lat' dir='ltr'><strong>sententiam</strong></span> <span class='ocrx_word' id='word_1_540' title='bbox 2914 3202 3283 3258; x_wconf 86' lang='lat' dir='ltr'><strong>manifestaret</strong></span> <span class='ocrx_word' id='word_1_541' title='bbox 3321 3203 3390 3258; x_wconf 84' lang='lat' dir='ltr'><strong>de</strong></span> <span class='ocrx_word' id='word_1_542' title='bbox 3425 3202 3617 3258; x_wconf 86' lang='lat' dir='ltr'><strong>eodem</strong></span> <span class='ocrx_word' id='word_1_543' title='bbox 3645 3212 3837 3258; x_wconf 83' lang='lat' dir='ltr'><strong>sancto</strong></span> 
     </span>
    </p>
   </div>
   <div class='ocr_carea' id='block_1_76' title="bbox 2260 3294 3834 3364">
    <p class='ocr_par' dir='ltr' id='par_1_76' title="bbox 2260 3294 3834 3364">
     <span class='ocr_line' id='line_1_76' title="bbox 2260 3294 3834 3364; baseline -0.004 -12"><span class='ocrx_word' id='word_1_544' title='bbox 2260 3297 2506 3363; x_wconf 92' lang='lat' dir='ltr'><strong>concilio,</strong></span> <span class='ocrx_word' id='word_1_545' title='bbox 2534 3304 2588 3351; x_wconf 93' lang='lat' dir='ltr'><strong>ct</strong></span> <span class='ocrx_word' id='word_1_546' title='bbox 2607 3312 2729 3352; x_wconf 91' lang='lat' dir='ltr'><strong>cum</strong></span> <span class='ocrx_word' id='word_1_547' title='bbox 2752 3296 2888 3351; x_wconf 89' lang='lat' dir='ltr'><strong>alius</strong></span> <span class='ocrx_word' id='word_1_548' title='bbox 2908 3296 3070 3349; x_wconf 89' lang='lat' dir='ltr'><strong>alium</strong></span> <span class='ocrx_word' id='word_1_549' title='bbox 3084 3294 3393 3364; x_wconf 89' lang='lat' dir='ltr'><strong>episcopum</strong></span> <span class='ocrx_word' id='word_1_550' title='bbox 3409 3309 3513 3347; x_wconf 90' lang='lat' dir='ltr'><strong>non</strong></span> <span class='ocrx_word' id='word_1_551' title='bbox 3530 3301 3834 3362; x_wconf 86' lang='lat' dir='ltr'><strong>exspectas-</strong></span> 
     </span>
    </p>
   </div>
   <div class='ocr_carea' id='block_1_77' title="bbox 2261 3383 3834 3459">
    <p class='ocr_par' dir='ltr' id='par_1_77' title="bbox 2261 3383 3834 3459">
     <span class='ocr_line' id='line_1_77' title="bbox 2261 3383 3834 3459; baseline -0.007 -14"><span class='ocrx_word' id='word_1_552' title='bbox 2261 3399 2368 3458; x_wconf 88' lang='lat' dir='ltr'><strong>set,</strong></span> <span class='ocrx_word' id='word_1_553' title='bbox 2415 3390 2482 3443; x_wconf 91' lang='lat' dir='ltr'><strong>ad</strong></span> <span class='ocrx_word' id='word_1_554' title='bbox 2538 3389 2642 3444; x_wconf 87' lang='lat' dir='ltr'><strong>hoc</strong></span> <span class='ocrx_word' id='word_1_555' title='bbox 2692 3388 2836 3459; x_wconf 89' lang='lat' dir='ltr'><strong>quod</strong></span> <span class='ocrx_word' id='word_1_556' title='bbox 2885 3388 3197 3455; x_wconf 83' lang='lat' dir='ltr'><strong>interrogati</strong></span> <span class='ocrx_word' id='word_1_557' title='bbox 3242 3393 3367 3439; x_wconf 86' lang='lat' dir='ltr'><strong>sunt</strong></span> <span class='ocrx_word' id='word_1_558' title='bbox 3421 3383 3834 3454; x_wconf 87' lang='lat' dir='ltr'><strong>responderunt.</strong></span> 
     </span>
    </p>
   </div>
   <div class='ocr_carea' id='block_1_78' title="bbox 2265 3472 3839 3546">
    <p class='ocr_par' dir='ltr' id='par_1_78' title="bbox 2265 3472 3839 3546">
     <span class='ocr_line' id='line_1_78' title="bbox 2265 3472 3839 3546; baseline -0.003 -15"><span class='ocrx_word' id='word_1_559' title='bbox 2265 3477 2474 3546; x_wconf 85' lang='lat' dir='ltr'><strong>Exiguo</strong></span> <span class='ocrx_word' id='word_1_560' title='bbox 2503 3486 2682 3532; x_wconf 91' lang='lat' dir='ltr'><strong>autem</strong></span> <span class='ocrx_word' id='word_1_561' title='bbox 2713 3486 2956 3545; x_wconf 85' lang='lat' dir='ltr'><strong>tempore</strong></span> <span class='ocrx_word' id='word_1_562' title='bbox 2984 3482 3280 3545; x_wconf 88' lang='lat' dir='ltr'><strong>transacto,</strong></span> <span class='ocrx_word' id='word_1_563' title='bbox 3309 3473 3499 3528; x_wconf 87' lang='lat' dir='ltr'><strong>iterum</strong></span> <span class='ocrx_word' id='word_1_564' title='bbox 3529 3472 3839 3526; x_wconf 85' lang='lat' dir='ltr'><strong>insurrexe-</strong></span> 
     </span>
    </p>
   </div>
   <div class='ocr_carea' id='block_1_79' title="bbox 2262 3559 3843 3634">
    <p class='ocr_par' dir='ltr' id='par_1_79' title="bbox 2262 3559 3843 3634">
     <span class='ocr_line' id='line_1_79' title="bbox 2262 3559 3843 3634; baseline -0.006 -13"><span class='ocrx_word' id='word_1_565' title='bbox 2262 3576 2386 3621; x_wconf 87' lang='lat' dir='ltr'><strong>runt</strong></span> <span class='ocrx_word' id='word_1_566' title='bbox 2414 3565 2645 3621; x_wconf 90' lang='lat' dir='ltr'><strong>Nestorii</strong></span> <span class='ocrx_word' id='word_1_567' title='bbox 2673 3575 2728 3619; x_wconf 91' lang='lat' dir='ltr'><strong>et</strong></span> <span class='ocrx_word' id='word_1_568' title='bbox 2771 3563 3024 3634; x_wconf 83' lang='lat' dir='ltr'><strong>Entychis</strong></span> <span class='ocrx_word' id='word_1_569' title='bbox 3050 3577 3330 3631; x_wconf 82' lang='lat' dir='ltr'><strong>sequaces.</strong></span> <span class='ocrx_word' id='word_1_570' title='bbox 3362 3569 3416 3615; x_wconf 90' lang='lat' dir='ltr'><strong>et</strong></span> <span class='ocrx_word' id='word_1_571' title='bbox 3453 3567 3630 3614; x_wconf 86' lang='lat' dir='ltr'><strong>tantas</strong></span> <span class='ocrx_word' id='word_1_572' title='bbox 3655 3559 3843 3613; x_wconf 74' lang='lat' dir='ltr'><strong>turbas</strong></span> 
     </span>
    </p>
   </div>
   <div class='ocr_carea' id='block_1_80' title="bbox 2263 3652 3829 3718">
    <p class='ocr_par' dir='ltr' id='par_1_80' title="bbox 2263 3652 3829 3718">
     <span class='ocr_line' id='line_1_80' title="bbox 2263 3652 3829 3718; baseline -0.006 -5"><span class='ocrx_word' id='word_1_573' title='bbox 2263 3674 2315 3713; x_wconf 86' lang='lat' dir='ltr'><strong>tn</strong></span> <span class='ocrx_word' id='word_1_574' title='bbox 2366 3658 2564 3712; x_wconf 81' lang='lat' dir='ltr'><strong>sanctis</strong></span> <span class='ocrx_word' id='word_1_575' title='bbox 2607 3657 2702 3711; x_wconf 89' lang='lat' dir='ltr'><strong>Dei</strong></span> <span class='ocrx_word' id='word_1_576' title='bbox 2734 3655 2985 3711; x_wconf 86' lang='lat' dir='ltr'><strong>Ecclesiis</strong></span> <span class='ocrx_word' id='word_1_577' title='bbox 3029 3656 3287 3718; x_wconf 89' lang='lat' dir='ltr'><strong>fecerunt,</strong></span> <span class='ocrx_word' id='word_1_578' title='bbox 3336 3662 3396 3707; x_wconf 86' lang='lat' dir='ltr'><strong>ut</strong></span> <span class='ocrx_word' id='word_1_579' title='bbox 3437 3652 3728 3706; x_wconf 90' lang='lat' dir='ltr'><strong>divisiones</strong></span> <span class='ocrx_word' id='word_1_580' title='bbox 3768 3660 3829 3705; x_wconf 91' lang='lat' dir='ltr'><strong>et</strong></span> 
     </span>
    </p>
   </div>
   <div class='ocr_carea' id='block_1_81' title="bbox 2261 3740 3842 3807">
    <p class='ocr_par' dir='ltr' id='par_1_81' title="bbox 2261 3740 3842 3807">
     <span class='ocr_line' id='line_1_81' title="bbox 2261 3740 3842 3807; baseline -0.004 -7"><span class='ocrx_word' id='word_1_581' title='bbox 2261 3747 2551 3801; x_wconf 84' lang='lat' dir='ltr'><strong>schismata</strong></span> <span class='ocrx_word' id='word_1_582' title='bbox 2580 3746 2632 3798; x_wconf 90' lang='lat' dir='ltr'><strong>in</strong></span> <span class='ocrx_word' id='word_1_583' title='bbox 2661 3745 2740 3798; x_wconf 91' lang='lat' dir='ltr'><strong>eis</strong></span> <span class='ocrx_word' id='word_1_584' title='bbox 2769 3744 2975 3807; x_wconf 89' lang='lat' dir='ltr'><strong>ﬁerent,</strong></span> <span class='ocrx_word' id='word_1_585' title='bbox 3002 3751 3058 3798; x_wconf 90' lang='lat' dir='ltr'><strong>et</strong></span> <span class='ocrx_word' id='word_1_586' title='bbox 3085 3743 3281 3797; x_wconf 88' lang='lat' dir='ltr'><strong>nullam</strong></span> <span class='ocrx_word' id='word_1_587' title='bbox 3310 3741 3739 3797; x_wconf 85' lang='lat' dir='ltr'><strong>communionem</strong></span> <span class='ocrx_word' id='word_1_588' title='bbox 3769 3740 3842 3793; x_wconf 88' lang='lat' dir='ltr'><strong>ad</strong></span> 
     </span>
    </p>
   </div>
   <div class='ocr_carea' id='block_1_82' title="bbox 2262 3830 3848 3898">
    <p class='ocr_par' dir='ltr' id='par_1_82' title="bbox 2262 3830 3848 3898">
     <span class='ocr_line' id='line_1_82' title="bbox 2262 3830 3848 3898; baseline -0.006 -8"><span class='ocrx_word' id='word_1_589' title='bbox 2262 3849 2324 3890; x_wconf 87' lang='lat' dir='ltr'><strong>se</strong></span> <span class='ocrx_word' id='word_1_590' title='bbox 2352 3834 2580 3890; x_wconf 84' lang='lat' dir='ltr'><strong>invicem</strong></span> <span class='ocrx_word' id='word_1_591' title='bbox 2610 3834 2863 3889; x_wconf 78' lang='lat' dir='ltr'><strong>Ecclesia:</strong></span> <span class='ocrx_word' id='word_1_592' title='bbox 2903 3834 3180 3888; x_wconf 86' lang='lat' dir='ltr'><strong>haberent.</strong></span> <span class='ocrx_word' id='word_1_593' title='bbox 3219 3830 3328 3885; x_wconf 90' lang='lat' dir='ltr'><strong>Nec</strong></span> <span class='ocrx_word' id='word_1_594' title='bbox 3364 3830 3506 3884; x_wconf 88' lang='lat' dir='ltr'><strong>enim</strong></span> <span class='ocrx_word' id='word_1_595' title='bbox 3546 3843 3848 3898; x_wconf 65' lang='lat' dir='ltr'><strong>pratsume-</strong></span> 
     </span>
    </p>
   </div>
   <div class='ocr_carea' id='block_1_83' title="bbox 2264 3922 3847 3991">
    <p class='ocr_par' dir='ltr' id='par_1_83' title="bbox 2264 3922 3847 3991">
     <span class='ocr_line' id='line_1_83' title="bbox 2264 3922 3847 3991; baseline -0.003 -12"><span class='ocrx_word' id='word_1_596' title='bbox 2264 3930 2355 3979; x_wconf 86' lang='lat' dir='ltr'><strong>oat</strong></span> <span class='ocrx_word' id='word_1_597' title='bbox 2396 3922 2591 3991; x_wconf 88' lang='lat' dir='ltr'><strong>aliquis</strong></span> <span class='ocrx_word' id='word_1_598' title='bbox 2632 3923 2700 3977; x_wconf 77' lang='lat' dir='ltr'><strong>de</strong></span> <span class='ocrx_word' id='word_1_599' title='bbox 2734 3922 2952 3978; x_wconf 87' lang='lat' dir='ltr'><strong>civitate</strong></span> <span class='ocrx_word' id='word_1_600' title='bbox 2982 3931 3006 3958; x_wconf 79' lang='grc' dir='ltr'><strong>ιι</strong></span> <span class='ocrx_word' id='word_1_601' title='bbox 3036 3923 3103 3976; x_wconf 90' lang='lat' dir='ltr'><strong>ad</strong></span> <span class='ocrx_word' id='word_1_602' title='bbox 3130 3922 3400 3977; x_wconf 89' lang='lat' dir='ltr'><strong>civitatem</strong></span> <span class='ocrx_word' id='word_1_603' title='bbox 3429 3922 3651 3975; x_wconf 91' lang='lat' dir='ltr'><strong>veniens</strong></span> <span class='ocrx_word' id='word_1_604' title='bbox 3687 3936 3847 3975; x_wconf 85' lang='lat' dir='ltr'><strong>com—</strong></span> 
     </span>
    </p>
   </div>
   <div class='ocr_carea' id='block_1_84' title="bbox 2263 4010 3834 4082">
    <p class='ocr_par' dir='ltr' id='par_1_84' title="bbox 2263 4010 3834 4082">
     <span class='ocr_line' id='line_1_84' title="bbox 2263 4010 3834 4082; baseline -0.004 -13"><span class='ocrx_word' id='word_1_605' title='bbox 2263 4015 2561 4082; x_wconf 85' lang='lat' dir='ltr'><strong>municarc,</strong></span> <span class='ocrx_word' id='word_1_606' title='bbox 2591 4029 2692 4069; x_wconf 89' lang='lat' dir='ltr'><strong>nec</strong></span> <span class='ocrx_word' id='word_1_607' title='bbox 2710 4014 2936 4069; x_wconf 88' lang='lat' dir='ltr'><strong>clericus</strong></span> <span class='ocrx_word' id='word_1_608' title='bbox 2960 4028 3029 4068; x_wconf 88' lang='lat' dir='ltr'><strong>ex</strong></span> <span class='ocrx_word' id='word_1_609' title='bbox 3057 4012 3159 4066; x_wconf 90' lang='lat' dir='ltr'><strong>alia</strong></span> <span class='ocrx_word' id='word_1_610' title='bbox 3187 4013 3406 4067; x_wconf 86' lang='lat' dir='ltr'><strong>civitate</strong></span> <span class='ocrx_word' id='word_1_611' title='bbox 3431 4012 3485 4065; x_wconf 94' lang='lat' dir='ltr'><strong>in</strong></span> <span class='ocrx_word' id='word_1_612' title='bbox 3514 4010 3671 4065; x_wconf 86' lang='lat' dir='ltr'><strong>aliam</strong></span> <span class='ocrx_word' id='word_1_613' title='bbox 3699 4011 3834 4064; x_wconf 89' lang='lat' dir='ltr'><strong>civi-</strong></span> 
     </span>
    </p>
   </div>
   <div class='ocr_carea' id='block_1_85' title="bbox 2264 4100 3853 4172">
    <p class='ocr_par' dir='ltr' id='par_1_85' title="bbox 2264 4100 3853 4172">
     <span class='ocr_line' id='line_1_85' title="bbox 2264 4100 3853 4172; baseline -0.004 -13"><span class='ocrx_word' id='word_1_614' title='bbox 2264 4114 2430 4160; x_wconf 77' lang='lat' dir='ltr'><strong>tatem</strong></span> <span class='ocrx_word' id='word_1_615' title='bbox 2461 4105 2682 4158; x_wconf 87' lang='lat' dir='ltr'><strong>veniens</strong></span> <span class='ocrx_word' id='word_1_616' title='bbox 2713 4104 2765 4158; x_wconf 93' lang='lat' dir='ltr'><strong>in</strong></span> <span class='ocrx_word' id='word_1_617' title='bbox 2793 4103 3075 4159; x_wconf 90' lang='lat' dir='ltr'><strong>ecclesiam</strong></span> <span class='ocrx_word' id='word_1_618' title='bbox 3105 4101 3128 4124; x_wconf 83' lang='lat'><strong>&#39;</strong></span> <span class='ocrx_word' id='word_1_619' title='bbox 3159 4102 3468 4172; x_wconf 89' lang='lat' dir='ltr'><strong>procedere.</strong></span> <span class='ocrx_word' id='word_1_620' title='bbox 3496 4100 3629 4155; x_wconf 82' lang='lat' dir='ltr'><strong>Cum</strong></span> <span class='ocrx_word' id='word_1_621' title='bbox 3659 4108 3853 4154; x_wconf 85' lang='lat' dir='ltr'><strong>autem</strong></span> 
     </span>
    </p>
   </div>
   <div class='ocr_carea' id='block_1_86' title="bbox 2263 4193 3855 4262">
    <p class='ocr_par' dir='ltr' id='par_1_86' title="bbox 2263 4193 3855 4262">
     <span class='ocr_line' id='line_1_86' title="bbox 2263 4193 3855 4262; baseline -0.003 -12"><span class='ocrx_word' id='word_1_622' title='bbox 2263 4196 2557 4250; x_wconf 88' lang='lat' dir='ltr'><strong>secundum</strong></span> <span class='ocrx_word' id='word_1_623' title='bbox 2581 4212 2731 4252; x_wconf 91' lang='lat' dir='ltr'><strong>suam</strong></span> <span class='ocrx_word' id='word_1_624' title='bbox 2760 4196 3179 4250; x_wconf 89' lang='lat' dir='ltr'><strong>miscricordiam</strong></span> <span class='ocrx_word' id='word_1_625' title='bbox 3211 4194 3464 4249; x_wconf 91' lang='lat' dir='ltr'><strong>Dominus</strong></span> <span class='ocrx_word' id='word_1_626' title='bbox 3486 4193 3627 4248; x_wconf 91' lang='lat' dir='ltr'><strong>Deus</strong></span> <span class='ocrx_word' id='word_1_627' title='bbox 3652 4193 3855 4262; x_wconf 87' lang='lat' dir='ltr'><strong>reipu-</strong></span> 
     </span>
    </p>
   </div>
   <div class='ocr_carea' id='block_1_87' title="bbox 2265 4283 3857 4356">
    <p class='ocr_par' dir='ltr' id='par_1_87' title="bbox 2265 4283 3857 4356">
     <span class='ocr_line' id='line_1_87' title="bbox 2265 4283 3857 4356; baseline -0.002 -16"><span class='ocrx_word' id='word_1_628' title='bbox 2265 4287 2415 4341; x_wconf 78' lang='lat' dir='ltr'><strong>blica:</strong></span> <span class='ocrx_word' id='word_1_629' title='bbox 2437 4287 2877 4356; x_wconf 89' lang='lat' dir='ltr'><strong>gubernationem</strong></span> <span class='ocrx_word' id='word_1_630' title='bbox 2901 4285 3056 4340; x_wconf 90' lang='lat' dir='ltr'><strong>nobis</strong></span> <span class='ocrx_word' id='word_1_631' title='bbox 3074 4284 3320 4349; x_wconf 90' lang='lat' dir='ltr'><strong>credidit,</strong></span> <span class='ocrx_word' id='word_1_632' title='bbox 3352 4284 3558 4338; x_wconf 90' lang='lat' dir='ltr'><strong>initium</strong></span> <span class='ocrx_word' id='word_1_633' title='bbox 3578 4292 3633 4337; x_wconf 91' lang='lat' dir='ltr'><strong>et</strong></span> <span class='ocrx_word' id='word_1_634' title='bbox 3660 4283 3857 4337; x_wconf 81' lang='lat' dir='ltr'><strong>funda-</strong></span> 
     </span>
    </p>
   </div>
   <div class='ocr_carea' id='block_1_88' title="bbox 2264 4365 3865 4444">
    <p class='ocr_par' dir='ltr' id='par_1_88' title="bbox 2264 4365 3865 4444">
     <span class='ocr_line' id='line_1_88' title="bbox 2264 4365 3865 4444; baseline 0 -17"><span class='ocrx_word' id='word_1_635' title='bbox 2264 4384 2503 4429; x_wconf 88' lang='lat' dir='ltr'><strong>mentum</strong></span> <span class='ocrx_word' id='word_1_636' title='bbox 2546 4376 2714 4429; x_wconf 90' lang='lat' dir='ltr'><strong>nostri</strong></span> <span class='ocrx_word' id='word_1_637' title='bbox 2745 4374 2955 4444; x_wconf 90' lang='lat' dir='ltr'><strong>imperii</strong></span> <span class='ocrx_word' id='word_1_638' title='bbox 2985 4365 3228 4441; x_wconf 80' lang='lat' dir='ltr'><strong>fecimus,</strong></span> <span class='ocrx_word' id='word_1_639' title='bbox 3273 4371 3600 4441; x_wconf 86' lang='lat' dir='ltr'><strong>conjungere</strong></span> <span class='ocrx_word' id='word_1_640' title='bbox 3638 4371 3865 4427; x_wconf 87' lang='lat' dir='ltr'><strong>divisos</strong></span> 
     </span>
    </p>
   </div>
   <div class='ocr_carea' id='block_1_89' title="bbox 2265 4460 3869 4521">
    <p class='ocr_par' dir='ltr' id='par_1_89' title="bbox 2265 4460 3869 4521">
     <span class='ocr_line' id='line_1_89' title="bbox 2265 4460 3869 4521; baseline 0 -3"><span class='ocrx_word' id='word_1_641' title='bbox 2265 4465 2574 4521; x_wconf 89' lang='lat' dir='ltr'><strong>sacerdotes</strong></span> <span class='ocrx_word' id='word_1_642' title='bbox 2617 4473 2924 4520; x_wconf 87' lang='lat' dir='ltr'><strong>sanctarum</strong></span> <span class='ocrx_word' id='word_1_643' title='bbox 2971 4461 3068 4518; x_wconf 90' lang='lat' dir='ltr'><strong>Dei</strong></span> <span class='ocrx_word' id='word_1_644' title='bbox 3114 4462 3474 4519; x_wconf 85' lang='lat' dir='ltr'><strong>Ecclesiarum</strong></span> <span class='ocrx_word' id='word_1_645' title='bbox 3512 4462 3579 4516; x_wconf 88' lang='lat' dir='ltr'><strong>ab</strong></span> <span class='ocrx_word' id='word_1_646' title='bbox 3620 4460 3869 4518; x_wconf 78' lang='lat' dir='ltr'><strong>Oriente</strong></span> 
     </span>
    </p>
   </div>
   <div class='ocr_carea' id='block_1_90' title="bbox 590 4552 3871 4645">
    <p class='ocr_par' dir='ltr' id='par_1_90' title="bbox 590 4552 3871 4645">
     <span class='ocr_line' id='line_1_90' title="bbox 590 4552 3871 4645; baseline -0.005 -25"><span class='ocrx_word' id='word_1_647' title='bbox 590 4573 778 4621; x_wconf 88' lang='lat' dir='ltr'><strong>contra</strong></span> <span class='ocrx_word' id='word_1_648' title='bbox 817 4580 941 4619; x_wconf 93' lang='lat' dir='ltr'><strong>cum</strong></span> <span class='ocrx_word' id='word_1_649' title='bbox 982 4563 1175 4619; x_wconf 84' lang='lat' dir='ltr'><strong>factam</strong></span> <span class='ocrx_word' id='word_1_650' title='bbox 1225 4562 1752 4619; x_wconf 89' lang='lat' dir='ltr'><strong>condemnationem.</strong></span> <span class='ocrx_word' id='word_1_651' title='bbox 1798 4560 1867 4615; x_wconf 88' lang='lat' dir='ltr'><strong>Et</strong></span> <span class='ocrx_word' id='word_1_652' title='bbox 1894 4568 2019 4630; x_wconf 89' lang='lat' dir='ltr'><strong>post</strong></span> <span class='ocrx_word' id='word_1_653' title='bbox 2045 4559 2162 4613; x_wconf 87' lang='lat' dir='ltr'><strong>haec</strong></span> <span class='ocrx_word' id='word_1_654' title='bbox 2192 4585 2243 4645; x_wconf 70' lang='grc' dir='ltr'><strong>Ι)</strong></span> <span class='ocrx_word' id='word_1_655' title='bbox 2266 4569 2435 4624; x_wconf 89' lang='lat' dir='ltr'><strong>usque</strong></span> <span class='ocrx_word' id='word_1_656' title='bbox 2460 4552 2807 4610; x_wconf 86' lang='lat' dir='ltr'><strong>Occidentem</strong></span> <span class='ocrx_word' id='word_1_657' title='bbox 2842 4564 2889 4617; x_wconf 67' lang='grc' dir='ltr'><strong>Ρ,</strong></span> <span class='ocrx_word' id='word_1_658' title='bbox 2916 4560 2971 4608; x_wconf 90' lang='lat' dir='ltr'><strong>et</strong></span> <span class='ocrx_word' id='word_1_659' title='bbox 2989 4568 3203 4608; x_wconf 90' lang='lat' dir='ltr'><strong>omnem</strong></span> <span class='ocrx_word' id='word_1_660' title='bbox 3227 4553 3625 4608; x_wconf 90' lang='lat' dir='ltr'><strong>contentionem</strong></span> <span class='ocrx_word' id='word_1_661' title='bbox 3652 4566 3871 4622; x_wconf 78' lang='lat' dir='ltr'><strong>ampu-</strong></span> 
     </span>
    </p>
   </div>
   <div class='ocr_carea' id='block_1_91' title="bbox 592 4647 2164 4724">
    <p class='ocr_par' dir='ltr' id='par_1_91' title="bbox 592 4647 2164 4724">
     <span class='ocr_line' id='line_1_91' title="bbox 592 4647 2164 4724; baseline -0.004 -15"><span class='ocrx_word' id='word_1_662' title='bbox 592 4656 785 4709; x_wconf 88' lang='lat' dir='ltr'><strong>iterum</strong></span> <span class='ocrx_word' id='word_1_663' title='bbox 821 4670 944 4708; x_wconf 91' lang='lat' dir='ltr'><strong>cum</strong></span> <span class='ocrx_word' id='word_1_664' title='bbox 972 4651 1242 4724; x_wconf 77' lang='lat' dir='ltr'><strong>Eutychos</strong></span> <span class='ocrx_word' id='word_1_665' title='bbox 1283 4651 1508 4707; x_wconf 91' lang='lat' dir='ltr'><strong>demens</strong></span> <span class='ocrx_word' id='word_1_666' title='bbox 1550 4651 1874 4713; x_wconf 88' lang='lat' dir='ltr'><strong>emersisset,</strong></span> <span class='ocrx_word' id='word_1_667' title='bbox 1919 4647 2164 4717; x_wconf 86' lang='lat' dir='ltr'><strong>negando</strong></span> 
     </span>
    </p>
   </div>
   <div class='ocr_carea' id='block_1_92' title="bbox 592 4739 2164 4803">
    <p class='ocr_par' dir='ltr' id='par_1_92' title="bbox 592 4739 2164 4803">
     <span class='ocr_line' id='line_1_92' title="bbox 592 4739 2164 4803; baseline -0.005 -1"><span class='ocrx_word' id='word_1_668' title='bbox 592 4744 1100 4802; x_wconf 87' lang='lat' dir='ltr'><strong>consubstantialem</strong></span> <span class='ocrx_word' id='word_1_669' title='bbox 1131 4742 1286 4798; x_wconf 89' lang='lat' dir='ltr'><strong>nobis</strong></span> <span class='ocrx_word' id='word_1_670' title='bbox 1312 4758 1432 4798; x_wconf 89' lang='lat' dir='ltr'><strong>esse</strong></span> <span class='ocrx_word' id='word_1_671' title='bbox 1459 4758 1675 4799; x_wconf 88' lang='lat' dir='ltr'><strong>carnem</strong></span> <span class='ocrx_word' id='word_1_672' title='bbox 1707 4740 1937 4803; x_wconf 90' lang='lat' dir='ltr'><strong>Domini,</strong></span> <span class='ocrx_word' id='word_1_673' title='bbox 1981 4739 2164 4794; x_wconf 88' lang='lat' dir='ltr'><strong>multis</strong></span> 
     </span>
    </p>
   </div>
   <div class='ocr_carea' id='block_1_93' title="bbox 592 4830 2162 4905">
    <p class='ocr_par' dir='ltr' id='par_1_93' title="bbox 592 4830 2162 4905">
     <span class='ocr_line' id='line_1_93' title="bbox 592 4830 2162 4905; baseline -0.008 -9"><span class='ocrx_word' id='word_1_674' title='bbox 592 4842 799 4896; x_wconf 88' lang='lat' dir='ltr'><strong>interea</strong></span> <span class='ocrx_word' id='word_1_675' title='bbox 846 4838 1023 4905; x_wconf 89' lang='lat' dir='ltr'><strong>motis,</strong></span> <span class='ocrx_word' id='word_1_676' title='bbox 1075 4847 1184 4891; x_wconf 90' lang='lat' dir='ltr'><strong>tam</strong></span> <span class='ocrx_word' id='word_1_677' title='bbox 1222 4834 1692 4905; x_wconf 88' lang='lat' dir='ltr'><strong>Constantinopoli</strong></span> <span class='ocrx_word' id='word_1_678' title='bbox 1740 4847 1900 4904; x_wconf 87' lang='lat' dir='ltr'><strong>quam</strong></span> <span class='ocrx_word' id='word_1_679' title='bbox 1941 4830 2162 4901; x_wconf 87' lang='lat' dir='ltr'><strong>Ephesi,</strong></span> 
     </span>
    </p>
   </div>
   <div class='ocr_carea' id='block_1_94' title="bbox 667 5076 2110 5146">
    <p class='ocr_par' dir='ltr' id='par_1_94' title="bbox 667 5076 2110 5146">
     <span class='ocr_line' id='line_1_94' title="bbox 667 5076 2110 5146; baseline -0.005 -6"><span class='ocrx_word' id='word_1_680' title='bbox 667 5094 692 5123; x_wconf 79' lang='grc' dir='ltr'>ι</span> <span class='ocrx_word' id='word_1_681' title='bbox 722 5082 884 5140; x_wconf 80' lang='lat' dir='ltr'><strong>iidem</strong></span> <span class='ocrx_word' id='word_1_682' title='bbox 909 5081 1051 5146; x_wconf 91' lang='lat' dir='ltr'><strong>libri,</strong></span> <span class='ocrx_word' id='word_1_683' title='bbox 1080 5079 1381 5135; x_wconf 74' lang='lat' dir='ltr'><strong>diocesibus.</strong></span> <span class='ocrx_word' id='word_1_684' title='bbox 1412 5080 1504 5136; x_wconf 89' lang='lat' dir='ltr'><strong>Sic</strong></span> <span class='ocrx_word' id='word_1_685' title='bbox 1529 5079 1694 5136; x_wconf 89' lang='lat' dir='ltr'><strong>etiam</strong></span> <span class='ocrx_word' id='word_1_686' title='bbox 1717 5077 1887 5135; x_wconf 91' lang='lat' dir='ltr'><strong>ferme</strong></span> <span class='ocrx_word' id='word_1_687' title='bbox 1909 5076 2110 5133; x_wconf 86' lang='lat' dir='ltr'><strong>Latini.</strong></span> 
     </span>
    </p>
   </div>
   <div class='ocr_carea' id='block_1_95' title="bbox 667 5151 1403 5221">
    <p class='ocr_par' dir='ltr' id='par_1_95' title="bbox 667 5151 1403 5221">
     <span class='ocr_line' id='line_1_95' title="bbox 667 5151 1403 5221; baseline -0.005 -12"><span class='ocrx_word' id='word_1_688' title='bbox 667 5154 695 5194; x_wconf 73' lang='grc' dir='ltr'><strong>ιι</strong></span> <span class='ocrx_word' id='word_1_689' title='bbox 724 5153 886 5209; x_wconf 83' lang='lat' dir='ltr'><strong>Iidem</strong></span> <span class='ocrx_word' id='word_1_690' title='bbox 916 5151 1060 5221; x_wconf 84' lang='lat' dir='ltr'><strong>libri,</strong></span> <span class='ocrx_word' id='word_1_691' title='bbox 1091 5151 1403 5221; x_wconf 77' lang='lat' dir='ltr'><strong>adjuvasset.</strong></span> 
     </span>
    </p>
   </div>
   <div class='ocr_carea' id='block_1_96' title="bbox 668 5216 2169 5294">
    <p class='ocr_par' dir='ltr' id='par_1_96' title="bbox 668 5216 2169 5294">
     <span class='ocr_line' id='line_1_96' title="bbox 668 5216 2169 5294; baseline -0.005 -16"><span class='ocrx_word' id='word_1_692' title='bbox 668 5235 694 5264; x_wconf 73' lang='grc' dir='ltr'>ε</span> <span class='ocrx_word' id='word_1_693' title='bbox 724 5216 1127 5294; x_wconf 84' lang='lat' dir='ltr'><strong>Reponcndum,</strong></span> <span class='ocrx_word' id='word_1_694' title='bbox 1155 5216 1406 5294; x_wconf 67' lang='lat' dir='ltr'><strong>recepisse</strong></span> <span class='ocrx_word' id='word_1_695' title='bbox 1447 5218 1609 5294; x_wconf 73' lang='lat' dir='ltr'><strong>Deum</strong></span> <span class='ocrx_word' id='word_1_696' title='bbox 1643 5218 1886 5294; x_wconf 71' lang='lat' dir='ltr'><strong>Verbum.</strong></span> <span class='ocrx_word' id='word_1_697' title='bbox 1922 5216 2169 5294; x_wconf 84' lang='lat' dir='ltr'><strong>Mendum</strong></span> 
     </span>
    </p>
   </div>
   <div class='ocr_carea' id='block_1_97' title="bbox 597 5287 2173 5363">
    <p class='ocr_par' dir='ltr' id='par_1_97' title="bbox 597 5287 2173 5363">
     <span class='ocr_line' id='line_1_97' title="bbox 597 5287 2173 5363; baseline -0.005 -15"><span class='ocrx_word' id='word_1_698' title='bbox 597 5304 682 5348; x_wconf 88' lang='lat' dir='ltr'><strong>est</strong></span> <span class='ocrx_word' id='word_1_699' title='bbox 708 5287 1149 5363; x_wconf 75' lang='lat' dir='ltr'><strong>typbgrapbicum</strong></span> <span class='ocrx_word' id='word_1_700' title='bbox 1175 5289 1428 5345; x_wconf 87' lang='lat' dir='ltr'><strong>editionis</strong></span> <span class='ocrx_word' id='word_1_701' title='bbox 1447 5288 1776 5356; x_wconf 73' lang='lat' dir='ltr'><strong>Labbeanzc,</strong></span> <span class='ocrx_word' id='word_1_702' title='bbox 1802 5289 1890 5343; x_wconf 86' lang='lat' dir='ltr'><strong>hic</strong></span> <span class='ocrx_word' id='word_1_703' title='bbox 1915 5287 2173 5342; x_wconf 85' lang='lat' dir='ltr'><strong>emenda—</strong></span> 
     </span>
    </p>
   </div>
   <div class='ocr_carea' id='block_1_98' title="bbox 603 5371 2173 5499">
    <p class='ocr_par' dir='ltr' id='par_1_98' title="bbox 603 5371 2173 5499">
     <span class='ocr_line' id='line_1_98' title="bbox 603 5371 2173 5499; baseline 0.015 -20"><span class='ocrx_word' id='word_1_704' title='bbox 603 5371 1027 5499; x_wconf 47' lang='lat' dir='ltr'><strong>mtlnbegendum</strong></span> <span class='ocrx_word' id='word_1_705' title='bbox 1057 5472 1074 5497; x_wconf 94' lang='lat'><strong>,</strong></span> <span class='ocrx_word' id='word_1_706' title='bbox 1114 5429 1394 5484; x_wconf 80' lang='lat' dir='ltr'><strong>incarnati.</strong></span> <span class='ocrx_word' id='word_1_707' title='bbox 1450 5427 1517 5499; x_wconf 71' lang='lat' dir='ltr'><strong>Et</strong></span> <span class='ocrx_word' id='word_1_708' title='bbox 1579 5426 1672 5483; x_wconf 72' lang='lat' dir='ltr'><strong>hic</strong></span> <span class='ocrx_word' id='word_1_709' title='bbox 1718 5440 1945 5499; x_wconf 50' lang='lat' dir='ltr'><strong>quoque</strong></span> <span class='ocrx_word' id='word_1_710' title='bbox 1976 5423 2173 5499; x_wconf 66' lang='lat' dir='ltr'><strong>mendo</strong></span> 
     </span>
    </p>
   </div>
   <div class='ocr_carea' id='block_1_99' title="bbox 600 5495 2174 5570">
    <p class='ocr_par' dir='ltr' id='par_1_99' title="bbox 600 5495 2174 5570">
     <span class='ocr_line' id='line_1_99' title="bbox 600 5495 2174 5570; baseline -0.005 -14"><span class='ocrx_word' id='word_1_711' title='bbox 600 5495 824 5556; x_wconf 66' lang='lat' dir='ltr'><strong>laborat</strong></span> <span class='ocrx_word' id='word_1_712' title='bbox 848 5495 1231 5570; x_wconf 81' lang='lat' dir='ltr'><strong>typographico</strong></span> <span class='ocrx_word' id='word_1_713' title='bbox 1259 5499 1423 5555; x_wconf 91' lang='lat' dir='ltr'><strong>editio</strong></span> <span class='ocrx_word' id='word_1_714' title='bbox 1451 5495 1757 5564; x_wconf 82' lang='lat' dir='ltr'><strong>Labbeana,</strong></span> <span class='ocrx_word' id='word_1_715' title='bbox 1785 5510 1905 5565; x_wconf 65' lang='lat' dir='ltr'><strong>quae</strong></span> <span class='ocrx_word' id='word_1_716' title='bbox 1933 5495 2061 5563; x_wconf 87' lang='lat' dir='ltr'><strong>legit</strong></span> <span class='ocrx_word' id='word_1_717' title='bbox 2090 5496 2174 5548; x_wconf 81' lang='lat' dir='ltr'><strong>in-</strong></span> 
     </span>
    </p>
   </div>
   <div class='ocr_carea' id='block_1_100' title="bbox 598 5579 1724 5699">
    <p class='ocr_par' dir='ltr' id='par_1_100' title="bbox 598 5579 1724 5699">
     <span class='ocr_line' id='line_1_100' title="bbox 598 5579 1724 5699; baseline -0.003 -6"><span class='ocrx_word' id='word_1_718' title='bbox 598 5579 921 5699; x_wconf 37' lang='lat' dir='ltr'><strong>“frugis”</strong></span> <span class='ocrx_word' id='word_1_719' title='bbox 952 5644 1003 5690; x_wconf 79' lang='lat' dir='ltr'><strong>et</strong></span> <span class='ocrx_word' id='word_1_720' title='bbox 1031 5635 1230 5691; x_wconf 83' lang='lat' dir='ltr'><strong>Filium</strong></span> <span class='ocrx_word' id='word_1_721' title='bbox 1256 5639 1416 5693; x_wconf 81' lang='lat' dir='ltr'><strong>alium</strong></span> <span class='ocrx_word' id='word_1_722' title='bbox 1444 5636 1724 5692; x_wconf 79' lang='lat' dir='ltr'><strong>Christum.</strong></span> 
     </span>
    </p>
   </div>
   <div class='ocr_carea' id='block_1_101' title="bbox 678 5701 2175 5780">
    <p class='ocr_par' dir='ltr' id='par_1_101' title="bbox 678 5701 2175 5780">
     <span class='ocr_line' id='line_1_101' title="bbox 678 5701 2175 5780; baseline -0.003 -17"><span class='ocrx_word' id='word_1_723' title='bbox 678 5709 696 5750; x_wconf 74' lang='grc' dir='ltr'>ί</span> <span class='ocrx_word' id='word_1_724' title='bbox 730 5709 929 5763; x_wconf 89' lang='lat' dir='ltr'><strong>Vocem</strong></span> <span class='ocrx_word' id='word_1_725' title='bbox 947 5705 1142 5759; x_wconf 77' lang='lat' dir='ltr'><strong>Filium</strong></span> <span class='ocrx_word' id='word_1_726' title='bbox 1162 5706 1330 5762; x_wconf 81' lang='lat' dir='ltr'><strong>codex</strong></span> <span class='ocrx_word' id='word_1_727' title='bbox 1356 5708 1670 5763; x_wconf 88' lang='lat' dir='ltr'><strong>Parisiensis</strong></span> <span class='ocrx_word' id='word_1_728' title='bbox 1685 5720 1789 5780; x_wconf 78' lang='lat' dir='ltr'><strong>non</strong></span> <span class='ocrx_word' id='word_1_729' title='bbox 1812 5701 1975 5759; x_wconf 84' lang='lat' dir='ltr'><strong>habet</strong></span> <span class='ocrx_word' id='word_1_730' title='bbox 1997 5703 2049 5761; x_wconf 92' lang='lat' dir='ltr'><strong>in</strong></span> <span class='ocrx_word' id='word_1_731' title='bbox 2071 5704 2175 5759; x_wconf 80' lang='lat' dir='ltr'><strong>hoc</strong></span> 
     </span>
    </p>
   </div>
   <div class='ocr_carea' id='block_1_102' title="bbox 605 5784 2106 5915">
    <p class='ocr_par' dir='ltr' id='par_1_102' title="bbox 605 5784 2106 5915">
     <span class='ocr_line' id='line_1_102' title="bbox 605 5784 2106 5915; baseline -0.005 -13"><span class='ocrx_word' id='word_1_732' title='bbox 605 5784 622 5840; x_wconf 67' lang='grc'><strong>1</strong></span> <span class='ocrx_word' id='word_1_733' title='bbox 644 5796 871 5906; x_wconf 50' lang='grc' dir='ltr'><strong>’ξοίᾶεω</strong></span> <span class='ocrx_word' id='word_1_734' title='bbox 892 5842 1083 5910; x_wconf 78' lang='lat' dir='ltr'><strong>codex,</strong></span> <span class='ocrx_word' id='word_1_735' title='bbox 1113 5852 1321 5915; x_wconf 74' lang='lat' dir='ltr'><strong>propter</strong></span> <span class='ocrx_word' id='word_1_736' title='bbox 1340 5862 1456 5901; x_wconf 80' lang='lat' dir='ltr'><strong>eum</strong></span> <span class='ocrx_word' id='word_1_737' title='bbox 1478 5857 1653 5903; x_wconf 72' lang='lat' dir='ltr'><strong>contra</strong></span> <span class='ocrx_word' id='word_1_738' title='bbox 1680 5863 1798 5901; x_wconf 84' lang='lat' dir='ltr'><strong>cum</strong></span> <span class='ocrx_word' id='word_1_739' title='bbox 1819 5843 2106 5914; x_wconf 71' lang='lat' dir='ltr'><strong>procedere.</strong></span> 
     </span>
    </p>
   </div>
   <div class='ocr_carea' id='block_1_103' title="bbox 2269 4643 3871 4713">
    <p class='ocr_par' dir='ltr' id='par_1_103' title="bbox 2269 4643 3871 4713">
     <span class='ocr_line' id='line_1_103' title="bbox 2269 4643 3871 4713; baseline 0 -16"><span class='ocrx_word' id='word_1_740' title='bbox 2269 4651 2443 4699; x_wconf 87' lang='lat' dir='ltr'><strong>tantes</strong></span> <span class='ocrx_word' id='word_1_741' title='bbox 2468 4659 2588 4713; x_wconf 77' lang='lat' dir='ltr'><strong>qua:</strong></span> <span class='ocrx_word' id='word_1_742' title='bbox 2615 4651 2802 4699; x_wconf 91' lang='lat' dir='ltr'><strong>contra</strong></span> <span class='ocrx_word' id='word_1_743' title='bbox 2850 4643 3343 4698; x_wconf 86' lang='lat' dir='ltr'><strong>Cbaleedonensem</strong></span> <span class='ocrx_word' id='word_1_744' title='bbox 3387 4650 3629 4697; x_wconf 84' lang='lat' dir='ltr'><strong>sanetam</strong></span> <span class='ocrx_word' id='word_1_745' title='bbox 3673 4657 3871 4712; x_wconf 86' lang='lat' dir='ltr'><strong>syno—</strong></span> 
     </span>
    </p>
   </div>
   <div class='ocr_carea' id='block_1_104' title="bbox 2269 4734 3878 4806">
    <p class='ocr_par' dir='ltr' id='par_1_104' title="bbox 2269 4734 3878 4806">
     <span class='ocr_line' id='line_1_104' title="bbox 2269 4734 3878 4806; baseline 0.001 -17"><span class='ocrx_word' id='word_1_746' title='bbox 2269 4734 2396 4790; x_wconf 91' lang='lat' dir='ltr'><strong>dum</strong></span> <span class='ocrx_word' id='word_1_747' title='bbox 2428 4735 2496 4789; x_wconf 88' lang='lat' dir='ltr'><strong>ab</strong></span> <span class='ocrx_word' id='word_1_748' title='bbox 2524 4734 2777 4806; x_wconf 79' lang='lat' dir='ltr'><strong>Eutychis</strong></span> <span class='ocrx_word' id='word_1_749' title='bbox 2805 4745 2832 4784; x_wconf 74' lang='grc' dir='ltr'><strong>ιι</strong></span> <span class='ocrx_word' id='word_1_750' title='bbox 2864 4743 2919 4789; x_wconf 93' lang='lat' dir='ltr'><strong>ct</strong></span> <span class='ocrx_word' id='word_1_751' title='bbox 2940 4734 3170 4789; x_wconf 90' lang='lat' dir='ltr'><strong>Nestorii</strong></span> <span class='ocrx_word' id='word_1_752' title='bbox 3201 4734 3483 4805; x_wconf 87' lang='lat' dir='ltr'><strong>impiorum</strong></span> <span class='ocrx_word' id='word_1_753' title='bbox 3526 4734 3878 4801; x_wconf 84' lang='lat' dir='ltr'><strong>sequacibus</strong></span> 
     </span>
    </p>
   </div>
   <div class='ocr_carea' id='block_1_105' title="bbox 2271 4830 3878 4903">
    <p class='ocr_par' dir='ltr' id='par_1_105' title="bbox 2271 4830 3878 4903">
     <span class='ocr_line' id='line_1_105' title="bbox 2271 4830 3878 4903; baseline -0.004 -18"><span class='ocrx_word' id='word_1_754' title='bbox 2271 4832 2606 4899; x_wconf 86' lang='lat' dir='ltr'><strong>movebatur,</strong></span> <span class='ocrx_word' id='word_1_755' title='bbox 2636 4831 2857 4887; x_wconf 88' lang='lat' dir='ltr'><strong>fecimus</strong></span> <span class='ocrx_word' id='word_1_756' title='bbox 2876 4831 3168 4903; x_wconf 61' lang='lat' dir='ltr'><strong>prndieare</strong></span> <span class='ocrx_word' id='word_1_757' title='bbox 3189 4830 3433 4885; x_wconf 85' lang='lat' dir='ltr'><strong>eamdem</strong></span> <span class='ocrx_word' id='word_1_758' title='bbox 3472 4837 3713 4885; x_wconf 84' lang='lat' dir='ltr'><strong>sanctam</strong></span> <span class='ocrx_word' id='word_1_759' title='bbox 3755 4842 3878 4899; x_wconf 85' lang='lat' dir='ltr'><strong>sy—</strong></span> 
     </span>
    </p>
   </div>
   <div class='ocr_carea' id='block_1_106' title="bbox 2341 5073 3872 5150">
    <p class='ocr_par' dir='ltr' id='par_1_106' title="bbox 2341 5073 3872 5150">
     <span class='ocr_line' id='line_1_106' title="bbox 2341 5073 3872 5150; baseline -0.001 -17"><span class='ocrx_word' id='word_1_760' title='bbox 2341 5079 2371 5118; x_wconf 80' lang='grc' dir='ltr'><strong>ιι</strong></span> <span class='ocrx_word' id='word_1_761' title='bbox 2407 5079 2481 5134; x_wconf 86' lang='lat' dir='ltr'><strong>De</strong></span> <span class='ocrx_word' id='word_1_762' title='bbox 2509 5077 2792 5150; x_wconf 34' lang='lat' dir='ltr'><strong>ﬁdealhec</strong></span> <span class='ocrx_word' id='word_1_763' title='bbox 2818 5079 3013 5150; x_wconf 76' lang='lat' dir='ltr'><strong>desunt</strong></span> <span class='ocrx_word' id='word_1_764' title='bbox 3040 5079 3091 5132; x_wconf 89' lang='lat' dir='ltr'><strong>in</strong></span> <span class='ocrx_word' id='word_1_765' title='bbox 3120 5076 3312 5150; x_wconf 85' lang='lat' dir='ltr'><strong>eodem</strong></span> <span class='ocrx_word' id='word_1_766' title='bbox 3361 5074 3497 5150; x_wconf 80' lang='lat' dir='ltr'><strong>libro</strong></span> <span class='ocrx_word' id='word_1_767' title='bbox 3530 5073 3872 5131; x_wconf 76' lang='lat' dir='ltr'><strong>Parisiensi.</strong></span> 
     </span>
    </p>
   </div>
   <div class='ocr_carea' id='block_1_107' title="bbox 2348 5145 3422 5205">
    <p class='ocr_par' dir='ltr' id='par_1_107' title="bbox 2348 5145 3422 5205">
     <span class='ocr_line' id='line_1_107' title="bbox 2348 5145 3422 5205; baseline -0.007 -1"><span class='ocrx_word' id='word_1_768' title='bbox 2348 5160 2364 5187; x_wconf 79' lang='grc'><strong><em>³</em></strong></span> <span class='ocrx_word' id='word_1_769' title='bbox 2400 5145 2543 5205; x_wconf 81' lang='lat' dir='ltr'><strong>Idem</strong></span> <span class='ocrx_word' id='word_1_770' title='bbox 2569 5149 2737 5205; x_wconf 87' lang='lat' dir='ltr'><strong>codex</strong></span> <span class='ocrx_word' id='word_1_771' title='bbox 2770 5167 2783 5203; x_wconf 90' lang='lat'>:</span> <span class='ocrx_word' id='word_1_772' title='bbox 2818 5148 2887 5202; x_wconf 79' lang='lat' dir='ltr'><strong>Et</strong></span> <span class='ocrx_word' id='word_1_773' title='bbox 2916 5149 2996 5202; x_wconf 81' lang='lat' dir='ltr'><strong>his</strong></span> <span class='ocrx_word' id='word_1_774' title='bbox 3022 5150 3099 5201; x_wconf 84' lang='lat' dir='ltr'><strong>ita</strong></span> <span class='ocrx_word' id='word_1_775' title='bbox 3123 5145 3422 5202; x_wconf 72' lang='lat' dir='ltr'><strong>subsecutis.</strong></span> 
     </span>
    </p>
   </div>
   <div class='ocr_carea' id='block_1_108' title="bbox 2345 5219 3013 5290">
    <p class='ocr_par' dir='ltr' id='par_1_108' title="bbox 2345 5219 3013 5290">
     <span class='ocr_line' id='line_1_108' title="bbox 2345 5219 3013 5290; baseline -0.004 -15"><span class='ocrx_word' id='word_1_776' title='bbox 2345 5220 2361 5290; x_wconf 65' lang='grc' dir='ltr'><em>ξ</em></span> <span class='ocrx_word' id='word_1_777' title='bbox 2402 5220 2544 5275; x_wconf 88' lang='lat' dir='ltr'><strong>Idem</strong></span> <span class='ocrx_word' id='word_1_778' title='bbox 2575 5219 2762 5282; x_wconf 85' lang='lat' dir='ltr'><strong>codex,</strong></span> <span class='ocrx_word' id='word_1_779' title='bbox 2789 5220 3013 5290; x_wconf 78' lang='lat' dir='ltr'><strong>fuerunt.</strong></span> 
     </span>
    </p>
   </div>
   <div class='ocr_carea' id='block_1_109' title="bbox 2344 5285 3395 5356">
    <p class='ocr_par' dir='ltr' id='par_1_109' title="bbox 2344 5285 3395 5356">
     <span class='ocr_line' id='line_1_109' title="bbox 2344 5285 3395 5356; baseline -0.006 -12"><span class='ocrx_word' id='word_1_780' title='bbox 2344 5287 2370 5328; x_wconf 75' lang='grc' dir='ltr'>ἰ</span> <span class='ocrx_word' id='word_1_781' title='bbox 2402 5290 2625 5345; x_wconf 89' lang='lat' dir='ltr'><strong>Veteres</strong></span> <span class='ocrx_word' id='word_1_782' title='bbox 2654 5285 2798 5356; x_wconf 73' lang='lat' dir='ltr'><strong>libri,</strong></span> <span class='ocrx_word' id='word_1_783' title='bbox 2825 5289 2881 5341; x_wconf 77' lang='lat' dir='ltr'><strong>iu</strong></span> <span class='ocrx_word' id='word_1_784' title='bbox 2909 5287 3126 5342; x_wconf 80' lang='lat' dir='ltr'><strong>concilio</strong></span> <span class='ocrx_word' id='word_1_785' title='bbox 3154 5285 3395 5355; x_wconf 72' lang='lat' dir='ltr'><strong>pervenit.</strong></span> 
     </span>
    </p>
   </div>
   <div class='ocr_carea' id='block_1_110' title="bbox 2351 5358 3250 5424">
    <p class='ocr_par' dir='ltr' id='par_1_110' title="bbox 2351 5358 3250 5424">
     <span class='ocr_line' id='line_1_110' title="bbox 2351 5358 3250 5424; baseline -0.007 -11"><span class='ocrx_word' id='word_1_786' title='bbox 2351 5358 2366 5396; x_wconf 90' lang='grc'><strong>¹</strong></span> <span class='ocrx_word' id='word_1_787' title='bbox 2403 5358 2566 5415; x_wconf 83' lang='lat' dir='ltr'><strong>Iidem</strong></span> <span class='ocrx_word' id='word_1_788' title='bbox 2596 5358 2739 5423; x_wconf 88' lang='lat' dir='ltr'><strong>libri,</strong></span> <span class='ocrx_word' id='word_1_789' title='bbox 2767 5359 3007 5424; x_wconf 86' lang='lat' dir='ltr'><strong>quoniam</strong></span> <span class='ocrx_word' id='word_1_790' title='bbox 3032 5366 3083 5411; x_wconf 83' lang='lat' dir='ltr'><strong>et</strong></span> <span class='ocrx_word' id='word_1_791' title='bbox 3110 5365 3250 5409; x_wconf 81' lang='lat' dir='ltr'><strong>tunc.</strong></span> 
     </span>
    </p>
   </div>
   <div class='ocr_carea' id='block_1_111' title="bbox 2346 5429 2853 5493">
    <p class='ocr_par' dir='ltr' id='par_1_111' title="bbox 2346 5429 2853 5493">
     <span class='ocr_line' id='line_1_111' title="bbox 2346 5429 2853 5493; baseline -0.002 -11"><span class='ocrx_word' id='word_1_792' title='bbox 2346 5439 2384 5466; x_wconf 80' lang='grc' dir='ltr'><strong>ιιι</strong></span> <span class='ocrx_word' id='word_1_793' title='bbox 2417 5429 2613 5493; x_wconf 85' lang='lat' dir='ltr'><strong>Paris.,</strong></span> <span class='ocrx_word' id='word_1_794' title='bbox 2644 5430 2853 5482; x_wconf 65' lang='lat' dir='ltr'><strong>divinat.</strong></span> 
     </span>
    </p>
   </div>
   <div class='ocr_carea' id='block_1_112' title="bbox 2344 5493 3312 5561">
    <p class='ocr_par' dir='ltr' id='par_1_112' title="bbox 2344 5493 3312 5561">
     <span class='ocr_line' id='line_1_112' title="bbox 2344 5493 3312 5561; baseline -0.007 -7"><span class='ocrx_word' id='word_1_795' title='bbox 2344 5507 2373 5536; x_wconf 77' lang='grc' dir='ltr'><strong>ιι</strong></span> <span class='ocrx_word' id='word_1_796' title='bbox 2403 5500 2621 5554; x_wconf 86' lang='lat' dir='ltr'><strong>Veteres</strong></span> <span class='ocrx_word' id='word_1_797' title='bbox 2646 5497 2784 5561; x_wconf 89' lang='lat' dir='ltr'><strong>libri,</strong></span> <span class='ocrx_word' id='word_1_798' title='bbox 2809 5496 3010 5549; x_wconf 71' lang='lat' dir='ltr'><strong>civitate</strong></span> <span class='ocrx_word' id='word_1_799' title='bbox 3037 5495 3106 5549; x_wconf 87' lang='lat' dir='ltr'><strong>ad</strong></span> <span class='ocrx_word' id='word_1_800' title='bbox 3134 5493 3312 5548; x_wconf 81' lang='lat' dir='ltr'><strong>aliam.</strong></span> 
     </span>
    </p>
   </div>
   <div class='ocr_carea' id='block_1_113' title="bbox 2349 5565 3081 5630">
    <p class='ocr_par' dir='ltr' id='par_1_113' title="bbox 2349 5565 3081 5630">
     <span class='ocr_line' id='line_1_113' title="bbox 2349 5565 3081 5630; baseline -0.012 -4"><span class='ocrx_word' id='word_1_801' title='bbox 2349 5579 2374 5606; x_wconf 81' lang='grc' dir='ltr'><strong>ο</strong></span> <span class='ocrx_word' id='word_1_802' title='bbox 2403 5570 2566 5625; x_wconf 74' lang='lat' dir='ltr'><strong>Iidem</strong></span> <span class='ocrx_word' id='word_1_803' title='bbox 2591 5567 2729 5630; x_wconf 88' lang='lat' dir='ltr'><strong>libri,</strong></span> <span class='ocrx_word' id='word_1_804' title='bbox 2752 5568 2806 5620; x_wconf 83' lang='lat' dir='ltr'><strong>in</strong></span> <span class='ocrx_word' id='word_1_805' title='bbox 2832 5565 3081 5618; x_wconf 78' lang='lat' dir='ltr'><strong>Ecclesia.</strong></span> 
     </span>
    </p>
   </div>
   <div class='ocr_carea' id='block_1_114' title="bbox 2349 5634 3247 5707">
    <p class='ocr_par' dir='ltr' id='par_1_114' title="bbox 2349 5634 3247 5707">
     <span class='ocr_line' id='line_1_114' title="bbox 2349 5634 3247 5707; baseline -0.002 -18"><span class='ocrx_word' id='word_1_806' title='bbox 2349 5649 2375 5689; x_wconf 70' lang='grc' dir='ltr'>ρ</span> <span class='ocrx_word' id='word_1_807' title='bbox 2409 5640 2601 5707; x_wconf 84' lang='lat' dir='ltr'><strong>Paris..</strong></span> <span class='ocrx_word' id='word_1_808' title='bbox 2634 5651 2793 5707; x_wconf 75' lang='lat' dir='ltr'><strong>usque</strong></span> <span class='ocrx_word' id='word_1_809' title='bbox 2819 5637 2873 5689; x_wconf 85' lang='lat' dir='ltr'><strong>in</strong></span> <span class='ocrx_word' id='word_1_810' title='bbox 2901 5634 3247 5689; x_wconf 83' lang='lat' dir='ltr'><strong>Occidentem.</strong></span> 
     </span>
    </p>
   </div>
   <div class='ocr_carea' id='block_1_115' title="bbox 2348 5699 3890 5773">
    <p class='ocr_par' dir='ltr' id='par_1_115' title="bbox 2348 5699 3890 5773">
     <span class='ocr_line' id='line_1_115' title="bbox 2348 5699 3890 5773; baseline -0.003 -15"><span class='ocrx_word' id='word_1_811' title='bbox 2348 5719 2374 5758; x_wconf 73' lang='grc' dir='ltr'><strong>«ι</strong></span> <span class='ocrx_word' id='word_1_812' title='bbox 2406 5708 2479 5763; x_wconf 77' lang='lat' dir='ltr'><strong>Ab</strong></span> <span class='ocrx_word' id='word_1_813' title='bbox 2511 5699 2775 5773; x_wconf 74' lang='lat' dir='ltr'><strong>Eutychis,</strong></span> <span class='ocrx_word' id='word_1_814' title='bbox 2816 5713 2944 5765; x_wconf 90' lang='lat' dir='ltr'><strong>etc.,</strong></span> <span class='ocrx_word' id='word_1_815' title='bbox 2974 5720 3142 5773; x_wconf 89' lang='lat' dir='ltr'><strong>usque</strong></span> <span class='ocrx_word' id='word_1_816' title='bbox 3169 5701 3710 5773; x_wconf 9' lang='lat' dir='ltr'><strong>sanctamrsynoduui.</strong></span> <span class='ocrx_word' id='word_1_817' title='bbox 3742 5699 3890 5761; x_wconf 64' lang='lat' dir='ltr'><strong>Ista</strong></span> 
     </span>
    </p>
   </div>
   <div class='ocr_carea' id='block_1_116' title="bbox 2277 5765 3895 5846">
    <p class='ocr_par' dir='ltr' id='par_1_116' title="bbox 2277 5765 3895 5846">
     <span class='ocr_line' id='line_1_116' title="bbox 2277 5765 3895 5846; baseline -0.009 -10"><span class='ocrx_word' id='word_1_818' title='bbox 2277 5779 2592 5836; x_wconf 82' lang='lat' dir='ltr'><strong>exciderunt</strong></span> <span class='ocrx_word' id='word_1_819' title='bbox 2611 5765 2831 5832; x_wconf 79' lang='lat' dir='ltr'><strong>librario</strong></span> <span class='ocrx_word' id='word_1_820' title='bbox 2859 5774 2949 5844; x_wconf 92' lang='lat' dir='ltr'><strong>qui</strong></span> <span class='ocrx_word' id='word_1_821' title='bbox 2976 5765 3194 5846; x_wconf 77' lang='lat' dir='ltr'><strong>scripsit</strong></span> <span class='ocrx_word' id='word_1_822' title='bbox 3220 5765 3493 5842; x_wconf 71' lang='lat' dir='ltr'><strong>exemplar</strong></span> <span class='ocrx_word' id='word_1_823' title='bbox 3522 5770 3895 5830; x_wconf 66' lang='lat' dir='ltr'><strong>Parisiense-</strong></span> 
     </span>
    </p>
   </div>
  </div>
