4006 6190
206 312 269 368 33
1379 315 1731 371 EPISTOLxE
1771 314 1858 369 ET
1891 313 2223 368 DECRETA.
3382 320 3451 375 '54

207 422 392 479 nodum
432 438 551 479 cum
592 423 858 493 prmdictis
895 424 1016 479 aliis
1053 426 1253 481 sanctis
1281 436 1303 463 ο
1336 427 1506 481 tribus
1531 427 1770 483 conciliis
1802 433 1849 492 Α
1874 424 2015 493 quod
2047 424 2409 503 indubitanter
2437 432 2636 480 etcum
2676 427 2821 482 omni
2849 428 3125 485 alacritate
3152 438 3354 486 rectam
3388 430 3449 483 ﬁ-

206 516 253 567 in
282 513 375 567 Dei
404 514 660 579 ecclesiis,
685 522 834 570 certe
856 516 1089 572 scientes
1115 515 1259 585 quod
1280 531 1342 570 ea
1372 532 1491 585 qua:
1512 517 1578 570 ab
1609 533 1669 569 ea
1704 517 1773 571 de

205 605 299 657 iile
327 605 566 674 exposita
596 613 722 659 sunt
742 604 791 671 δ,
815 614 1115 660 consonant
1143 623 1240 676 per
1266 607 1443 661 omnia
1466 606 1584 661 aliis
1606 607 1774 662 tribus

204 695 395 747 sanctis
421 695 664 750 conciliis
698 713 710 747 :
743 703 799 748 et
822 695 1002 748 multis
1030 696 1245 765 quidem
1274 695 1340 749 ad
1369 696 1609 750 eamdem
1649 713 1774 751 san-

201 794 335 836 ctam
377 784 640 854 synodum
677 784 1172 839 contradicentibus
1218 784 1606 851 satisfecimus;
1639 786 1774 840 alios

201 882 370 924 autem
423 873 513 941 qui
569 882 1051 943 persevcraverunt
1097 873 1270 929 eidem
1312 885 1499 930 sancto
1543 877 1774 932 concilio

199 965 623 1018 contradicentes
650 965 955 1034 expulimus
979 966 1056 1020 sic
1087 975 1109 1002 ε
1144 965 1196 1019 ἱιι
1236 967 1435 1021 sanctis
1474 966 1568 1022 Dei
1599 969 1775 1022 eccle-

199 1052 329 1107 siis“
358 1063 413 1107 et
443 1055 842 1109 venerabilibus
887 1057 1250 1124 monasteriis,
1292 1066 1350 1111 ut
1386 1058 1667 1112 concordia
1719 1068 1777 1113 et

200 1160 322 1214 pace
357 1156 666 1200 sanctarum
713 1146 1073 1201 Ecclesiarum
1117 1156 1172 1202 et
1218 1163 1403 1203 earum
1432 1151 1773 1205 sacerdotum

148 1264 153 1271 -
203 1236 414 1290 ﬁrmiter
442 1238 733 1303 custodita,
768 1254 873 1293 una
900 1248 954 1293 et
981 1239 1171 1295 eadem
1217 1238 1347 1296 ﬁdes
1374 1256 1534 1309 quam
1575 1251 1775 1295 sancta:

200 1338 417 1396 quatuor
463 1328 654 1399 synodi
691 1328 951 1384 confessae
996 1338 1141 1392 sunt,
1172 1330 1371 1384 sanctis
1398 1329 1490 1385 Dei
1521 1330 1776 1383 Eecle-iis

202 1416 533 1484 pnedicetur.
569 1415 660 1469 llis
691 1416 763 1469 ita
792 1432 892 1485 pro
922 1415 1171 1471 ﬁrmitate
1212 1425 1514 1471 sanctarum
1542 1427 1776 1490 quatuor

202 1503 520 1573 synodomm
548 1503 658 1558 Deo
698 1504 932 1573 propitio
972 1522 1069 1575 per
1092 1522 1192 1560 nos
1218 1506 1370 1561 factis
1404 1516 1459 1562 ct
1485 1508 1778 1563 obtinenti-

203 1592 368 1647 busin
395 1603 589 1648 sancta
636 1594 726 1647 Dei
771 1593 1028 1658 Ecclesia,
1074 1595 1305 1650 Nestorii
1353 1613 1610 1666 sequaces
1651 1616 1773 1668 pro-

200 1686 355 1754 priam
384 1686 719 1756 impietatem
748 1687 1019 1754 applicare
1050 1689 1290 1744 volentes
1329 1700 1526 1745 sancte
1558 1691 1648 1745 liei
1677 1690 1776 1746 Ec-

201 1773 383 1836 clesiae,
418 1783 478 1827 et
506 1791 612 1828 non
642 1785 905 1851 ponentes
948 1775 1049 1831 hoc
1097 1795 1192 1847 per
1227 1778 1528 1832 Nestorium
1572 1777 1770 1847 facere,
1809 1795 1848 1851 η

197 1863 586 1919 festinaverunt
613 1881 731 1919 eam
761 1865 1103 1923 introducere
1132 1885 1227 1937 per
1256 1868 1595 1924 Theodorum
1626 1869 1776 1938 Mop-

201 1965 505 2011 suestcnum
520 1956 794 2012 doctorem
815 1958 1064 2022 Ncslorii,
1087 1960 1178 2027 qui
1200 1961 1364 2014 multa
1390 1961 1572 2030 pejora
1595 1961 1779 2016 Nesto-

200 2048 278 2101 rio
301 2047 724 2117 blasphemavit,
754 2055 809 2101 et
835 2062 996 2117 super
1025 2048 1156 2103 alias
1193 2050 1607 2106 innumerabiles
1653 2067 1776 2105 suas

201 2139 562 2209 blasphemias
588 2148 776 2194 contra
806 2140 1075 2194 Christum
1108 2141 1273 2195 Deum
1303 2148 1545 2196 nostrmn
1589 2142 1771 2207 factas,

202 2231 354 2283 alium
385 2230 525 2283 dixit
555 2230 721 2284 Deum
762 2229 1030 2297 Verbum,
1081 2231 1242 2285 alium
1283 2230 1555 2287 Christum
1588 2243 1634 2298 ο,
1678 2249 1777 2289 nec

203 2337 300 2374 non
327 2330 383 2374 et
410 2336 515 2390 per
540 2322 702 2391 imp‘a
729 2322 1031 2392 conscripta
1061 2321 1406 2388 Theodoreti,
1440 2337 1559 2391 quae
1588 2334 1773 2378 contra

204 2419 399 2465 rectam
433 2411 592 2465 Iidem
623 2419 677 2464 et
702 2410 1024 2480 Ephesinam
1064 2412 1288 2480 primam
1341 2421 1579 2467 sanctam
1623 2431 1779 2486 syno-

202 2505 340 2569 dum,
370 2510 430 2556 et
463 2510 648 2556 contra
680 2510 882 2558 sanctie
909 2504 1179 2557 meruerim
1205 2503 1459 2574 Cyrillum
1492 2512 1547 2557 et
1575 2504 1777 2557 duode-

202 2592 298 2645 cim
324 2592 450 2661 ejus
474 2592 709 2661 capitula
740 2593 1006 2662 exposuit,
1051 2602 1105 2647 ct
1151 2594 1367 2663 insuper
1405 2594 1716 2650 sceleratam
1753 2591 1772 2630 τ

204 2685 523 2753 epistolam,
577 2700 741 2755 quam
799 2686 997 2741 dicitur
1044 2685 1163 2741 ibas
1217 2686 1283 2740 ad
1334 2686 1503 2741 Marin
1560 2686 1774 2741 Persam

203 2776 498 2845 scripsisse,
529 2791 654 2845 qua:
694 2775 851 2844 plena
880 2784 965 2830 est
1001 2776 1146 2831 omni
1186 2776 1462 2846 impietate
1511 2776 1775 2831 Theodori

205 2873 254 2917 ct
276 2862 538 2918 Nestorii.
579 2862 684 2917 Per
710 2863 845 2917 hanc
885 2863 1083 2918 etenim
1112 2865 1331 2933 impiam
1358 2864 1638 2933 epistolam
1670 2880 1777 2919 non

205 2953 370 3006 solum
402 2953 766 3022 impietatem,
792 2952 886 3007 sed
916 2954 1075 3007 etiam
1105 2953 1248 3023 ipsas
1299 2968 1552 3023 personas
1597 2953 1776 3010 Theo-

204 3041 332 3095 dorii
354 3050 417 3096 et
447 3041 710 3107 Nestorii,
741 3057 875 3110 quas
903 3044 1136 3097 maxime
1183 3043 1365 3098 laudat
1413 3044 1667 3116 [vindicat
1712 3062 1777 3099 ea:

1874 515 1996 569 dem
2023 514 2253 569 confessi
2282 516 2430 579 estis,
2471 525 2527 570 et
2573 516 2788 586 impiam
2836 520 3251 576 condemnastis.
3300 522 3450 588 Quo-

1874 606 2015 664 niam
2045 622 2174 661 vero
2202 615 2258 661 et
2300 616 2423 676 post
2460 609 2962 664 condemnationem
2990 626 3020 665 a
3052 613 3205 667 vobis
3233 612 3450 681 factam,

1874 696 1926 749 in
1966 696 2167 750 eisdem
2219 695 2348 765 ipsis
2395 709 2708 767 permanent
2758 701 2997 767 quidam,
3046 702 3235 755 eadem
3286 704 3449 774 impia

1877 785 1975 838 tria
2006 784 2238 854 capitula
2268 785 2630 851 vindicantes,
2669 787 2791 842 ideo
2821 789 3127 844 vocavimus
3155 807 3251 847 vos
3272 793 3338 849 ad
3367 809 3453 850 re-

1873 878 2012 944 giam
2057 877 2262 941 urbem,
2315 878 2594 931 hortantes
2639 880 2998 933 communiter
3044 884 3449 948 convenientes,

1874 980 2032 1034 quam
2084 966 2295 1019 habetis
2336 981 2432 1034 pro
2482 966 2564 1020 his
2617 969 2967 1033 voluntatem,
3010 971 3201 1026 iterum
3234 974 3457 1029 manife-

1874 1063 2037 1109 stare.
2068 1055 2260 1121 Vigilio
2282 1056 2424 1109 enim
2453 1064 2493 1091 ω
2523 1055 2927 1124 religiosissime
2955 1075 3105 1129 papae
3134 1062 3457 1131 antiquioris

1879 1141 2063 1195 Romae
2089 1158 2211 1196 cum
2243 1144 2572 1212 pervenisset
2602 1146 2667 1198 ad
2696 1146 2831 1201 hanc
2860 1149 3060 1216 regiam
3089 1150 3361 1205 civitatem
3394 1163 3451 1218 τ’,

1879 1231 1946 1285 de
1978 1232 2145 1286 tribus
2173 1234 2421 1302 capitulis
2458 1233 2725 1289 subtiliter
2752 1237 2929 1290 omnia
2977 1237 3451 1307 manifestavimus,

1878 1329 1934 1375 et
1956 1321 2402 1390 interrogavimus
2430 1337 2550 1377 eum
2579 1324 2704 1392 quid
2729 1326 2868 1394 sapit
2905 1326 2972 1380 de
3010 1328 3113 1383 hoc
3141 1327 3265 1401 [hac
3294 1346 3454 1385 causa

1875 1411 2034 1483 sapit]
2067 1431 2080 1465 :
2114 1424 2168 1467 et
2192 1414 2306 1483 ipse
2338 1429 2443 1469 non
2472 1415 2659 1481 semel,
2695 1432 2794 1472 nec
2821 1417 2922 1485 bis,
2953 1419 3047 1474 sed
3075 1420 3237 1474 etiam
3264 1423 3460 1491 szepins

1878 1501 1930 1555 in
1977 1502 2191 1572 scriptis
2235 1512 2260 1540 ο
2304 1504 2780 1559 anathematizavit
2834 1507 2995 1577 impia
3046 1509 3145 1563 tria
3199 1512 3454 1581 capitula.

1876 1589 2029 1657 Quod
2069 1589 2196 1647 vero
2250 1594 2486 1662 ejusdem
2544 1595 2833 1653 voluntatis
2860 1613 3073 1668 semper
3102 1599 3200 1655 fuit
3224 1601 3291 1656 de
3329 1619 3460 1658 cou—

1876 1683 2215 1740 demnatione
2271 1688 2427 1741 trium
2491 1691 2891 1757 capitulorum,
2957 1700 3013 1746 et
3070 1708 3167 1762 per
3228 1695 3454 1764 plurima

1876 1776 1979 1830 alia
2043 1777 2364 1846 declaravit,
2422 1790 2477 1835 et
2531 1797 2629 1851 rer
2687 1783 3192 1839 condemnationem
3253 1784 3458 1840 Rustici

1875 1878 1927 1921 et
1982 1867 2280 1924 Sebastiani
2361 1872 2646 1941 aliquando
2724 1874 3074 1930 diaconorum
3141 1877 3459 1946 antiquioris

1877 1979 1890 2009 ¹
1918 1979 2077 2027 llom:e
2099 2017 2112 2039 ,
2137 1984 2274 2041 «ujns
2311 1988 2455 2031 etiam
2476 1985 2633 2033 chiro-

1874 2044 2052 2099 grapha
2080 2046 2203 2100 apud
2235 2057 2319 2088 nos
2343 2059 2632 2092 rulisrrvau-

1876 2108 1926 2167 tu
1946 2118 1971 2167 ’τ
2003 2101 2057 2148 Et
2084 2105 2476 2167 posthaec-feeit
2508 2109 2633 2167 quod

1873 2162 2054 2227 dii-itur
2118 2162 2287 2211 Judica
2313 2178 2390 2227 um
2438 2180 2450 2211 :
2486 2162 2634 2227 quod

1874 2223 2097 2286 omnibus
2112 2226 2442 2286 sacerdotibus
2452 2226 2514 2272 ah
2526 2223 2637 2286 ipso

1876 2283 2059 2331 editum
2106 2285 2409 2333 manifesum
2462 2283 2636 2334 factum

1877 2352 1977 2400 est,
2004 2353 2061 2407 et,
2080 2350 2259 2405 pariter
2295 2359 2339 2392 .n
2380 2360 2439 2394 eo
2466 2349 2635 2407 praedi-

1874 2411 1979 2451 cala
2002 2406 2187 2468 lFurle,
2223 2425 2237 2458 ιΔ
2254 2406 2473 2468 τωιιίοιςι]
2495 2410 2572 2468 ἰηιι
2593 2409 2637 2455 ia

1873 2466 2079 2523 Capitula
2104 2466 2521 2516 an:~themati7atit
2565 2466 2641 2516 ins

1877 2528 2045 2590 verbis
2069 2541 2082 2575 :
2104 2529 2159 2575 Ει
2179 2527 2402 2590 quoniam
2435 2528 2509 2579 his
2533 2540 2639 2590 vero

1878 2585 1950 2648 bjs
1992 2600 2100 2648 qua:
2152 2585 2284 2637 nobis
2337 2591 2399 2638 de
2454 2587 2643 2638 nmm'ne

1884 2643 2122 2698 Theodori
2159 2649 2475 2710 Mapsuestem'
2515 2649 2640 2699 acri-

1876 2715 1957 2769 pla
1979 2719 2197 2769 porrecta
2215 2719 2341 2768 sunt,
2361 2710 2512 2760 multa
2530 2724 2639 2761 con-

1878 2768 2034 2818 traria
2043 2777 2189 2832 recta:
2205 2770 2319 2830 ﬁdei
2331 2774 2542 2832 relegunt
2577 2787 2603 2821 r
2619 2783 2639 2823 :

1877 2840 1964 2878 nos
2001 2831 2176 2895 monita
2212 2831 2367 2895 Ponti
2396 2831 2641 2895 sequentes

1875 2891 2074 2955 apostoli
2089 2892 2316 2952 docentis,
2339 2891 2510 2943 Omnia
2529 2908 2641 2955 pru-

1881 2952 2021 3014 bate,
2047 2955 2175 3014 quod
2208 2955 2384 3003 bonum
2410 2962 2486 3005 est
2520 2952 2640 3003 reti-

1880 3020 1997 3061 nete
2007 3013 2030 3060 ':
2050 3013 2251 3076 ideoque
2264 3014 2583 3065 anathemati:
2599 3031 2640 3061 :-

1878 3085 1986 3138 rnus
2038 3074 2339 3138 Theodorum
2359 3114 2373 3137 ,
2420 3077 2503 3138 qui
2546 3076 2635 3135 fuit

207 3147 251 3184 τ.
274 3130 425 3200 lalyl
456 3140 512 3184 ct
532 3132 741 3198 iudicat
769 3140 833 3197 ις
864 3131 1050 3187 eadem
1094 3132 1256 3203 impia
1283 3134 1528 3202 epistola,
1560 3133 1774 3190 festina-

1884 3133 2193 3211 MOps'ncslt'a’.
2225 3130 2491 3208 episcopus,
2514 3130 2639 3211 funt

207 3229 394 3274 verunt
444 3221 949 3277 condemnationem
987 3222 1017 3260 ¹ι
1063 3223 1323 3289 liberare,
1376 3225 1613 3280 dicentes
1656 3241 1776 3280 eam

205 3322 508 3381 susceptam
535 3327 655 3368 esse
682 3328 712 3367 a
736 3323 920 3369 sancta
948 3313 1371 3371 Chalcedonensi
1410 3316 1634 3388 synodo.
1664 3317 1779 3372 Hoc

205 3410 382 3457 autem
410 3403 598 3458 dicunt
623 3419 731 3458 non
761 3418 861 3473 pro
884 3404 1194 3460 defensione
1221 3414 1420 3461 sanctae
1447 3407 1655 3477 synodi,
1684 3407 1777 3461 sed

207 3497 423 3548 noniine
461 3494 602 3561 ejus.
629 3496 767 3548 sicut
795 3502 1005 3564 putant,
1048 3509 1199 3549 suam
1229 3496 1559 3565 impietatem
1585 3495 1781 3551 conﬁr—

207 3597 351 3636 mare
377 3580 717 3637 festinantes.
751 3581 967 3637 Certum
997 3591 1176 3637 autem
1204 3592 1307 3650 est,
1337 3585 1481 3654 quod
1511 3584 1670 3655 impia
1701 3586 1781 3638 in-

208 3673 376 3727 teutio
396 3681 483 3726 est
511 3673 610 3725 ista
638 3671 1047 3739 vindicantium,
1076 3683 1134 3727 ut
1171 3675 1217 3728 si
1249 3675 1327 3730 eis
1358 3676 1597 3731 evenerit
1624 3716 1640 3743 ,
1671 3693 1779 3731 non

207 3764 532 3831 praedicetur
575 3763 715 3818 Deus
764 3763 995 3819 Verbum
1041 3766 1204 3820 homo
1246 3775 1463 3822 sanctus
1501 3782 1638 3832 esse,
1683 3784 1782 3825 nec

208 3864 390 3906 salicta
418 3853 654 3921 gloriosa
694 3853 857 3923 Virgo
898 3854 1063 3909 Maria
1100 3855 1116 3893 ί
1153 3855 1245 3911 Dei
1270 3858 1500 3926 genitrix
1529 3859 1783 3928 pradice-

211 3950 314 3997 tur.
344 3942 470 3999 [lac
512 3944 657 3999 enim
687 3944 1002 4003 Theodorus
1024 3955 1080 4002 et
1107 3946 1383 4004 Nestorius
1419 3949 1472 4004 in
1511 3950 1622 4007 suis
1653 3965 1783 4005 con-

212 4031 420 4100 scriptis
465 4033 632 4102 impie
670 4045 1053 4104 exposuerunt,
1098 4045 1153 4091 et
1193 4038 1284 4107 qui
1328 4039 1606 4110 epistolam
1651 4040 1783 4097 scri-

211 4122 331 4188 psit,
352 4123 407 4176 in
430 4137 494 4177 ea
519 4123 857 4193 blasphemat
881 4126 927 4179 ἱ.
950 4126 1059 4182 Nos
1084 4128 1244 4197 igitur
1261 4140 1544 4199 sequentes
1568 4140 1783 4187 sanctos

211 4211 488 4281 Patres,et
517 4215 759 4273 volentes
786 4224 987 4273 rectam
1016 4218 1174 4273 ﬁdem
1203 4220 1319 4276 sine
1334 4220 1562 4290 quadam
1576 4221 1780 4294 [Forte,

215 4306 414 4379 aliqua]
443 4309 647 4363 macula
677 4310 731 4364 in
762 4310 857 4365 Dei
883 4311 1124 4367 ecclesiis
1146 4313 1422 4382 prtedicari
1447 4312 1494 4379 κ,
1518 4323 1573 4370 et
1592 4316 1784 4386 impio-

215 4410 331 4449 rum
357 4405 612 4451 conatum
639 4413 904 4463 resecare,
936 4399 1163 4469 primum
1190 4401 1404 4469 quidem
1431 4410 1487 4457 et
1514 4404 1566 4458 in
1594 4405 1786 4461 vestris

215 4498 313 4539 vos
340 4484 601 4554 degentes
627 4486 870 4542 ecclesiis
897 4487 1339 4558 iuterrogavimus
1366 4490 1435 4547 de
1459 4493 1727 4562 prredictis
1761 4491 1779 4532 ι
1813 4520 1860 4579 υ

217 4575 391 4646 impiis
417 4577 586 4632 tribus
613 4577 887 4647 capitulis,
926 4588 982 4634 et
1006 4588 1239 4636 vestram
1272 4582 1428 4637 nobis
1451 4584 1782 4641 voluntatem

218 4669 551 4727 mnifestam
579 4668 799 4736 fecistis,
828 4685 928 4742 pro
954 4686 1059 4743 qua
1086 4680 1141 4728 et
1161 4674 1625 4746 comprobavimus
1653 4692 1751 4734 vos
1768 4718 1786 4747 ,

291 4849 317 4877 ⁸
345 4837 541 4907 Paris.,
568 4840 762 4896 sanctis
792 4841 931 4895 aliis.

291 4908 321 4946 δ
350 4908 638 4979 Bellone,
670 4919 719 4964 et
747 4912 1059 4979 composita;
1084 4920 1139 4966 et
1164 4928 1310 4977 mox,
1341 4924 1642 4970 consonent.

292 4988 320 5017 σ
350 4977 545 5055 Vocem
567 4983 643 5033 sic
663 4977 875 5035 veteres
899 4980 1019 5035 libri
1040 4997 1146 5037 nou
1171 4992 1483 5051 agnoscunt,
1507 5000 1679 5055 neque
1700 5001 1793 5042 ve-

218 5059 367 5117 teres
388 5049 676 5105 editiones.
1211 5049 1226 5051 “
1376 5106 1391 5117 ,

285 5118 313 5155 ⁴
348 5116 676 5183 legendum,
703 5117 759 5172 in
798 5122 992 5176 sanctis
1019 5119 1119 5175 Dei
1140 5118 1412 5178 Eccleriis.
1438 5121 1687 5179 ﬂendum
1709 5132 1792 5179 est

218 5185 660 5310 maphicum
684 5188 934 5245 editionis
955 5188 1251 5247 Labbeana:
1271 5208 1291 5247 :
1313 5192 1400 5249 hic
1426 5202 1509 5250 est
1535 5194 1790 5249 emenda-

290 5297 579 5381 ;"Veteres
602 5323 741 5392 libri,
769 5336 822 5383 et
838 5328 998 5383 alium
1027 5329 1304 5385 Christum.

296 5396 319 5480 ξ
352 5394 652 5480 aesone
679 5397 895 5480 ετιεαρετ.
909 5414 1003 5480 ρετ
1027 5399 1348 5456 sceleratam-

293 5474 320 5512 ι
352 5463 571 5520 Veteres
596 5464 737 5528 libri,
760 5463 1002 5522 vindieat.

294 5534 325 5571 ιι
362 5533 650 5603 Bellone,
682 5537 1126 5593 condemnatioue.
1158 5535 1349 5600 Paris..
1379 5556 1438 5595 ,α
1487 5541 1794 5597 condemna-

223 5605 364 5659 ιίοιιε
382 5620 467 5658 eoa
492 5604 732 5659 liberare.

306 5674 320 5710 ί
349 5672 669 5742 legendum.
702 5675 930 5746 gloriosa
953 5692 1151 5747 semper
1171 5679 1331 5750 virgo.
1348 5679 1455 5737 Ista
1479 5681 1792 5740 exciderunt

1880 3194 2093 3261 omnibus
2117 3195 2216 3261 suis
2240 3194 2396 3261 impiis
2426 3194 2638 3261 scriptis,

1879 3262 1923 3326 et
1964 3255 2333 3326 quiJvindiemrt
2355 3272 2478 3326 cuin.
2506 3255 2583 3309 Ᾰιι
2600 3255 2639 3326 ._-'-

1879 3315 2233 3382 llregnatizainus
2253 3326 2299 3369 et
2317 3320 2514 3382 impiam
2536 3320 2639 3381 epi-

1876 3390 1902 3426 s
1919 3375 2046 3428 olom
2068 3393 2176 3442 qua:
2195 3384 2260 3429 ad
2298 3375 2474 3430 Marini
2515 3375 2642 3432 Per-

1879 3451 1982 3508 sum
2002 3449 2183 3499 scripta
2204 3453 2306 3492 esse
2340 3443 2399 3491 ab
2436 3444 2528 3492 Iba
2548 3443 2642 3508 _di—

1879 3505 2003 3549 citur
2024 3539 2038 3559 ,
2082 3509 2307 3562 (ntiquom
2348 3505 2641 3554 contrariam

1879 3570 2025 3610 recite
2049 3559 2421 3625 Christianorum
2436 3562 2576 3625 fidei,
2595 3571 2640 3625 et

1880 3633 2042 3671 omnes
2065 3622 2147 3685 qui
2168 3622 2543 3685 communicant.
2563 3622 2642 3685 ι-ει

1879 3688 2061 3752 rectam
2078 3683 2195 3732 esse
2230 3683 2405 3752 dic-mit.
2431 3684 2640 3752 Argithe-

1879 3746 2159 3805 rnalizoums
2181 3752 2226 3795 et
2266 3746 2446 3805 scripta
2489 3747 2643 3796 Theo-

1880 3801 2034 3864 doreti
2055 3840 2069 3864 ,
2110 3816 2218 3862 ante
2258 3801 2422 3855 contra
2460 3814 2642 3856 rectam

1879 3862 2031 3927 ﬁdem
2057 3862 2109 3927 et
2140 3867 2396 3927 duodecim
2433 3868 2643 3927 capitula

1880 3924 2032 3990 sancti
2055 3925 2223 3990 Cyrilﬁ
2241 3927 2418 3990 scriptu
2435 3924 2558 3980 sum.
2586 3930 2642 3979 Et

1883 3985 1989 4035 [nec
2003 3985 2208 4052 quidem
2234 3992 2281 4036 in
2301 3985 2365 4052 ea
2389 4003 2499 4052 qnze
2520 3992 2643 4040 dici-

1883 4052 1962 4094 tur
1985 4048 2265 4099 Judreotum
2298 4048 2479 4099 inserta
2511 4060 2637 4102 sunt.

1884 4106 2118 4173 Putamus
2160 4116 2322 4158 autem
2374 4112 2502 4173 quod
2550 4126 2643 4163 nec

1881 4165 1975 4234 hoc
2000 4174 2368 4234 vestramlatult
2394 4165 2644 4234 rellgiOsi-

1883 4233 2052 4291 latem.
2071 4232 2198 4291 quod
2213 4231 2460 4281 Rusticum
2482 4231 2531 4282 e't
2548 4235 2643 4284 Se-

1883 4290 2151 4357 bastianum
2174 4304 2286 4341 suos
2305 4293 2531 4343 diaconos
2547 4334 2561 4357 ,
2590 4303 2644 4346 et

1882 4350 2008 4417 alios
2027 4350 2251 4412 clericos,
2269 4357 2349 4414 qui
2368 4359 2523 4417 primo
2538 4350 2644 4417 uul-

1882 4413 1995 4477 an
2019 4413 2342 4475 susceperunt
2363 4413 2489 4477 Quod
2527 4413 2643 4465 fecit

1885 4469 2191 4537 Jndicatum';
2218 4477 2265 4524 in
2288 4469 2405 4537 quo',
2428 4479 2550 4527 sicut
2567 4478 2645 4527 di-

1885 4540 2016 4581 ctum
2063 4543 2177 4593 est,
2232 4539 2645 4591 anathematizavit

1886 4596 2062 4658 eadem,
2078 4598 2216 4658 impia
2233 4598 2455 4658 capitula;
2475 4609 2643 4657 postea

1887 4667 2007 4704 vero
2024 4657 2321 4707 vindicarunt
2340 4668 2390 4708 et
2405 4659 2643 4709 defende-

1888 4722 2004 4766 runt
2039 4719 2212 4767 eadem
2254 4721 2396 4781 impia
2417 4722 2642 4782 capitula,

1892 4853 1947 4909 in
1984 4854 2221 4912 editione
2251 4856 2554 4913 Labbeana.

1970 4924 1990 5008 ξ
2017 4923 2209 5008 Elaris"
2260 4927 2661 5008 eiasphemalrot.

2708 1986 2933 2059 Iterum:
2965 1990 3054 2056 qui
3084 2006 3202 2059 cum
3228 1994 3457 2059 primum

2707 2058 3065 2125 suscepissent
3088 2058 3278 2113 factum
3304 2064 3370 2115 ab
3394 2079 3461 2116 eo

2707 2125 3029 2195 Judicattun,
3049 2130 3098 2180 in
3120 2145 3226 2195 quo
3238 2133 3460 2184 anathe-

2711 2194 2985 2267 matizavit
2998 2194 3182 2250 eadem
3200 2198 3359 2267 impia
3373 2217 3462 2253 ca-

2710 2264 2897 2336 pitula,
2914 2273 3096 2336 postea
3109 2264 3462 2336 susceperunt

2709 2341 2764 2388 et
2784 2333 3135 2388 defenderunt
3154 2333 3340 2391 eorum
3369 2339 3469 2401 ἰιιιρ,

2709 2403 2987 2470 pietatem.
3017 2404 3123 2457 Sed
3153 2407 3314 2458 etiam
3360 2408 3464 2461 Va-

2711 2471 3293 2548 lentinian0_epis_copo
3330 2475 3464 2548 Sey.

2713 2540 2857 2597 tliite.
2898 2550 2953 2595 et
2998 2540 3288 2598 Aureliano
3322 2540 3460 2600 Are-

2714 2610 2832 2669 lati,
2861 2625 2979 2678 quze
3001 2620 3097 2680 est,
3110 2613 3278 2680 prima
3304 2629 3464 2670 sanc-

2715 2680 3036 2734 tissimarum
3066 2678 3249 2737 Gallia:
3278 2682 3464 2739 Eccle-

2715 2749 2937 2814 siarum,
2963 2750 3179 2819 scripsit
3200 2761 3255 2806 et
3290 2756 3461 2807 inani—

2713 2819 2924 2872 festavit
2936 2820 3002 2873 de
3017 2821 3463 2878 eondemnatione

2712 2888 2936 2943 istorqu
2981 2890 3333 2957 capitulorum
3363 2910 3376 2944 :
3407 2902 3464 2946 et

2711 2958 2966 3027 priecepit
2994 2959 3072 3013 eis
3116 2960 3245 3014 nihil
3291 2963 3461 3017 susci—

2712 3043 2839 3095 pere
2868 3028 3009 3097 quod
3034 3043 3063 3081 a
3088 3031 3459 3085 condemnatis

2707 3097 2951 3151 diaetinis
3008 3099 3261 3153 scribitur
3324 3116 3458 3156 con-

2709 3165 2927 3221 trarium
2958 3169 3214 3236 praedicto
3240 3167 3449 3225 Judica-

2709 3243 2766 3291 to
2790 3254 2804 3289 :
2829 3244 2882 3290 et
2903 3239 3280 3306 compendiose
3309 3240 3456 3295 dice-

2710 3320 2789 3368 re,
2822 3321 3036 3374 semper
3070 3308 3121 3360 in
3152 3308 3337 3363 eadem
3367 3326 3463 3364 vo-

2712 3374 2913 3429 luntate
2961 3380 3342 3444 perseveravit.
3396 3378 3463 3434 Et

2712 3444 2825 3499 hac
2846 3447 3023 3516 omnia
3045 3462 3142 3516 per
3159 3461 3312 3516 suum
3328 3456 3463 3503 tem-

2709 3527 2808 3582 pus
2857 3514 3010 3568 vobis
3048 3514 3326 3570 manifesta
3378 3518 3461 3571 fa-

2709 3581 2930 3635 ciemus.
2974 3582 3234 3648 Quoniam
3274 3602 3403 3641 vero
3434 3598 3460 3636 ρ

2708 3658 2918 3719 postea,
2955 3666 3076 3705 cum
3125 3656 3459 3720 pervenisse-

2713 3720 2798 3780 tis.
2839 3720 2976 3774 sicut
3020 3720 3220 3775 dictum
3261 3732 3362 3789 est,
3393 3725 3462 3777 οτι

2713 3789 2851 3844 hanc
2898 3791 3098 3857 regiam
3154 3791 3459 3857 civitatem,

2710 3859 2908 3928 scripta
2952 3859 3090 3914 facta
3139 3869 3262 3915 sunt
3311 3861 3461 3916 adin-

2713 3929 2884 3983 vicem
2905 3942 2935 3980 a
2956 3937 3132 3983 vestra
3155 3931 3456 3994 sanctitate,

2713 4005 2770 4053 et
2789 4012 2819 4050 a
2843 3996 3031 4066 Vigilio
3058 3999 3461 4067 religiosissumi

2712 4081 2849 4138 papa
2896 4068 3209 4136 antiquioris
3256 4069 3460 4135 Romae,

2712 4144 2772 4191 ut
2800 4151 2985 4191 omnes
3012 4153 3109 4191 vos
3151 4138 3280 4193 uniti
3330 4156 3461 4194 con-

2711 4206 2962 4277 veniatis,
2985 4216 3041 4261 et
3070 4218 3291 4277 propter
3338 4209 3462 4264 illos

2711 4276 2801 4345 qui
2829 4277 2941 4330 sive
2961 4291 3026 4330 ex
3051 4276 3368 4345 ignorantia,
3391 4281 3463 4332 si-

2713 4361 2778 4401 ve
2823 4346 3085 4415 scientia,
3135 4346 3462 4415 impietatem

2712 4414 3063 4483 capitulorum
3123 4414 3413 4469 defendunt
3438 4458 3452 4480 ,

2713 4482 3006 4552 congruum
3066 4482 3323 4552 judicium
3387 4486 3463 4541 eis

2713 4566 2835 4625 qm?
2851 4567 2880 4606 ³
2901 4553 3349 4625 sanctisquatuor
3374 4572 3463 4625 sy-

2714 4622 2869 4676 nodis
2940 4637 3038 4691 pro
3094 4622 3197 4679 ﬁde
3242 4622 3461 4680 deﬁnita

2712 4700 2858 4758 sunt,
2883 4690 3164 4761 proferatis
3190 4710 3207 4761 ;
3237 4695 3462 4750 manda-

1969 4991 1991 5068 '_‘
2020 4991 2403 5068 Vetereslibri,
2440 4999 2743 5068 prwdicare.

1973 5061 1991 5101 ι
2017 5061 2210 5138 ξενίᾳ,
2243 5061 2494 5138 interrog.
2518 5079 2566 5121 et
2594 5068 2656 5123 de
2681 5069 2960 5138 pra'dictis.

1966 5141 2006 5170 II
2026 5133 2345 5202 Conjunctio
2367 5133 2519 5193 deest
2542 5139 2593 5191 in
2623 5133 2812 5193 eodem
2834 5139 2971 5195 libro
3001 5138 3169 5194 Paris.

1969 5210 1996 5291 ξι
2026 5201 2437 5291 E’arisnpRi‘r-ma‘:
2458 5208 2676 5291 senioris
2704 5223 2819 5290 eum
2852 5209 3154 5291 adi-epioni.
3176 5223 3458 5291 pervenis-

1884 5280 1993 5347 set.
2023 5272 2086 5326 de
2108 5273 2368 5347 pra'dictis
2392 5275 2567 5347 tribus
2605 5278 2776 5346 impiis
2819 5272 3055 5347 capitulis
3074 5272 3327 5332 subtiliter
3353 5298 3466 5334 om-

1896 5342 2043 5418 nibus
2086 5344 2456 5418 manifestam,
2480 5353 2553 5418 _et
2606 5342 3026 5418 interrogarimus
3071 5362 3186 5400 eum
3228 5350 3350 5414 quid
3401 5353 3465 5406 de

1889 5409 1987 5491 Irae
2014 5409 2360 5491 couaa‘aopit;
2385 5409 2448 5467 et
2472 5414 2582 5491 ipse
2620 5433 2722 5470 non
2761 5409 3133 5491 remetiaan
3175 5409 3333 5491 neque
3362 5421 3463 5489 bis,

1890 5478 1982 5556 sed
2005 5489 2055 5556 et
2073 5478 2266 5556 Impius
2298 5483 2354 5536 in
2390 5478 2600 5556 scriptis,
2613 5500 2762 5556 quam
2790 5486 2901 5538 sine
2928 5486 3131 5555 scriptis
3158 5478 3461 5545 «momenta:

1892 5551 2069 5622 tizavit
2092 5550 2253 5622 impia
2282 5556 2383 5622 (riu
2409 5550 2654 5622 capitulo.

1963 5628 1987 5700 (ξ
2013 5618 2218 5700 Dellov.
2249 5618 2483 5700 eteditu'
2502 5624 2553 5675 in
2582 5623 2786 5700 scriptis
2806 5632 2855 5677 et
2873 5625 2987 5681 sine
3010 5630 3235 5700 scriptis.

1965 5698 1991 5738 ιι
2013 5687 2235 5746 Veteres
2261 5689 2402 5759 libri,
2433 5687 2840 5757 Quoniam'vere.

305 5783 325 5814 ⁸
352 5779 423 5837 Ex
453 5796 553 5838 ms.
579 5781 702 5837 cod.
733 5779 903 5841 Paria.
943 5783 1148 5843 Claudii
1179 5785 1298 5861 Joly
1325 5803 1445 5845 can.
1477 5798 1531 5846 et
1563 5793 1797 5850 cantoris
1823 5790 1966 5850 Eccl.
2001 5794 2168 5853 Paris.
