4006 6190
585 373 656 429 58

584 484 827 549 deposuit.
850 481 910 533 Et
923 492 1045 549 non
1060 478 1212 549 solun
1236 478 1348 539 hoc,

585 543 674 595 sed
698 547 846 594 etiam
878 545 937 593 ad
966 543 1349 591 Valentinianum

588 608 867 673 episcopum
889 604 1100 673 Scythia:
1117 640 1130 660 ,
1154 610 1208 673 et
1243 602 1348 673 _Au-

588 662 826 718 relianum
845 662 1121 727 episéoium
1141 662 1344 727 Armati,

588 740 700 794 qua
722 735 802 776 est
825 722 975 794 prima
993 724 1161 776 Galliae
1179 722 1351 794 Eccle-

589 787 789 851 siarum,
813 787 1051 846 scribens,
1070 787 1351 834 manifesta-

590 853 657 899 vit
678 850 1136 897 condemnationem
1159 858 1352 895 eorum-

588 911 703 959 dem
713 911 1048 969 capitulorum,
1067 909 1357 969 praecipiens

591 973 665 1020 eis
683 971 802 1020 nihil
823 968 1074 1031 suseipere
1088 988 1109 1016 ει
1125 968 1354 1017 condem-

594 1032 718 1081 natis
738 1033 966 1093 scriptum
989 1039 1152 1078 contra
1179 1030 1354 1093 pracdi-

591 1104 722 1141 ctum
766 1090 1076 1140 Judicatnm:
1117 1097 1169 1140 et
1210 1090 1354 1144 (Hoc

594 1161 679 1203 cst.
706 1160 759 1201 et
783 1161 833 1201 ut
858 1168 909 1201 vr
922 1158 1008 1200 rho
1027 1153 1204 1210 dicam)
1222 1163 1354 1199 com-

595 1216 829 1274 pendiOse
871 1215 1057 1271 dicere,
1083 1225 1281 1274 semper
1306 1212 1354 1260 in

595 1277 768 1323 callem
795 1275 1040 1323 voluntate
1066 1285 1355 1334 persevera-

596 1336 681 1384 vit.
728 1335 783 1385 Et
825 1336 929 1384 inec
950 1336 1107 1383 omnia
1129 1335 1357 1394 jussimns

598 1398 732 1445 vobis
754 1398 1002 1445 insinuari.
1023 1397 1253 1453 Quoniam
1273 1408 1359 1443 ve-

596 1470 652 1505 ro
669 1470 778 1505 cum
801 1467 964 1517 postea
985 1457 1182 1504 venistis
1199 1456 1256 1503 ad
1278 1467 1360 1503 re-

596 1520 725 1576 giam
747 1520 1008 1574 civitatem,
1037 1524 1211 1577 St'l'lplu
1240 1520 1360 1564 facta

596 1589 710 1627 sunt
734 1580 859 1627 inter
887 1587 1091 1627 vestam
1128 1581 1356 1625 sanctita-

597 1647 696 1688 tem
723 1648 769 1689 et
796 1639 1025 1701 Vigilinm
1045 1639 1357 1701 religiosissi-

597 1713 727 1748 mum
752 1700 916 1762 papani
940 1702 1147 1749 senioris
1173 1700 1354 1763 ιιοιιιειι,

598 1767 651 1809 ιιι
669 1775 752 1809 vos
774 1774 943 1811 omnes
959 1774 1069 1809 cont
1082 1762 1256 1809 euiatis
1278 1775 1287 1806 :
1309 1762 1360 1811 et

600 1831 802 1883 propter
827 1836 912 1871 eos
926 1824 1008 1883 qui
1034 1823 1108 1871 vel
1134 1835 1196 1870 ex
1221 1824 1358 1882 igno—

598 1886 753 1933 rantia
787 1884 864 1932 vel
902 1885 1102 1932 scientia
1138 1886 1359 1944 impieta-

597 1950 698 1993 tem
739 1944 1055 2005 capituluruin
1101 1945 1358 2004 vindicant,

596 2007 968 2054 convenientem
988 2006 1063 2053 his
1073 2023 1087 2066 Δι
1097 2018 1189 2066 lum
1208 2018 1361 2066 asan-

599 2080 640 2112 c.
654 2068 692 2112 is
710 2075 914 2128 quatuor
932 2063 1147 2116 conciliis
1163 2065 1361 2115 deﬁnita

600 2140 715 2173 sum.
759 2130 1055 2175 st-iitentiam
1110 2128 1245 2175 dare.
1302 2128 1364 2177 lit

599 2201 736 2249 nunc
782 2187 909 2236 idem
972 2189 1365 2249 religiosissimus

605 2247 823 2308 Vigilius
844 2247 1092 2297 contrarie
1115 2248 1265 2297 factus
1290 2262 1361 2298 es:

595 2322 700 2357 sum
740 2310 1012 2367 voluntatis,
1054 2310 1227 2357 nolens
1270 2323 1361 2359 una

597 2382 706 2432 cum
719 2372 940 2418 omnibus
952 2370 1218 2419 secundum
1238 2372 1363 2432 quod

624 2430 783 2481 ilacuit
822 2444 1086 2480 convenire
1113 2445 1125 2480 :
1167 2430 1267 2479 sed
1283 2446 1363 2479 so-

602 2444 675 2536 lus
698 2498 801 2536 tres
823 2496 1018 2536 natriari
1035 2493 1121 2536 has
1140 2498 1191 2536 et
1216 2491 1363 2536 alium

620 2505 675 2538 ns
698 2498 801 2540 tres
823 2496 1018 2552 patriar:
1035 2493 1121 2539 has
1140 2498 1191 2540 et
1216 2491 1363 2541 alium

601 2564 749 2614 ιιιιειιιι
804 2555 1120 2614 episcopum,
1170 2560 1220 2600 et
1272 2566 1360 2614 per

601 2611 708 2672 [Fw
724 2619 786 2671 te,
815 2621 864 2660 ut
888 2611 995 2673 per]
1018 2611 1359 2663 contradiciiu-

600 2685 711 2722 nem
731 2685 868 2721 causa
888 2681 1184 2734 moveretur,
1197 2677 1363 2723 dicens

603 2741 706 2795 tres
745 2742 928 2795 tantum
976 2736 1153 2795 episcoi
1171 2747 1227 2784 os
1272 2736 1357 2783 lia-

603 2748 706 2781 tres
747 2748 928 2782 tantum
976 2748 1227 2842 eﬁtscmos
1272 2748 1357 2783 na-

603 2794 991 2857 bere[Fcrte,se
1041 2796 1359 2857 abere],rum

600 2855 753 2903 multi
767 2857 990 2916 episcopi
1007 2857 1068 2904 ab
1091 2855 1356 2907 Occidente

598 2927 710 2964 cum
724 2915 826 2978 ipso
836 2915 1050 2965 sintLNos
1063 2918 1151 2965 hoc
1161 2920 1360 2966 audien-

599 2983 696 3038 tes,
721 2978 898 3037 saepius
925 2979 1253 3027 mandavimus
1288 2980 1355 3037 ei,

598 3048 658 3102 et
670 3053 758 3098 per
776 3049 964 3088 nostros
975 3040 1182 3102 judices,
1203 3050 1253 3088 et
1271 3053 1359 3101 per

598 3099 870 3160 aliquantos
899 3112 963 3149 ex
981 3099 1144 3157 vobis,
1167 3099 1225 3149 ιιι
1248 3099 1358 3149 cum

598 3162 824 3223 omnibus
834 3163 1077 3223 conveniri
1100 3168 1134 3221 t;
1149 3168 1201 3211 et
1213 3161 1360 3223 [For-

597 3227 660 3282 te,
688 3222 758 3282 ut]
783 3223 1026 3271 sententia
1042 3222 1186 3271 detur
1210 3222 1361 3272 rectze

599 3280 710 3331 ﬁdei
736 3280 1035 3330 conveniens
1058 3319 1071 3337 ,
1098 3282 1176 3332 vel
1216 3296 1358 3333 unus‘

597 3345 810 3404 quisque
834 3343 1101 3404 patriarcha
1136 3355 1230 3392 una
1253 3358 1362 3394 cum

597 3403 814 3469 quinque
835 3403 918 3452 aut
951 3405 1104 3469 tribus
1127 3407 1365 3469 episcopis

599 3467 918 3528 convenirent
935 3477 1043 3514 cum
1064 3468 1168 3528 ipso
1191 3473 1241 3516 et
1257 3467 1364 3528 epi-

597 3525 759 3588 scopis
795 3526 927 3588 ejus;
969 3532 1052 3575 aut
1083 3525 1130 3576 si
1155 3528 1245 3577 hoc
1268 3525 1362 3577 non

602 3584 842 3649 elegerit,
881 3584 971 3649 sed
998 3600 1086 3645 per
1123 3588 1363 3639 contradi-

599 3647 833 3695 ctionem
889 3647 1099 3699 voluerit
1169 3663 1361 3699 causam

599 3710 881 3770 exet-citari,
908 3716 961 3759 ut
975 3710 1165 3770 iudices
1184 3712 1363 3760 dentur

596 3771 865 3819 secundum
963 3772 1363 3821 consuetudinem

596 3833 909 3892 synodorum,
923 3839 974 3880 et
993 3833 1118 3880 sicut
1137 3843 1362 3882 anteces-

595 3903 740 3954 sores
782 3893 932 3954 nostri
976 3893 1229 3953 fecerunt;
1279 3895 1363 3954 qui

599 3951 786 4001 debent
812 3953 914 4001 btec
936 3965 1044 4012 qua:
1067 3954 1128 4002 ab
1148 3951 1365 4015 unaqua-

596 4023 698 4072 que
739 4019 875 4074 parte
913 4023 1163 4063 moventur
1204 4016 1365 4067 disce-

600 4080 766 4138 piare,
791 4074 1002 4138 eo_quod
1029 4088 1120 4123 non
1146 4083 1223 4125 est
1255 4089 1366 4138 pus-

600 4133 745 4182 s.bile
758 4133 954 4183 eosdem
972 4141 1022 4184 et
1032 4133 1365 4188 conzradicere

601 4200 654 4241 et
692 4195 922 4249 iudicare.
949 4196 1066 4244 Cum
1104 4206 1267 4247 autem
1303 4200 1361 4249 ad

600 4253 778 4301 nullam
793 4258 1170 4318 propositionem
1189 4257 1359 4309 voluis-

597 4322 677 4378 set
713 4319 994 4378 convenire,
1035 4322 1362 4370 mandavimus

600 4376 648 4423 ei
673 4378 799 4436 quod
822 4384 875 4427 et
897 4376 1106 4428 vestram
1131 4383 1363 4431 sanctita-

594 4442 701 4503 tem
734 4445 786 4503 et
823 4439 946 4503 alios
988 4443 1279 4503 patriarchas
1314 4446 1364 4492 in

594 4500 797 4559 scriptis
831 4501 894 4548 de
920 4500 1010 4550 hoc
1042 4504 1363 4564 interrogavi-

598 4571 738 4627 mus;
765 4567 815 4627 nt
837 4570 1062 4627 tanquam
1104 4566 1244 4627 impia
1272 4574 1361 4615 ista

596 4620 809 4676 capitula
851 4620 1188 4674 ab'omnihus
1242 4638 1359 4674 con-

596 4679 918 4748 demnentur;
943 4685 1020 4734 vel
1056 4687 1097 4734 si
1137 4689 1246 4748 quis
1270 4702 1359 4748 pu-

601 4741 781 4808 t_averit
815 4741 948 4793 recta
983 4758 1041 4808 ea
1081 4741 1222 4808 esse,
1251 4741 1359 4800 evi-

596 4800 775 4849 denter
797 4815 932 4852 suam
947 4800 1240 4857 voluntatem
1261 4824 1358 4858 ma-

597 4860 814 4914 nifestet.
832 4864 1057 4915 Alienum
1073 4870 1202 4917 enim
1222 4870 1361 4919 Chri-

594 4924 769 4985 stianis
807 4935 919 4985 est,
944 4940 1052 4976 cum
1092 4939 1226 4979 recta
1263 4930 1359 4981 ﬁde

598 4983 1178 5050 iiiipietatem‘suscipere,
1197 5000 1243 5039 et
1266 5006 1360 5041 non

598 5045 885 5096 discernere
943 5045 1075 5098 recta
1118 5045 1174 5098 a'
1202 5052 1355 5101 malis.

595 5105 737 5156 Scire
756 5111 888 5157 enim
906 5122 989 5159 vos
1007 5110 1240 5174 volumus,
1262 5122 1357 5163 etc.

2016 362 2238 426 victui
2279 372 2478 428 nam:
3773 368 3831 424 56

1421 478 1594 556 vimus
1617 477 1692 556 illi
1732 478 1895 533 etiam
1925 494 2022 550 per
2042 494 2167 533 nos-
2201 491 2246 546 Α
2277 484 2563 552 praedicata
2599 493 2742 548 sunt,
2784 494 3018 552 servant,
3058 494 3112 541 et
3146 486 3440 556 praedicant
3475 488 3528 543 in
3558 499 3729 546 sancta
3753 489 3834 547 Dei

1423 557 1534 603 tros
1552 548 1781 615 jndices,
1815 559 1869 603 et
1890 548 1986 616 per
2005 564 2171 618 quos-

1420 618 1542 673 dam
1566 632 1633 671 ex
1655 618 1829 684 vobis,
1846 629 1902 672 ut
1929 634 2031 672 una
2053 633 2172 673 eum

1422 686 1668 743 omnibus
1739 689 2073 755 conveniret,
2122 696 2179 742 et

1423 757 1782 811 communiter
1848 757 2175 825 disceptaret

1425 826 1492 880 de
1541 826 1812 895 praedictis
1864 826 2112 895 capitulis
2161 842 2174 879 :

1426 905 1487 950 ut
1539 896 1708 949 forma
1762 896 1982 949 daretur
2018 904 2181 951 recta:

1430 964 1552 1020 ﬁdei
1574 966 1901 1034 conveniens
1930 983 1943 1018 :
1967 972 2021 1019 et
2036 965 2181 1034 quod

1425 1043 1482 1088 et
1579 1033 1753 1103 ipsum
1821 1045 1877 1088 et
1948 1033 2181 1088 vestram

1425 1102 1763 1157 sanctitatem
1845 1104 1898 1157 in
1969 1104 2183 1172 scriptis

1427 1174 1871 1241 interrogavimns
1924 1172 1993 1227 de
2023 1175 2176 1254 _hoc,

1428 1252 1487 1297 ut
1552 1251 1646 1296 aut
1700 1250 1951 1311 tanquam
2019 1250 2186 1311 impia

1428 1311 1661 1380 capitula
1685 1313 1752 1365 ab
1777 1312 2025 1366 omnibus
2052 1327 2182 1367 con-

1430 1381 1833 1446 demnarentur,
1859 1388 1952 1434 aut
1992 1382 2035 1435 si
2086 1398 2185 1449 pu-

1430 1458 1511 1504 tat
1572 1461 1718 1505 recta
1792 1465 1941 1515 esse,
2003 1459 2188 1518 aperte

1430 1536 1583 1574 suam
1608 1519 1975 1574 manifestaret
2004 1520 2186 1575 volun-

1430 1598 1613 1643 tatem.
1641 1588 1888 1644 Alienum
1918 1592 2059 1644 enim
2106 1597 2190 1644 est

1430 1657 1883 1723 Christianorum,
1915 1675 2034 1713 cum
2066 1675 2186 1714 rec—

1434 1737 1485 1781 ta
1526 1727 1631 1783 ﬁde
1676 1729 1840 1799 impia
1890 1731 2183 1799 suscipere,

1433 1807 1489 1853 et
1516 1814 1623 1851 non
1654 1813 1681 1851 a
1727 1798 1882 1852 malis
1908 1798 2052 1853 recta
2074 1799 2186 1852 dis-

2280 571 2537 628 Ecclesia.
2560 572 2785 640 Quando
2808 591 2936 631 vero
2970 586 2992 615 ¢
3030 576 3266 632 bteretici
3298 593 3392 648 per
3416 579 3595 634 omnia
3617 579 3834 638 Theodo-

2279 679 2396 717 rum
2417 672 2471 718 et
2496 662 2797 719 Nestorium
2826 673 2881 720 et
2908 680 3094 722 eorum
3123 667 3448 738 impietatem
3479 670 3731 729 vindicare
3755 690 3835 729 vo-

2279 755 2469 818 lentes,
2483 756 2622 810 sicut
2646 756 2955 826 praedictum
2981 771 3084 824 est,
3104 765 3158 812 et
3178 767 3481 829 susceptam
3502 776 3618 817 esse
3635 762 3794 819 dicunt
3814 779 3836 817 a

2278 853 2467 899 sancto
2496 841 2919 901 Chalcedonensi
2944 846 3170 901 concilio
3193 847 3407 917 impiam
3438 850 3708 919 epistolam
3729 868 3836 923 qua:

2282 934 2347 988 ad
2378 933 2561 988 Marini
2592 932 2808 990 Persam
2839 935 2904 989 ab
2930 935 3019 989 lba
3046 936 3242 1006 scripta
3273 949 3391 993 esse
3416 937 3639 1006 dicitur;
3668 941 3837 997 horta-

2283 1039 2403 1077 mur
2431 1040 2523 1079 vos
2552 1024 2896 1080 considerare
2922 1040 2985 1079 ea
3015 1041 3134 1094 quae
3175 1042 3206 1081 a
3248 1025 3529 1083 Theodoro
3571 1029 3723 1101 impie
3741 1041 3839 1085 tam

2285 1113 2338 1167 in
2395 1113 2517 1168 aliis
2571 1114 2770 1183 scripta
2819 1124 3148 1184 sunt,quam
3195 1117 3247 1172 in
3275 1115 3497 1175 Judaico
3544 1121 3771 1191 symbolo
3798 1118 3843 1187 δ,

2284 1204 2427 1271 quod
2459 1213 2514 1258 et
2557 1203 2753 1273 Ephesi
2783 1213 2838 1259 et
2863 1204 3203 1261 Chalcedone
3232 1208 3517 1278 prolatum,
3550 1212 3844 1266 anathema-

2287 1295 2505 1348 tizatum
2535 1304 2617 1350 cst
2641 1296 2707 1350 ab
2736 1306 2963 1367 utraque
2984 1299 3193 1369 synodo
3216 1314 3337 1353 cum
3357 1301 3438 1355 his
3459 1302 3551 1370 qui
3572 1303 3644 1357 ita
3667 1318 3846 1373 sapue—

2284 1397 2429 1451 runt,
2459 1387 2542 1442 vel
2564 1388 2781 1457 sapiunt
2808 1397 2823 1454 ;
2870 1389 3213 1444 considerare
3239 1402 3419 1446 autem
3443 1400 3497 1447 et
3524 1408 3639 1463 qua:
3656 1393 3716 1449 de
3740 1396 3848 1466 ipso

2287 1492 2344 1537 et
2392 1484 2509 1553 ejus
2554 1485 2899 1554 Llaspbemiis
2953 1488 3126 1541 sancti
3180 1487 3364 1546 Patres
3410 1493 3848 1563 conscripserunt,

2288 1583 2341 1630 et
2369 1583 2742 1632 antecessores
2786 1577 2957 1632 nostri
2996 1580 3487 1649 promulgaverunt,
3519 1600 3618 1641 nec
3662 1603 3759 1643 non
3800 1598 3847 1644 et

2287 1681 2408 1735 quin
2437 1667 2922 1723 ecclesiasticarum
2954 1671 3297 1727 historiarum
3347 1676 3636 1745 scriptores
3677 1678 3741 1734 de
3788 1695 3851 1735 eo

2292 1767 2677 1826 exposuerunt.
2712 1757 2789 1812 Ex
2835 1759 2918 1814 his
2963 1763 3158 1816 etenim
3216 1765 3462 1820 omnibus
3515 1771 3851 1837 cognoscetis,

1432 1846 1681 1922 δέπῖίιξεῖρῖ
1716 1846 2188 1923 ῇίζξέτῖξῖιδίῆε
2223 1848 2260 1903 Β
2289 1846 2433 1914 quod
2461 1847 2634 1902 abillo
2662 1857 2903 1919 tempore
2924 1852 3309 1909 condemnatus
3330 1864 3410 1910 est
3431 1864 3537 1911 tam
3564 1858 3675 1929 ipse
3697 1875 3849 1930 quam

1432 1937 1725 2003 mandavit,
1755 1939 1898 2006 quod
1942 1938 2010 1992 de
2056 1953 2190 2006 pra:-

1433 2006 1590 2061 dictis
1612 2008 1789 2077 tribus
1817 2007 2063 2077 capitulis
2096 2022 2192 2076 per

1434 2076 1780 2145 semetipsum
1821 2077 2040 2141 iaciens,
2068 2092 2194 2146 por-

1436 2147 1572 2225 riget
1620 2146 1793 2225 nobis.
1826 2147 2192 2225 Adhortainttr

1436 2214 1597 2284 igitur
1641 2214 1806 2284 etiam
1858 2232 1953 2271 vos
1998 2218 2064 2270 de
2108 2219 2192 2271 his

1435 2283 1754 2352 disceptare.
1789 2283 1940 2340 Scire
1992 2287 2191 2340 etenim

1436 2369 1533 2408 vos
1581 2354 1857 2416 volumus,
1889 2356 2037 2424 quod
2091 2370 2192 2410 nos

1433 2436 1497 2477 ea
1519 2437 1638 2490 quae
1666 2438 1696 2476 a
1727 2425 1925 2493 sanctis
1953 2435 2188 2493 quatuor

1433 2493 1695 2559 (τοίιοίἰίιῆ
1742 2492 1985 2561 Nicmuo,
2022 2494 2192 2548 Cons-

1434 2561 1902 2629 tantinopolitano,
1972 2562 2192 2631 Ephesi-

1434 2645 1504 2682 no
1528 2631 1701 2698 primo
1733 2636 1778 2693 ’³,
1812 2640 1866 2685 ct
1892 2632 2191 2687 Chalcedo-

1434 2700 1606 2770 nensi,
1653 2699 1720 2752 de
1766 2716 1870 2755 una
1900 2701 2192 2770 eademque

1433 2764 1536 2822 ﬁde
1576 2770 1817 2837 exposita
1869 2779 1925 2824 et
1974 2764 2190 2825 deﬁnita

1430 2846 1572 2901 sunt,
1603 2847 1659 2892 et
1714 2839 1780 2893 de
1825 2841 2191 2896 ecclesiastico

1430 2914 1571 2961 statu
1595 2909 1909 2979 regulariter
1935 2910 2191 2979 disposta

1430 2992 1725 3043 servamus,
1756 2987 1812 3031 et
1832 2978 1988 3033 dcl‘cn
2022 2978 2187 3046 imus,

1431 3054 1487 3116 et
1524 3061 1586 3100 ea
1631 3049 1924 3116 sequimur,
1966 3058 2021 3104 et
2073 3065 2186 3102 om-

1432 3115 1519 3168 nia
1559 3130 1678 3184 qua:
1711 3115 2030 3173 consonant
2074 3119 2191 3174 istis

1431 3186 1750 3259 suscipimus
1804 3196 1858 3259 et
1912 3188 2187 3259 amplecti-

1431 3270 1570 3308 mur.
1594 3255 1858 3323 Quidquid
1881 3255 2060 3312 autem
2085 3275 2191 3313 non

1433 3334 1691 3379 consonat
1719 3327 1852 3390 istis,
1889 3328 1973 3382 vel
2001 3342 2032 3381 a
2060 3342 2193 3396 qua-

1434 3407 1647 3466 cunque
1684 3409 1911 3464 persona
1937 3399 2192 3466 scriptum

1433 3462 1736 3537 inveniatur
1765 3476 1950 3520 contra
1982 3462 2194 3537 ea'quze

1433 3531 1502 3586 de
1544 3547 1649 3587 una
1677 3536 1974 3605 eademque
2011 3531 2115 3591 ﬁde
2161 3551 2193 3591 a

1434 3605 1634 3674 sanctis
1668 3612 1900 3674 quatuor
1952 3607 2195 3662 conciliis

1432 3671 1519 3725 vel
1573 3671 1701 3727 uno‘
1728 3689 1804 3728 ex
1850 3675 1932 3729 his
1976 3673 2193 3731 deﬁnita

1433 3748 1578 3808 sunt,
1630 3744 1735 3797 hoc
1786 3752 2036 3812 tanquam
2064 3746 2196 3802 alie-

1433 3824 1561 3864 num
1599 3813 1818 3868 omnino
1855 3814 2067 3881 pietatis
2095 3831 2194 3871 ex-

1432 3892 1707 3953 secramur
1737 3899 1750 3935 :
1787 3884 2061 3953 sequimur
2094 3900 2193 3939 au-

1436 3953 1545 4002 tem
1578 3950 1631 4003 in
1682 3950 1929 4006 omnibus
1980 3963 2196 4013 sanctos

1438 4017 1624 4073 Patres
1643 4028 1698 4074 et
1722 4021 1971 4077 doctores
1997 4034 2196 4080 sancta:

1437 4085 1822 4159 DeiEcclesize,
1844 4090 2007 4159 idest,
2030 4093 2197 4148 Atha-

1436 4158 1662 4228 nasium,
1710 4158 1998 4228 llilarium,
2044 4162 2194 4219 Basi-

1434 4225 1587 4295 lium,
1635 4226 1949 4297 Gregorium
1983 4225 2199 4289 theolo-

1433 4309 1578 4364 gum,
1617 4306 1683 4373 et_
1705 4297 2021 4373 Gregorium
2058 4302 2196 4373 Nys-

1434 4380 1621 4435 senuiii
1670 4369 1727 4431 δ,
1832 4369 2193 4435 Ambrosium,

1438 4432 1789 4505 TheOphilum
1830 4478 1844 4502 ,
1936 4432 2196 4496 Joannem

1470 4503 2118 4578 Constantinopolitanum
2147 4552 2162 4576 ,

1433 4572 1690 4645 Cyrillum
1722 4618 1738 4643 ,

1434 4641 1748 4709 Proculum,
1806 4641 2039 4703 Leonem
2063 4691 2080 4716 ,
2134 4641 2191 4706 et

1431 4716 1612 4768 omnia
1636 4730 1754 4784 qua:
1790 4718 1857 4771 ab
1884 4717 1967 4773 his
1994 4717 2061 4773 de
2090 4717 2194 4777 ﬁde

1430 4791 1577 4837 recta
1629 4793 1685 4838 et
1753 4786 1819 4839 ad
1867 4787 2195 4843 condemna-

1431 4852 1633 4906 tionem
1663 4854 2036 4911 haereticorum
2060 4874 2191 4914 con-

1429 4924 1629 4991 scripta
1677 4932 1731 4977 et
1775 4926 2018 4992 exposito
2061 4937 2188 4982 sunt

1429 4991 1770 5064 suscipimus.
1816 4991 1874 5047 In
1922 4996 2189 5064 praedictis

1429 5058 1856 5133 igituromnibus
1876 5058 2189 5133 permanen-

1433 5136 1531 5194 tes,
1556 5130 1676 5185 illos
1704 5130 1891 5188 Patres
1920 5143 1975 5188 et
1998 5150 2181 5190 sacer—

595 5207 754 5266 dotes
779 5210 1097 5282 suscipimus
1113 5214 1203 5283 qui
1224 5229 1289 5270 ea
1310 5230 1470 5284 quaea
1482 5220 1681 5274 sanctis
1695 5230 1926 5289 quatuor
1942 5225 2183 5281 conciliis

596 5297 665 5352 de
687 5298 795 5357 ﬁde
831 5306 1074 5375 exposita
1100 5314 1248 5375 sunt,
1280 5316 1336 5362 et
1361 5323 1390 5362 a
1411 5309 1678 5378 prmdictis
1706 5315 1907 5371 sanctis
1933 5314 2179 5373 Patribus

671 5486 694 5562 ς
732 5477 850 5562 Xo;
878 5484 1045 5550 primo
1064 5486 1401 5562 desideratur
1422 5488 1474 5543 in
1500 5489 1693 5549 codice
1722 5492 2034 5554 Parisiensi.

667 5545 696 5587 δ
728 5545 897 5624 Paris.
930 5556 1205 5624 mendose,
1242 5545 1636 5615 Numusemum.

673 5630 696 5691 ις
725 5617 950 5691 _V_eteres
975 5622 1093 5677 libri
1137 5644 1150 5679 :
1185 5617 1444 5691 Quoniam
1466 5646 1602 5685 vero.

662 5687 693 5726 «Ι
723 5687 781 5742 ld
803 5695 906 5757 est,
936 5687 1498 5814 szjmbolo—Theodori.

665 5766 694 5796 ⁸
722 5756 942 5814 Veteres
986 5762 1104 5814 tbrl.
1136 5780 1169 5814 α
1197 5781 1367 5814 nmer-
1401 5777 1497 5814 tem

665 5766 694 5796 ο
722 5756 942 5815 Veteres

1004 5762 1104 5822 bri.
1136 5780 1169 5816 a
1197 5781 1367 5839 super.
1401 5777 1555 5839 temp.

668 5828 689 5868 ‘
725 5827 918 5894 Paris,
943 5839 1111 5886 autem
1154 5827 1441 5890 ros'etiom.

2292 1936 2638 2005 blasphemiae
2669 1939 2782 2007 ejus
2819 1955 2849 1993 a
2889 1943 3087 1997 sanctis
3114 1941 3379 2012 Patribus,
3410 1955 3463 2001 et
3488 1949 3630 2018 quod
3651 1960 3853 2022 propter

2293 2030 2422 2085 istas
2443 2033 2806 2102 superioribus
2830 2037 3158 2106 temporibus
3184 2048 3207 2075 ε
3236 2038 3469 2094 deletum
3495 2050 3576 2097 cst
3597 2051 3651 2097 et
3671 2059 3856 2099 nomen

2293 2123 2409 2193 ejus
2437 2140 2466 2178 a
2496 2125 2662 2181 sacris
2688 2126 2954 2198 diptychis
2976 2127 3242 2195 Ecclesiae,
3267 2130 3419 2202 cujus
3439 2133 3539 2189 fuit
3563 2135 3853 2207 cpiscopus.

2293 2213 2585 2271 Hortamur
2612 2226 2789 2273 autem
2819 2219 2978 2274 etiam
3015 2220 3031 2258 ί
3063 2220 3190 2276 illud
3217 2222 3538 2294 disceptare,
3560 2227 3703 2296 quod
3725 2244 3859 2285 vane

2292 2305 2562 2374 profertur
2590 2306 2657 2361 ab
2680 2308 2756 2363 eis
2784 2310 2875 2377 qui
2904 2308 3086 2366 dicunt
3122 2328 3230 2368 non
3274 2324 3528 2385 oportere
3557 2325 3675 2388 post
3717 2335 3858 2376 mor-

2294 2405 2401 2451 tem
2425 2399 2703 2456 haireticos
2732 2402 3171 2459 anathematizari
3204 2416 3261 2472 '5;
3286 2415 3340 2461 et
3362 2410 3513 2476 sequi
3541 2410 3593 2463 in
3619 2412 3721 2468 hoc
3738 2412 3862 2469 doc~

2295 2490 2486 2543 trinam
2514 2489 2537 2526 b
2565 2499 2871 2546 sanctorum
2901 2492 3138 2561 Patrum,
3170 2497 3260 2565 qui
3290 2514 3396 2552 non
3424 2499 3595 2555 solum
3627 2502 3861 2560 viventes

2294 2576 2574 2635 haereticos
2620 2581 3134 2649 condemnaverunt,
3164 2585 3258 2640 sed
3296 2594 3352 2641 et
3378 2596 3503 2658 post
3529 2597 3774 2656 mortem,
3808 2603 3866 2648 ut

2294 2678 2419 2738 pote
2446 2669 2496 2722 in
2519 2686 2616 2725 sua
2643 2671 2920 2740 impietate
2965 2683 3229 2744 mortuos,
3260 2678 3863 2752 anathematizaveruut,

2293 2759 2430 2813 sicut
2459 2774 2554 2815 eos
2574 2760 2665 2828 qui
2703 2762 2901 2831 injuste
2928 2767 3271 2821 condemnati
3297 2776 3456 2836 sunt,
3480 2783 3867 2829 revocaverunt

2294 2858 2414 2919 post
2462 2862 2710 2915 mortem,
2740 2860 2796 2907 et
2841 2854 2893 2907 in
2935 2856 3102 2912 sacris
3148 2857 3417 2929 diptychis
3467 2860 3794 2931 scripserunt
3849 2883 3862 2918 :

2291 2938 2435 3008 quod
2463 2939 2662 2996 factum
2684 2951 2767 3000 est
2794 2952 2849 2997 et
2871 2943 2925 2997 in
2946 2942 3173 3009 Joanne,
3203 2954 3259 3002 et
3289 2948 3341 3002 in
3361 2947 3615 3007 Flaviano
3647 2952 3863 3023 religio-

2291 3045 2364 3085 sa:
2433 3031 2706 3088 memoria:
2763 3033 3026 3105 episcopis
3091 3035 3718 3111 Constantinopolitanis.
3776 3044 3869 3102 Sic

2290 3130 2432 3186 enim
2460 3140 2638 3186 vestra
2662 3131 2677 3171 ί
2710 3136 3029 3201 reverentia,
3057 3138 3199 3206 quod
3224 3140 3456 3210 positum
3485 3151 3565 3199 est
3585 3159 3615 3199 a
3638 3144 3867 3203 Domino

2216 3213 2260 3274 C
2293 3220 2346 3275 in
2374 3220 2662 3292 Evangello
2705 3224 2771 3281 de
2812 3227 2928 3297 ipso
2963 3246 2977 3280 :
3020 3227 3169 3292 Quod
3188 3233 3276 3301 qui
3302 3234 3463 3288 credit
3503 3237 3558 3290 in
3597 3254 3734 3307 cum,
3765 3256 3871 3295 nou

2286 3314 2585 3384 judicatur;
2609 3318 2697 3388 qui
2722 3328 2891 3373 autem
2922 3336 3025 3375 non
3053 3323 3213 3376 credit
3241 3323 3294 3378 in
3313 3342 3451 3394 eum,
3466 3328 3579 3397 jam
3600 3331 3873 3399 judicatus

2292 3416 2387 3472 est,
2418 3408 2554 3477 quod
2582 3424 2683 3462 ιιοιι
2712 3410 2874 3464 credit
2919 3413 2972 3465 in
3014 3415 3219 3468 nomine
3276 3416 3537 3489 unigeniti
3587 3418 3718 3475 Filii
3774 3420 3876 3477 Dei

2295 3496 2476 3567 (Joan.
2510 3500 2608 3569 ιιι).
2641 3498 2976 3556 Manifestum
3030 3512 3208 3559 autem
3249 3513 3349 3571 est,
3373 3508 3518 3576 quod
3544 3509 3712 3583 [quod
3744 3511 3876 3581 hoc]

2295 3602 2403 3641 non
2429 3596 2631 3643 tantum
2664 3590 2677 3639 i
2709 3590 2776 3645 de
2796 3592 2949 3655 vivis,
2980 3592 3076 3648 sed
3122 3594 3281 3649 etiam
3328 3595 3398 3651 de
3445 3597 3529 3654 his
3555 3599 3759 3656 dictum
3791 3613 3879 3658 est

2296 3679 2387 3747 qui
2434 3680 2487 3733 in
2543 3695 2638 3735 sua
2685 3682 2959 3754 impietate
3009 3685 3205 3740 mortui
3259 3697 3399 3744 sunt.
3438 3688 3664 3761 Insuper
3690 3701 3879 3749 autem

2296 3769 2574 3825 hortamur
2603 3788 2697 3828 vos
2723 3773 2988 3843 inspicere
3015 3783 3071 3831 et
3097 3790 3215 3846 qua:
3252 3777 3414 3849 impie
3459 3783 3658 3851 scripta
3687 3792 3820 3839 sunt
3850 3802 3879 3838 a

2297 3857 2640 3917 Theodoreto
2667 3872 2854 3917 contra
2881 3872 3080 3919 rectam
3110 3866 3267 3921 ﬁdem
3312 3878 3368 3923 et
3400 3868 3730 3940 Ephesinam
3762 3877 3882 3944 pri-

2297 3967 2437 4006 mam
2467 3961 2706 4008 sanctam
2741 3955 3024 4026 synodum,
3054 3965 3110 4012 et
3132 3967 3322 4014 contra
3350 3968 3549 4017 sancte
3595 3966 3884 4020 memoriae

2296 4042 2575 4115 Cyrillum,
2598 4054 2654 4102 et
2678 4055 2866 4103 contra
2893 4047 3173 4105 duodecim
3221 4050 3336 4119 ejus
3389 4055 3643 4124 capitula,
3666 4063 3728 4111 et
3753 4071 3884 4127 qua:

2298 4137 2459 4205 impie
2487 4136 2628 4192 idem
2650 4137 3021 4195 Theodoretus
3049 4142 3477 4213 conscripsitpro
3500 4143 3799 4204 Theodoro
3828 4156 3885 4203 et

2297 4226 2545 4283 Nestorio
2573 4236 2628 4282 et
2656 4228 2998 4299 hlasphemiis
3045 4246 3230 4308 eccum
3284 4242 3473 4290 contra
3523 4246 3734 4295 sanctae
3762 4256 3885 4297 me-

2298 4318 2481 4373 moriae
2508 4318 2782 4390 Cyrillum.
2814 4319 3135 4379 Examinare
3162 4332 3340 4380 autem
3371 4335 3428 4382 et
3465 4327 3533 4383 de
3559 4329 3731 4400 impia
3761 4333 3888 4402 epio

2297 4410 2457 4473 stola,
2488 4425 2607 4479 quas
2633 4410 2827 4467 dicitur
2856 4414 2923 4469 ab
2949 4413 3040 4469 Iba
3083 4416 3149 4472 ad
3192 4417 3378 4473 Marim
3406 4420 3623 4477 Persam
3673 4425 3888 4497 scripta

2298 4514 2417 4556 esse
2453 4518 2467 4554 :
2502 4501 2555 4556 in
2583 4516 2688 4571 qua
2734 4503 2964 4573 scriptor
3014 4504 3131 4575 ejus
3181 4509 3409 4578 abnegat
3435 4511 3604 4567 Deum
3636 4513 3890 4571 Verbum

1814 4579 2187 4670 fatiggustinmn:
2217 4587 2270 4647 D
2294 4589 2566 4646 hominem
2608 4590 2807 4646 factum
2851 4606 2972 4648 esse
3005 4612 3018 4646 :
3048 4604 3104 4650 et
3139 4607 3379 4654 sanctam
3407 4601 3705 4670 gloriosam
3734 4621 3890 4662 sem-

2293 4702 2390 4758 per
2416 4688 2675 4757 virginem
2714 4688 2934 4747 Mariam
2967 4693 3060 4749 Dei
3085 4693 3410 4754 Ceuitricem
3438 4715 3578 4759 esse.
3600 4702 3892 4761 Condemo

2293 4787 2386 4832 nat
2415 4786 2597 4833 autem
2632 4778 2820 4835 eadem
2862 4781 3026 4852 impia
3064 4786 3291 4856 epistola
3318 4798 3373 4844 et
3402 4790 3734 4862 Ephesiuam
3767 4800 3892 4869 pri-

2292 4884 2436 4923 mam
2492 4877 2738 4925 sanctam
2793 4873 3080 4943 synodum,
3109 4885 3358 4948 tanquam
3412 4883 3528 4940 sine
3567 4885 3789 4955 judicio
3837 4899 3894 4944 et

2289 4958 2585 5026 quaestione
2614 4961 2861 5018 Nestorio
2902 4965 3296 5037 condemnato;
3346 4980 3403 5026 et
3424 4983 3625 5030 sancta:
3650 4978 3893 5047 quidem

2295 5052 2564 5107 memoria:
2613 5051 2871 5124 Cyrillum
2925 5056 3178 5114 Ecclesiae
3225 5063 3524 5134 doctorem,
3548 5064 3893 5125 hmreticum

2289 5149 2477 5208 vocat,
2502 5151 2559 5198 et
2584 5144 2745 5215 impia
2766 5147 2901 5203 dicit
2925 5149 3207 5206 duodecim
3236 5154 3352 5223 ejus
3378 5156 3610 5225 capitula
3636 5175 3653 5224 ;
3690 5159 3894 5217 Theo—

2285 5231 2476 5288 dorum
2504 5243 2681 5292 autem
2709 5250 2764 5295 et
2793 5238 3094 5297 Nestorium
3122 5251 3176 5298 et
3203 5258 3389 5300 eorum
3414 5247 3765 5320 impietatem
3790 5254 3897 5309 de-

2285 5321 2519 5381 fenditet
2538 5327 2737 5384 laudat.
2755 5329 2818 5384 Et
2837 5333 3269 5401 quoniam,sicut
3293 5335 3494 5395 dictum
3523 5350 3629 5412 est,
3661 5358 3897 5413 prmsu-

2315 5517 2321 5521 ί
2355 5512 2381 5573 β
2409 5502 2641 5573 _Veteres
2669 5506 2810 5573 libri,
2837 5510 3298 5569 mathematicam.

2352 5569 2379 5649 ξι
2407 5571 2571 5649 iidem
2594 5575 2731 5649 libri,
2754 5569 2964 5649 διμερᾳηὶ
2985 5590 3033 5635 et
3058 5584 3112 5636 in
3140 5584 3237 5638 hac
3256 5587 3510 5643 doctrina.

2358 5641 2374 5733 ξ
2386 5640 2716 5733 Δ[ιιεξιῖιιξξιιιιι
2730 5663 2758 5733 ξε
2776 5640 2903 5733 .Scit:
2923 5650 3059 5704 enim
3085 5663 3272 5733 vestra.
3305 5640 3576 5733 Error—est
3599 5669 3889 5733 typogra-

2283 5710 2475 5787 phicys
2494 5713 2747 5787 editionis
2775 5714 3091 5787 Labheanie,
3126 5722 3214 5778 hic
3242 5710 3603 5784 emendatum.

2355 5779 3019 5873 inbegeu‘dluinLquthipc
3057 5779 3159 5850 non
3190 5779 3611 5873 ςιιηιιιῄιζ-Ειῖίῖὲ
3641 5817 3899 5873 quoque

2279 5862 2434 5905 error
2459 5860 2541 5907 est
2567 5852 2817 5913 editionis
2847 5854 3164 5927 Lahbeanm,
3197 5862 3284 5919 hic
3311 5852 3600 5923 sublatum;
