  <div class='ocr_page' id='page_1' title='image "/cluster/home/n/w/nwhite01/storage/ocr_20150623/69/hvd.32044054758727/024.png"; bbox 0 0 4006 6190; ppageno 0'>
   <div class='ocr_carea' id='block_1_1' title="bbox 209 291 3436 358">
    <p class='ocr_par' dir='ltr' id='par_1_1' title="bbox 209 291 3436 358">
     <span class='ocr_line' id='line_1_1' title="bbox 209 291 3436 358; baseline -0.004 0"><span class='ocrx_word' id='word_1_1' title='bbox 209 304 265 358; x_wconf 74' lang='grc' dir='ltr'><strong>ἶῗ</strong></span> <span class='ocrx_word' id='word_1_2' title='bbox 1399 293 1753 351; x_wconf 59' lang='lat' dir='ltr'><strong>EPISTULA:</strong></span> <span class='ocrx_word' id='word_1_3' title='bbox 1794 294 1875 348; x_wconf 74' lang='lat' dir='ltr'>ET</span> <span class='ocrx_word' id='word_1_4' title='bbox 1915 291 2249 347; x_wconf 69' lang='lat' dir='ltr'><strong>DECllETA.</strong></span> <span class='ocrx_word' id='word_1_5' title='bbox 3369 295 3436 346; x_wconf 76' lang='lat'><strong>58</strong></span> 
     </span>
    </p>
   </div>
   <div class='ocr_carea' id='block_1_2' title="bbox 209 402 3437 482">
    <p class='ocr_par' dir='ltr' id='par_1_2' title="bbox 209 402 3437 482">
     <span class='ocr_line' id='line_1_2' title="bbox 209 402 3437 482; baseline -0.002 -14"><span class='ocrx_word' id='word_1_6' title='bbox 209 411 561 482; x_wconf 85' lang='lat' dir='ltr'><strong>muntquidam</strong></span> <span class='ocrx_word' id='word_1_7' title='bbox 575 406 1261 479; x_wconf 76' lang='lat' dir='ltr'><strong>dicere,etepistolamqu:c</strong></span> <span class='ocrx_word' id='word_1_8' title='bbox 1273 405 1771 478; x_wconf 73' lang='lat' dir='ltr'><strong>pncdictamimpie-</strong></span> <span class='ocrx_word' id='word_1_9' title='bbox 1803 409 1845 466; x_wconf 82' lang='grc' dir='ltr'>Α</span> <span class='ocrx_word' id='word_1_10' title='bbox 1880 404 2157 461; x_wconf 88' lang='lat' dir='ltr'><strong>riosissimi</strong></span> <span class='ocrx_word' id='word_1_11' title='bbox 2186 403 2511 460; x_wconf 87' lang='lat' dir='ltr'><strong>Childeberti</strong></span> <span class='ocrx_word' id='word_1_12' title='bbox 2540 402 2871 460; x_wconf 83' lang='lat' dir='ltr'><strong>Francorum</strong></span> <span class='ocrx_word' id='word_1_13' title='bbox 2899 418 3039 473; x_wconf 76' lang='lat' dir='ltr'><strong>regis</strong></span> <span class='ocrx_word' id='word_1_14' title='bbox 3065 403 3363 461; x_wconf 87' lang='lat' dir='ltr'><strong>Christiana</strong></span> <span class='ocrx_word' id='word_1_15' title='bbox 3382 417 3437 462; x_wconf 71' lang='lat' dir='ltr'><strong>et</strong></span> 
     </span>
    </p>
   </div>
   <div class='ocr_carea' id='block_1_3' title="bbox 209 497 1771 569">
    <p class='ocr_par' dir='ltr' id='par_1_3' title="bbox 209 497 1771 569">
     <span class='ocr_line' id='line_1_3' title="bbox 209 497 1771 569; baseline -0.007 -9"><span class='ocrx_word' id='word_1_16' title='bbox 209 513 353 560; x_wconf 74' lang='lat' dir='ltr'><strong>tatem</strong></span> <span class='ocrx_word' id='word_1_17' title='bbox 386 502 623 558; x_wconf 86' lang='lat' dir='ltr'><strong>continet</strong></span> <span class='ocrx_word' id='word_1_18' title='bbox 654 507 959 569; x_wconf 83' lang='lat' dir='ltr'><strong>susceptam</strong></span> <span class='ocrx_word' id='word_1_19' title='bbox 996 514 1117 553; x_wconf 86' lang='lat' dir='ltr'><strong>esse</strong></span> <span class='ocrx_word' id='word_1_20' title='bbox 1145 515 1174 553; x_wconf 92' lang='lat' dir='ltr'><strong>a</strong></span> <span class='ocrx_word' id='word_1_21' title='bbox 1201 497 1624 553; x_wconf 90' lang='lat' dir='ltr'><strong>Cbalccdonensi</strong></span> <span class='ocrx_word' id='word_1_22' title='bbox 1646 511 1771 549; x_wconf 90' lang='lat' dir='ltr'><strong>san-</strong></span> 
     </span>
    </p>
   </div>
   <div class='ocr_carea' id='block_1_4' title="bbox 206 587 1772 658">
    <p class='ocr_par' dir='ltr' id='par_1_4' title="bbox 206 587 1772 658">
     <span class='ocr_line' id='line_1_4' title="bbox 206 587 1772 658; baseline -0.005 -10"><span class='ocrx_word' id='word_1_23' title='bbox 206 603 283 649; x_wconf 85' lang='lat' dir='ltr'><strong>cto</strong></span> <span class='ocrx_word' id='word_1_24' title='bbox 302 608 315 621; x_wconf 75' lang='lat'>&#39;</span> <span class='ocrx_word' id='word_1_25' title='bbox 330 592 576 656; x_wconf 89' lang='lat' dir='ltr'><strong>concilio,</strong></span> <span class='ocrx_word' id='word_1_26' title='bbox 590 590 870 644; x_wconf 79' lang='lat' dir='ltr'><strong>hortamur</strong></span> <span class='ocrx_word' id='word_1_27' title='bbox 890 605 986 642; x_wconf 86' lang='lat' dir='ltr'><strong>vos</strong></span> <span class='ocrx_word' id='word_1_28' title='bbox 1007 589 1253 644; x_wconf 88' lang='lat' dir='ltr'><strong>conferre</strong></span> <span class='ocrx_word' id='word_1_29' title='bbox 1272 604 1334 644; x_wconf 85' lang='lat' dir='ltr'><strong>ea</strong></span> <span class='ocrx_word' id='word_1_30' title='bbox 1350 604 1468 658; x_wconf 77' lang='lat' dir='ltr'><strong>qua:</strong></span> <span class='ocrx_word' id='word_1_31' title='bbox 1484 587 1623 642; x_wconf 86' lang='lat' dir='ltr'><strong>dicta</strong></span> <span class='ocrx_word' id='word_1_32' title='bbox 1646 594 1772 640; x_wconf 89' lang='lat' dir='ltr'><strong>sunt</strong></span> 
     </span>
    </p>
   </div>
   <div class='ocr_carea' id='block_1_5' title="bbox 204 674 1767 747">
    <p class='ocr_par' dir='ltr' id='par_1_5' title="bbox 204 674 1767 747">
     <span class='ocr_line' id='line_1_5' title="bbox 204 674 1767 747; baseline -0.005 -10"><span class='ocrx_word' id='word_1_33' title='bbox 204 684 265 737; x_wconf 82' lang='lat' dir='ltr'><strong>ab</strong></span> <span class='ocrx_word' id='word_1_34' title='bbox 289 682 468 736; x_wconf 68' lang='lat' dir='ltr'><strong>eiulatu</strong></span> <span class='ocrx_word' id='word_1_35' title='bbox 490 688 680 736; x_wconf 86' lang='lat' dir='ltr'><strong>sancto</strong></span> <span class='ocrx_word' id='word_1_36' title='bbox 710 680 944 735; x_wconf 89' lang='lat' dir='ltr'><strong>concilio</strong></span> <span class='ocrx_word' id='word_1_37' title='bbox 974 680 1028 733; x_wconf 88' lang='lat' dir='ltr'><strong>in</strong></span> <span class='ocrx_word' id='word_1_38' title='bbox 1057 679 1373 734; x_wconf 85' lang='lat' dir='ltr'><strong>deﬁnitione</strong></span> <span class='ocrx_word' id='word_1_39' title='bbox 1402 694 1502 747; x_wconf 89' lang='lat' dir='ltr'><strong>pro</strong></span> <span class='ocrx_word' id='word_1_40' title='bbox 1534 674 1636 730; x_wconf 87' lang='lat' dir='ltr'><strong>ﬁde</strong></span> <span class='ocrx_word' id='word_1_41' title='bbox 1667 692 1767 729; x_wconf 81' lang='lat' dir='ltr'><strong>ex-</strong></span> 
     </span>
    </p>
   </div>
   <div class='ocr_carea' id='block_1_6' title="bbox 207 767 1765 843">
    <p class='ocr_par' dir='ltr' id='par_1_6' title="bbox 207 767 1765 843">
     <span class='ocr_line' id='line_1_6' title="bbox 207 767 1765 843; baseline -0.006 -16"><span class='ocrx_word' id='word_1_42' title='bbox 207 774 386 843; x_wconf 89' lang='lat' dir='ltr'><strong>posita,</strong></span> <span class='ocrx_word' id='word_1_43' title='bbox 412 787 530 827; x_wconf 89' lang='lat' dir='ltr'><strong>cum</strong></span> <span class='ocrx_word' id='word_1_44' title='bbox 559 771 640 825; x_wconf 87' lang='lat' dir='ltr'><strong>bis</strong></span> <span class='ocrx_word' id='word_1_45' title='bbox 659 786 779 839; x_wconf 77' lang='lat' dir='ltr'><strong>qua:</strong></span> <span class='ocrx_word' id='word_1_46' title='bbox 809 770 862 824; x_wconf 91' lang='lat' dir='ltr'><strong>in</strong></span> <span class='ocrx_word' id='word_1_47' title='bbox 905 770 1065 839; x_wconf 89' lang='lat' dir='ltr'><strong>impia</strong></span> <span class='ocrx_word' id='word_1_48' title='bbox 1093 768 1319 839; x_wconf 87' lang='lat' dir='ltr'><strong>epistola</strong></span> <span class='ocrx_word' id='word_1_49' title='bbox 1345 767 1371 805; x_wconf 70' lang='grc' dir='ltr'>δ</span> <span class='ocrx_word' id='word_1_50' title='bbox 1402 767 1765 829; x_wconf 91' lang='lat' dir='ltr'><strong>continentur,</strong></span> 
     </span>
    </p>
   </div>
   <div class='ocr_carea' id='block_1_7' title="bbox 205 858 1766 934">
    <p class='ocr_par' dir='ltr' id='par_1_7' title="bbox 205 858 1766 934">
     <span class='ocr_line' id='line_1_7' title="bbox 205 858 1766 934; baseline -0.007 -17"><span class='ocrx_word' id='word_1_51' title='bbox 205 875 254 918; x_wconf 86' lang='grc' dir='ltr'>ιιι</span> <span class='ocrx_word' id='word_1_52' title='bbox 278 864 503 934; x_wconf 87' lang='lat' dir='ltr'><strong>undique</strong></span> <span class='ocrx_word' id='word_1_53' title='bbox 530 871 677 917; x_wconf 87' lang='lat' dir='ltr'><strong>recta</strong></span> <span class='ocrx_word' id='word_1_54' title='bbox 708 862 924 930; x_wconf 89' lang='lat' dir='ltr'><strong>quidem</strong></span> <span class='ocrx_word' id='word_1_55' title='bbox 948 858 1351 923; x_wconf 88' lang='lat' dir='ltr'><strong>conﬁrmentur,</strong></span> <span class='ocrx_word' id='word_1_56' title='bbox 1378 859 1539 927; x_wconf 89' lang='lat' dir='ltr'><strong>impia</strong></span> <span class='ocrx_word' id='word_1_57' title='bbox 1587 865 1766 910; x_wconf 87' lang='lat' dir='ltr'><strong>autem</strong></span> 
     </span>
    </p>
   </div>
   <div class='ocr_carea' id='block_1_8' title="bbox 202 946 1769 1020">
    <p class='ocr_par' dir='ltr' id='par_1_8' title="bbox 202 946 1769 1020">
     <span class='ocr_line' id='line_1_8' title="bbox 202 946 1769 1020; baseline -0.006 -11"><span class='ocrx_word' id='word_1_58' title='bbox 202 956 629 1010; x_wconf 65' lang='lat' dir='ltr'><strong>rootlemnentur.</strong></span> <span class='ocrx_word' id='word_1_59' title='bbox 652 951 840 1005; x_wconf 77' lang='lat' dir='ltr'><strong>Omnia</strong></span> <span class='ocrx_word' id='word_1_60' title='bbox 866 949 1289 1020; x_wconf 75' lang='lat' dir='ltr'><strong>igiturpnedicta</strong></span> <span class='ocrx_word' id='word_1_61' title='bbox 1316 964 1436 1002; x_wconf 88' lang='lat' dir='ltr'><strong>cum</strong></span> <span class='ocrx_word' id='word_1_62' title='bbox 1468 946 1612 1001; x_wconf 89' lang='lat' dir='ltr'><strong>omni</strong></span> <span class='ocrx_word' id='word_1_63' title='bbox 1642 946 1769 1000; x_wconf 90' lang='lat' dir='ltr'><strong>sub-</strong></span> 
     </span>
    </p>
   </div>
   <div class='ocr_carea' id='block_1_9' title="bbox 203 1035 1768 1110">
    <p class='ocr_par' dir='ltr' id='par_1_9' title="bbox 203 1035 1768 1110">
     <span class='ocr_line' id='line_1_9' title="bbox 203 1035 1768 1110; baseline -0.006 -13"><span class='ocrx_word' id='word_1_64' title='bbox 203 1045 374 1097; x_wconf 83' lang='lat' dir='ltr'><strong>tilitate</strong></span> <span class='ocrx_word' id='word_1_65' title='bbox 394 1043 783 1110; x_wconf 83' lang='lat' dir='ltr'><strong>disceptantes,</strong></span> <span class='ocrx_word' id='word_1_66' title='bbox 805 1040 944 1095; x_wconf 85' lang='lat' dir='ltr'><strong>sicut</strong></span> <span class='ocrx_word' id='word_1_67' title='bbox 971 1038 1282 1093; x_wconf 86' lang='lat' dir='ltr'><strong>sacerdotes</strong></span> <span class='ocrx_word' id='word_1_68' title='bbox 1311 1035 1483 1100; x_wconf 83' lang='lat' dir='ltr'><strong>decet,</strong></span> <span class='ocrx_word' id='word_1_69' title='bbox 1507 1037 1559 1088; x_wconf 91' lang='lat' dir='ltr'><strong>in</strong></span> <span class='ocrx_word' id='word_1_70' title='bbox 1588 1043 1768 1088; x_wconf 91' lang='lat' dir='ltr'><strong>mente</strong></span> 
     </span>
    </p>
   </div>
   <div class='ocr_carea' id='block_1_10' title="bbox 204 1125 1764 1196">
    <p class='ocr_par' dir='ltr' id='par_1_10' title="bbox 204 1125 1764 1196">
     <span class='ocr_line' id='line_1_10' title="bbox 204 1125 1764 1196; baseline -0.006 -10"><span class='ocrx_word' id='word_1_71' title='bbox 204 1135 440 1187; x_wconf 70' lang='lat' dir='ltr'><strong>habentes</strong></span> <span class='ocrx_word' id='word_1_72' title='bbox 469 1131 565 1184; x_wconf 82' lang='lat' dir='ltr'><strong>Dei</strong></span> <span class='ocrx_word' id='word_1_73' title='bbox 597 1132 844 1183; x_wconf 83' lang='lat' dir='ltr'><strong>timorem</strong></span> <span class='ocrx_word' id='word_1_74' title='bbox 878 1139 931 1182; x_wconf 88' lang='lat' dir='ltr'><strong>et</strong></span> <span class='ocrx_word' id='word_1_75' title='bbox 971 1128 1204 1181; x_wconf 88' lang='lat' dir='ltr'><strong>futurum</strong></span> <span class='ocrx_word' id='word_1_76' title='bbox 1232 1126 1517 1196; x_wconf 74' lang='lat' dir='ltr'><strong>judicium,</strong></span> <span class='ocrx_word' id='word_1_77' title='bbox 1551 1134 1606 1179; x_wconf 91' lang='lat' dir='ltr'><strong>et</strong></span> <span class='ocrx_word' id='word_1_78' title='bbox 1634 1125 1764 1178; x_wconf 84' lang='lat' dir='ltr'><strong>nihil</strong></span> 
     </span>
    </p>
   </div>
   <div class='ocr_carea' id='block_1_11' title="bbox 204 1214 1767 1292">
    <p class='ocr_par' dir='ltr' id='par_1_11' title="bbox 204 1214 1767 1292">
     <span class='ocr_line' id='line_1_11' title="bbox 204 1214 1767 1292; baseline -0.006 -17"><span class='ocrx_word' id='word_1_79' title='bbox 204 1224 364 1292; x_wconf 81' lang='lat' dir='ltr'><strong>pietati</strong></span> <span class='ocrx_word' id='word_1_80' title='bbox 389 1232 444 1274; x_wconf 84' lang='lat' dir='ltr'><strong>et</strong></span> <span class='ocrx_word' id='word_1_81' title='bbox 475 1231 638 1274; x_wconf 67' lang='lat' dir='ltr'><strong>rectae</strong></span> <span class='ocrx_word' id='word_1_82' title='bbox 688 1219 810 1273; x_wconf 88' lang='lat' dir='ltr'><strong>ﬁdei</strong></span> <span class='ocrx_word' id='word_1_83' title='bbox 839 1229 893 1272; x_wconf 90' lang='lat' dir='ltr'><strong>et</strong></span> <span class='ocrx_word' id='word_1_84' title='bbox 918 1217 1130 1272; x_wconf 90' lang='lat' dir='ltr'><strong>veritati</strong></span> <span class='ocrx_word' id='word_1_85' title='bbox 1153 1223 1208 1271; x_wconf 91' lang='lat' dir='ltr'><strong>et</strong></span> <span class='ocrx_word' id='word_1_86' title='bbox 1246 1214 1339 1268; x_wconf 53' lang='grc' dir='ltr'><strong>θινί</strong></span> <span class='ocrx_word' id='word_1_87' title='bbox 1371 1215 1554 1282; x_wconf 70' lang='lat' dir='ltr'><strong>gloria:</strong></span> <span class='ocrx_word' id='word_1_88' title='bbox 1579 1222 1633 1267; x_wconf 90' lang='lat' dir='ltr'><strong>et</strong></span> <span class='ocrx_word' id='word_1_89' title='bbox 1672 1214 1767 1266; x_wconf 87' lang='lat' dir='ltr'><strong>bo-</strong></span> 
     </span>
    </p>
   </div>
   <div class='ocr_carea' id='block_1_12' title="bbox 207 1305 1768 1381">
    <p class='ocr_par' dir='ltr' id='par_1_12' title="bbox 207 1305 1768 1381">
     <span class='ocr_line' id='line_1_12' title="bbox 207 1305 1768 1381; baseline -0.006 -16"><span class='ocrx_word' id='word_1_90' title='bbox 207 1314 305 1365; x_wconf 75' lang='lat' dir='ltr'><strong>neri</strong></span> <span class='ocrx_word' id='word_1_91' title='bbox 342 1310 810 1381; x_wconf 51' lang='lat' dir='ltr'><strong>praeponentean</strong></span> <span class='ocrx_word' id='word_1_92' title='bbox 835 1315 1211 1362; x_wconf 81' lang='lat' dir='ltr'><strong>meutcautem</strong></span> <span class='ocrx_word' id='word_1_93' title='bbox 1250 1305 1511 1358; x_wconf 86' lang='lat' dir='ltr'><strong>habentes</strong></span> <span class='ocrx_word' id='word_1_94' title='bbox 1555 1311 1610 1357; x_wconf 91' lang='lat' dir='ltr'><strong>et</strong></span> <span class='ocrx_word' id='word_1_95' title='bbox 1638 1319 1768 1371; x_wconf 87' lang='lat' dir='ltr'><strong>apo-</strong></span> 
     </span>
    </p>
   </div>
   <div class='ocr_carea' id='block_1_13' title="bbox 207 1394 1767 1468">
    <p class='ocr_par' dir='ltr' id='par_1_13' title="bbox 207 1394 1767 1468">
     <span class='ocr_line' id='line_1_13' title="bbox 207 1394 1767 1468; baseline -0.004 -15"><span class='ocrx_word' id='word_1_96' title='bbox 207 1402 422 1456; x_wconf 78' lang='lat' dir='ltr'><strong>stolicam</strong></span> <span class='ocrx_word' id='word_1_97' title='bbox 448 1399 970 1468; x_wconf 69' lang='lat' dir='ltr'><strong>pronuntiationem,</strong></span> <span class='ocrx_word' id='word_1_98' title='bbox 994 1411 1110 1465; x_wconf 72' lang='lat' dir='ltr'><strong>quzc</strong></span> <span class='ocrx_word' id='word_1_99' title='bbox 1129 1402 1313 1449; x_wconf 87' lang='lat' dir='ltr'><strong>contra</strong></span> <span class='ocrx_word' id='word_1_100' title='bbox 1333 1409 1428 1449; x_wconf 90' lang='lat' dir='ltr'><strong>eos</strong></span> <span class='ocrx_word' id='word_1_101' title='bbox 1450 1394 1539 1462; x_wconf 87' lang='lat' dir='ltr'><strong>qui</strong></span> <span class='ocrx_word' id='word_1_102' title='bbox 1556 1405 1767 1447; x_wconf 84' lang='lat' dir='ltr'><strong>contra-</strong></span> 
     </span>
    </p>
   </div>
   <div class='ocr_carea' id='block_1_14' title="bbox 208 1483 1767 1556">
    <p class='ocr_par' dir='ltr' id='par_1_14' title="bbox 208 1483 1767 1556">
     <span class='ocr_line' id='line_1_14' title="bbox 208 1483 1767 1556; baseline -0.004 -14"><span class='ocrx_word' id='word_1_103' title='bbox 208 1491 269 1542; x_wconf 78' lang='lat' dir='ltr'><strong>ria</strong></span> <span class='ocrx_word' id='word_1_104' title='bbox 295 1498 446 1543; x_wconf 72' lang='lat' dir='ltr'><strong>recta:</strong></span> <span class='ocrx_word' id='word_1_105' title='bbox 474 1488 598 1541; x_wconf 88' lang='lat' dir='ltr'><strong>ﬁdei</strong></span> <span class='ocrx_word' id='word_1_106' title='bbox 632 1485 868 1548; x_wconf 88' lang='lat' dir='ltr'><strong>tradunt,</strong></span> <span class='ocrx_word' id='word_1_107' title='bbox 892 1486 1100 1556; x_wconf 85' lang='lat' dir='ltr'><strong>prolata</strong></span> <span class='ocrx_word' id='word_1_108' title='bbox 1124 1494 1228 1549; x_wconf 88' lang='lat' dir='ltr'><strong>est,</strong></span> <span class='ocrx_word' id='word_1_109' title='bbox 1256 1483 1537 1537; x_wconf 68' lang='lat' dir='ltr'><strong>manifeste</strong></span> <span class='ocrx_word' id='word_1_110' title='bbox 1584 1483 1767 1536; x_wconf 88' lang='lat' dir='ltr'><strong>dicen-</strong></span> 
     </span>
    </p>
   </div>
   <div class='ocr_carea' id='block_1_15' title="bbox 208 1572 1770 1643">
    <p class='ocr_par' dir='ltr' id='par_1_15' title="bbox 208 1572 1770 1643">
     <span class='ocr_line' id='line_1_15' title="bbox 208 1572 1770 1643; baseline -0.004 -13"><span class='ocrx_word' id='word_1_111' title='bbox 208 1588 328 1630; x_wconf 80' lang='lat' dir='ltr'><strong>tem:</strong></span> <span class='ocrx_word' id='word_1_112' title='bbox 353 1576 511 1641; x_wconf 78' lang='lat' dir='ltr'><strong>Quod</strong></span> <span class='ocrx_word' id='word_1_113' title='bbox 534 1579 651 1630; x_wconf 86' lang='lat' dir='ltr'><strong>licet</strong></span> <span class='ocrx_word' id='word_1_114' title='bbox 672 1594 766 1629; x_wconf 83' lang='lat' dir='ltr'><strong>nos</strong></span> <span class='ocrx_word' id='word_1_115' title='bbox 788 1576 863 1629; x_wconf 80' lang='lat' dir='ltr'><strong>vel</strong></span> <span class='ocrx_word' id='word_1_116' title='bbox 891 1576 1103 1642; x_wconf 79' lang='lat' dir='ltr'><strong>angelus</strong></span> <span class='ocrx_word' id='word_1_117' title='bbox 1127 1574 1189 1628; x_wconf 86' lang='lat' dir='ltr'><strong>de</strong></span> <span class='ocrx_word' id='word_1_118' title='bbox 1201 1576 1325 1627; x_wconf 78' lang='lat' dir='ltr'><strong>cwlo</strong></span> <span class='ocrx_word' id='word_1_119' title='bbox 1348 1572 1770 1643; x_wconf 80' lang='lat' dir='ltr'><strong>evangelizaverit</strong></span> 
     </span>
    </p>
   </div>
   <div class='ocr_carea' id='block_1_16' title="bbox 205 1662 1767 1738">
    <p class='ocr_par' dir='ltr' id='par_1_16' title="bbox 205 1662 1767 1738">
     <span class='ocr_line' id='line_1_16' title="bbox 205 1662 1767 1738; baseline -0.004 -17"><span class='ocrx_word' id='word_1_120' title='bbox 205 1670 339 1731; x_wconf 72' lang='lat' dir='ltr'><strong>rubis,</strong></span> <span class='ocrx_word' id='word_1_121' title='bbox 369 1679 562 1738; x_wconf 53' lang='lat' dir='ltr'><strong>praeter</strong></span> <span class='ocrx_word' id='word_1_122' title='bbox 583 1684 733 1738; x_wconf 84' lang='lat' dir='ltr'><strong>quam</strong></span> <span class='ocrx_word' id='word_1_123' title='bbox 748 1666 884 1737; x_wconf 87' lang='lat' dir='ltr'><strong>quod</strong></span> <span class='ocrx_word' id='word_1_124' title='bbox 903 1666 1360 1736; x_wconf 78' lang='lat' dir='ltr'><strong>euangelizavimus</strong></span> <span class='ocrx_word' id='word_1_125' title='bbox 1383 1662 1523 1718; x_wconf 74' lang='lat' dir='ltr'><strong>vobis</strong></span> <span class='ocrx_word' id='word_1_126' title='bbox 1559 1675 1602 1729; x_wconf 60' lang='grc' dir='ltr'><strong>υ,</strong></span> <span class='ocrx_word' id='word_1_127' title='bbox 1633 1681 1767 1716; x_wconf 87' lang='lat' dir='ltr'><strong>ana-</strong></span> 
     </span>
    </p>
   </div>
   <div class='ocr_carea' id='block_1_17' title="bbox 1874 496 3441 565">
    <p class='ocr_par' dir='ltr' id='par_1_17' title="bbox 1874 496 3441 565">
     <span class='ocr_line' id='line_1_17' title="bbox 1874 496 3441 565; baseline 0.001 -15"><span class='ocrx_word' id='word_1_128' title='bbox 1874 496 1986 550; x_wconf 90' lang='lat' dir='ltr'><strong>Deo</strong></span> <span class='ocrx_word' id='word_1_129' title='bbox 2026 496 2221 565; x_wconf 88' lang='lat' dir='ltr'><strong>placita</strong></span> <span class='ocrx_word' id='word_1_130' title='bbox 2269 496 2322 550; x_wconf 91' lang='lat' dir='ltr'><strong>in</strong></span> <span class='ocrx_word' id='word_1_131' title='bbox 2362 496 2692 565; x_wconf 89' lang='lat' dir='ltr'><strong>perhibendo</strong></span> <span class='ocrx_word' id='word_1_132' title='bbox 2733 496 2885 551; x_wconf 84' lang='lat' dir='ltr'><strong>vobis</strong></span> <span class='ocrx_word' id='word_1_133' title='bbox 2913 496 3222 552; x_wconf 88' lang='lat' dir='ltr'><strong>testimonio</strong></span> <span class='ocrx_word' id='word_1_134' title='bbox 3248 498 3441 553; x_wconf 84' lang='lat' dir='ltr'><strong>volun-</strong></span> 
     </span>
    </p>
   </div>
   <div class='ocr_carea' id='block_1_18' title="bbox 1872 584 3443 656">
    <p class='ocr_par' dir='ltr' id='par_1_18' title="bbox 1872 584 3443 656">
     <span class='ocr_line' id='line_1_18' title="bbox 1872 584 3443 656; baseline -0.001 -16"><span class='ocrx_word' id='word_1_135' title='bbox 1872 595 1954 640; x_wconf 85' lang='lat' dir='ltr'><strong>tas</strong></span> <span class='ocrx_word' id='word_1_136' title='bbox 1993 587 2241 641; x_wconf 82' lang='lat' dir='ltr'><strong>accessit.</strong></span> <span class='ocrx_word' id='word_1_137' title='bbox 2269 584 2609 656; x_wconf 83' lang='lat' dir='ltr'><strong>Quapropter</strong></span> <span class='ocrx_word' id='word_1_138' title='bbox 2638 586 2781 641; x_wconf 87' lang='lat' dir='ltr'><strong>vices</strong></span> <span class='ocrx_word' id='word_1_139' title='bbox 2807 595 3020 641; x_wconf 88' lang='lat' dir='ltr'><strong>nostras</strong></span> <span class='ocrx_word' id='word_1_140' title='bbox 3048 593 3238 643; x_wconf 67' lang='lat' dir='ltr'><strong>vestrae</strong></span> <span class='ocrx_word' id='word_1_141' title='bbox 3265 587 3443 642; x_wconf 82' lang='lat' dir='ltr'><strong>chari-</strong></span> 
     </span>
    </p>
   </div>
   <div class='ocr_carea' id='block_1_19' title="bbox 1871 676 3446 748">
    <p class='ocr_par' dir='ltr' id='par_1_19' title="bbox 1871 676 3446 748">
     <span class='ocr_line' id='line_1_19' title="bbox 1871 676 3446 748; baseline 0.001 -17"><span class='ocrx_word' id='word_1_142' title='bbox 1871 679 1967 732; x_wconf 88' lang='lat' dir='ltr'><strong>tati</strong></span> <span class='ocrx_word' id='word_1_143' title='bbox 2010 678 2112 731; x_wconf 87' lang='lat' dir='ltr'><strong>hac</strong></span> <span class='ocrx_word' id='word_1_144' title='bbox 2142 679 2465 732; x_wconf 87' lang='lat' dir='ltr'><strong>auctoritate</strong></span> <span class='ocrx_word' id='word_1_145' title='bbox 2503 676 2922 744; x_wconf 88' lang='lat' dir='ltr'><strong>committimus,</strong></span> <span class='ocrx_word' id='word_1_146' title='bbox 2968 685 3026 730; x_wconf 92' lang='lat' dir='ltr'><strong>ut</strong></span> <span class='ocrx_word' id='word_1_147' title='bbox 3054 678 3301 733; x_wconf 86' lang='lat' dir='ltr'><strong>universa</strong></span> <span class='ocrx_word' id='word_1_148' title='bbox 3324 693 3446 748; x_wconf 73' lang='lat' dir='ltr'><strong>qua:</strong></span> 
     </span>
    </p>
   </div>
   <div class='ocr_carea' id='block_1_20' title="bbox 1869 766 3440 825">
    <p class='ocr_par' dir='ltr' id='par_1_20' title="bbox 1869 766 3440 825">
     <span class='ocr_line' id='line_1_20' title="bbox 1869 766 3440 825; baseline 0.003 -5"><span class='ocrx_word' id='word_1_149' title='bbox 1869 766 2213 822; x_wconf 83' lang='lat' dir='ltr'><strong>decessurum</strong></span> <span class='ocrx_word' id='word_1_150' title='bbox 2261 777 2566 822; x_wconf 86' lang='lat' dir='ltr'><strong>nostrorum</strong></span> <span class='ocrx_word' id='word_1_151' title='bbox 2595 768 2679 822; x_wconf 87' lang='lat' dir='ltr'><strong>vel</strong></span> <span class='ocrx_word' id='word_1_152' title='bbox 2710 782 2978 823; x_wconf 90' lang='lat' dir='ltr'><strong>canonum</strong></span> <span class='ocrx_word' id='word_1_153' title='bbox 3006 777 3205 824; x_wconf 86' lang='lat' dir='ltr'><strong>statuta</strong></span> <span class='ocrx_word' id='word_1_154' title='bbox 3247 784 3440 825; x_wconf 80' lang='lat' dir='ltr'><strong>sanxe—</strong></span> 
     </span>
    </p>
   </div>
   <div class='ocr_carea' id='block_1_21' title="bbox 1871 857 3436 927">
    <p class='ocr_par' dir='ltr' id='par_1_21' title="bbox 1871 857 3436 927">
     <span class='ocr_line' id='line_1_21' title="bbox 1871 857 3436 927; baseline 0.003 -17"><span class='ocrx_word' id='word_1_155' title='bbox 1871 865 2018 923; x_wconf 90' lang='lat' dir='ltr'><strong>runt,</strong></span> <span class='ocrx_word' id='word_1_156' title='bbox 2046 857 2154 911; x_wconf 90' lang='lat' dir='ltr'><strong>Deo</strong></span> <span class='ocrx_word' id='word_1_157' title='bbox 2176 858 2426 927; x_wconf 84' lang='lat' dir='ltr'><strong>congruis</strong></span> <span class='ocrx_word' id='word_1_158' title='bbox 2446 857 2697 927; x_wconf 84' lang='lat' dir='ltr'><strong>operibus</strong></span> <span class='ocrx_word' id='word_1_159' title='bbox 2718 857 2960 912; x_wconf 87' lang='lat' dir='ltr'><strong>faciendo</strong></span> <span class='ocrx_word' id='word_1_160' title='bbox 2977 868 3135 926; x_wconf 83' lang='lat' dir='ltr'><strong>atque</strong></span> <span class='ocrx_word' id='word_1_161' title='bbox 3155 858 3436 923; x_wconf 75' lang='lat' dir='ltr'><strong>servando,</strong></span> 
     </span>
    </p>
   </div>
   <div class='ocr_carea' id='block_1_22' title="bbox 1870 948 3439 1018">
    <p class='ocr_par' dir='ltr' id='par_1_22' title="bbox 1870 948 3439 1018">
     <span class='ocr_line' id='line_1_22' title="bbox 1870 948 3439 1018; baseline 0.001 -18"><span class='ocrx_word' id='word_1_162' title='bbox 1870 955 1925 1001; x_wconf 89' lang='lat' dir='ltr'><strong>et</strong></span> <span class='ocrx_word' id='word_1_163' title='bbox 1953 956 2216 1012; x_wconf 82' lang='lat' dir='ltr'><strong>nostrum,</strong></span> <span class='ocrx_word' id='word_1_164' title='bbox 2250 956 2305 1002; x_wconf 85' lang='lat' dir='ltr'><strong>et</strong></span> <span class='ocrx_word' id='word_1_165' title='bbox 2332 948 2573 1017; x_wconf 76' lang='lat' dir='ltr'><strong>prmdicti</strong></span> <span class='ocrx_word' id='word_1_166' title='bbox 2601 948 2818 1016; x_wconf 81' lang='lat' dir='ltr'><strong>gloriosi</strong></span> <span class='ocrx_word' id='word_1_167' title='bbox 2846 948 2986 1015; x_wconf 83' lang='lat' dir='ltr'><strong>regis</strong></span> <span class='ocrx_word' id='word_1_168' title='bbox 3009 948 3269 1018; x_wconf 88' lang='lat' dir='ltr'><strong>judicium</strong></span> <span class='ocrx_word' id='word_1_169' title='bbox 3298 948 3439 1004; x_wconf 88' lang='lat' dir='ltr'><strong>circa</strong></span> 
     </span>
    </p>
   </div>
   <div class='ocr_carea' id='block_1_23' title="bbox 1869 1035 3437 1108">
    <p class='ocr_par' dir='ltr' id='par_1_23' title="bbox 1869 1035 3437 1108">
     <span class='ocr_line' id='line_1_23' title="bbox 1869 1035 3437 1108; baseline 0.001 -19"><span class='ocrx_word' id='word_1_170' title='bbox 1869 1035 2186 1090; x_wconf 88' lang='lat' dir='ltr'><strong>cbaritatem</strong></span> <span class='ocrx_word' id='word_1_171' title='bbox 2246 1046 2391 1090; x_wconf 87' lang='lat' dir='ltr'><strong>tuam</strong></span> <span class='ocrx_word' id='word_1_172' title='bbox 2441 1046 2646 1092; x_wconf 89' lang='lat' dir='ltr'><strong>rectum</strong></span> <span class='ocrx_word' id='word_1_173' title='bbox 2697 1035 2857 1092; x_wconf 85' lang='lat' dir='ltr'><strong>fuisse</strong></span> <span class='ocrx_word' id='word_1_174' title='bbox 2910 1040 3082 1108; x_wconf 88' lang='lat' dir='ltr'><strong>possis</strong></span> <span class='ocrx_word' id='word_1_175' title='bbox 3135 1038 3437 1094; x_wconf 88' lang='lat' dir='ltr'><strong>ostendere.</strong></span> 
     </span>
    </p>
   </div>
   <div class='ocr_carea' id='block_1_24' title="bbox 1870 1128 3437 1198">
    <p class='ocr_par' dir='ltr' id='par_1_24' title="bbox 1870 1128 3437 1198">
     <span class='ocr_line' id='line_1_24' title="bbox 1870 1128 3437 1198; baseline 0.001 -17"><span class='ocrx_word' id='word_1_176' title='bbox 1870 1128 2188 1182; x_wconf 80' lang='lat' dir='ltr'><strong>Sanctarum</strong></span> <span class='ocrx_word' id='word_1_177' title='bbox 2219 1129 2360 1183; x_wconf 87' lang='lat' dir='ltr'><strong>enim</strong></span> <span class='ocrx_word' id='word_1_178' title='bbox 2389 1128 2785 1198; x_wconf 83' lang='lat' dir='ltr'><strong>Scripturarum</strong></span> <span class='ocrx_word' id='word_1_179' title='bbox 2815 1145 2912 1184; x_wconf 92' lang='lat' dir='ltr'><strong>nos</strong></span> <span class='ocrx_word' id='word_1_180' title='bbox 2944 1130 3437 1196; x_wconf 78' lang='lat' dir='ltr'><strong>docet‘auctoritas,</strong></span> 
     </span>
    </p>
   </div>
   <div class='ocr_carea' id='block_1_25' title="bbox 1869 1216 3440 1289">
    <p class='ocr_par' dir='ltr' id='par_1_25' title="bbox 1869 1216 3440 1289">
     <span class='ocr_line' id='line_1_25' title="bbox 1869 1216 3440 1289; baseline 0.006 -21"><span class='ocrx_word' id='word_1_181' title='bbox 1869 1216 1993 1284; x_wconf 88' lang='lat' dir='ltr'><strong>quia</strong></span> <span class='ocrx_word' id='word_1_182' title='bbox 2025 1216 2267 1273; x_wconf 86' lang='lat' dir='ltr'><strong>Christus</strong></span> <span class='ocrx_word' id='word_1_183' title='bbox 2298 1216 2438 1274; x_wconf 84' lang='lat' dir='ltr'><strong>Dens</strong></span> <span class='ocrx_word' id='word_1_184' title='bbox 2461 1218 2716 1273; x_wconf 87' lang='lat' dir='ltr'><strong>Dominus</strong></span> <span class='ocrx_word' id='word_1_185' title='bbox 2738 1227 2793 1272; x_wconf 92' lang='lat' dir='ltr'><strong>et</strong></span> <span class='ocrx_word' id='word_1_186' title='bbox 2819 1218 3067 1273; x_wconf 81' lang='lat' dir='ltr'><strong>Salvator</strong></span> <span class='ocrx_word' id='word_1_187' title='bbox 3095 1228 3276 1274; x_wconf 86' lang='lat' dir='ltr'><strong>noster</strong></span> <span class='ocrx_word' id='word_1_188' title='bbox 3298 1220 3440 1289; x_wconf 85' lang='lat' dir='ltr'><strong>prius</strong></span> 
     </span>
    </p>
   </div>
   <div class='ocr_carea' id='block_1_26' title="bbox 1870 1307 3436 1376">
    <p class='ocr_par' dir='ltr' id='par_1_26' title="bbox 1870 1307 3436 1376">
     <span class='ocr_line' id='line_1_26' title="bbox 1870 1307 3436 1376; baseline 0.002 -16"><span class='ocrx_word' id='word_1_189' title='bbox 1870 1308 2116 1361; x_wconf 79' lang='lat' dir='ltr'><strong>universa</strong></span> <span class='ocrx_word' id='word_1_190' title='bbox 2146 1323 2264 1376; x_wconf 68' lang='lat' dir='ltr'><strong>qua:</strong></span> <span class='ocrx_word' id='word_1_191' title='bbox 2286 1308 2425 1363; x_wconf 90' lang='lat' dir='ltr'><strong>bona</strong></span> <span class='ocrx_word' id='word_1_192' title='bbox 2449 1317 2574 1363; x_wconf 92' lang='lat' dir='ltr'><strong>sunt</strong></span> <span class='ocrx_word' id='word_1_193' title='bbox 2599 1307 2775 1363; x_wconf 87' lang='lat' dir='ltr'><strong>facere</strong></span> <span class='ocrx_word' id='word_1_194' title='bbox 2803 1307 2990 1372; x_wconf 90' lang='lat' dir='ltr'><strong>voluit,</strong></span> <span class='ocrx_word' id='word_1_195' title='bbox 3013 1322 3172 1376; x_wconf 90' lang='lat' dir='ltr'><strong>quam</strong></span> <span class='ocrx_word' id='word_1_196' title='bbox 3201 1308 3396 1364; x_wconf 87' lang='lat' dir='ltr'><strong>docere</strong></span> <span class='ocrx_word' id='word_1_197' title='bbox 3423 1329 3436 1363; x_wconf 88' lang='lat'><strong>:</strong></span> 
     </span>
    </p>
   </div>
   <div class='ocr_carea' id='block_1_27' title="bbox 1869 1396 3441 1470">
    <p class='ocr_par' dir='ltr' id='par_1_27' title="bbox 1869 1396 3441 1470">
     <span class='ocr_line' id='line_1_27' title="bbox 1869 1396 3441 1470; baseline 0.001 -19"><span class='ocrx_word' id='word_1_198' title='bbox 1869 1398 2127 1465; x_wconf 85' lang='lat' dir='ltr'><strong>scriptum</strong></span> <span class='ocrx_word' id='word_1_199' title='bbox 2159 1406 2241 1451; x_wconf 88' lang='lat' dir='ltr'><strong>est</strong></span> <span class='ocrx_word' id='word_1_200' title='bbox 2268 1399 2408 1451; x_wconf 82' lang='lat' dir='ltr'><strong>enim</strong></span> <span class='ocrx_word' id='word_1_201' title='bbox 2450 1417 2461 1451; x_wconf 91' lang='lat'>:</span> <span class='ocrx_word' id='word_1_202' title='bbox 2509 1396 2743 1452; x_wconf 87' lang='lat' dir='ltr'><strong>Primum</strong></span> <span class='ocrx_word' id='word_1_203' title='bbox 2771 1399 2975 1469; x_wconf 78' lang='lat' dir='ltr'><strong>quidem</strong></span> <span class='ocrx_word' id='word_1_204' title='bbox 3016 1414 3297 1453; x_wconf 87' lang='lat' dir='ltr'><strong>sermonem</strong></span> <span class='ocrx_word' id='word_1_205' title='bbox 3345 1400 3441 1470; x_wconf 86' lang='lat' dir='ltr'><strong>feci</strong></span> 
     </span>
    </p>
   </div>
   <div class='ocr_carea' id='block_1_28' title="bbox 1872 1492 3441 1567">
    <p class='ocr_par' dir='ltr' id='par_1_28' title="bbox 1872 1492 3441 1567">
     <span class='ocr_line' id='line_1_28' title="bbox 1872 1492 3441 1567; baseline 0.003 -23"><span class='ocrx_word' id='word_1_206' title='bbox 1872 1493 1934 1545; x_wconf 88' lang='lat' dir='ltr'><strong>de</strong></span> <span class='ocrx_word' id='word_1_207' title='bbox 1974 1492 2226 1557; x_wconf 85' lang='lat' dir='ltr'><strong>omnibus,</strong></span> <span class='ocrx_word' id='word_1_208' title='bbox 2255 1510 2285 1547; x_wconf 95' lang='lat' dir='ltr'><strong>o</strong></span> <span class='ocrx_word' id='word_1_209' title='bbox 2329 1493 2641 1565; x_wconf 77' lang='lat' dir='ltr'><strong>Theophila,</strong></span> <span class='ocrx_word' id='word_1_210' title='bbox 2684 1512 2798 1567; x_wconf 75' lang='lat' dir='ltr'><strong>qua:</strong></span> <span class='ocrx_word' id='word_1_211' title='bbox 2826 1497 2972 1566; x_wconf 75' lang='lat' dir='ltr'><strong>cwpit</strong></span> <span class='ocrx_word' id='word_1_212' title='bbox 3007 1495 3160 1549; x_wconf 75' lang='lat' dir='ltr'><strong>Iesus</strong></span> <span class='ocrx_word' id='word_1_213' title='bbox 3191 1497 3358 1566; x_wconf 86' lang='lat' dir='ltr'><strong>facere</strong></span> <span class='ocrx_word' id='word_1_214' title='bbox 3393 1505 3441 1549; x_wconf 88' lang='lat' dir='ltr'><strong>et</strong></span> 
     </span>
    </p>
   </div>
   <div class='ocr_carea' id='block_1_29' title="bbox 1871 1586 3443 1658">
    <p class='ocr_par' dir='ltr' id='par_1_29' title="bbox 1871 1586 3443 1658">
     <span class='ocr_line' id='line_1_29' title="bbox 1871 1586 3443 1658; baseline 0.002 -21"><span class='ocrx_word' id='word_1_215' title='bbox 1871 1586 2053 1641; x_wconf 79' lang='lat' dir='ltr'><strong>docere</strong></span> <span class='ocrx_word' id='word_1_216' title='bbox 2089 1603 2247 1656; x_wconf 86' lang='lat' dir='ltr'><strong>usque</strong></span> <span class='ocrx_word' id='word_1_217' title='bbox 2287 1586 2339 1639; x_wconf 86' lang='lat' dir='ltr'><strong>in</strong></span> <span class='ocrx_word' id='word_1_218' title='bbox 2382 1587 2547 1654; x_wconf 87' lang='lat' dir='ltr'><strong>diem,</strong></span> <span class='ocrx_word' id='word_1_219' title='bbox 2596 1604 2696 1658; x_wconf 85' lang='lat' dir='ltr'><strong>qua</strong></span> <span class='ocrx_word' id='word_1_220' title='bbox 2735 1589 3039 1658; x_wconf 77' lang='lat' dir='ltr'><strong>pra’cipiens</strong></span> <span class='ocrx_word' id='word_1_221' title='bbox 3078 1588 3324 1658; x_wconf 76' lang='lat' dir='ltr'><strong>apostolis</strong></span> <span class='ocrx_word' id='word_1_222' title='bbox 3353 1604 3443 1656; x_wconf 81' lang='lat' dir='ltr'><strong>per</strong></span> 
     </span>
    </p>
   </div>
   <div class='ocr_carea' id='block_1_30' title="bbox 1874 1674 3444 1749">
    <p class='ocr_par' dir='ltr' id='par_1_30' title="bbox 1874 1674 3444 1749">
     <span class='ocr_line' id='line_1_30' title="bbox 1874 1674 3444 1749; baseline 0 -20"><span class='ocrx_word' id='word_1_223' title='bbox 1874 1674 2125 1745; x_wconf 82' lang='lat' dir='ltr'><strong>Spiritum</strong></span> <span class='ocrx_word' id='word_1_224' title='bbox 2153 1687 2389 1729; x_wconf 85' lang='lat' dir='ltr'><strong>sanctum</strong></span> <span class='ocrx_word' id='word_1_225' title='bbox 2429 1694 2553 1749; x_wconf 87' lang='lat' dir='ltr'><strong>quos</strong></span> <span class='ocrx_word' id='word_1_226' title='bbox 2581 1679 2735 1746; x_wconf 79' lang='lat' dir='ltr'><strong>elegit</strong></span> <span class='ocrx_word' id='word_1_227' title='bbox 2774 1686 3066 1748; x_wconf 75' lang='lat' dir='ltr'><strong>assumptus</strong></span> <span class='ocrx_word' id='word_1_228' title='bbox 3102 1687 3178 1732; x_wconf 89' lang='lat' dir='ltr'><strong>est</strong></span> <span class='ocrx_word' id='word_1_229' title='bbox 3216 1679 3349 1746; x_wconf 79' lang='lat' dir='ltr'><strong>(Act.</strong></span> <span class='ocrx_word' id='word_1_230' title='bbox 3381 1678 3444 1745; x_wconf 89' lang='grc' dir='ltr'><strong>ι).</strong></span> 
     </span>
    </p>
   </div>
   <div class='ocr_carea' id='block_1_31' title="bbox 203 1755 1776 1837">
    <p class='ocr_par' dir='ltr' id='par_1_31' title="bbox 203 1755 1770 1827">
     <span class='ocr_line' id='line_1_31' title="bbox 203 1755 1770 1827; baseline -0.003 -16"><span class='ocrx_word' id='word_1_231' title='bbox 203 1761 349 1812; x_wconf 72' lang='lat' dir='ltr'><strong>thema</strong></span> <span class='ocrx_word' id='word_1_232' title='bbox 374 1760 467 1812; x_wconf 90' lang='lat' dir='ltr'><strong>sit.</strong></span> <span class='ocrx_word' id='word_1_233' title='bbox 503 1759 650 1812; x_wconf 81' lang='lat' dir='ltr'><strong>Sicut</strong></span> <span class='ocrx_word' id='word_1_234' title='bbox 691 1758 1046 1827; x_wconf 73' lang='lat' dir='ltr'><strong>prrediximus.</strong></span> <span class='ocrx_word' id='word_1_235' title='bbox 1079 1768 1128 1810; x_wconf 87' lang='lat' dir='ltr'><strong>et</strong></span> <span class='ocrx_word' id='word_1_236' title='bbox 1158 1756 1307 1809; x_wconf 82' lang='lat' dir='ltr'><strong>modo</strong></span> <span class='ocrx_word' id='word_1_237' title='bbox 1330 1757 1512 1809; x_wconf 82' lang='lat' dir='ltr'><strong>iterum</strong></span> <span class='ocrx_word' id='word_1_238' title='bbox 1539 1755 1653 1807; x_wconf 83' lang='lat' dir='ltr'><strong>dico</strong></span> <span class='ocrx_word' id='word_1_239' title='bbox 1685 1755 1770 1809; x_wconf 84' lang='lat' dir='ltr'><strong>:si</strong></span> 
     </span>
    </p>
   </div>
   <div class='ocr_carea' id='block_1_32' title="bbox 1880 1755 3442 1837">
    <p class='ocr_par' dir='ltr' id='par_1_32' title="bbox 1880 1768 3442 1837">
     <span class='ocr_line' id='line_1_32' title="bbox 1880 1768 3442 1837; baseline 0.001 -16"><span class='ocrx_word' id='word_1_240' title='bbox 1880 1768 2004 1823; x_wconf 84' lang='lat' dir='ltr'><strong>Item</strong></span> <span class='ocrx_word' id='word_1_241' title='bbox 2028 1769 2153 1837; x_wconf 88' lang='lat' dir='ltr'><strong>quid</strong></span> <span class='ocrx_word' id='word_1_242' title='bbox 2188 1769 2585 1829; x_wconf 82' lang='lat' dir='ltr'><strong>commonendo</strong></span> <span class='ocrx_word' id='word_1_243' title='bbox 2608 1769 2947 1825; x_wconf 85' lang='lat' dir='ltr'><strong>Timotheum</strong></span> <span class='ocrx_word' id='word_1_244' title='bbox 2988 1769 3180 1824; x_wconf 89' lang='lat' dir='ltr'><strong>doctor</strong></span> <span class='ocrx_word' id='word_1_245' title='bbox 3206 1769 3442 1837; x_wconf 83' lang='lat' dir='ltr'><strong>gentium</strong></span> 
     </span>
    </p>
   </div>
   <div class='ocr_carea' id='block_1_33' title="bbox 207 1847 1766 1920">
    <p class='ocr_par' dir='ltr' id='par_1_33' title="bbox 207 1847 1766 1920">
     <span class='ocr_line' id='line_1_33' title="bbox 207 1847 1766 1920; baseline -0.004 -17"><span class='ocrx_word' id='word_1_246' title='bbox 207 1852 307 1920; x_wconf 56' lang='lat' dir='ltr'><strong>quis</strong></span> <span class='ocrx_word' id='word_1_247' title='bbox 353 1850 503 1903; x_wconf 82' lang='lat' dir='ltr'><strong>rubis</strong></span> <span class='ocrx_word' id='word_1_248' title='bbox 552 1849 974 1917; x_wconf 76' lang='lat' dir='ltr'><strong>erangelizarerit</strong></span> <span class='ocrx_word' id='word_1_249' title='bbox 1036 1856 1223 1917; x_wconf 77' lang='lat' dir='ltr'><strong>prwter</strong></span> <span class='ocrx_word' id='word_1_250' title='bbox 1271 1864 1424 1917; x_wconf 85' lang='lat' dir='ltr'><strong>quant</strong></span> <span class='ocrx_word' id='word_1_251' title='bbox 1478 1847 1766 1915; x_wconf 62' lang='lat' dir='ltr'><strong>accepistis,</strong></span> 
     </span>
    </p>
   </div>
   <div class='ocr_carea' id='block_1_34' title="bbox 202 1937 1769 2009">
    <p class='ocr_par' dir='ltr' id='par_1_34' title="bbox 202 1937 1769 2009">
     <span class='ocr_line' id='line_1_34' title="bbox 202 1937 1769 2009; baseline 0 -18"><span class='ocrx_word' id='word_1_252' title='bbox 202 1943 461 1993; x_wconf 73' lang='lat' dir='ltr'><strong>anathema</strong></span> <span class='ocrx_word' id='word_1_253' title='bbox 486 1941 552 1993; x_wconf 87' lang='lat' dir='ltr'><strong>sit</strong></span> <span class='ocrx_word' id='word_1_254' title='bbox 575 1938 775 2009; x_wconf 76' lang='lat' dir='ltr'><strong>(Colat.</strong></span> <span class='ocrx_word' id='word_1_255' title='bbox 808 1940 870 2008; x_wconf 82' lang='grc' dir='ltr'><strong>ι).</strong></span> <span class='ocrx_word' id='word_1_256' title='bbox 896 1937 1140 1994; x_wconf 83' lang='lat' dir='ltr'><strong>Scientes</strong></span> <span class='ocrx_word' id='word_1_257' title='bbox 1164 1948 1343 1993; x_wconf 90' lang='lat' dir='ltr'><strong>autem</strong></span> <span class='ocrx_word' id='word_1_258' title='bbox 1370 1947 1424 1992; x_wconf 91' lang='lat' dir='ltr'><strong>et</strong></span> <span class='ocrx_word' id='word_1_259' title='bbox 1467 1937 1609 1992; x_wconf 84' lang='lat' dir='ltr'><strong>Petri</strong></span> <span class='ocrx_word' id='word_1_260' title='bbox 1640 1954 1769 2008; x_wconf 86' lang='lat' dir='ltr'><strong>apo—</strong></span> 
     </span>
    </p>
   </div>
   <div class='ocr_carea' id='block_1_35' title="bbox 200 2028 1770 2098">
    <p class='ocr_par' dir='ltr' id='par_1_35' title="bbox 200 2028 1770 2098">
     <span class='ocr_line' id='line_1_35' title="bbox 200 2028 1770 2098; baseline -0.002 -15"><span class='ocrx_word' id='word_1_261' title='bbox 200 2030 310 2084; x_wconf 85' lang='lat' dir='ltr'><strong>stoli</strong></span> <span class='ocrx_word' id='word_1_262' title='bbox 353 2041 686 2098; x_wconf 71' lang='lat' dir='ltr'><strong>przcceptum</strong></span> <span class='ocrx_word' id='word_1_263' title='bbox 732 2030 999 2084; x_wconf 86' lang='lat' dir='ltr'><strong>dicentis:</strong></span> <span class='ocrx_word' id='word_1_264' title='bbox 1032 2028 1215 2082; x_wconf 80' lang='lat' dir='ltr'><strong>Parati</strong></span> <span class='ocrx_word' id='word_1_265' title='bbox 1264 2046 1462 2098; x_wconf 80' lang='lat' dir='ltr'><strong>semper</strong></span> <span class='ocrx_word' id='word_1_266' title='bbox 1503 2038 1661 2081; x_wconf 82' lang='lat' dir='ltr'><strong>estote</strong></span> <span class='ocrx_word' id='word_1_267' title='bbox 1703 2028 1770 2080; x_wconf 81' lang='lat' dir='ltr'><strong>ad</strong></span> 
     </span>
    </p>
   </div>
   <div class='ocr_carea' id='block_1_36' title="bbox 199 2118 1771 2188">
    <p class='ocr_par' dir='ltr' id='par_1_36' title="bbox 199 2118 1771 2188">
     <span class='ocr_line' id='line_1_36' title="bbox 199 2118 1771 2188; baseline 0.001 -19"><span class='ocrx_word' id='word_1_268' title='bbox 199 2120 599 2188; x_wconf 66' lang='lat' dir='ltr'><strong>satisfactionem:</strong></span> <span class='ocrx_word' id='word_1_269' title='bbox 648 2119 789 2171; x_wconf 84' lang='lat' dir='ltr'><strong>omni</strong></span> <span class='ocrx_word' id='word_1_270' title='bbox 817 2120 1004 2188; x_wconf 83' lang='lat' dir='ltr'><strong>petenti</strong></span> <span class='ocrx_word' id='word_1_271' title='bbox 1043 2136 1130 2172; x_wconf 81' lang='lat' dir='ltr'><strong>ros</strong></span> <span class='ocrx_word' id='word_1_272' title='bbox 1178 2118 1430 2171; x_wconf 82' lang='lat' dir='ltr'><strong>rationem</strong></span> <span class='ocrx_word' id='word_1_273' title='bbox 1460 2119 1521 2171; x_wconf 80' lang='lat' dir='ltr'><strong>de</strong></span> <span class='ocrx_word' id='word_1_274' title='bbox 1542 2134 1628 2186; x_wconf 85' lang='lat' dir='ltr'><strong>spe</strong></span> <span class='ocrx_word' id='word_1_275' title='bbox 1659 2134 1771 2187; x_wconf 78' lang='lat' dir='ltr'><strong>qua:</strong></span> 
     </span>
    </p>
   </div>
   <div class='ocr_carea' id='block_1_37' title="bbox 199 2206 1771 2277">
    <p class='ocr_par' dir='ltr' id='par_1_37' title="bbox 199 2206 1771 2277">
     <span class='ocr_line' id='line_1_37' title="bbox 199 2206 1771 2277; baseline 0.002 -18"><span class='ocrx_word' id='word_1_276' title='bbox 199 2207 245 2259; x_wconf 76' lang='lat' dir='ltr'><strong>in</strong></span> <span class='ocrx_word' id='word_1_277' title='bbox 262 2207 394 2261; x_wconf 74' lang='lat' dir='ltr'><strong>rubis</strong></span> <span class='ocrx_word' id='word_1_278' title='bbox 407 2217 493 2261; x_wconf 80' lang='lat' dir='ltr'><strong>est</strong></span> <span class='ocrx_word' id='word_1_279' title='bbox 514 2206 568 2269; x_wconf 79' lang='lat' dir='ltr'><strong>(l</strong></span> <span class='ocrx_word' id='word_1_280' title='bbox 596 2209 737 2262; x_wconf 80' lang='lat' dir='ltr'><strong>Petr.</strong></span> <span class='ocrx_word' id='word_1_281' title='bbox 753 2209 857 2276; x_wconf 85' lang='lat' dir='ltr'><strong>Ill);</strong></span> <span class='ocrx_word' id='word_1_282' title='bbox 882 2208 1135 2263; x_wconf 84' lang='lat' dir='ltr'><strong>celeriter</strong></span> <span class='ocrx_word' id='word_1_283' title='bbox 1147 2208 1213 2263; x_wconf 90' lang='lat' dir='ltr'><strong>de</strong></span> <span class='ocrx_word' id='word_1_284' title='bbox 1236 2208 1316 2263; x_wconf 90' lang='lat' dir='ltr'><strong>his</strong></span> <span class='ocrx_word' id='word_1_285' title='bbox 1333 2224 1449 2277; x_wconf 70' lang='lat' dir='ltr'><strong>qua:</strong></span> <span class='ocrx_word' id='word_1_286' title='bbox 1471 2209 1771 2277; x_wconf 84' lang='lat' dir='ltr'><strong>interroga-</strong></span> 
     </span>
    </p>
   </div>
   <div class='ocr_carea' id='block_1_38' title="bbox 199 2300 1772 2365">
    <p class='ocr_par' dir='ltr' id='par_1_38' title="bbox 199 2300 1772 2365">
     <span class='ocr_line' id='line_1_38' title="bbox 199 2300 1772 2365; baseline 0.002 -13"><span class='ocrx_word' id='word_1_287' title='bbox 199 2302 373 2365; x_wconf 73' lang='lat' dir='ltr'><strong>viinus,</strong></span> <span class='ocrx_word' id='word_1_288' title='bbox 395 2310 637 2356; x_wconf 81' lang='lat' dir='ltr'><strong>vestram</strong></span> <span class='ocrx_word' id='word_1_289' title='bbox 694 2301 1037 2357; x_wconf 79' lang='lat' dir='ltr'><strong>manifestato</strong></span> <span class='ocrx_word' id='word_1_290' title='bbox 1086 2301 1440 2357; x_wconf 77' lang='lat' dir='ltr'><strong>voluntatem.</strong></span> <span class='ocrx_word' id='word_1_291' title='bbox 1467 2300 1598 2356; x_wconf 85' lang='lat' dir='ltr'><strong>Cum</strong></span> <span class='ocrx_word' id='word_1_292' title='bbox 1629 2301 1772 2355; x_wconf 89' lang='lat' dir='ltr'><strong>enim</strong></span> 
     </span>
    </p>
   </div>
   <div class='ocr_carea' id='block_1_39' title="bbox 199 2391 1769 2462">
    <p class='ocr_par' dir='ltr' id='par_1_39' title="bbox 199 2391 1769 2462">
     <span class='ocr_line' id='line_1_39' title="bbox 199 2391 1769 2462; baseline 0.003 -19"><span class='ocrx_word' id='word_1_293' title='bbox 199 2391 277 2458; x_wconf 87' lang='lat' dir='ltr'><strong>qui</strong></span> <span class='ocrx_word' id='word_1_294' title='bbox 303 2391 369 2446; x_wconf 86' lang='lat' dir='ltr'><strong>de</strong></span> <span class='ocrx_word' id='word_1_295' title='bbox 415 2400 571 2446; x_wconf 87' lang='lat' dir='ltr'><strong>recta</strong></span> <span class='ocrx_word' id='word_1_296' title='bbox 627 2391 732 2446; x_wconf 85' lang='lat' dir='ltr'><strong>ﬁde</strong></span> <span class='ocrx_word' id='word_1_297' title='bbox 776 2395 1160 2461; x_wconf 81' lang='lat' dir='ltr'><strong>interrogatur,</strong></span> <span class='ocrx_word' id='word_1_298' title='bbox 1188 2393 1276 2447; x_wconf 91' lang='lat' dir='ltr'><strong>diu</strong></span> <span class='ocrx_word' id='word_1_299' title='bbox 1300 2393 1604 2462; x_wconf 88' lang='lat' dir='ltr'><strong>protrahit;</strong></span> <span class='ocrx_word' id='word_1_300' title='bbox 1635 2394 1769 2447; x_wconf 88' lang='lat' dir='ltr'><strong>nihil</strong></span> 
     </span>
    </p>
   </div>
   <div class='ocr_carea' id='block_1_40' title="bbox 201 2481 1778 2553">
    <p class='ocr_par' dir='ltr' id='par_1_40' title="bbox 201 2481 1778 2553">
     <span class='ocr_line' id='line_1_40' title="bbox 201 2481 1778 2553; baseline 0.004 -21"><span class='ocrx_word' id='word_1_301' title='bbox 201 2481 322 2534; x_wconf 80' lang='lat' dir='ltr'><strong>aliud</strong></span> <span class='ocrx_word' id='word_1_302' title='bbox 361 2490 449 2536; x_wconf 86' lang='lat' dir='ltr'><strong>est</strong></span> <span class='ocrx_word' id='word_1_303' title='bbox 472 2483 575 2536; x_wconf 88' lang='lat' dir='ltr'><strong>nisi</strong></span> <span class='ocrx_word' id='word_1_304' title='bbox 617 2483 905 2553; x_wconf 83' lang='lat' dir='ltr'><strong>abnegatio</strong></span> <span class='ocrx_word' id='word_1_305' title='bbox 933 2493 1095 2540; x_wconf 77' lang='lat' dir='ltr'><strong>rectae</strong></span> <span class='ocrx_word' id='word_1_306' title='bbox 1124 2484 1497 2541; x_wconf 80' lang='lat' dir='ltr'><strong>confessionis.</strong></span> <span class='ocrx_word' id='word_1_307' title='bbox 1524 2484 1581 2538; x_wconf 85' lang='grc' dir='ltr'><strong>ιιι</strong></span> <span class='ocrx_word' id='word_1_308' title='bbox 1613 2486 1778 2539; x_wconf 51' lang='lat' dir='ltr'><strong>interc</strong></span> 
     </span>
    </p>
   </div>
   <div class='ocr_carea' id='block_1_41' title="bbox 199 2570 1771 2643">
    <p class='ocr_par' dir='ltr' id='par_1_41' title="bbox 199 2570 1771 2643">
     <span class='ocr_line' id='line_1_41' title="bbox 199 2570 1771 2643; baseline 0.006 -22"><span class='ocrx_word' id='word_1_309' title='bbox 199 2570 558 2636; x_wconf 78' lang='lat' dir='ltr'><strong>rogationibus</strong></span> <span class='ocrx_word' id='word_1_310' title='bbox 610 2571 753 2626; x_wconf 86' lang='lat' dir='ltr'><strong>enim</strong></span> <span class='ocrx_word' id='word_1_311' title='bbox 810 2580 867 2627; x_wconf 90' lang='lat' dir='ltr'><strong>et</strong></span> <span class='ocrx_word' id='word_1_312' title='bbox 920 2574 1192 2643; x_wconf 83' lang='lat' dir='ltr'><strong>responsis</strong></span> <span class='ocrx_word' id='word_1_313' title='bbox 1240 2589 1359 2643; x_wconf 64' lang='lat' dir='ltr'><strong>qua:</strong></span> <span class='ocrx_word' id='word_1_314' title='bbox 1385 2574 1453 2629; x_wconf 89' lang='lat' dir='ltr'><strong>de</strong></span> <span class='ocrx_word' id='word_1_315' title='bbox 1500 2573 1603 2629; x_wconf 86' lang='lat' dir='ltr'><strong>ﬁde</strong></span> <span class='ocrx_word' id='word_1_316' title='bbox 1626 2584 1771 2637; x_wconf 90' lang='lat' dir='ltr'><strong>sunt,</strong></span> 
     </span>
    </p>
   </div>
   <div class='ocr_carea' id='block_1_42' title="bbox 198 2662 1773 2734">
    <p class='ocr_par' dir='ltr' id='par_1_42' title="bbox 198 2662 1773 2734">
     <span class='ocr_line' id='line_1_42' title="bbox 198 2662 1773 2734; baseline 0.003 -21"><span class='ocrx_word' id='word_1_317' title='bbox 198 2676 289 2713; x_wconf 88' lang='lat' dir='ltr'><strong>non</strong></span> <span class='ocrx_word' id='word_1_318' title='bbox 329 2668 414 2715; x_wconf 89' lang='lat' dir='ltr'><strong>est</strong></span> <span class='ocrx_word' id='word_1_319' title='bbox 463 2662 669 2731; x_wconf 88' lang='lat' dir='ltr'><strong>primus</strong></span> <span class='ocrx_word' id='word_1_320' title='bbox 693 2664 780 2718; x_wconf 85' lang='lat' dir='ltr'><strong>vel</strong></span> <span class='ocrx_word' id='word_1_321' title='bbox 817 2664 1105 2731; x_wconf 88' lang='lat' dir='ltr'><strong>secundus,</strong></span> <span class='ocrx_word' id='word_1_322' title='bbox 1135 2664 1229 2719; x_wconf 89' lang='lat' dir='ltr'><strong>sed</strong></span> <span class='ocrx_word' id='word_1_323' title='bbox 1261 2665 1353 2734; x_wconf 89' lang='lat' dir='ltr'><strong>qui</strong></span> <span class='ocrx_word' id='word_1_324' title='bbox 1386 2665 1439 2718; x_wconf 92' lang='lat' dir='ltr'><strong>in</strong></span> <span class='ocrx_word' id='word_1_325' title='bbox 1469 2673 1616 2720; x_wconf 91' lang='lat' dir='ltr'><strong>recta</strong></span> <span class='ocrx_word' id='word_1_326' title='bbox 1641 2681 1773 2720; x_wconf 80' lang='lat' dir='ltr'><strong>con-</strong></span> 
     </span>
    </p>
   </div>
   <div class='ocr_carea' id='block_1_43' title="bbox 200 2749 1775 2826">
    <p class='ocr_par' dir='ltr' id='par_1_43' title="bbox 200 2749 1775 2826">
     <span class='ocr_line' id='line_1_43' title="bbox 200 2749 1775 2826; baseline 0.005 -24"><span class='ocrx_word' id='word_1_327' title='bbox 200 2749 422 2805; x_wconf 71' lang='lat' dir='ltr'><strong>fessione</strong></span> <span class='ocrx_word' id='word_1_328' title='bbox 445 2753 694 2819; x_wconf 85' lang='lat' dir='ltr'><strong>paratior</strong></span> <span class='ocrx_word' id='word_1_329' title='bbox 719 2753 989 2810; x_wconf 86' lang='lat' dir='ltr'><strong>invenitur</strong></span> <span class='ocrx_word' id='word_1_330' title='bbox 1012 2796 1026 2820; x_wconf 94' lang='lat'><strong>,</strong></span> <span class='ocrx_word' id='word_1_331' title='bbox 1056 2755 1405 2825; x_wconf 83' lang='lat' dir='ltr'><strong>acceptabilis</strong></span> <span class='ocrx_word' id='word_1_332' title='bbox 1441 2756 1579 2826; x_wconf 90' lang='lat' dir='ltr'><strong>apud</strong></span> <span class='ocrx_word' id='word_1_333' title='bbox 1609 2757 1775 2810; x_wconf 86' lang='lat' dir='ltr'><strong>Deum</strong></span> 
     </span>
    </p>
   </div>
   <div class='ocr_carea' id='block_1_44' title="bbox 198 2839 1776 2913">
    <p class='ocr_par' dir='ltr' id='par_1_44' title="bbox 198 2839 1776 2913">
     <span class='ocr_line' id='line_1_44' title="bbox 198 2839 1776 2913; baseline 0.004 -21"><span class='ocrx_word' id='word_1_334' title='bbox 198 2848 291 2892; x_wconf 80' lang='lat' dir='ltr'><strong>est.</strong></span> <span class='ocrx_word' id='word_1_335' title='bbox 322 2839 596 2894; x_wconf 75' lang='lat' dir='ltr'><strong>Divinitas</strong></span> <span class='ocrx_word' id='word_1_336' title='bbox 646 2857 743 2898; x_wconf 90' lang='lat' dir='ltr'><strong>vos</strong></span> <span class='ocrx_word' id='word_1_337' title='bbox 793 2851 975 2899; x_wconf 85' lang='lat' dir='ltr'><strong>servet</strong></span> <span class='ocrx_word' id='word_1_338' title='bbox 1012 2860 1112 2913; x_wconf 90' lang='lat' dir='ltr'><strong>per</strong></span> <span class='ocrx_word' id='word_1_339' title='bbox 1136 2845 1336 2901; x_wconf 89' lang='lat' dir='ltr'><strong>multos</strong></span> <span class='ocrx_word' id='word_1_340' title='bbox 1380 2861 1569 2909; x_wconf 89' lang='lat' dir='ltr'><strong>annos,</strong></span> <span class='ocrx_word' id='word_1_341' title='bbox 1603 2846 1776 2901; x_wconf 88' lang='lat' dir='ltr'><strong>sancti</strong></span> 
     </span>
    </p>
   </div>
   <div class='ocr_carea' id='block_1_45' title="bbox 197 2932 1774 3004">
    <p class='ocr_par' dir='ltr' id='par_1_45' title="bbox 197 2932 1774 3004">
     <span class='ocr_line' id='line_1_45' title="bbox 197 2932 1774 3004; baseline 0.004 -20"><span class='ocrx_word' id='word_1_342' title='bbox 197 2943 253 2984; x_wconf 78' lang='lat' dir='ltr'><strong>ac</strong></span> <span class='ocrx_word' id='word_1_343' title='bbox 294 2932 689 3001; x_wconf 74' lang='lat' dir='ltr'><strong>religiosissimi</strong></span> <span class='ocrx_word' id='word_1_344' title='bbox 737 2942 938 3003; x_wconf 86' lang='lat' dir='ltr'><strong>patres.</strong></span> <span class='ocrx_word' id='word_1_345' title='bbox 970 2934 1160 2990; x_wconf 88' lang='lat' dir='ltr'><strong>Datum</strong></span> <span class='ocrx_word' id='word_1_346' title='bbox 1189 2935 1213 2972; x_wconf 71' lang='grc' dir='ltr'><em>ά</em></span> <span class='ocrx_word' id='word_1_347' title='bbox 1246 2952 1298 2989; x_wconf 84' lang='lat' dir='ltr'><strong>1v</strong></span> <span class='ocrx_word' id='word_1_348' title='bbox 1327 2951 1498 2991; x_wconf 91' lang='lat' dir='ltr'><strong>nonas</strong></span> <span class='ocrx_word' id='word_1_349' title='bbox 1522 2946 1545 2974; x_wconf 71' lang='grc' dir='ltr'><strong>ε</strong></span> <span class='ocrx_word' id='word_1_350' title='bbox 1588 2937 1774 3004; x_wconf 83' lang='lat' dir='ltr'><strong>Maias,</strong></span> 
     </span>
    </p>
   </div>
   <div class='ocr_carea' id='block_1_46' title="bbox 197 3022 1778 3101">
    <p class='ocr_par' dir='ltr' id='par_1_46' title="bbox 197 3022 1778 3101">
     <span class='ocr_line' id='line_1_46' title="bbox 197 3022 1778 3101; baseline 0.01 -30"><span class='ocrx_word' id='word_1_351' title='bbox 197 3022 658 3093; x_wconf 68' lang='lat' dir='ltr'><strong>Combutiuopoli</strong></span> <span class='ocrx_word' id='word_1_352' title='bbox 684 3066 699 3089; x_wconf 95' lang='lat'><strong>,</strong></span> <span class='ocrx_word' id='word_1_353' title='bbox 748 3026 959 3095; x_wconf 89' lang='lat' dir='ltr'><strong>imperii</strong></span> <span class='ocrx_word' id='word_1_354' title='bbox 988 3028 1191 3083; x_wconf 89' lang='lat' dir='ltr'><strong>domini</strong></span> <span class='ocrx_word' id='word_1_355' title='bbox 1222 3028 1503 3085; x_wconf 85' lang='lat' dir='ltr'><strong>Justiniani</strong></span> <span class='ocrx_word' id='word_1_356' title='bbox 1533 3033 1778 3101; x_wconf 86' lang='lat' dir='ltr'><strong>perpetui</strong></span> 
     </span>
    </p>
   </div>
   <div class='ocr_carea' id='block_1_47' title="bbox 1871 1859 3445 1930">
    <p class='ocr_par' dir='ltr' id='par_1_47' title="bbox 1871 1859 3445 1930">
     <span class='ocr_line' id='line_1_47' title="bbox 1871 1859 3445 1930; baseline 0.001 -18"><span class='ocrx_word' id='word_1_357' title='bbox 1871 1859 2016 1913; x_wconf 87' lang='lat' dir='ltr'><strong>dicat</strong></span> <span class='ocrx_word' id='word_1_358' title='bbox 2032 1860 2339 1930; x_wconf 83' lang='lat' dir='ltr'><strong>Apostolus,</strong></span> <span class='ocrx_word' id='word_1_359' title='bbox 2365 1859 2749 1916; x_wconf 85' lang='lat' dir='ltr'><strong>fraternitatem</strong></span> <span class='ocrx_word' id='word_1_360' title='bbox 2774 1869 2917 1916; x_wconf 92' lang='lat' dir='ltr'><strong>tuam</strong></span> <span class='ocrx_word' id='word_1_361' title='bbox 2941 1876 3155 1930; x_wconf 88' lang='lat' dir='ltr'><strong>semper</strong></span> <span class='ocrx_word' id='word_1_362' title='bbox 3173 1868 3297 1915; x_wconf 88' lang='lat' dir='ltr'><strong>ante</strong></span> <span class='ocrx_word' id='word_1_363' title='bbox 3317 1875 3445 1914; x_wconf 87' lang='lat' dir='ltr'><strong>oeu-</strong></span> 
     </span>
    </p>
   </div>
   <div class='ocr_carea' id='block_1_48' title="bbox 1871 1949 3441 2024">
    <p class='ocr_par' dir='ltr' id='par_1_48' title="bbox 1871 1949 3441 2024">
     <span class='ocr_line' id='line_1_48' title="bbox 1871 1949 3441 2024; baseline 0.001 -21"><span class='ocrx_word' id='word_1_364' title='bbox 1871 1950 1953 2003; x_wconf 89' lang='lat' dir='ltr'><strong>los</strong></span> <span class='ocrx_word' id='word_1_365' title='bbox 1972 1949 2171 2005; x_wconf 87' lang='lat' dir='ltr'><strong>habere</strong></span> <span class='ocrx_word' id='word_1_366' title='bbox 2200 1950 2535 2006; x_wconf 89' lang='lat' dir='ltr'><strong>conﬁdimus.</strong></span> <span class='ocrx_word' id='word_1_367' title='bbox 2571 1951 2659 2006; x_wconf 86' lang='lat' dir='ltr'><strong>Ait</strong></span> <span class='ocrx_word' id='word_1_368' title='bbox 2686 1953 2827 2007; x_wconf 88' lang='lat' dir='ltr'><strong>enim</strong></span> <span class='ocrx_word' id='word_1_369' title='bbox 2859 1970 2873 2006; x_wconf 90' lang='lat'><strong>:</strong></span> <span class='ocrx_word' id='word_1_370' title='bbox 2907 1952 3216 2024; x_wconf 87' lang='lat' dir='ltr'><strong>Confortare</strong></span> <span class='ocrx_word' id='word_1_371' title='bbox 3241 1953 3295 2006; x_wconf 84' lang='lat' dir='ltr'><strong>in</strong></span> <span class='ocrx_word' id='word_1_372' title='bbox 3319 1968 3441 2023; x_wconf 85' lang='lat' dir='ltr'><strong>gra-</strong></span> 
     </span>
    </p>
   </div>
   <div class='ocr_carea' id='block_1_49' title="bbox 1874 2038 3445 2112">
    <p class='ocr_par' dir='ltr' id='par_1_49' title="bbox 1874 2038 3445 2112">
     <span class='ocr_line' id='line_1_49' title="bbox 1874 2038 3445 2112; baseline 0 -20"><span class='ocrx_word' id='word_1_373' title='bbox 1874 2042 1946 2093; x_wconf 90' lang='lat' dir='ltr'><strong>tia</strong></span> <span class='ocrx_word' id='word_1_374' title='bbox 1974 2056 2089 2110; x_wconf 75' lang='lat' dir='ltr'><strong>qua:</strong></span> <span class='ocrx_word' id='word_1_375' title='bbox 2116 2049 2191 2094; x_wconf 88' lang='lat' dir='ltr'><strong>est</strong></span> <span class='ocrx_word' id='word_1_376' title='bbox 2218 2042 2273 2094; x_wconf 87' lang='lat' dir='ltr'><strong>in</strong></span> <span class='ocrx_word' id='word_1_377' title='bbox 2302 2038 2507 2095; x_wconf 73' lang='lat' dir='ltr'><strong>Christo</strong></span> <span class='ocrx_word' id='word_1_378' title='bbox 2534 2040 2693 2106; x_wconf 75' lang='lat' dir='ltr'><strong>Iesu;</strong></span> <span class='ocrx_word' id='word_1_379' title='bbox 2720 2051 2769 2095; x_wconf 86' lang='lat' dir='ltr'><strong>et</strong></span> <span class='ocrx_word' id='word_1_380' title='bbox 2794 2057 2909 2112; x_wconf 81' lang='lat' dir='ltr'><strong>qua:</strong></span> <span class='ocrx_word' id='word_1_381' title='bbox 2937 2042 3126 2094; x_wconf 82' lang='lat' dir='ltr'><strong>audisti</strong></span> <span class='ocrx_word' id='word_1_382' title='bbox 3164 2058 3197 2094; x_wconf 91' lang='lat' dir='ltr'><strong>a</strong></span> <span class='ocrx_word' id='word_1_383' title='bbox 3231 2058 3313 2094; x_wconf 86' lang='lat' dir='ltr'><strong>me</strong></span> <span class='ocrx_word' id='word_1_384' title='bbox 3356 2058 3445 2111; x_wconf 83' lang='lat' dir='ltr'><strong>per</strong></span> 
     </span>
    </p>
   </div>
   <div class='ocr_carea' id='block_1_50' title="bbox 1871 2128 3449 2199">
    <p class='ocr_par' dir='ltr' id='par_1_50' title="bbox 1871 2128 3449 2199">
     <span class='ocr_line' id='line_1_50' title="bbox 1871 2128 3449 2199; baseline 0 -17"><span class='ocrx_word' id='word_1_385' title='bbox 1871 2129 2061 2183; x_wconf 86' lang='lat' dir='ltr'><strong>multos</strong></span> <span class='ocrx_word' id='word_1_386' title='bbox 2096 2138 2270 2192; x_wconf 80' lang='lat' dir='ltr'><strong>testes,</strong></span> <span class='ocrx_word' id='word_1_387' title='bbox 2303 2131 2411 2183; x_wconf 73' lang='lat' dir='ltr'><strong>Iuro</strong></span> <span class='ocrx_word' id='word_1_388' title='bbox 2440 2130 2741 2183; x_wconf 83' lang='lat' dir='ltr'><strong>commenda</strong></span> <span class='ocrx_word' id='word_1_389' title='bbox 2770 2128 3007 2198; x_wconf 82' lang='lat' dir='ltr'><strong>ﬁdelibus</strong></span> <span class='ocrx_word' id='word_1_390' title='bbox 3029 2130 3336 2191; x_wconf 80' lang='lat' dir='ltr'><strong>hominibus,</strong></span> <span class='ocrx_word' id='word_1_391' title='bbox 3359 2130 3449 2199; x_wconf 85' lang='lat' dir='ltr'><strong>qui</strong></span> 
     </span>
    </p>
   </div>
   <div class='ocr_carea' id='block_1_51' title="bbox 1871 2218 3443 2289">
    <p class='ocr_par' dir='ltr' id='par_1_51' title="bbox 1871 2218 3443 2289">
     <span class='ocr_line' id='line_1_51' title="bbox 1871 2218 3443 2289; baseline -0.002 -16"><span class='ocrx_word' id='word_1_392' title='bbox 1871 2220 2044 2273; x_wconf 80' lang='lat' dir='ltr'><strong>idonei</strong></span> <span class='ocrx_word' id='word_1_393' title='bbox 2069 2229 2217 2273; x_wconf 81' lang='lat' dir='ltr'><strong>erum</strong></span> <span class='ocrx_word' id='word_1_394' title='bbox 2245 2229 2293 2272; x_wconf 88' lang='lat' dir='ltr'><strong>et</strong></span> <span class='ocrx_word' id='word_1_395' title='bbox 2325 2220 2458 2272; x_wconf 88' lang='lat' dir='ltr'><strong>alios</strong></span> <span class='ocrx_word' id='word_1_396' title='bbox 2481 2219 2661 2274; x_wconf 81' lang='lat' dir='ltr'><strong>docere</strong></span> <span class='ocrx_word' id='word_1_397' title='bbox 2684 2219 2770 2287; x_wconf 90' lang='lat' dir='ltr'><strong>(Il</strong></span> <span class='ocrx_word' id='word_1_398' title='bbox 2798 2219 2930 2272; x_wconf 86' lang='lat' dir='ltr'><strong>Tim.</strong></span> <span class='ocrx_word' id='word_1_399' title='bbox 2957 2222 3013 2287; x_wconf 87' lang='grc' dir='ltr'>ιι)</span> <span class='ocrx_word' id='word_1_400' title='bbox 3032 2236 3046 2284; x_wconf 88' lang='grc'>;</span> <span class='ocrx_word' id='word_1_401' title='bbox 3068 2228 3125 2273; x_wconf 87' lang='lat' dir='ltr'><strong>et</strong></span> <span class='ocrx_word' id='word_1_402' title='bbox 3144 2220 3271 2273; x_wconf 88' lang='lat' dir='ltr'><strong>item</strong></span> <span class='ocrx_word' id='word_1_403' title='bbox 3293 2218 3443 2289; x_wconf 87' lang='lat' dir='ltr'><strong>ipse:</strong></span> 
     </span>
    </p>
   </div>
   <div class='ocr_carea' id='block_1_52' title="bbox 1874 2307 3443 2380">
    <p class='ocr_par' dir='ltr' id='par_1_52' title="bbox 1874 2307 3443 2380">
     <span class='ocr_line' id='line_1_52' title="bbox 1874 2307 3443 2380; baseline -0.001 -16"><span class='ocrx_word' id='word_1_404' title='bbox 1874 2308 2112 2364; x_wconf 84' lang='lat' dir='ltr'><strong>Sollicite</strong></span> <span class='ocrx_word' id='word_1_405' title='bbox 2150 2316 2345 2363; x_wconf 79' lang='lat' dir='ltr'><strong>curate</strong></span> <span class='ocrx_word' id='word_1_406' title='bbox 2371 2310 2537 2377; x_wconf 87' lang='lat' dir='ltr'><strong>ipsum</strong></span> <span class='ocrx_word' id='word_1_407' title='bbox 2565 2309 2880 2380; x_wconf 84' lang='lat' dir='ltr'><strong>probabilem</strong></span> <span class='ocrx_word' id='word_1_408' title='bbox 2901 2310 3138 2363; x_wconf 72' lang='lat' dir='ltr'><strong>exhibere.</strong></span> <span class='ocrx_word' id='word_1_409' title='bbox 3160 2307 3287 2374; x_wconf 86' lang='lat' dir='ltr'><strong>Deo,</strong></span> <span class='ocrx_word' id='word_1_410' title='bbox 3318 2325 3443 2379; x_wconf 86' lang='lat' dir='ltr'><strong>ope-</strong></span> 
     </span>
    </p>
   </div>
   <div class='ocr_carea' id='block_1_53' title="bbox 1870 2399 3442 2469">
    <p class='ocr_par' dir='ltr' id='par_1_53' title="bbox 1870 2399 3442 2469">
     <span class='ocr_line' id='line_1_53' title="bbox 1870 2399 3442 2469; baseline 0.003 -20"><span class='ocrx_word' id='word_1_411' title='bbox 1870 2399 2066 2451; x_wconf 78' lang='lat' dir='ltr'><strong>rarium</strong></span> <span class='ocrx_word' id='word_1_412' title='bbox 2098 2400 2528 2469; x_wconf 68' lang='lat' dir='ltr'><strong>inconfusibilem,</strong></span> <span class='ocrx_word' id='word_1_413' title='bbox 2569 2410 2702 2453; x_wconf 70' lang='lat' dir='ltr'><strong>recte</strong></span> <span class='ocrx_word' id='word_1_414' title='bbox 2736 2409 3038 2453; x_wconf 75' lang='lat' dir='ltr'><strong>tractantem</strong></span> <span class='ocrx_word' id='word_1_415' title='bbox 3069 2399 3271 2454; x_wconf 77' lang='lat' dir='ltr'><strong>verbum</strong></span> <span class='ocrx_word' id='word_1_416' title='bbox 3309 2401 3442 2454; x_wconf 83' lang='lat' dir='ltr'><strong>veri-</strong></span> 
     </span>
    </p>
   </div>
   <div class='ocr_carea' id='block_1_54' title="bbox 1875 2485 3453 2557">
    <p class='ocr_par' dir='ltr' id='par_1_54' title="bbox 1875 2485 3453 2557">
     <span class='ocr_line' id='line_1_54' title="bbox 1875 2485 3453 2557; baseline 0.003 -19"><span class='ocrx_word' id='word_1_417' title='bbox 1875 2487 1996 2541; x_wconf 80' lang='lat' dir='ltr'><strong>tatis</strong></span> <span class='ocrx_word' id='word_1_418' title='bbox 2028 2485 2306 2557; x_wconf 83' lang='lat' dir='ltr'><strong>(Ibidem);</strong></span> <span class='ocrx_word' id='word_1_419' title='bbox 2335 2497 2391 2542; x_wconf 90' lang='lat' dir='ltr'><strong>et</strong></span> <span class='ocrx_word' id='word_1_420' title='bbox 2420 2488 2610 2543; x_wconf 87' lang='lat' dir='ltr'><strong>iterum</strong></span> <span class='ocrx_word' id='word_1_421' title='bbox 2646 2506 2658 2540; x_wconf 93' lang='lat'>:</span> <span class='ocrx_word' id='word_1_422' title='bbox 2701 2487 2907 2543; x_wconf 89' lang='lat' dir='ltr'><strong>Labora</strong></span> <span class='ocrx_word' id='word_1_423' title='bbox 2936 2492 3067 2544; x_wconf 89' lang='lat' dir='ltr'><strong>sicut</strong></span> <span class='ocrx_word' id='word_1_424' title='bbox 3105 2488 3266 2543; x_wconf 85' lang='lat' dir='ltr'><strong>bonus</strong></span> <span class='ocrx_word' id='word_1_425' title='bbox 3300 2490 3453 2544; x_wconf 84' lang='lat' dir='ltr'><strong>miles</strong></span> 
     </span>
    </p>
   </div>
   <div class='ocr_carea' id='block_1_55' title="bbox 1875 2577 3451 2649">
    <p class='ocr_par' dir='ltr' id='par_1_55' title="bbox 1875 2577 3451 2649">
     <span class='ocr_line' id='line_1_55' title="bbox 1875 2577 3451 2649; baseline 0.002 -18"><span class='ocrx_word' id='word_1_426' title='bbox 1875 2577 2070 2631; x_wconf 81' lang='lat' dir='ltr'><strong>Christi</strong></span> <span class='ocrx_word' id='word_1_427' title='bbox 2102 2577 2246 2632; x_wconf 84' lang='lat' dir='ltr'><strong>Jesu.</strong></span> <span class='ocrx_word' id='word_1_428' title='bbox 2282 2577 2525 2649; x_wconf 85' lang='lat' dir='ltr'><strong>Intellige</strong></span> <span class='ocrx_word' id='word_1_429' title='bbox 2545 2595 2661 2649; x_wconf 75' lang='lat' dir='ltr'><strong>qua:</strong></span> <span class='ocrx_word' id='word_1_430' title='bbox 2700 2581 2854 2644; x_wconf 84' lang='lat' dir='ltr'><strong>dico;</strong></span> <span class='ocrx_word' id='word_1_431' title='bbox 2887 2579 3028 2633; x_wconf 87' lang='lat' dir='ltr'><strong>dabit</strong></span> <span class='ocrx_word' id='word_1_432' title='bbox 3056 2581 3193 2634; x_wconf 86' lang='lat' dir='ltr'><strong>enim</strong></span> <span class='ocrx_word' id='word_1_433' title='bbox 3223 2580 3312 2634; x_wconf 81' lang='lat' dir='ltr'><strong>tibi</strong></span> <span class='ocrx_word' id='word_1_434' title='bbox 3342 2579 3451 2635; x_wconf 85' lang='lat' dir='ltr'><strong>Do-</strong></span> 
     </span>
    </p>
   </div>
   <div class='ocr_carea' id='block_1_56' title="bbox 1875 2670 3450 2742">
    <p class='ocr_par' dir='ltr' id='par_1_56' title="bbox 1875 2670 3450 2742">
     <span class='ocr_line' id='line_1_56' title="bbox 1875 2670 3450 2742; baseline 0.001 -20"><span class='ocrx_word' id='word_1_435' title='bbox 1875 2671 2045 2722; x_wconf 79' lang='lat' dir='ltr'><strong>minus</strong></span> <span class='ocrx_word' id='word_1_436' title='bbox 2079 2671 2133 2723; x_wconf 86' lang='lat' dir='ltr'><strong>in</strong></span> <span class='ocrx_word' id='word_1_437' title='bbox 2163 2671 2398 2724; x_wconf 87' lang='lat' dir='ltr'><strong>omnibus</strong></span> <span class='ocrx_word' id='word_1_438' title='bbox 2427 2671 2740 2724; x_wconf 71' lang='lat' dir='ltr'><strong>intellectum</strong></span> <span class='ocrx_word' id='word_1_439' title='bbox 2762 2670 3028 2742; x_wconf 86' lang='lat' dir='ltr'><strong>(Ibidem).</strong></span> <span class='ocrx_word' id='word_1_440' title='bbox 3060 2670 3117 2725; x_wconf 91' lang='lat' dir='ltr'><strong>Si</strong></span> <span class='ocrx_word' id='word_1_441' title='bbox 3136 2686 3293 2741; x_wconf 82' lang='lat' dir='ltr'><strong>quam</strong></span> <span class='ocrx_word' id='word_1_442' title='bbox 3320 2685 3450 2740; x_wconf 79' lang='lat' dir='ltr'><strong>ergo</strong></span> 
     </span>
    </p>
   </div>
   <div class='ocr_carea' id='block_1_57' title="bbox 1878 2761 3450 2833">
    <p class='ocr_par' dir='ltr' id='par_1_57' title="bbox 1878 2761 3450 2833">
     <span class='ocr_line' id='line_1_57' title="bbox 1878 2761 3450 2833; baseline 0.003 -19"><span class='ocrx_word' id='word_1_443' title='bbox 1878 2762 2017 2816; x_wconf 88' lang='lat' dir='ltr'><strong>inter</strong></span> <span class='ocrx_word' id='word_1_444' title='bbox 2046 2761 2239 2817; x_wconf 77' lang='lat' dir='ltr'><strong>fratres</strong></span> <span class='ocrx_word' id='word_1_445' title='bbox 2275 2763 2519 2818; x_wconf 90' lang='lat' dir='ltr'><strong>diabolus</strong></span> <span class='ocrx_word' id='word_1_446' title='bbox 2542 2806 2557 2830; x_wconf 90' lang='lat'><strong>,</strong></span> <span class='ocrx_word' id='word_1_447' title='bbox 2602 2763 2818 2819; x_wconf 89' lang='lat' dir='ltr'><strong>humani</strong></span> <span class='ocrx_word' id='word_1_448' title='bbox 2864 2767 3077 2833; x_wconf 82' lang='lat' dir='ltr'><strong>generis</strong></span> <span class='ocrx_word' id='word_1_449' title='bbox 3118 2767 3285 2821; x_wconf 89' lang='lat' dir='ltr'><strong>hostis</strong></span> <span class='ocrx_word' id='word_1_450' title='bbox 3313 2766 3450 2821; x_wconf 73' lang='lat' dir='ltr'><strong>anti—</strong></span> 
     </span>
    </p>
   </div>
   <div class='ocr_carea' id='block_1_58' title="bbox 1876 2853 3452 2925">
    <p class='ocr_par' dir='ltr' id='par_1_58' title="bbox 1876 2853 3452 2925">
     <span class='ocr_line' id='line_1_58' title="bbox 1876 2853 3452 2925; baseline 0.003 -19"><span class='ocrx_word' id='word_1_451' title='bbox 1876 2868 2034 2923; x_wconf 89' lang='lat' dir='ltr'><strong>quus,</strong></span> <span class='ocrx_word' id='word_1_452' title='bbox 2067 2854 2325 2907; x_wconf 84' lang='lat' dir='ltr'><strong>zizaniam</strong></span> <span class='ocrx_word' id='word_1_453' title='bbox 2355 2853 2699 2909; x_wconf 87' lang='lat' dir='ltr'><strong>seminaverit</strong></span> <span class='ocrx_word' id='word_1_454' title='bbox 2727 2855 3018 2911; x_wconf 87' lang='lat' dir='ltr'><strong>calliditate</strong></span> <span class='ocrx_word' id='word_1_455' title='bbox 3046 2857 3295 2925; x_wconf 76' lang='lat' dir='ltr'><strong>nequitia:</strong></span> <span class='ocrx_word' id='word_1_456' title='bbox 3322 2873 3452 2911; x_wconf 82' lang='lat' dir='ltr'><strong>con-</strong></span> 
     </span>
    </p>
   </div>
   <div class='ocr_carea' id='block_1_59' title="bbox 1876 2942 3451 3014">
    <p class='ocr_par' dir='ltr' id='par_1_59' title="bbox 1876 2942 3451 3014">
     <span class='ocr_line' id='line_1_59' title="bbox 1876 2942 3451 3014; baseline 0.003 -19"><span class='ocrx_word' id='word_1_457' title='bbox 1876 2952 2047 2996; x_wconf 67' lang='lat' dir='ltr'><strong>suetae</strong></span> <span class='ocrx_word' id='word_1_458' title='bbox 2071 2983 2086 3008; x_wconf 93' lang='lat'><strong>,</strong></span> <span class='ocrx_word' id='word_1_459' title='bbox 2136 2950 2230 2996; x_wconf 90' lang='lat' dir='ltr'><strong>aut</strong></span> <span class='ocrx_word' id='word_1_460' title='bbox 2268 2942 2334 2997; x_wconf 90' lang='lat' dir='ltr'><strong>de</strong></span> <span class='ocrx_word' id='word_1_461' title='bbox 2381 2944 2561 3014; x_wconf 88' lang='lat' dir='ltr'><strong>aliquo</strong></span> <span class='ocrx_word' id='word_1_462' title='bbox 2590 2944 2930 2999; x_wconf 87' lang='lat' dir='ltr'><strong>sacerdotum</strong></span> <span class='ocrx_word' id='word_1_463' title='bbox 2959 2944 3279 3000; x_wconf 84' lang='lat' dir='ltr'><strong>fraternitati</strong></span> <span class='ocrx_word' id='word_1_464' title='bbox 3324 2953 3451 3009; x_wconf 73' lang='lat' dir='ltr'><strong>tum,</strong></span> 
     </span>
    </p>
   </div>
   <div class='ocr_carea' id='block_1_60' title="bbox 1876 3031 3449 3103">
    <p class='ocr_par' dir='ltr' id='par_1_60' title="bbox 1876 3031 3449 3103">
     <span class='ocr_line' id='line_1_60' title="bbox 1876 3031 3449 3103; baseline 0.003 -19"><span class='ocrx_word' id='word_1_465' title='bbox 1876 3032 2105 3087; x_wconf 89' lang='lat' dir='ltr'><strong>servatis</strong></span> <span class='ocrx_word' id='word_1_466' title='bbox 2149 3031 2409 3101; x_wconf 88' lang='lat' dir='ltr'><strong>majorum</strong></span> <span class='ocrx_word' id='word_1_467' title='bbox 2441 3049 2538 3103; x_wconf 89' lang='lat' dir='ltr'><strong>per</strong></span> <span class='ocrx_word' id='word_1_468' title='bbox 2567 3035 2748 3088; x_wconf 89' lang='lat' dir='ltr'><strong>omnia</strong></span> <span class='ocrx_word' id='word_1_469' title='bbox 2790 3034 3094 3090; x_wconf 89' lang='lat' dir='ltr'><strong>constitutis</strong></span> <span class='ocrx_word' id='word_1_470' title='bbox 3133 3034 3291 3090; x_wconf 88' lang='lat' dir='ltr'><strong>fuerit</strong></span> <span class='ocrx_word' id='word_1_471' title='bbox 3320 3050 3449 3103; x_wconf 86' lang='lat' dir='ltr'><strong>que-</strong></span> 
     </span>
    </p>
   </div>
   <div class='ocr_carea' id='block_1_61' title="bbox 203 3111 3454 3207">
    <p class='ocr_par' dir='ltr' id='par_1_61' title="bbox 203 3111 3454 3207">
     <span class='ocr_line' id='line_1_61' title="bbox 203 3111 3454 3207; baseline 0.003 -40"><span class='ocrx_word' id='word_1_472' title='bbox 203 3111 411 3207; x_wconf 49' lang='lat' dir='ltr'><strong>hugmﬁ</strong></span> <span class='ocrx_word' id='word_1_473' title='bbox 447 3131 591 3207; x_wconf 81' lang='lat' dir='ltr'><strong>anno</strong></span> <span class='ocrx_word' id='word_1_474' title='bbox 609 3114 699 3182; x_wconf 67' lang='lat'><strong>27,</strong></span> <span class='ocrx_word' id='word_1_475' title='bbox 726 3126 849 3187; x_wconf 71' lang='lat' dir='ltr'><strong>post</strong></span> <span class='ocrx_word' id='word_1_476' title='bbox 876 3120 1215 3175; x_wconf 87' lang='lat' dir='ltr'><strong>consulatum</strong></span> <span class='ocrx_word' id='word_1_477' title='bbox 1243 3120 1425 3175; x_wconf 85' lang='lat' dir='ltr'><strong>Basilii</strong></span> <span class='ocrx_word' id='word_1_478' title='bbox 1467 3122 1566 3203; x_wconf 86' lang='lat' dir='ltr'><strong>viri</strong></span> <span class='ocrx_word' id='word_1_479' title='bbox 1589 3123 1777 3178; x_wconf 89' lang='lat' dir='ltr'><strong>claris-</strong></span> <span class='ocrx_word' id='word_1_480' title='bbox 1802 3145 1848 3207; x_wconf 69' lang='grc' dir='ltr'>ο</span> <span class='ocrx_word' id='word_1_481' title='bbox 1877 3122 1992 3183; x_wconf 87' lang='lat' dir='ltr'><strong>rela</strong></span> <span class='ocrx_word' id='word_1_482' title='bbox 2022 3122 2265 3193; x_wconf 86' lang='lat' dir='ltr'><strong>deposita</strong></span> <span class='ocrx_word' id='word_1_483' title='bbox 2299 3141 2310 3176; x_wconf 93' lang='lat'>:</span> <span class='ocrx_word' id='word_1_484' title='bbox 2344 3122 2598 3179; x_wconf 89' lang='lat' dir='ltr'><strong>adhibitis</strong></span> <span class='ocrx_word' id='word_1_485' title='bbox 2624 3124 2721 3178; x_wconf 88' lang='lat' dir='ltr'><strong>tibi</strong></span> <span class='ocrx_word' id='word_1_486' title='bbox 2751 3124 3003 3179; x_wconf 88' lang='lat' dir='ltr'><strong>fratribus</strong></span> <span class='ocrx_word' id='word_1_487' title='bbox 3038 3133 3093 3179; x_wconf 89' lang='lat' dir='ltr'><strong>et</strong></span> <span class='ocrx_word' id='word_1_488' title='bbox 3119 3125 3454 3194; x_wconf 86' lang='lat' dir='ltr'><strong>coepisc0pis</strong></span> 
     </span>
    </p>
   </div>
   <div class='ocr_carea' id='block_1_62' title="bbox 202 3201 606 3259">
    <p class='ocr_par' dir='ltr' id='par_1_62' title="bbox 202 3201 606 3259">
     <span class='ocr_line' id='line_1_62' title="bbox 202 3201 606 3259; baseline 0.015 -7"><span class='ocrx_word' id='word_1_489' title='bbox 202 3201 309 3255; x_wconf 84' lang='lat' dir='ltr'><strong>simi</strong></span> <span class='ocrx_word' id='word_1_490' title='bbox 336 3219 488 3258; x_wconf 78' lang='lat' dir='ltr'><strong>anno</strong></span> <span class='ocrx_word' id='word_1_491' title='bbox 520 3204 606 3259; x_wconf 74' lang='lat' dir='ltr'><strong>ﬂ.</strong></span> 
     </span>
    </p>
   </div>
   <div class='ocr_carea' id='block_1_63' title="bbox 262 3292 1779 3373">
    <p class='ocr_par' dir='ltr' id='par_1_63' title="bbox 262 3292 1779 3373">
     <span class='ocr_line' id='line_1_63' title="bbox 262 3292 1779 3373; baseline 0.01 -28"><span class='ocrx_word' id='word_1_492' title='bbox 262 3292 570 3363; x_wconf 82' lang='lat' dir='ltr'><strong>Stephanus</strong></span> <span class='ocrx_word' id='word_1_493' title='bbox 588 3306 644 3351; x_wconf 87' lang='lat' dir='ltr'><strong>et</strong></span> <span class='ocrx_word' id='word_1_494' title='bbox 670 3296 935 3368; x_wconf 79' lang='lat' dir='ltr'><strong>Georgius</strong></span> <span class='ocrx_word' id='word_1_495' title='bbox 980 3308 1036 3356; x_wconf 89' lang='lat' dir='ltr'><strong>et</strong></span> <span class='ocrx_word' id='word_1_496' title='bbox 1061 3299 1351 3357; x_wconf 89' lang='lat' dir='ltr'><strong>Damianus</strong></span> <span class='ocrx_word' id='word_1_497' title='bbox 1390 3304 1779 3373; x_wconf 84' lang='lat' dir='ltr'><strong>religiosissimi</strong></span> 
     </span>
    </p>
   </div>
   <div class='ocr_carea' id='block_1_64' title="bbox 202 3385 1783 3467">
    <p class='ocr_par' dir='ltr' id='par_1_64' title="bbox 202 3385 1783 3467">
     <span class='ocr_line' id='line_1_64' title="bbox 202 3385 1783 3467; baseline 0.008 -30"><span class='ocrx_word' id='word_1_498' title='bbox 202 3385 456 3456; x_wconf 66' lang='lat' dir='ltr'><strong>Ppiscopi,</strong></span> <span class='ocrx_word' id='word_1_499' title='bbox 500 3388 673 3443; x_wconf 77' lang='lat' dir='ltr'><strong>vicem</strong></span> <span class='ocrx_word' id='word_1_500' title='bbox 720 3399 941 3460; x_wconf 85' lang='lat' dir='ltr'><strong>agentes</strong></span> <span class='ocrx_word' id='word_1_501' title='bbox 989 3391 1264 3449; x_wconf 79' lang='lat' dir='ltr'><strong>Eustachii</strong></span> <span class='ocrx_word' id='word_1_502' title='bbox 1310 3396 1630 3450; x_wconf 85' lang='lat' dir='ltr'><strong>sanctissimi</strong></span> <span class='ocrx_word' id='word_1_503' title='bbox 1685 3412 1783 3467; x_wconf 83' lang='lat' dir='ltr'><strong>pa-</strong></span> 
     </span>
    </p>
   </div>
   <div class='ocr_carea' id='block_1_65' title="bbox 205 3475 1782 3555">
    <p class='ocr_par' dir='ltr' id='par_1_65' title="bbox 205 3475 1782 3555">
     <span class='ocr_line' id='line_1_65' title="bbox 205 3475 1782 3555; baseline 0.011 -31"><span class='ocrx_word' id='word_1_504' title='bbox 205 3475 445 3531; x_wconf 77' lang='lat' dir='ltr'><strong>triarcha:</strong></span> <span class='ocrx_word' id='word_1_505' title='bbox 496 3477 994 3551; x_wconf 77' lang='lat' dir='ltr'><strong>liierosolymitaui,</strong></span> <span class='ocrx_word' id='word_1_506' title='bbox 1023 3497 1120 3553; x_wconf 90' lang='lat' dir='ltr'><strong>per</strong></span> <span class='ocrx_word' id='word_1_507' title='bbox 1148 3500 1311 3539; x_wconf 87' lang='lat' dir='ltr'><strong>unum</strong></span> <span class='ocrx_word' id='word_1_508' title='bbox 1362 3501 1426 3540; x_wconf 79' lang='lat' dir='ltr'><strong>ex</strong></span> <span class='ocrx_word' id='word_1_509' title='bbox 1479 3486 1628 3555; x_wconf 89' lang='lat' dir='ltr'><strong>ipsis,</strong></span> <span class='ocrx_word' id='word_1_510' title='bbox 1660 3487 1782 3541; x_wconf 89' lang='lat' dir='ltr'><strong>Ste-</strong></span> 
     </span>
    </p>
   </div>
   <div class='ocr_carea' id='block_1_66' title="bbox 203 3567 1780 3646">
    <p class='ocr_par' dir='ltr' id='par_1_66' title="bbox 203 3567 1780 3646">
     <span class='ocr_line' id='line_1_66' title="bbox 203 3567 1780 3646; baseline 0.008 -27"><span class='ocrx_word' id='word_1_511' title='bbox 203 3567 433 3634; x_wconf 81' lang='lat' dir='ltr'><strong>phanum</strong></span> <span class='ocrx_word' id='word_1_512' title='bbox 467 3571 928 3639; x_wconf 84' lang='lat' dir='ltr'><strong>religiosissimum</strong></span> <span class='ocrx_word' id='word_1_513' title='bbox 966 3574 1321 3645; x_wconf 72' lang='lat' dir='ltr'><strong>tepiscopum</strong></span> <span class='ocrx_word' id='word_1_514' title='bbox 1351 3575 1592 3646; x_wconf 70' lang='lat' dir='ltr'><strong>Raphim,</strong></span> <span class='ocrx_word' id='word_1_515' title='bbox 1626 3577 1780 3631; x_wconf 80' lang='lat' dir='ltr'><strong>dixe-</strong></span> 
     </span>
    </p>
   </div>
   <div class='ocr_carea' id='block_1_67' title="bbox 204 3660 1778 3736">
    <p class='ocr_par' dir='ltr' id='par_1_67' title="bbox 204 3660 1778 3736">
     <span class='ocr_line' id='line_1_67' title="bbox 204 3660 1778 3736; baseline 0.008 -25"><span class='ocrx_word' id='word_1_516' title='bbox 204 3667 320 3713; x_wconf 81' lang='lat' dir='ltr'><strong>runt</strong></span> <span class='ocrx_word' id='word_1_517' title='bbox 350 3680 363 3711; x_wconf 87' lang='lat'><strong>:</strong></span> <span class='ocrx_word' id='word_1_518' title='bbox 392 3660 715 3718; x_wconf 80' lang='lat' dir='ltr'><strong>Theodorus</strong></span> <span class='ocrx_word' id='word_1_519' title='bbox 761 3665 841 3719; x_wconf 86' lang='lat' dir='ltr'><strong>vir</strong></span> <span class='ocrx_word' id='word_1_520' title='bbox 869 3665 1179 3736; x_wconf 87' lang='lat' dir='ltr'><strong>magniﬁcus</strong></span> <span class='ocrx_word' id='word_1_521' title='bbox 1199 3678 1379 3730; x_wconf 84' lang='lat' dir='ltr'><strong>exeat.</strong></span> <span class='ocrx_word' id='word_1_522' title='bbox 1410 3684 1531 3723; x_wconf 91' lang='lat' dir='ltr'><strong>cum</strong></span> <span class='ocrx_word' id='word_1_523' title='bbox 1561 3667 1778 3724; x_wconf 87' lang='lat' dir='ltr'><strong>satisfe-</strong></span> 
     </span>
    </p>
   </div>
   <div class='ocr_carea' id='block_1_68' title="bbox 204 3750 1785 3825">
    <p class='ocr_par' dir='ltr' id='par_1_68' title="bbox 204 3750 1785 3825">
     <span class='ocr_line' id='line_1_68' title="bbox 204 3750 1785 3825; baseline 0.006 -23"><span class='ocrx_word' id='word_1_524' title='bbox 204 3750 329 3803; x_wconf 75' lang='lat' dir='ltr'><strong>cerit</strong></span> <span class='ocrx_word' id='word_1_525' title='bbox 358 3759 385 3797; x_wconf 77' lang='grc' dir='ltr'><strong>ι</strong></span> <span class='ocrx_word' id='word_1_526' title='bbox 416 3752 643 3820; x_wconf 84' lang='lat' dir='ltr'><strong>piissimi</strong></span> <span class='ocrx_word' id='word_1_527' title='bbox 692 3753 1033 3823; x_wconf 87' lang='lat' dir='ltr'><strong>imperatoris</strong></span> <span class='ocrx_word' id='word_1_528' title='bbox 1056 3755 1306 3825; x_wconf 86' lang='lat' dir='ltr'><strong>jussioni.</strong></span> <span class='ocrx_word' id='word_1_529' title='bbox 1340 3755 1406 3810; x_wconf 83' lang='lat' dir='ltr'><strong>Et</strong></span> <span class='ocrx_word' id='word_1_530' title='bbox 1433 3771 1554 3811; x_wconf 89' lang='lat' dir='ltr'><strong>eum</strong></span> <span class='ocrx_word' id='word_1_531' title='bbox 1585 3757 1785 3811; x_wconf 84' lang='lat' dir='ltr'><strong>exisset</strong></span> 
     </span>
    </p>
   </div>
   <div class='ocr_carea' id='block_1_69' title="bbox 207 3839 1779 3917">
    <p class='ocr_par' dir='ltr' id='par_1_69' title="bbox 207 3839 1779 3917">
     <span class='ocr_line' id='line_1_69' title="bbox 207 3839 1779 3917; baseline 0.006 -25"><span class='ocrx_word' id='word_1_532' title='bbox 207 3839 281 3892; x_wconf 73' lang='lat' dir='ltr'><strong>rir</strong></span> <span class='ocrx_word' id='word_1_533' title='bbox 316 3843 634 3910; x_wconf 79' lang='lat' dir='ltr'><strong>spectabilis</strong></span> <span class='ocrx_word' id='word_1_534' title='bbox 682 3844 1023 3909; x_wconf 88' lang='lat' dir='ltr'><strong>silentiarius,</strong></span> <span class='ocrx_word' id='word_1_535' title='bbox 1057 3855 1244 3900; x_wconf 84' lang='lat' dir='ltr'><strong>sancta</strong></span> <span class='ocrx_word' id='word_1_536' title='bbox 1292 3847 1533 3917; x_wconf 85' lang='lat' dir='ltr'><strong>synodus</strong></span> <span class='ocrx_word' id='word_1_537' title='bbox 1576 3847 1711 3901; x_wconf 81' lang='lat' dir='ltr'><strong>dixit</strong></span> <span class='ocrx_word' id='word_1_538' title='bbox 1767 3865 1779 3901; x_wconf 89' lang='lat'><strong>:</strong></span> 
     </span>
    </p>
   </div>
   <div class='ocr_carea' id='block_1_70' title="bbox 208 3928 1778 4010">
    <p class='ocr_par' dir='ltr' id='par_1_70' title="bbox 208 3928 1778 4010">
     <span class='ocr_line' id='line_1_70' title="bbox 208 3928 1778 4010; baseline 0.007 -26"><span class='ocrx_word' id='word_1_539' title='bbox 208 3928 379 3988; x_wconf 76' lang='lat' dir='ltr'><strong>Certis</strong></span> <span class='ocrx_word' id='word_1_540' title='bbox 403 3936 738 4004; x_wconf 86' lang='lat' dir='ltr'><strong>constitutis,</strong></span> <span class='ocrx_word' id='word_1_541' title='bbox 764 3952 883 4007; x_wconf 72' lang='lat' dir='ltr'><strong>quae</strong></span> <span class='ocrx_word' id='word_1_542' title='bbox 932 3938 1068 3993; x_wconf 88' lang='lat' dir='ltr'><strong>lecta</strong></span> <span class='ocrx_word' id='word_1_543' title='bbox 1117 3940 1379 4010; x_wconf 88' lang='lat' dir='ltr'><strong>imperiali</strong></span> <span class='ocrx_word' id='word_1_544' title='bbox 1405 3940 1573 3995; x_wconf 87' lang='lat' dir='ltr'><strong>forma</strong></span> <span class='ocrx_word' id='word_1_545' title='bbox 1604 3942 1778 3996; x_wconf 87' lang='lat' dir='ltr'><strong>conti-</strong></span> 
     </span>
    </p>
   </div>
   <div class='ocr_carea' id='block_1_71' title="bbox 210 4027 1786 4099">
    <p class='ocr_par' dir='ltr' id='par_1_71' title="bbox 210 4027 1786 4099">
     <span class='ocr_line' id='line_1_71' title="bbox 210 4027 1786 4099; baseline 0.006 -24"><span class='ocrx_word' id='word_1_546' title='bbox 210 4032 419 4085; x_wconf 76' lang='lat' dir='ltr'><strong>nentur,</strong></span> <span class='ocrx_word' id='word_1_547' title='bbox 449 4027 709 4094; x_wconf 88' lang='lat' dir='ltr'><strong>quoniam</strong></span> <span class='ocrx_word' id='word_1_548' title='bbox 738 4028 879 4084; x_wconf 90' lang='lat' dir='ltr'><strong>inter</strong></span> <span class='ocrx_word' id='word_1_549' title='bbox 906 4046 1002 4084; x_wconf 91' lang='lat' dir='ltr'><strong>nos</strong></span> <span class='ocrx_word' id='word_1_550' title='bbox 1030 4038 1085 4083; x_wconf 93' lang='lat' dir='ltr'><strong>et</strong></span> <span class='ocrx_word' id='word_1_551' title='bbox 1110 4030 1358 4099; x_wconf 85' lang='lat' dir='ltr'><strong>Vigilium</strong></span> <span class='ocrx_word' id='word_1_552' title='bbox 1388 4032 1786 4087; x_wconf 87' lang='lat' dir='ltr'><strong>sanctissimum</strong></span> 
     </span>
    </p>
   </div>
   <div class='ocr_carea' id='block_1_72' title="bbox 208 4115 1784 4193">
    <p class='ocr_par' dir='ltr' id='par_1_72' title="bbox 208 4115 1784 4193">
     <span class='ocr_line' id='line_1_72' title="bbox 208 4115 1784 4193; baseline 0.007 -28"><span class='ocrx_word' id='word_1_553' title='bbox 208 4115 519 4185; x_wconf 81' lang='lat' dir='ltr'><strong>antiquioris</strong></span> <span class='ocrx_word' id='word_1_554' title='bbox 550 4116 735 4172; x_wconf 58' lang='lat' dir='ltr'><strong>Romae.</strong></span> <span class='ocrx_word' id='word_1_555' title='bbox 751 4134 939 4189; x_wconf 87' lang='lat' dir='ltr'><strong>papam</strong></span> <span class='ocrx_word' id='word_1_556' title='bbox 959 4121 1155 4193; x_wconf 88' lang='lat' dir='ltr'><strong>scripta</strong></span> <span class='ocrx_word' id='word_1_557' title='bbox 1177 4123 1418 4192; x_wconf 62' lang='lat' dir='ltr'><strong>quaadam</strong></span> <span class='ocrx_word' id='word_1_558' title='bbox 1448 4121 1585 4177; x_wconf 88' lang='lat' dir='ltr'><strong>facta</strong></span> <span class='ocrx_word' id='word_1_559' title='bbox 1608 4132 1731 4177; x_wconf 89' lang='lat' dir='ltr'><strong>sunt</strong></span> <span class='ocrx_word' id='word_1_560' title='bbox 1757 4120 1784 4160; x_wconf 69' lang='grc' dir='ltr'><strong>ι</strong></span> 
     </span>
    </p>
   </div>
   <div class='ocr_carea' id='block_1_73' title="bbox 209 4210 1785 4285">
    <p class='ocr_par' dir='ltr' id='par_1_73' title="bbox 209 4210 1785 4285">
     <span class='ocr_line' id='line_1_73' title="bbox 209 4210 1785 4285; baseline 0.004 -24"><span class='ocrx_word' id='word_1_561' title='bbox 209 4210 546 4278; x_wconf 69' lang='lat' dir='ltr'><strong>respicientis</strong></span> <span class='ocrx_word' id='word_1_562' title='bbox 571 4211 731 4284; x_wconf 77' lang='lat' dir='ltr'><strong>[adde</strong></span> <span class='ocrx_word' id='word_1_563' title='bbox 759 4212 826 4266; x_wconf 88' lang='lat' dir='ltr'><strong>ad</strong></span> <span class='ocrx_word' id='word_1_564' title='bbox 873 4224 1193 4284; x_wconf 73' lang='lat' dir='ltr'><strong>prmsentem</strong></span> <span class='ocrx_word' id='word_1_565' title='bbox 1237 4212 1500 4285; x_wconf 87' lang='lat' dir='ltr'><strong>causam],</strong></span> <span class='ocrx_word' id='word_1_566' title='bbox 1535 4230 1785 4271; x_wconf 89' lang='lat' dir='ltr'><strong>necessa-</strong></span> 
     </span>
    </p>
   </div>
   <div class='ocr_carea' id='block_1_74' title="bbox 206 4298 1788 4371">
    <p class='ocr_par' dir='ltr' id='par_1_74' title="bbox 206 4298 1788 4371">
     <span class='ocr_line' id='line_1_74' title="bbox 206 4298 1788 4371; baseline 0.003 -17"><span class='ocrx_word' id='word_1_567' title='bbox 206 4298 340 4353; x_wconf 83' lang='lat' dir='ltr'><strong>rium</strong></span> <span class='ocrx_word' id='word_1_568' title='bbox 371 4316 492 4357; x_wconf 87' lang='lat' dir='ltr'><strong>esse</strong></span> <span class='ocrx_word' id='word_1_569' title='bbox 520 4310 770 4371; x_wconf 86' lang='lat' dir='ltr'><strong>putamus</strong></span> <span class='ocrx_word' id='word_1_570' title='bbox 790 4312 914 4359; x_wconf 88' lang='lat' dir='ltr'><strong>ante</strong></span> <span class='ocrx_word' id='word_1_571' title='bbox 938 4304 1041 4358; x_wconf 89' lang='lat' dir='ltr'><strong>alia</strong></span> <span class='ocrx_word' id='word_1_572' title='bbox 1070 4305 1251 4359; x_wconf 89' lang='lat' dir='ltr'><strong>omnia</strong></span> <span class='ocrx_word' id='word_1_573' title='bbox 1282 4306 1393 4359; x_wconf 72' lang='lat' dir='ltr'><strong>tunc</strong></span> <span class='ocrx_word' id='word_1_574' title='bbox 1413 4304 1645 4360; x_wconf 88' lang='lat' dir='ltr'><strong>lectione</strong></span> <span class='ocrx_word' id='word_1_575' title='bbox 1674 4320 1788 4359; x_wconf 81' lang='lat' dir='ltr'><strong>ma—</strong></span> 
     </span>
    </p>
   </div>
   <div class='ocr_carea' id='block_1_75' title="bbox 206 4390 1789 4466">
    <p class='ocr_par' dir='ltr' id='par_1_75' title="bbox 206 4390 1789 4466">
     <span class='ocr_line' id='line_1_75' title="bbox 206 4390 1789 4466; baseline 0.004 -23"><span class='ocrx_word' id='word_1_576' title='bbox 206 4390 466 4447; x_wconf 81' lang='lat' dir='ltr'><strong>nifestari.</strong></span> <span class='ocrx_word' id='word_1_577' title='bbox 494 4390 561 4446; x_wconf 80' lang='lat' dir='ltr'><strong>Et</strong></span> <span class='ocrx_word' id='word_1_578' title='bbox 607 4408 733 4448; x_wconf 87' lang='lat' dir='ltr'><strong>cum</strong></span> <span class='ocrx_word' id='word_1_579' title='bbox 778 4396 1102 4465; x_wconf 85' lang='lat' dir='ltr'><strong>suscepisset</strong></span> <span class='ocrx_word' id='word_1_580' title='bbox 1127 4394 1432 4466; x_wconf 87' lang='lat' dir='ltr'><strong>Stephanus</strong></span> <span class='ocrx_word' id='word_1_581' title='bbox 1461 4395 1701 4450; x_wconf 84' lang='lat' dir='ltr'><strong>notarius</strong></span> <span class='ocrx_word' id='word_1_582' title='bbox 1731 4404 1789 4450; x_wconf 91' lang='lat' dir='ltr'><strong>et</strong></span> 
     </span>
    </p>
   </div>
   <div class='ocr_carea' id='block_1_76' title="bbox 208 4478 996 4550">
    <p class='ocr_par' dir='ltr' id='par_1_76' title="bbox 208 4478 996 4550">
     <span class='ocr_line' id='line_1_76' title="bbox 208 4478 996 4550; baseline 0.008 -17"><span class='ocrx_word' id='word_1_583' title='bbox 208 4478 699 4550; x_wconf 80' lang='lat' dir='ltr'><strong>instrumentarius,</strong></span> <span class='ocrx_word' id='word_1_584' title='bbox 729 4486 996 4541; x_wconf 66' lang='lat' dir='ltr'><strong>recitavit.</strong></span> 
     </span>
    </p>
   </div>
   <div class='ocr_carea' id='block_1_77' title="bbox 454 4594 1551 4669">
    <p class='ocr_par' dir='ltr' id='par_1_77' title="bbox 454 4594 1551 4669">
     <span class='ocr_line' id='line_1_77' title="bbox 454 4594 1551 4669; baseline 0.005 -22"><span class='ocrx_word' id='word_1_585' title='bbox 454 4594 786 4651; x_wconf 79' lang='lat' dir='ltr'><strong>EPISTOLA</strong></span> <span class='ocrx_word' id='word_1_586' title='bbox 816 4598 959 4669; x_wconf 85' lang='lat' dir='ltr'><strong>(olim</strong></span> <span class='ocrx_word' id='word_1_587' title='bbox 990 4596 1060 4667; x_wconf 81' lang='grc' dir='ltr'><strong>Χ)</strong></span> <span class='ocrx_word' id='word_1_588' title='bbox 1094 4597 1317 4654; x_wconf 72' lang='lat' dir='ltr'><strong>V&#39;lGlLll</strong></span> <span class='ocrx_word' id='word_1_589' title='bbox 1348 4595 1551 4652; x_wconf 70' lang='grc' dir='ltr'><strong>ΡΑΡιλΕ</strong></span> 
     </span>
    </p>
   </div>
   <div class='ocr_carea' id='block_1_78' title="bbox 562 4702 1433 4743">
    <p class='ocr_par' dir='ltr' id='par_1_78' title="bbox 562 4702 1433 4743">
     <span class='ocr_line' id='line_1_78' title="bbox 562 4702 1433 4743; baseline 0.002 -4"><span class='ocrx_word' id='word_1_590' title='bbox 562 4702 629 4740; x_wconf 70' lang='grc' dir='ltr'><strong>ΑΒ</strong></span> <span class='ocrx_word' id='word_1_591' title='bbox 654 4702 995 4743; x_wconf 64' lang='grc' dir='ltr'>Αυιιειιιικυιι</span> <span class='ocrx_word' id='word_1_592' title='bbox 1028 4703 1433 4743; x_wconf 67' lang='grc' dir='ltr'>Διιειιιτειιειςιι.</span> 
     </span>
    </p>
   </div>
   <div class='ocr_carea' id='block_1_79' title="bbox 218 4768 1789 4847">
    <p class='ocr_par' dir='ltr' id='par_1_79' title="bbox 218 4768 1789 4847">
     <span class='ocr_line' id='line_1_79' title="bbox 218 4768 1789 4847; baseline 0.005 -25"><span class='ocrx_word' id='word_1_593' title='bbox 218 4768 338 4826; x_wconf 74' lang='lat' dir='ltr'><strong>Post</strong></span> <span class='ocrx_word' id='word_1_594' title='bbox 361 4774 559 4829; x_wconf 83' lang='lat' dir='ltr'><strong>obitum</strong></span> <span class='ocrx_word' id='word_1_595' title='bbox 588 4778 828 4847; x_wconf 68' lang='lat' dir='ltr'><strong>Auxanii</strong></span> <span class='ocrx_word' id='word_1_596' title='bbox 841 4794 963 4832; x_wconf 81' lang='lat' dir='ltr'><strong>suas</strong></span> <span class='ocrx_word' id='word_1_597' title='bbox 991 4779 1275 4832; x_wconf 78' lang='lat' dir='ltr'><strong>Aureliano</strong></span> <span class='ocrx_word' id='word_1_598' title='bbox 1302 4781 1542 4847; x_wconf 75' lang='lat' dir='ltr'><strong>episwpo</strong></span> <span class='ocrx_word' id='word_1_599' title='bbox 1572 4777 1705 4831; x_wconf 77' lang='lat' dir='ltr'><strong>vices</strong></span> <span class='ocrx_word' id='word_1_600' title='bbox 1733 4777 1789 4830; x_wconf 89' lang='lat' dir='ltr'><strong>in</strong></span> 
     </span>
    </p>
   </div>
   <div class='ocr_carea' id='block_1_80' title="bbox 786 4844 1211 4919">
    <p class='ocr_par' dir='ltr' id='par_1_80' title="bbox 786 4844 1211 4919">
     <span class='ocr_line' id='line_1_80' title="bbox 786 4844 1211 4919; baseline -0.002 -19"><span class='ocrx_word' id='word_1_601' title='bbox 786 4844 960 4901; x_wconf 82' lang='lat' dir='ltr'><strong>Gallia</strong></span> <span class='ocrx_word' id='word_1_602' title='bbox 989 4847 1211 4919; x_wconf 80' lang='lat' dir='ltr'><strong>delegat.</strong></span> 
     </span>
    </p>
   </div>
   <div class='ocr_carea' id='block_1_81' title="bbox 286 4931 1399 5005">
    <p class='ocr_par' dir='ltr' id='par_1_81' title="bbox 286 4931 1399 5005">
     <span class='ocr_line' id='line_1_81' title="bbox 286 4931 1399 5005; baseline 0.007 -21"><span class='ocrx_word' id='word_1_603' title='bbox 286 4931 638 4991; x_wconf 80' lang='lat' dir='ltr'><strong>Dilertissimo</strong></span> <span class='ocrx_word' id='word_1_604' title='bbox 668 4935 815 4991; x_wconf 80' lang='lat' dir='ltr'><strong>fratri</strong></span> <span class='ocrx_word' id='word_1_605' title='bbox 846 4937 1132 4993; x_wconf 83' lang='lat' dir='ltr'><strong>Aureliano</strong></span> <span class='ocrx_word' id='word_1_606' title='bbox 1162 4937 1399 5005; x_wconf 82' lang='lat' dir='ltr'><strong>Vigilius.</strong></span> 
     </span>
    </p>
   </div>
   <div class='ocr_carea' id='block_1_82' title="bbox 282 5023 1792 5084">
    <p class='ocr_par' dir='ltr' id='par_1_82' title="bbox 282 5023 1792 5084">
     <span class='ocr_line' id='line_1_82' title="bbox 282 5023 1792 5084; baseline 0.006 -9"><span class='ocrx_word' id='word_1_607' title='bbox 282 5023 817 5082; x_wconf 70' lang='lat' dir='ltr'><strong>Administratimiem</strong></span> <span class='ocrx_word' id='word_1_608' title='bbox 877 5029 1057 5083; x_wconf 86' lang='lat' dir='ltr'><strong>vicum</strong></span> <span class='ocrx_word' id='word_1_609' title='bbox 1109 5038 1412 5084; x_wconf 86' lang='lat' dir='ltr'><strong>nostrarum</strong></span> <span class='ocrx_word' id='word_1_610' title='bbox 1475 5028 1792 5084; x_wconf 83' lang='lat' dir='ltr'><strong>fraternitati</strong></span> 
     </span>
    </p>
   </div>
   <div class='ocr_carea' id='block_1_83' title="bbox 210 5116 1792 5185">
    <p class='ocr_par' dir='ltr' id='par_1_83' title="bbox 210 5116 1792 5185">
     <span class='ocr_line' id='line_1_83' title="bbox 210 5116 1792 5185; baseline 0.005 -20"><span class='ocrx_word' id='word_1_611' title='bbox 210 5124 403 5167; x_wconf 52' lang='lat' dir='ltr'><strong>r&#39;strre</strong></span> <span class='ocrx_word' id='word_1_612' title='bbox 433 5117 614 5171; x_wconf 87' lang='lat' dir='ltr'><strong>animo</strong></span> <span class='ocrx_word' id='word_1_613' title='bbox 639 5116 827 5173; x_wconf 82' lang='lat' dir='ltr'><strong>libenti</strong></span> <span class='ocrx_word' id='word_1_614' title='bbox 851 5118 1256 5185; x_wconf 86' lang='lat' dir='ltr'><strong>committimus,</strong></span> <span class='ocrx_word' id='word_1_615' title='bbox 1290 5128 1339 5172; x_wconf 89' lang='lat' dir='ltr'><strong>et</strong></span> <span class='ocrx_word' id='word_1_616' title='bbox 1372 5118 1637 5173; x_wconf 85' lang='lat' dir='ltr'><strong>credimus</strong></span> <span class='ocrx_word' id='word_1_617' title='bbox 1665 5119 1792 5173; x_wconf 86' lang='lat' dir='ltr'><strong>cha-</strong></span> 
     </span>
    </p>
   </div>
   <div class='ocr_carea' id='block_1_84' title="bbox 210 5204 1792 5278">
    <p class='ocr_par' dir='ltr' id='par_1_84' title="bbox 210 5204 1792 5278">
     <span class='ocr_line' id='line_1_84' title="bbox 210 5204 1792 5278; baseline 0.006 -25"><span class='ocrx_word' id='word_1_618' title='bbox 210 5205 388 5259; x_wconf 80' lang='lat' dir='ltr'><strong>r;tatis</strong></span> <span class='ocrx_word' id='word_1_619' title='bbox 432 5216 625 5259; x_wconf 56' lang='lat' dir='ltr'><strong>vestrm</strong></span> <span class='ocrx_word' id='word_1_620' title='bbox 669 5204 847 5263; x_wconf 82' lang='lat' dir='ltr'><strong>ofﬁcio</strong></span> <span class='ocrx_word' id='word_1_621' title='bbox 876 5207 1088 5262; x_wconf 89' lang='lat' dir='ltr'><strong>actibus</strong></span> <span class='ocrx_word' id='word_1_622' title='bbox 1131 5207 1242 5262; x_wconf 85' lang='lat' dir='ltr'><strong>Deo</strong></span> <span class='ocrx_word' id='word_1_623' title='bbox 1272 5208 1481 5278; x_wconf 89' lang='lat' dir='ltr'><strong>placitis</strong></span> <span class='ocrx_word' id='word_1_624' title='bbox 1508 5206 1792 5275; x_wconf 86' lang='lat' dir='ltr'><strong>diligenter</strong></span> 
     </span>
    </p>
   </div>
   <div class='ocr_carea' id='block_1_85' title="bbox 211 5293 1790 5365">
    <p class='ocr_par' dir='ltr' id='par_1_85' title="bbox 211 5293 1790 5365">
     <span class='ocr_line' id='line_1_85' title="bbox 211 5293 1790 5365; baseline 0.004 -22"><span class='ocrx_word' id='word_1_625' title='bbox 211 5293 470 5346; x_wconf 64' lang='lat' dir='ltr'><strong>nivem</strong></span> <span class='ocrx_word' id='word_1_626' title='bbox 501 5293 793 5363; x_wconf 74' lang='lat' dir='ltr'><strong>compleri;</strong></span> <span class='ocrx_word' id='word_1_627' title='bbox 821 5297 1039 5365; x_wconf 86' lang='lat' dir='ltr'><strong>quando</strong></span> <span class='ocrx_word' id='word_1_628' title='bbox 1058 5304 1113 5351; x_wconf 90' lang='lat' dir='ltr'><strong>et</strong></span> <span class='ocrx_word' id='word_1_629' title='bbox 1139 5297 1333 5351; x_wconf 87' lang='lat' dir='ltr'><strong>summi</strong></span> <span class='ocrx_word' id='word_1_630' title='bbox 1355 5296 1639 5351; x_wconf 87' lang='lat' dir='ltr'><strong>sacerdotii</strong></span> <span class='ocrx_word' id='word_1_631' title='bbox 1661 5312 1790 5351; x_wconf 88' lang='lat' dir='ltr'><strong>con-</strong></span> 
     </span>
    </p>
   </div>
   <div class='ocr_carea' id='block_1_86' title="bbox 208 5381 1788 5457">
    <p class='ocr_par' dir='ltr' id='par_1_86' title="bbox 208 5381 1788 5457">
     <span class='ocr_line' id='line_1_86' title="bbox 208 5381 1788 5457; baseline 0.006 -24"><span class='ocrx_word' id='word_1_632' title='bbox 208 5381 388 5436; x_wconf 79' lang='lat' dir='ltr'><strong>sortio</strong></span> <span class='ocrx_word' id='word_1_633' title='bbox 412 5397 512 5438; x_wconf 74' lang='lat' dir='ltr'><strong>vos</strong></span> <span class='ocrx_word' id='word_1_634' title='bbox 537 5382 729 5452; x_wconf 80' lang='lat' dir='ltr'><strong>dignos</strong></span> <span class='ocrx_word' id='word_1_635' title='bbox 752 5385 930 5441; x_wconf 83' lang='lat' dir='ltr'><strong>divina</strong></span> <span class='ocrx_word' id='word_1_636' title='bbox 952 5400 1071 5442; x_wconf 83' lang='lat' dir='ltr'><strong>esse</strong></span> <span class='ocrx_word' id='word_1_637' title='bbox 1090 5386 1263 5456; x_wconf 82' lang='lat' dir='ltr'><strong>gratia</strong></span> <span class='ocrx_word' id='word_1_638' title='bbox 1285 5386 1565 5456; x_wconf 81' lang='lat' dir='ltr'><strong>judicavit,</strong></span> <span class='ocrx_word' id='word_1_639' title='bbox 1594 5395 1650 5442; x_wconf 87' lang='lat' dir='ltr'><strong>et</strong></span> <span class='ocrx_word' id='word_1_640' title='bbox 1670 5388 1788 5457; x_wconf 86' lang='lat' dir='ltr'><strong>glo-</strong></span> 
     </span>
    </p>
   </div>
   <div class='ocr_carea' id='block_1_87' title="bbox 284 5488 1374 5558">
    <p class='ocr_par' dir='ltr' id='par_1_87' title="bbox 284 5488 1374 5558">
     <span class='ocr_line' id='line_1_87' title="bbox 284 5488 1374 5558; baseline 0.005 -13"><span class='ocrx_word' id='word_1_641' title='bbox 284 5496 309 5525; x_wconf 88' lang='grc'><strong><em>⁸</em></strong></span> <span class='ocrx_word' id='word_1_642' title='bbox 344 5488 571 5558; x_wconf 63' lang='lat' dir='ltr'><strong>Veteres</strong></span> <span class='ocrx_word' id='word_1_643' title='bbox 589 5492 726 5558; x_wconf 87' lang='lat' dir='ltr'><strong>libri,</strong></span> <span class='ocrx_word' id='word_1_644' title='bbox 751 5504 931 5551; x_wconf 80' lang='lat' dir='ltr'><strong>sancto</strong></span> <span class='ocrx_word' id='word_1_645' title='bbox 948 5494 1374 5551; x_wconf 75' lang='lat' dir='ltr'><strong>Chalcedonensi.</strong></span> 
     </span>
    </p>
   </div>
   <div class='ocr_carea' id='block_1_88' title="bbox 282 5557 1267 5635">
    <p class='ocr_par' dir='ltr' id='par_1_88' title="bbox 282 5557 1267 5635">
     <span class='ocr_line' id='line_1_88' title="bbox 282 5557 1267 5635; baseline 0.002 -18"><span class='ocrx_word' id='word_1_646' title='bbox 282 5558 309 5595; x_wconf 63' lang='grc'><strong>⁵</strong></span> <span class='ocrx_word' id='word_1_647' title='bbox 348 5557 520 5635; x_wconf 59' lang='lat' dir='ltr'><strong>faris.</strong></span> <span class='ocrx_word' id='word_1_648' title='bbox 566 5570 795 5635; x_wconf 74' lang='lat' dir='ltr'><strong>tantum,</strong></span> <span class='ocrx_word' id='word_1_649' title='bbox 822 5567 997 5635; x_wconf 71' lang='lat' dir='ltr'><strong>impia</strong></span> <span class='ocrx_word' id='word_1_650' title='bbox 1013 5566 1267 5635; x_wconf 66' lang='lat' dir='ltr'><strong>epistolis.</strong></span> 
     </span>
    </p>
   </div>
   <div class='ocr_carea' id='block_1_89' title="bbox 288 5627 1382 5704">
    <p class='ocr_par' dir='ltr' id='par_1_89' title="bbox 288 5627 1382 5704">
     <span class='ocr_line' id='line_1_89' title="bbox 288 5627 1382 5704; baseline 0.006 -22"><span class='ocrx_word' id='word_1_651' title='bbox 288 5638 311 5704; x_wconf 67' lang='grc' dir='ltr'><strong><em>τ</em></strong></span> <span class='ocrx_word' id='word_1_652' title='bbox 350 5627 621 5704; x_wconf 55' lang='grc' dir='ltr'><strong>ξξεξιονειο.</strong></span> <span class='ocrx_word' id='word_1_653' title='bbox 651 5642 700 5688; x_wconf 75' lang='lat' dir='ltr'><strong>et</strong></span> <span class='ocrx_word' id='word_1_654' title='bbox 728 5627 815 5687; x_wconf 82' lang='lat' dir='ltr'><strong>hic</strong></span> <span class='ocrx_word' id='word_1_655' title='bbox 842 5627 1076 5704; x_wconf 62' lang='lat' dir='ltr'><strong>et&#39;paul&#39;o</strong></span> <span class='ocrx_word' id='word_1_656' title='bbox 1106 5645 1246 5704; x_wconf 82' lang='lat' dir='ltr'><strong>post,</strong></span> <span class='ocrx_word' id='word_1_657' title='bbox 1276 5651 1382 5689; x_wconf 76' lang='lat' dir='ltr'><strong>ros.</strong></span> 
     </span>
    </p>
   </div>
   <div class='ocr_carea' id='block_1_90' title="bbox 284 5693 1332 5769">
    <p class='ocr_par' dir='ltr' id='par_1_90' title="bbox 284 5693 1332 5769">
     <span class='ocr_line' id='line_1_90' title="bbox 284 5693 1332 5769; baseline 0.01 -20"><span class='ocrx_word' id='word_1_658' title='bbox 284 5693 309 5731; x_wconf 87' lang='grc'><em>·³</em></span> <span class='ocrx_word' id='word_1_659' title='bbox 338 5696 614 5769; x_wconf 52' lang='lat' dir='ltr'><strong>fit-floreo.</strong></span> <span class='ocrx_word' id='word_1_660' title='bbox 644 5712 699 5759; x_wconf 87' lang='lat' dir='ltr'><strong>et</strong></span> <span class='ocrx_word' id='word_1_661' title='bbox 725 5693 937 5759; x_wconf 67' lang='lat' dir='ltr'><strong>veteres</strong></span> <span class='ocrx_word' id='word_1_662' title='bbox 961 5693 1122 5769; x_wconf 62' lang='lat' dir='ltr'><strong>edit.,&#39;</strong></span> <span class='ocrx_word' id='word_1_663' title='bbox 1147 5693 1332 5759; x_wconf 77' lang='lat' dir='ltr'><strong>Datur.</strong></span> 
     </span>
    </p>
   </div>
   <div class='ocr_carea' id='block_1_91' title="bbox 296 5765 1765 5839">
    <p class='ocr_par' dir='ltr' id='par_1_91' title="bbox 296 5765 1765 5839">
     <span class='ocr_line' id='line_1_91' title="bbox 296 5765 1765 5839; baseline 0.002 -18"><span class='ocrx_word' id='word_1_664' title='bbox 296 5776 321 5803; x_wconf 78' lang='grc' dir='ltr'><strong><em>ο</em></strong></span> <span class='ocrx_word' id='word_1_665' title='bbox 338 5765 561 5827; x_wconf 70' lang='lat' dir='ltr'><strong>Veteres</strong></span> <span class='ocrx_word' id='word_1_666' title='bbox 572 5771 712 5839; x_wconf 86' lang='lat' dir='ltr'><strong>libri,</strong></span> <span class='ocrx_word' id='word_1_667' title='bbox 726 5789 779 5828; x_wconf 88' lang='grc' dir='ltr'><strong>ιιι</strong></span> <span class='ocrx_word' id='word_1_668' title='bbox 792 5790 975 5829; x_wconf 63' lang='lat' dir='ltr'><strong>pronas.</strong></span> <span class='ocrx_word' id='word_1_669' title='bbox 990 5772 1080 5831; x_wconf 90' lang='lat' dir='ltr'><strong>Sic</strong></span> <span class='ocrx_word' id='word_1_670' title='bbox 1090 5765 1250 5830; x_wconf 79' lang='lat' dir='ltr'><strong>etiam</strong></span> <span class='ocrx_word' id='word_1_671' title='bbox 1262 5782 1470 5829; x_wconf 79' lang='lat' dir='ltr'><strong>veteres</strong></span> <span class='ocrx_word' id='word_1_672' title='bbox 1481 5768 1678 5828; x_wconf 84' lang='lat' dir='ltr'><strong>editior</strong></span> <span class='ocrx_word' id='word_1_673' title='bbox 1686 5787 1765 5827; x_wconf 87' lang='lat' dir='ltr'><strong>es.</strong></span> 
     </span>
    </p>
   </div>
   <div class='ocr_carea' id='block_1_92' title="bbox 1818 4526 1873 4586">
    <p class='ocr_par' dir='ltr' id='par_1_92' title="bbox 1818 4526 1873 4586">
     <span class='ocr_line' id='line_1_92' title="bbox 1818 4526 1873 4586; baseline 0 0"><span class='ocrx_word' id='word_1_674' title='bbox 1818 4526 1873 4586; x_wconf 88' lang='lat' dir='ltr'><strong>D</strong></span> 
     </span>
    </p>
   </div>
   <div class='ocr_carea' id='block_1_93' title="bbox 1878 3213 3449 3284">
    <p class='ocr_par' dir='ltr' id='par_1_93' title="bbox 1878 3213 3449 3284">
     <span class='ocr_line' id='line_1_93' title="bbox 1878 3213 3449 3284; baseline -0.001 -15"><span class='ocrx_word' id='word_1_675' title='bbox 1878 3213 2173 3269; x_wconf 86' lang='lat' dir='ltr'><strong>secundum</strong></span> <span class='ocrx_word' id='word_1_676' title='bbox 2212 3214 2527 3283; x_wconf 86' lang='lat' dir='ltr'><strong>qualitatem</strong></span> <span class='ocrx_word' id='word_1_677' title='bbox 2571 3216 2775 3284; x_wconf 85' lang='lat' dir='ltr'><strong>negotii</strong></span> <span class='ocrx_word' id='word_1_678' title='bbox 2820 3229 3045 3270; x_wconf 89' lang='lat' dir='ltr'><strong>numero</strong></span> <span class='ocrx_word' id='word_1_679' title='bbox 3090 3222 3449 3283; x_wconf 81' lang='lat' dir='ltr'><strong>competente,</strong></span> 
     </span>
    </p>
   </div>
   <div class='ocr_carea' id='block_1_94' title="bbox 1883 3306 3451 3378">
    <p class='ocr_par' dir='ltr' id='par_1_94' title="bbox 1883 3306 3451 3378">
     <span class='ocr_line' id='line_1_94' title="bbox 1883 3306 3451 3378; baseline 0 -18"><span class='ocrx_word' id='word_1_680' title='bbox 1883 3321 2101 3361; x_wconf 86' lang='lat' dir='ltr'><strong>causam</strong></span> <span class='ocrx_word' id='word_1_681' title='bbox 2148 3307 2407 3361; x_wconf 89' lang='lat' dir='ltr'><strong>canonica</strong></span> <span class='ocrx_word' id='word_1_682' title='bbox 2456 3316 2509 3361; x_wconf 88' lang='lat' dir='ltr'><strong>et</strong></span> <span class='ocrx_word' id='word_1_683' title='bbox 2562 3308 2857 3378; x_wconf 87' lang='lat' dir='ltr'><strong>apostolica</strong></span> <span class='ocrx_word' id='word_1_684' title='bbox 2904 3307 3241 3362; x_wconf 88' lang='lat' dir='ltr'><strong>ordinatione</strong></span> <span class='ocrx_word' id='word_1_685' title='bbox 3270 3306 3451 3361; x_wconf 84' lang='lat' dir='ltr'><strong>discu-</strong></span> 
     </span>
    </p>
   </div>
   <div class='ocr_carea' id='block_1_95' title="bbox 1882 3394 3455 3467">
    <p class='ocr_par' dir='ltr' id='par_1_95' title="bbox 1882 3394 3455 3467">
     <span class='ocr_line' id='line_1_95' title="bbox 1882 3394 3455 3467; baseline -0.002 -16"><span class='ocrx_word' id='word_1_686' title='bbox 1882 3398 2041 3459; x_wconf 88' lang='lat' dir='ltr'><strong>tiens,</strong></span> <span class='ocrx_word' id='word_1_687' title='bbox 2074 3412 2138 3451; x_wconf 88' lang='lat' dir='ltr'><strong>ea</strong></span> <span class='ocrx_word' id='word_1_688' title='bbox 2170 3397 2435 3451; x_wconf 89' lang='lat' dir='ltr'><strong>sententia</strong></span> <span class='ocrx_word' id='word_1_689' title='bbox 2462 3394 2703 3463; x_wconf 88' lang='lat' dir='ltr'><strong>deﬁnies,</strong></span> <span class='ocrx_word' id='word_1_690' title='bbox 2754 3412 2874 3467; x_wconf 68' lang='lat' dir='ltr'><strong>qua:</strong></span> <span class='ocrx_word' id='word_1_691' title='bbox 2911 3406 2965 3453; x_wconf 89' lang='lat' dir='ltr'><strong>et</strong></span> <span class='ocrx_word' id='word_1_692' title='bbox 2992 3397 3332 3453; x_wconf 84' lang='lat' dir='ltr'><strong>decessurum</strong></span> <span class='ocrx_word' id='word_1_693' title='bbox 3358 3410 3455 3449; x_wconf 88' lang='lat' dir='ltr'><strong>no-</strong></span> 
     </span>
    </p>
   </div>
   <div class='ocr_carea' id='block_1_96' title="bbox 1882 3486 3456 3558">
    <p class='ocr_par' dir='ltr' id='par_1_96' title="bbox 1882 3486 3456 3558">
     <span class='ocr_line' id='line_1_96' title="bbox 1882 3486 3456 3558; baseline -0.001 -17"><span class='ocrx_word' id='word_1_694' title='bbox 1882 3498 2118 3543; x_wconf 88' lang='lat' dir='ltr'><strong>strorum</strong></span> <span class='ocrx_word' id='word_1_695' title='bbox 2148 3487 2435 3541; x_wconf 85' lang='lat' dir='ltr'><strong>conveniat</strong></span> <span class='ocrx_word' id='word_1_696' title='bbox 2474 3490 2707 3553; x_wconf 88' lang='lat' dir='ltr'><strong>statutis,</strong></span> <span class='ocrx_word' id='word_1_697' title='bbox 2756 3498 2811 3542; x_wconf 92' lang='lat' dir='ltr'><strong>et</strong></span> <span class='ocrx_word' id='word_1_698' title='bbox 2839 3489 2949 3543; x_wconf 83' lang='lat' dir='ltr'><strong>Deo</strong></span> <span class='ocrx_word' id='word_1_699' title='bbox 2976 3488 3233 3558; x_wconf 71' lang='lat' dir='ltr'><strong>aequitate</strong></span> <span class='ocrx_word' id='word_1_700' title='bbox 3258 3486 3313 3540; x_wconf 90' lang='lat' dir='ltr'><strong>in</strong></span> <span class='ocrx_word' id='word_1_701' title='bbox 3340 3501 3456 3540; x_wconf 89' lang='lat' dir='ltr'><strong>om-</strong></span> 
     </span>
    </p>
   </div>
   <div class='ocr_carea' id='block_1_97' title="bbox 1884 3578 3457 3648">
    <p class='ocr_par' dir='ltr' id='par_1_97' title="bbox 1884 3578 3457 3648">
     <span class='ocr_line' id='line_1_97' title="bbox 1884 3578 3457 3648; baseline 0.001 -15"><span class='ocrx_word' id='word_1_702' title='bbox 1884 3579 2042 3633; x_wconf 90' lang='lat' dir='ltr'><strong>nibus</strong></span> <span class='ocrx_word' id='word_1_703' title='bbox 2080 3578 2320 3647; x_wconf 87' lang='lat' dir='ltr'><strong>diligenti</strong></span> <span class='ocrx_word' id='word_1_704' title='bbox 2362 3579 2432 3634; x_wconf 90' lang='lat' dir='ltr'><strong>sit</strong></span> <span class='ocrx_word' id='word_1_705' title='bbox 2469 3588 2641 3648; x_wconf 87' lang='lat' dir='ltr'><strong>grata.</strong></span> <span class='ocrx_word' id='word_1_706' title='bbox 2684 3579 2739 3634; x_wconf 88' lang='lat' dir='ltr'><strong>Si</strong></span> <span class='ocrx_word' id='word_1_707' title='bbox 2770 3579 2911 3647; x_wconf 88' lang='lat' dir='ltr'><strong>quod</strong></span> <span class='ocrx_word' id='word_1_708' title='bbox 2938 3595 3069 3633; x_wconf 89' lang='lat' dir='ltr'><strong>vero</strong></span> <span class='ocrx_word' id='word_1_709' title='bbox 3095 3580 3162 3633; x_wconf 90' lang='lat' dir='ltr'><strong>de</strong></span> <span class='ocrx_word' id='word_1_710' title='bbox 3201 3579 3457 3647; x_wconf 85' lang='lat' dir='ltr'><strong>religione</strong></span> 
     </span>
    </p>
   </div>
   <div class='ocr_carea' id='block_1_98' title="bbox 1886 3668 3453 3739">
    <p class='ocr_par' dir='ltr' id='par_1_98' title="bbox 1886 3668 3453 3739">
     <span class='ocr_line' id='line_1_98' title="bbox 1886 3668 3453 3739; baseline 0.001 -19"><span class='ocrx_word' id='word_1_711' title='bbox 1886 3668 2028 3732; x_wconf 86' lang='lat' dir='ltr'><strong>ﬁdei,</strong></span> <span class='ocrx_word' id='word_1_712' title='bbox 2058 3669 2202 3739; x_wconf 90' lang='lat' dir='ltr'><strong>quod</strong></span> <span class='ocrx_word' id='word_1_713' title='bbox 2242 3669 2385 3724; x_wconf 86' lang='lat' dir='ltr'><strong>Deus</strong></span> <span class='ocrx_word' id='word_1_714' title='bbox 2425 3668 2654 3733; x_wconf 88' lang='lat' dir='ltr'><strong>auferat,</strong></span> <span class='ocrx_word' id='word_1_715' title='bbox 2696 3669 2856 3724; x_wconf 87' lang='lat' dir='ltr'><strong>fuerit</strong></span> <span class='ocrx_word' id='word_1_716' title='bbox 2881 3676 3155 3724; x_wconf 88' lang='lat' dir='ltr'><strong>certamen</strong></span> <span class='ocrx_word' id='word_1_717' title='bbox 3187 3677 3453 3733; x_wconf 78' lang='lat' dir='ltr'><strong>exortum,</strong></span> 
     </span>
    </p>
   </div>
   <div class='ocr_carea' id='block_1_99' title="bbox 1884 3758 3456 3830">
    <p class='ocr_par' dir='ltr' id='par_1_99' title="bbox 1884 3758 3456 3830">
     <span class='ocr_line' id='line_1_99' title="bbox 1884 3758 3456 3830; baseline -0.003 -15"><span class='ocrx_word' id='word_1_718' title='bbox 1884 3769 1980 3815; x_wconf 90' lang='lat' dir='ltr'><strong>aut</strong></span> <span class='ocrx_word' id='word_1_719' title='bbox 2007 3760 2113 3816; x_wconf 89' lang='lat' dir='ltr'><strong>tale</strong></span> <span class='ocrx_word' id='word_1_720' title='bbox 2143 3759 2356 3829; x_wconf 90' lang='lat' dir='ltr'><strong>aliquod</strong></span> <span class='ocrx_word' id='word_1_721' title='bbox 2387 3761 2660 3830; x_wconf 86' lang='lat' dir='ltr'><strong>negotium</strong></span> <span class='ocrx_word' id='word_1_722' title='bbox 2694 3759 2936 3816; x_wconf 87' lang='lat' dir='ltr'><strong>fortassis</strong></span> <span class='ocrx_word' id='word_1_723' title='bbox 2975 3759 3273 3826; x_wconf 87' lang='lat' dir='ltr'><strong>emerserit,</strong></span> <span class='ocrx_word' id='word_1_724' title='bbox 3314 3758 3456 3829; x_wconf 86' lang='lat' dir='ltr'><strong>quod</strong></span> 
     </span>
    </p>
   </div>
   <div class='ocr_carea' id='block_1_100' title="bbox 1885 3850 3485 3922">
    <p class='ocr_par' dir='ltr' id='par_1_100' title="bbox 1885 3850 3485 3922">
     <span class='ocr_line' id='line_1_100' title="bbox 1885 3850 3485 3922; baseline 0 -16"><span class='ocrx_word' id='word_1_725' title='bbox 1885 3867 1985 3922; x_wconf 88' lang='lat' dir='ltr'><strong>pro</strong></span> <span class='ocrx_word' id='word_1_726' title='bbox 2012 3853 2093 3906; x_wconf 91' lang='lat' dir='ltr'><strong>sui</strong></span> <span class='ocrx_word' id='word_1_727' title='bbox 2118 3852 2482 3921; x_wconf 87' lang='lat' dir='ltr'><strong>magnitudine</strong></span> <span class='ocrx_word' id='word_1_728' title='bbox 2503 3853 2693 3908; x_wconf 89' lang='lat' dir='ltr'><strong>ibidem</strong></span> <span class='ocrx_word' id='word_1_729' title='bbox 2717 3861 2946 3922; x_wconf 87' lang='lat' dir='ltr'><strong>nequeat</strong></span> <span class='ocrx_word' id='word_1_730' title='bbox 2966 3850 3205 3917; x_wconf 86' lang='lat' dir='ltr'><strong>deﬁniri;</strong></span> <span class='ocrx_word' id='word_1_731' title='bbox 3232 3851 3485 3913; x_wconf 70' lang='lat' dir='ltr'><strong>veritate,</strong></span> 
     </span>
    </p>
   </div>
   <div class='ocr_carea' id='block_1_101' title="bbox 1885 3941 3460 4007">
    <p class='ocr_par' dir='ltr' id='par_1_101' title="bbox 1885 3941 3460 4007">
     <span class='ocr_line' id='line_1_101' title="bbox 1885 3941 3460 4007; baseline 0 -12"><span class='ocrx_word' id='word_1_732' title='bbox 1885 3941 2123 3996; x_wconf 84' lang='lat' dir='ltr'><strong>discussa</strong></span> <span class='ocrx_word' id='word_1_733' title='bbox 2148 3982 2163 4007; x_wconf 92' lang='lat'><strong>,</strong></span> <span class='ocrx_word' id='word_1_734' title='bbox 2211 3943 2488 3997; x_wconf 86' lang='lat' dir='ltr'><strong>relationis</strong></span> <span class='ocrx_word' id='word_1_735' title='bbox 2513 3944 2652 3999; x_wconf 88' lang='lat' dir='ltr'><strong>serie</strong></span> <span class='ocrx_word' id='word_1_736' title='bbox 2691 3942 2957 4007; x_wconf 69' lang='lat' dir='ltr'><strong>distincta,</strong></span> <span class='ocrx_word' id='word_1_737' title='bbox 3003 3941 3070 3997; x_wconf 91' lang='lat' dir='ltr'><strong>ad</strong></span> <span class='ocrx_word' id='word_1_738' title='bbox 3099 3950 3294 3998; x_wconf 70' lang='lat' dir='ltr'><strong>nostra:</strong></span> <span class='ocrx_word' id='word_1_739' title='bbox 3319 3941 3460 3998; x_wconf 72' lang='lat' dir='ltr'><strong>sedis</strong></span> 
     </span>
    </p>
   </div>
   <div class='ocr_carea' id='block_1_102' title="bbox 1886 4031 3458 4102">
    <p class='ocr_par' dir='ltr' id='par_1_102' title="bbox 1886 4031 3458 4102">
     <span class='ocr_line' id='line_1_102' title="bbox 1886 4031 3458 4102; baseline -0.001 -15"><span class='ocrx_word' id='word_1_740' title='bbox 1886 4031 2333 4087; x_wconf 88' lang='lat' dir='ltr'><strong>consultationem</strong></span> <span class='ocrx_word' id='word_1_741' title='bbox 2378 4032 2558 4102; x_wconf 89' lang='lat' dir='ltr'><strong>potius</strong></span> <span class='ocrx_word' id='word_1_742' title='bbox 2606 4040 2663 4087; x_wconf 90' lang='lat' dir='ltr'><strong>ut</strong></span> <span class='ocrx_word' id='word_1_743' title='bbox 2711 4033 2953 4087; x_wconf 80' lang='lat' dir='ltr'><strong>remittas</strong></span> <span class='ocrx_word' id='word_1_744' title='bbox 2994 4032 3304 4098; x_wconf 89' lang='lat' dir='ltr'><strong>hortamur;</strong></span> <span class='ocrx_word' id='word_1_745' title='bbox 3335 4033 3458 4101; x_wconf 91' lang='lat' dir='ltr'><strong>quia</strong></span> 
     </span>
    </p>
   </div>
   <div class='ocr_carea' id='block_1_103' title="bbox 1889 4120 3460 4193">
    <p class='ocr_par' dir='ltr' id='par_1_103' title="bbox 1889 4120 3460 4193">
     <span class='ocr_line' id='line_1_103' title="bbox 1889 4120 3460 4193; baseline 0.001 -18"><span class='ocrx_word' id='word_1_746' title='bbox 1889 4121 1964 4176; x_wconf 88' lang='lat' dir='ltr'><strong>ita</strong></span> <span class='ocrx_word' id='word_1_747' title='bbox 2005 4122 2323 4177; x_wconf 82' lang='lat' dir='ltr'><strong>decessores</strong></span> <span class='ocrx_word' id='word_1_748' title='bbox 2359 4131 2569 4177; x_wconf 89' lang='lat' dir='ltr'><strong>vestros</strong></span> <span class='ocrx_word' id='word_1_749' title='bbox 2591 4161 2606 4186; x_wconf 92' lang='lat'><strong>,</strong></span> <span class='ocrx_word' id='word_1_750' title='bbox 2654 4123 2744 4193; x_wconf 90' lang='lat' dir='ltr'><strong>qui</strong></span> <span class='ocrx_word' id='word_1_751' title='bbox 2784 4120 3124 4177; x_wconf 86' lang='lat' dir='ltr'><strong>decessurum</strong></span> <span class='ocrx_word' id='word_1_752' title='bbox 3153 4131 3460 4179; x_wconf 86' lang='lat' dir='ltr'><strong>nostrorum</strong></span> 
     </span>
    </p>
   </div>
   <div class='ocr_carea' id='block_1_104' title="bbox 1888 4212 3463 4281">
    <p class='ocr_par' dir='ltr' id='par_1_104' title="bbox 1888 4212 3463 4281">
     <span class='ocr_line' id='line_1_104' title="bbox 1888 4212 3463 4281; baseline 0.002 -15"><span class='ocrx_word' id='word_1_753' title='bbox 1888 4212 2036 4267; x_wconf 89' lang='lat' dir='ltr'><strong>vices</strong></span> <span class='ocrx_word' id='word_1_754' title='bbox 2055 4212 2230 4281; x_wconf 83' lang='lat' dir='ltr'><strong>egisse</strong></span> <span class='ocrx_word' id='word_1_755' title='bbox 2257 4221 2646 4280; x_wconf 88' lang='lat' dir='ltr'><strong>monstrantur,</strong></span> <span class='ocrx_word' id='word_1_756' title='bbox 2682 4212 2872 4268; x_wconf 88' lang='lat' dir='ltr'><strong>fecisse</strong></span> <span class='ocrx_word' id='word_1_757' title='bbox 2897 4213 3261 4268; x_wconf 88' lang='lat' dir='ltr'><strong>testimonium</strong></span> <span class='ocrx_word' id='word_1_758' title='bbox 3293 4215 3463 4269; x_wconf 87' lang='lat' dir='ltr'><strong>nostri</strong></span> 
     </span>
    </p>
   </div>
   <div class='ocr_carea' id='block_1_105' title="bbox 1890 4300 3463 4373">
    <p class='ocr_par' dir='ltr' id='par_1_105' title="bbox 1890 4300 3463 4373">
     <span class='ocr_line' id='line_1_105' title="bbox 1890 4300 3463 4373; baseline 0 -18"><span class='ocrx_word' id='word_1_759' title='bbox 1890 4300 2129 4356; x_wconf 86' lang='lat' dir='ltr'><strong>declarat</strong></span> <span class='ocrx_word' id='word_1_760' title='bbox 2174 4301 2354 4357; x_wconf 85' lang='lat' dir='ltr'><strong>scrinii</strong></span> <span class='ocrx_word' id='word_1_761' title='bbox 2405 4311 2715 4373; x_wconf 87' lang='lat' dir='ltr'><strong>:quatenus</strong></span> <span class='ocrx_word' id='word_1_762' title='bbox 2734 4316 2796 4356; x_wconf 87' lang='lat' dir='ltr'><strong>ea</strong></span> <span class='ocrx_word' id='word_1_763' title='bbox 2842 4300 3190 4372; x_wconf 88' lang='lat' dir='ltr'><strong>dispositione</strong></span> <span class='ocrx_word' id='word_1_764' title='bbox 3226 4311 3463 4369; x_wconf 85' lang='lat' dir='ltr'><strong>servata,</strong></span> 
     </span>
    </p>
   </div>
   <div class='ocr_carea' id='block_1_106' title="bbox 1892 4392 3461 4461">
    <p class='ocr_par' dir='ltr' id='par_1_106' title="bbox 1892 4392 3461 4461">
     <span class='ocr_line' id='line_1_106' title="bbox 1892 4392 3461 4461; baseline -0.001 -13"><span class='ocrx_word' id='word_1_765' title='bbox 1892 4393 2149 4449; x_wconf 65' lang='lat' dir='ltr'><strong>Ecclesiae</strong></span> <span class='ocrx_word' id='word_1_766' title='bbox 2179 4396 2355 4450; x_wconf 91' lang='lat' dir='ltr'><strong>unitas</strong></span> <span class='ocrx_word' id='word_1_767' title='bbox 2400 4393 2577 4450; x_wconf 91' lang='lat' dir='ltr'><strong>stabili</strong></span> <span class='ocrx_word' id='word_1_768' title='bbox 2622 4392 2872 4447; x_wconf 82' lang='lat' dir='ltr'><strong>ﬁrmitate</strong></span> <span class='ocrx_word' id='word_1_769' title='bbox 2920 4393 3246 4461; x_wconf 85' lang='lat' dir='ltr'><strong>persistens,</strong></span> <span class='ocrx_word' id='word_1_770' title='bbox 3304 4392 3461 4461; x_wconf 87' lang='lat' dir='ltr'><strong>pacis</strong></span> 
     </span>
    </p>
   </div>
   <div class='ocr_carea' id='block_1_107' title="bbox 1896 4480 3467 4553">
    <p class='ocr_par' dir='ltr' id='par_1_107' title="bbox 1896 4480 3467 4553">
     <span class='ocr_line' id='line_1_107' title="bbox 1896 4480 3467 4553; baseline -0.002 -16"><span class='ocrx_word' id='word_1_771' title='bbox 1896 4482 2039 4538; x_wconf 91' lang='lat' dir='ltr'><strong>bono</strong></span> <span class='ocrx_word' id='word_1_772' title='bbox 2067 4483 2120 4537; x_wconf 91' lang='lat' dir='ltr'><strong>in</strong></span> <span class='ocrx_word' id='word_1_773' title='bbox 2145 4484 2391 4539; x_wconf 88' lang='lat' dir='ltr'><strong>omnibus</strong></span> <span class='ocrx_word' id='word_1_774' title='bbox 2426 4482 2731 4553; x_wconf 89' lang='lat' dir='ltr'><strong>perfruatur</strong></span> <span class='ocrx_word' id='word_1_775' title='bbox 2761 4499 2773 4534; x_wconf 90' lang='lat'><strong>:</strong></span> <span class='ocrx_word' id='word_1_776' title='bbox 2800 4480 2954 4549; x_wconf 89' lang='lat' dir='ltr'><strong>cujus</strong></span> <span class='ocrx_word' id='word_1_777' title='bbox 2983 4481 3131 4536; x_wconf 87' lang='lat' dir='ltr'><strong>velut</strong></span> <span class='ocrx_word' id='word_1_778' title='bbox 3179 4481 3467 4536; x_wconf 74' lang='lat' dir='ltr'><strong>bteredita-</strong></span> 
     </span>
    </p>
   </div>
   <div class='ocr_carea' id='block_1_108' title="bbox 1896 4570 3462 4629">
    <p class='ocr_par' dir='ltr' id='par_1_108' title="bbox 1896 4570 3462 4629">
     <span class='ocr_line' id='line_1_108' title="bbox 1896 4570 3462 4629; baseline -0.001 0"><span class='ocrx_word' id='word_1_779' title='bbox 1896 4574 2032 4629; x_wconf 90' lang='lat' dir='ltr'><strong>rium</strong></span> <span class='ocrx_word' id='word_1_780' title='bbox 2055 4589 2245 4628; x_wconf 88' lang='lat' dir='ltr'><strong>munus</strong></span> <span class='ocrx_word' id='word_1_781' title='bbox 2284 4572 2527 4628; x_wconf 89' lang='lat' dir='ltr'><strong>Christus</strong></span> <span class='ocrx_word' id='word_1_782' title='bbox 2556 4571 2696 4626; x_wconf 88' lang='lat' dir='ltr'><strong>Deus</strong></span> <span class='ocrx_word' id='word_1_783' title='bbox 2726 4570 2980 4627; x_wconf 87' lang='lat' dir='ltr'><strong>Dominus</strong></span> <span class='ocrx_word' id='word_1_784' title='bbox 3006 4578 3061 4625; x_wconf 89' lang='lat' dir='ltr'><strong>et</strong></span> <span class='ocrx_word' id='word_1_785' title='bbox 3089 4570 3338 4626; x_wconf 83' lang='lat' dir='ltr'><strong>Salvator</strong></span> <span class='ocrx_word' id='word_1_786' title='bbox 3363 4587 3462 4627; x_wconf 90' lang='lat' dir='ltr'><strong>no-</strong></span> 
     </span>
    </p>
   </div>
   <div class='ocr_carea' id='block_1_109' title="bbox 1895 4660 3464 4731">
    <p class='ocr_par' dir='ltr' id='par_1_109' title="bbox 1895 4660 3464 4731">
     <span class='ocr_line' id='line_1_109' title="bbox 1895 4660 3464 4731; baseline -0.001 -12"><span class='ocrx_word' id='word_1_787' title='bbox 1895 4674 2045 4731; x_wconf 87' lang='lat' dir='ltr'><strong>ster,</strong></span> <span class='ocrx_word' id='word_1_788' title='bbox 2088 4664 2155 4719; x_wconf 87' lang='lat' dir='ltr'><strong>ad</strong></span> <span class='ocrx_word' id='word_1_789' title='bbox 2204 4663 2390 4729; x_wconf 63' lang='lat' dir='ltr'><strong>caelos,</strong></span> <span class='ocrx_word' id='word_1_790' title='bbox 2442 4662 2582 4718; x_wconf 87' lang='lat' dir='ltr'><strong>unde</strong></span> <span class='ocrx_word' id='word_1_791' title='bbox 2610 4677 2883 4731; x_wconf 90' lang='lat' dir='ltr'><strong>nunquam</strong></span> <span class='ocrx_word' id='word_1_792' title='bbox 2924 4661 3130 4731; x_wconf 89' lang='lat' dir='ltr'><strong>defuit,</strong></span> <span class='ocrx_word' id='word_1_793' title='bbox 3172 4660 3464 4731; x_wconf 59' lang='lat' dir='ltr'><strong>rediturus,</strong></span> 
     </span>
    </p>
   </div>
   <div class='ocr_carea' id='block_1_110' title="bbox 1896 4752 3465 4824">
    <p class='ocr_par' dir='ltr' id='par_1_110' title="bbox 1896 4752 3465 4824">
     <span class='ocr_line' id='line_1_110' title="bbox 1896 4752 3465 4824; baseline -0.001 -15"><span class='ocrx_word' id='word_1_794' title='bbox 1896 4753 2170 4824; x_wconf 89' lang='lat' dir='ltr'><strong>discipulis</strong></span> <span class='ocrx_word' id='word_1_795' title='bbox 2216 4755 2326 4809; x_wconf 88' lang='lat' dir='ltr'><strong>suis</strong></span> <span class='ocrx_word' id='word_1_796' title='bbox 2373 4754 2568 4822; x_wconf 84' lang='lat' dir='ltr'><strong>legitur</strong></span> <span class='ocrx_word' id='word_1_797' title='bbox 2611 4752 2931 4822; x_wconf 88' lang='lat' dir='ltr'><strong>reliquisse,</strong></span> <span class='ocrx_word' id='word_1_798' title='bbox 2975 4752 3161 4809; x_wconf 87' lang='lat' dir='ltr'><strong>dicens</strong></span> <span class='ocrx_word' id='word_1_799' title='bbox 3207 4772 3221 4808; x_wconf 90' lang='lat'><strong>:</strong></span> <span class='ocrx_word' id='word_1_800' title='bbox 3276 4752 3465 4809; x_wconf 80' lang='lat' dir='ltr'><strong>Pacem</strong></span> 
     </span>
    </p>
   </div>
   <div class='ocr_carea' id='block_1_111' title="bbox 1896 4840 3464 4915">
    <p class='ocr_par' dir='ltr' id='par_1_111' title="bbox 1896 4840 3464 4915">
     <span class='ocr_line' id='line_1_111' title="bbox 1896 4840 3464 4915; baseline 0 -18"><span class='ocrx_word' id='word_1_801' title='bbox 1896 4859 2064 4898; x_wconf 86' lang='lat' dir='ltr'><strong>meam</strong></span> <span class='ocrx_word' id='word_1_802' title='bbox 2090 4844 2155 4898; x_wconf 82' lang='lat' dir='ltr'><strong>do</strong></span> <span class='ocrx_word' id='word_1_803' title='bbox 2183 4845 2359 4909; x_wconf 79' lang='lat' dir='ltr'><strong>vobis,</strong></span> <span class='ocrx_word' id='word_1_804' title='bbox 2400 4858 2579 4915; x_wconf 83' lang='lat' dir='ltr'><strong>pacem</strong></span> <span class='ocrx_word' id='word_1_805' title='bbox 2619 4859 2784 4897; x_wconf 86' lang='lat' dir='ltr'><strong>meam</strong></span> <span class='ocrx_word' id='word_1_806' title='bbox 2828 4842 3061 4915; x_wconf 85' lang='lat' dir='ltr'><strong>relinquo</strong></span> <span class='ocrx_word' id='word_1_807' title='bbox 3107 4842 3244 4898; x_wconf 68' lang='lat' dir='ltr'><strong>vobis</strong></span> <span class='ocrx_word' id='word_1_808' title='bbox 3282 4840 3464 4912; x_wconf 79' lang='lat' dir='ltr'><strong>(Joan.</strong></span> 
     </span>
    </p>
   </div>
   <div class='ocr_carea' id='block_1_112' title="bbox 1898 4929 3462 5005">
    <p class='ocr_par' dir='ltr' id='par_1_112' title="bbox 1898 4929 3462 5005">
     <span class='ocr_line' id='line_1_112' title="bbox 1898 4929 3462 5005; baseline 0.001 -20"><span class='ocrx_word' id='word_1_809' title='bbox 1898 4932 2036 5001; x_wconf 77' lang='lat' dir='ltr'><strong>xm).</strong></span> <span class='ocrx_word' id='word_1_810' title='bbox 2066 4929 2130 4985; x_wconf 89' lang='lat' dir='ltr'><strong>Et</strong></span> <span class='ocrx_word' id='word_1_811' title='bbox 2169 4939 2228 4986; x_wconf 90' lang='lat' dir='ltr'><strong>ut</strong></span> <span class='ocrx_word' id='word_1_812' title='bbox 2253 4930 2502 4987; x_wconf 87' lang='lat' dir='ltr'><strong>universa</strong></span> <span class='ocrx_word' id='word_1_813' title='bbox 2532 4929 2837 4987; x_wconf 86' lang='lat' dir='ltr'><strong>fraternitas</strong></span> <span class='ocrx_word' id='word_1_814' title='bbox 2865 4941 3041 4987; x_wconf 86' lang='lat' dir='ltr'><strong>vestra</strong></span> <span class='ocrx_word' id='word_1_815' title='bbox 3069 4930 3304 5004; x_wconf 88' lang='lat' dir='ltr'><strong>diligenti</strong></span> <span class='ocrx_word' id='word_1_816' title='bbox 3334 4950 3462 5005; x_wconf 88' lang='lat' dir='ltr'><strong>pos-</strong></span> 
     </span>
    </p>
   </div>
   <div class='ocr_carea' id='block_1_113' title="bbox 1893 5020 3465 5093">
    <p class='ocr_par' dir='ltr' id='par_1_113' title="bbox 1893 5020 3465 5093">
     <span class='ocr_line' id='line_1_113' title="bbox 1893 5020 3465 5093; baseline 0.001 -18"><span class='ocrx_word' id='word_1_817' title='bbox 1893 5020 1965 5075; x_wconf 89' lang='lat' dir='ltr'><strong>sit</strong></span> <span class='ocrx_word' id='word_1_818' title='bbox 2012 5020 2225 5074; x_wconf 89' lang='lat' dir='ltr'><strong>ratione</strong></span> <span class='ocrx_word' id='word_1_819' title='bbox 2262 5020 2574 5089; x_wconf 81' lang='lat' dir='ltr'><strong>coutplere,</strong></span> <span class='ocrx_word' id='word_1_820' title='bbox 2618 5021 2925 5090; x_wconf 87' lang='lat' dir='ltr'><strong>episcopis,</strong></span> <span class='ocrx_word' id='word_1_821' title='bbox 2974 5022 3166 5091; x_wconf 89' lang='lat' dir='ltr'><strong>quibus</strong></span> <span class='ocrx_word' id='word_1_822' title='bbox 3207 5039 3305 5093; x_wconf 90' lang='lat' dir='ltr'><strong>pro</strong></span> <span class='ocrx_word' id='word_1_823' title='bbox 3347 5023 3465 5077; x_wconf 80' lang='lat' dir='ltr'><strong>viro</strong></span> 
     </span>
    </p>
   </div>
   <div class='ocr_carea' id='block_1_114' title="bbox 1894 5113 3466 5185">
    <p class='ocr_par' dir='ltr' id='par_1_114' title="bbox 1894 5113 3466 5185">
     <span class='ocr_line' id='line_1_114' title="bbox 1894 5113 3466 5185; baseline 0 -17"><span class='ocrx_word' id='word_1_824' title='bbox 1894 5123 2076 5169; x_wconf 89' lang='lat' dir='ltr'><strong>nostra</strong></span> <span class='ocrx_word' id='word_1_825' title='bbox 2105 5123 2158 5169; x_wconf 90' lang='lat' dir='ltr'><strong>te</strong></span> <span class='ocrx_word' id='word_1_826' title='bbox 2184 5128 2411 5183; x_wconf 65' lang='lat' dir='ltr'><strong>praeesse</strong></span> <span class='ocrx_word' id='word_1_827' title='bbox 2440 5114 2721 5179; x_wconf 89' lang='lat' dir='ltr'><strong>voluimus,</strong></span> <span class='ocrx_word' id='word_1_828' title='bbox 2749 5130 2847 5169; x_wconf 92' lang='lat' dir='ltr'><strong>nos</strong></span> <span class='ocrx_word' id='word_1_829' title='bbox 2874 5123 3139 5185; x_wconf 67' lang='lat' dir='ltr'><strong>priecepta</strong></span> <span class='ocrx_word' id='word_1_830' title='bbox 3168 5113 3466 5168; x_wconf 86' lang='lat' dir='ltr'><strong>destinasse</strong></span> 
     </span>
    </p>
   </div>
   <div class='ocr_carea' id='block_1_115' title="bbox 1892 5202 3465 5273">
    <p class='ocr_par' dir='ltr' id='par_1_115' title="bbox 1892 5202 3465 5273">
     <span class='ocr_line' id='line_1_115' title="bbox 1892 5202 3465 5273; baseline 0.001 -14"><span class='ocrx_word' id='word_1_831' title='bbox 1892 5205 2163 5273; x_wconf 71' lang='lat' dir='ltr'><strong>signemus</strong></span> <span class='ocrx_word' id='word_1_832' title='bbox 2183 5245 2199 5270; x_wconf 97' lang='lat'><strong>,</strong></span> <span class='ocrx_word' id='word_1_833' title='bbox 2245 5213 2303 5259; x_wconf 90' lang='lat' dir='ltr'><strong>ut</strong></span> <span class='ocrx_word' id='word_1_834' title='bbox 2327 5214 2382 5260; x_wconf 89' lang='lat' dir='ltr'><strong>et</strong></span> <span class='ocrx_word' id='word_1_835' title='bbox 2409 5204 2482 5259; x_wconf 91' lang='lat' dir='ltr'><strong>illi</strong></span> <span class='ocrx_word' id='word_1_836' title='bbox 2512 5204 2665 5260; x_wconf 90' lang='lat' dir='ltr'><strong>vobis</strong></span> <span class='ocrx_word' id='word_1_837' title='bbox 2690 5203 3047 5259; x_wconf 89' lang='lat' dir='ltr'><strong>obedientiam</strong></span> <span class='ocrx_word' id='word_1_838' title='bbox 3078 5203 3330 5259; x_wconf 81' lang='lat' dir='ltr'><strong>exhibere</strong></span> <span class='ocrx_word' id='word_1_839' title='bbox 3369 5202 3465 5260; x_wconf 88' lang='lat' dir='ltr'><strong>de-</strong></span> 
     </span>
    </p>
   </div>
   <div class='ocr_carea' id='block_1_116' title="bbox 1896 5292 3466 5367">
    <p class='ocr_par' dir='ltr' id='par_1_116' title="bbox 1896 5292 3466 5367">
     <span class='ocr_line' id='line_1_116' title="bbox 1896 5292 3466 5367; baseline -0.001 -15"><span class='ocrx_word' id='word_1_840' title='bbox 1896 5297 2059 5352; x_wconf 84' lang='lat' dir='ltr'><strong>beant</strong></span> <span class='ocrx_word' id='word_1_841' title='bbox 2082 5304 2496 5367; x_wconf 87' lang='lat' dir='ltr'><strong>competentem,</strong></span> <span class='ocrx_word' id='word_1_842' title='bbox 2526 5303 2581 5350; x_wconf 91' lang='lat' dir='ltr'><strong>et</strong></span> <span class='ocrx_word' id='word_1_843' title='bbox 2610 5293 2915 5350; x_wconf 84' lang='lat' dir='ltr'><strong>fraternitas</strong></span> <span class='ocrx_word' id='word_1_844' title='bbox 2955 5302 3045 5348; x_wconf 88' lang='lat' dir='ltr'><strong>tua</strong></span> <span class='ocrx_word' id='word_1_845' title='bbox 3069 5309 3165 5349; x_wconf 86' lang='lat' dir='ltr'><strong>eos</strong></span> <span class='ocrx_word' id='word_1_846' title='bbox 3192 5293 3245 5348; x_wconf 87' lang='lat' dir='ltr'><strong>in</strong></span> <span class='ocrx_word' id='word_1_847' title='bbox 3270 5292 3466 5351; x_wconf 87' lang='lat' dir='ltr'><strong>Christi</strong></span> 
     </span>
    </p>
   </div>
   <div class='ocr_carea' id='block_1_117' title="bbox 1897 5385 3469 5459">
    <p class='ocr_par' dir='ltr' id='par_1_117' title="bbox 1897 5385 3469 5459">
     <span class='ocr_line' id='line_1_117' title="bbox 1897 5385 3469 5459; baseline -0.003 -14"><span class='ocrx_word' id='word_1_848' title='bbox 1897 5390 2163 5446; x_wconf 82' lang='lat' dir='ltr'><strong>cbaritate</strong></span> <span class='ocrx_word' id='word_1_849' title='bbox 2206 5389 2605 5459; x_wconf 88' lang='lat' dir='ltr'><strong>complectens,</strong></span> <span class='ocrx_word' id='word_1_850' title='bbox 2664 5386 2924 5456; x_wconf 79' lang='lat' dir='ltr'><strong>exemplis</strong></span> <span class='ocrx_word' id='word_1_851' title='bbox 2969 5385 3233 5440; x_wconf 89' lang='lat' dir='ltr'><strong>bonorum</strong></span> <span class='ocrx_word' id='word_1_852' title='bbox 3286 5388 3469 5457; x_wconf 85' lang='lat' dir='ltr'><strong>potius</strong></span> 
     </span>
    </p>
   </div>
   <div class='ocr_carea' id='block_1_118' title="bbox 1972 5495 2914 5561">
    <p class='ocr_par' dir='ltr' id='par_1_118' title="bbox 1972 5495 2914 5561">
     <span class='ocr_line' id='line_1_118' title="bbox 1972 5495 2914 5561; baseline -0.004 -10"><span class='ocrx_word' id='word_1_853' title='bbox 1972 5495 1991 5535; x_wconf 71' lang='grc' dir='ltr'><em>τ</em></span> <span class='ocrx_word' id='word_1_854' title='bbox 2022 5496 2247 5553; x_wconf 82' lang='lat' dir='ltr'><strong>Veteres</strong></span> <span class='ocrx_word' id='word_1_855' title='bbox 2270 5495 2408 5561; x_wconf 85' lang='lat' dir='ltr'><strong>libri,</strong></span> <span class='ocrx_word' id='word_1_856' title='bbox 2431 5495 2914 5550; x_wconf 81' lang='lat' dir='ltr'><strong>reverentissimum.</strong></span> 
     </span>
    </p>
   </div>
   <div class='ocr_carea' id='block_1_119' title="bbox 1968 5563 2752 5637">
    <p class='ocr_par' dir='ltr' id='par_1_119' title="bbox 1968 5563 2752 5637">
     <span class='ocr_line' id='line_1_119' title="bbox 1968 5563 2752 5637; baseline -0.006 -17"><span class='ocrx_word' id='word_1_857' title='bbox 1968 5575 1993 5637; x_wconf 62' lang='grc' dir='ltr'>β</span> <span class='ocrx_word' id='word_1_858' title='bbox 2016 5564 2212 5637; x_wconf 65' lang='lat' dir='ltr'><strong>?aris.,</strong></span> <span class='ocrx_word' id='word_1_859' title='bbox 2237 5567 2457 5637; x_wconf 82' lang='lat' dir='ltr'><strong>quicum</strong></span> <span class='ocrx_word' id='word_1_860' title='bbox 2482 5563 2752 5637; x_wconf 76' lang='lat' dir='ltr'><strong>satisfecit.</strong></span> 
     </span>
    </p>
   </div>
   <div class='ocr_carea' id='block_1_120' title="bbox 1966 5632 3466 5713">
    <p class='ocr_par' dir='ltr' id='par_1_120' title="bbox 1966 5632 3466 5713">
     <span class='ocr_line' id='line_1_120' title="bbox 1966 5632 3466 5713; baseline -0.001 -24"><span class='ocrx_word' id='word_1_861' title='bbox 1966 5632 1993 5672; x_wconf 81' lang='grc' dir='ltr'>¹ι</span> <span class='ocrx_word' id='word_1_862' title='bbox 2020 5632 2345 5713; x_wconf 58' lang='lat' dir='ltr'><strong>hegeuduim,</strong></span> <span class='ocrx_word' id='word_1_863' title='bbox 2358 5642 2476 5687; x_wconf 85' lang='lat' dir='ltr'><strong>sunt</strong></span> <span class='ocrx_word' id='word_1_864' title='bbox 2488 5632 2558 5713; x_wconf 62' lang='lat' dir='ltr'><strong>ait</strong></span> <span class='ocrx_word' id='word_1_865' title='bbox 2574 5632 2878 5713; x_wconf 56' lang='lat' dir='ltr'><strong>pra&#39;sentfnt</strong></span> <span class='ocrx_word' id='word_1_866' title='bbox 2895 5633 3363 5713; x_wconf 49' lang='lat' dir='ltr'><strong>causam‘respicien</strong></span> <span class='ocrx_word' id='word_1_867' title='bbox 3373 5634 3466 5713; x_wconf 54' lang='lat' dir='ltr'><strong>tia.</strong></span> 
     </span>
    </p>
   </div>
   <div class='ocr_carea' id='block_1_121' title="bbox 1895 5701 3470 5827">
    <p class='ocr_par' dir='ltr' id='par_1_121' title="bbox 1895 5701 3470 5827">
     <span class='ocr_line' id='line_1_121' title="bbox 1895 5701 3470 5827; baseline 0.001 -68"><span class='ocrx_word' id='word_1_868' title='bbox 1895 5703 2140 5827; x_wconf 64' lang='grc' dir='ltr'><strong>Μαι]άὲΠῖ</strong></span> <span class='ocrx_word' id='word_1_869' title='bbox 2163 5713 2245 5827; x_wconf 47' lang='grc' dir='ltr'><strong>(ξι</strong></span> <span class='ocrx_word' id='word_1_870' title='bbox 2274 5701 2711 5775; x_wconf 80' lang='lat' dir='ltr'><strong>typograpbicum</strong></span> <span class='ocrx_word' id='word_1_871' title='bbox 2741 5701 2990 5762; x_wconf 83' lang='lat' dir='ltr'><strong>editionis</strong></span> <span class='ocrx_word' id='word_1_872' title='bbox 3027 5701 3346 5767; x_wconf 70' lang='lat' dir='ltr'><strong>Labbcaum,</strong></span> <span class='ocrx_word' id='word_1_873' title='bbox 3377 5702 3470 5761; x_wconf 77' lang='lat' dir='ltr'><strong>hic</strong></span> 
     </span>
     <span class='ocr_line' id='line_1_122' title="bbox 1895 5789 2252 5827; baseline -0.003 0"><span class='ocrx_word' id='word_1_874' title='bbox 1895 5789 2047 5827; x_wconf 86' lang='lat' dir='ltr'><strong>cmen</strong></span> <span class='ocrx_word' id='word_1_875' title='bbox 2086 5789 2116 5827; x_wconf 91' lang='lat' dir='ltr'><strong>a</strong></span> <span class='ocrx_word' id='word_1_876' title='bbox 2145 5790 2175 5827; x_wconf 93' lang='grc' dir='ltr'><strong>ιι</strong></span> <span class='ocrx_word' id='word_1_877' title='bbox 2237 5811 2252 5826; x_wconf 94' lang='grc'><strong>.</strong></span> 
     </span>
    </p>
   </div>
   <div class='ocr_carea' id='block_1_122' title="bbox 1893 5782 2252 5829">
    <p class='ocr_par' dir='ltr' id='par_1_122' title="bbox 1893 5782 2252 5829">
     <span class='ocr_line' id='line_1_123' title="bbox 1893 5782 2252 5829; baseline -0.008 0"><span class='ocrx_word' id='word_1_878' title='bbox 1893 5782 2252 5829; x_wconf 85' lang='lat' dir='ltr'><strong>emendatum.</strong></span> 
     </span>
    </p>
   </div>
  </div>
