4006 6190
613 301 683 358 59
2017 301 2247 359 ViGILII
2285 303 2489 364 ΡΑΡᾸΞ
3798 306 3869 361 40

613 437 861 494 operum,
909 421 973 477 ad
1003 437 1122 493 quae
1150 431 1276 479 sunt
1313 422 1426 481 Deo
1465 425 1665 496 placita
1712 426 1954 484 facienda
1981 442 2199 498 semper
2229 433 2275 491 Λ
2302 426 2594 483 Galliarum
2618 424 2861 496 partibus
2890 432 3241 496 prtesentans,
3267 423 3561 481 secundum
3588 433 3858 481 consuetu~

615 513 826 568 invitet.
853 512 986 568 Illud
1013 514 1130 583 pari
1153 515 1233 569 eis
1260 516 1586 572 auctoritate
1614 517 1963 587 signavimus,
1989 531 2057 572 ne
2077 517 2198 588 quis

614 606 733 661 sine
770 606 997 662 formata
1028 616 1132 661 tute
1160 605 1513 663 fraternitatis
1550 609 1615 663 ad
1657 610 1901 679 longiora
1935 609 2056 665 loca
2096 625 2196 664 au-

614 696 743 753 deat
768 697 1065 768 procisci;
1114 696 1213 753 sed
1242 706 1301 752 ut
1338 698 1784 754 consuetudinem
1830 700 1975 755 illam
2004 699 2199 756 debeat

613 788 893 845 custodire
918 830 934 855 ,
983 804 1147 855 quam
1177 798 1393 845 constat
1434 805 1650 862 semper
1692 800 1891 847 nostra:
1928 792 2070 848 sedis
2096 792 2197 847 ha-

613 880 795 935 buisse
819 881 1115 945 vicarium,
1158 886 1216 933 et
1259 893 1289 933 a
1330 880 1483 934 vobis
1515 879 1797 935 formatam
1828 881 2121 952 postulent,
2152 880 2198 936 si

612 987 895 1028 causarum
934 986 1151 1026 suarum
1198 972 1519 1026 necessitate
1549 973 1813 1045 compulsi
1856 971 1922 1025 ad
1953 971 2196 1039 longiora

613 1063 806 1119 itinera
854 1061 1127 1118 destinare
1157 1061 1468 1133 disponunt.
1502 1061 1609 1117 Sed
1653 1077 1723 1117 ne
1768 1062 1819 1116 in
1850 1062 2030 1132 aliquo
2056 1062 2198 1117 sedis

614 1165 812 1210 nostra:
857 1155 1090 1211 vicarius
1142 1157 1320 1211 minor
1358 1157 1470 1211 suis
1516 1156 1892 1211 decessoribus
1928 1158 2193 1221 videatur,

612 1240 971 1294 necessarium
1002 1240 1117 1295 fore
1147 1240 1472 1295 credidimus
1485 1241 1635 1311 pallii
1659 1241 1809 1296 vobis
1825 1254 2198 1309 usum,quem-

613 1331 901 1386 admodum
956 1331 1230 1385 decessori
1285 1339 1467 1385 vestro
1513 1330 1781 1384 hactenus
1836 1329 2193 1397 dederamus,

613 1424 864 1494 praesenti
895 1425 1219 1478 auctoritate
1246 1423 1580 1488 concedere;
1623 1431 1682 1475 ut
1721 1436 1952 1483 morum,
1998 1430 2053 1475 et
2080 1436 2199 1474 om-

614 1518 759 1571 nium
804 1518 1067 1571 bonarum
1097 1532 1275 1571 rerum
1301 1557 1314 1581 ,
1366 1515 1520 1570 vobis
1566 1515 1727 1570 beato
1757 1514 1921 1570 Petro
1949 1515 2198 1585 apostolo

611 1606 968 1675 suffragante,
1006 1625 1113 1662 non
1140 1609 1279 1663 desit
1320 1618 1563 1663 ornatus.
1610 1607 1839 1678 Oportet
1867 1623 1998 1678 ergo
2021 1608 2200 1662 chari-

614 1706 779 1750 tatcm
811 1708 1043 1751 vestram
1073 1697 1397 1752 sacerdotali
1437 1713 1655 1768 semper
1679 1697 1857 1753 studio
1882 1697 2021 1752 inter
2045 1696 2197 1751 dom-

2299 518 2478 572 dinem
2510 533 2540 572 a
2571 517 2770 572 nostris
2794 516 3169 573 decessoribus
3197 516 3532 584 attributam,
3562 516 3863 586 sapientiam

2298 607 2525 661 sollicita
2557 605 2898 677 indagatione
2919 607 3246 670 custodiens,
3279 606 3323 661 si
3353 621 3512 675 quam
3540 606 3745 661 humani
3773 619 3866 676 ge-

2299 698 2444 752 neris
2468 696 2639 752 hostis
2666 696 2918 766 antiquus
2952 696 3211 751 zizaniam
3241 696 3384 751 inter
3407 695 3502 753 Dei
3531 696 3746 754 famulos
3768 712 3867 752 ne-

2298 786 2463 858 quitia
2491 795 2751 842 consueta
2792 785 3059 841 seminare
3098 787 3409 855 tentaverit,
3457 787 3725 857 sapientia:
3759 803 3870 843 sua:

2300 878 2688 942 moderamine,
2734 877 2988 931 adhibitis
3030 877 3131 931 sibi
3161 876 3412 932 fratribus
3441 893 3505 932 ac
3550 880 3871 950 coepiscopis

2299 972 2529 1037 nostris,
2570 970 2775 1040 justitia
2806 971 2919 1027 Deo
2964 970 3159 1041 placita
3199 971 3451 1026 scandala
3496 980 3614 1027 orta
3655 973 3871 1029 submo-

2297 1071 2441 1118 veat.
2488 1061 2639 1117 Unde
2682 1061 2807 1131 quia
2833 1061 3030 1117 dudum
3075 1062 3342 1127 Auxanio,
3375 1062 3645 1134 quondam
3686 1064 3870 1120 Arela.

2300 1154 2465 1209 tensis
2488 1154 2720 1209 civitatis
2745 1154 2994 1217 antistiti,
3031 1153 3207 1209 vicum
3234 1162 3540 1209 nostrarum
3561 1154 3870 1211 sollicitudi-

2301 1257 2421 1298 nem
2452 1242 2792 1308 dederamus,
2829 1243 2923 1299 sed
2952 1259 3168 1298 cursum
3197 1243 3320 1297 vitae
3348 1243 3627 1313 praesentis
3652 1244 3873 1315 implen-

2298 1333 2368 1387 do
2398 1333 2466 1389 de
2493 1334 2596 1387 hac
2639 1333 2758 1389 luce
2807 1335 3094 1403 migravit,
3137 1334 3189 1388 in
3221 1334 3374 1403 cujus
3416 1334 3538 1389 loco
3566 1335 3874 1393 Aurelianus

2299 1422 2465 1479 frater
2493 1433 2680 1479 noster
2706 1425 2945 1479 noscitur
2964 1426 3311 1491 successisse,
3341 1426 3697 1480 necessarium
3722 1428 3875 1483 valde

2298 1514 2623 1569 credidimus
2648 1514 3065 1570 sollicitudinem
3115 1515 3254 1570 hanc
3280 1530 3311 1569 a
3342 1516 3495 1571 nobis
3519 1515 3748 1572 antefato
3770 1519 3867 1573 de-

2300 1603 2429 1657 bere
2474 1603 2776 1668 committi,
2826 1605 3160 1661 conﬁdcntes
3208 1606 3357 1660 illum
3398 1614 3453 1661 et
3499 1622 3595 1676 pro
3643 1607 3740 1664 loci
3779 1612 3865 1664 sui

2299 1695 2562 1764 qualitate
2604 1696 2761 1752 bonis
2804 1698 3013 1752 actibus
3055 1699 3300 1753 universa
3339 1713 3459 1767 qute
3494 1699 3605 1754 Deo
3634 1702 3877 1771 placeant

617 1803 714 1841 nos
745 1788 882 1843 ﬁlios
924 1798 1138 1843 nostros
1181 1788 1627 1845 clementissimos
1656 1788 1949 1858 principes,
1979 1795 2034 1842 et
2074 1787 2195 1855 glo-
2231 1811 2270 1868 Β
2301 1802 2458 1856 posse
2485 1787 2757 1856 complere
2783 1804 2798 1840 :
2829 1798 2883 1841 et
2914 1787 3145 1843 maxime
3170 1804 3292 1843 cum
3320 1788 3586 1857 gloriosus
3616 1788 3746 1845 ﬁlius
3775 1810 3875 1849 no-

616 1881 966 1935 riosissimum
997 1882 1188 1946 virum,
1221 1880 1272 1934 id
1301 1889 1384 1935 est
1414 1880 1580 1935 ﬁlium
1611 1889 1853 1935 nostrum
1882 1877 2199 1934 Cbildeber-

618 1982 731 2026 tum
766 1987 970 2041 regem,
1004 1973 1187 2041 gratia:
1218 1972 1432 2027 intacta:
1471 1970 1673 2027 fmdera
1712 1970 2006 2026 custodire.
2037 1969 2197 2025 Scitis

610 2065 785 2128 enim,
838 2079 937 2119 nec
966 2080 1061 2118 vos
1107 2065 1360 2119 convenit
1401 2064 1671 2132 ignorare,
1701 2062 1848 2133 quod
1889 2061 2196 2117 necessario

611 2158 933 2229 pnedicatis,
964 2155 1089 2226 quia
1115 2155 1390 2227 Scriptura
1421 2158 1760 2227 pronuntiat,
1790 2156 1973 2211 dicens
2005 2173 2019 2208 :
2051 2152 2199 2209 Beati

609 2249 763 2321 pedes
800 2247 1259 2320 euangelizantium
1308 2264 1505 2318 pacem,
1553 2247 2015 2318 erangelizantium
2064 2243 2199 2297 bona

612 2338 790 2411 (Rom.
836 2341 915 2409 χ).
949 2337 1014 2392 Et
1051 2338 1156 2393 hoc
1184 2353 1400 2408 quoque
1442 2345 1683 2393 vestrum
1716 2336 1895 2391 facere
1924 2335 2200 2391 desidera-

612 2446 733 2485 mus
776 2429 1044 2493 alfcetnm,
1096 2438 1155 2483 ut
1182 2430 1420 2497 glorioso
1451 2430 1567 2484 viro
1616 2429 1725 2482 ﬁlio
1754 2437 1941 2483 nostro
1969 2426 2198 2496 patricio

612 2519 870 2574 Belisario
900 2517 1186 2574 destinatis
1214 2519 1430 2587 scriptis
1451 2518 1654 2586 gratias
1686 2516 1950 2579 referatis,
1975 2516 2066 2585 qui
2099 2515 2197 2569 ho-

614 2611 745 2667 llinl
774 2618 954 2665 vestro
985 2610 1226 2665 laborem
1267 2610 1334 2664 ad
1382 2609 1859 2663 clementissimum
1900 2607 2199 2677 principem

611 2700 833 2756 abstulit
861 2686 1208 2764 transeundi;
1243 2699 1337 2755 sed
1367 2716 1493 2755 mox
1539 2708 1597 2753 ut
1626 2714 1941 2770 responsum
1972 2698 2199 2767 recepit,

614 2792 768 2847 nobis
796 2792 907 2847 suis
936 2791 1129 2847 litteris
1158 2791 1435 2846 indicavit.
1467 2790 1611 2846 Deus
1639 2797 1694 2845 te
1725 2789 2047 2844 incolumem
2073 2803 2198 2843 cus-

615 2880 813 2945 todiat,
848 2879 1012 2936 frater
1039 2880 1376 2936 charissime.
1428 2879 1562 2935 Data
1601 2896 1637 2934 x
1680 2878 1788 2934 kal.
1812 2879 2159 2949 Septrmbres
2181 2917 2197 2943 ,

617 2974 899 3042 quinquies
921 2981 1040 3043 post
1068 2972 1404 3028 consulatum
1426 2972 1608 3028 Basilii
1630 2972 1730 3027 viri
1759 2972 2041 3028 clarissimi
2070 2971 2201 3042 (An-

617 3078 682 3116 uo
713 3060 901 3115 Christi
933 3060 1081 3132 546).

789 3176 1121 3233 EPISTULA
1164 3180 1308 3251 (olint
1347 3177 1441 3251 x1)
1494 3176 1720 3233 VlGlLll
1748 3174 1953 3231 PAPE

1088 3285 1156 3324 AD
1183 3284 1462 3325 EPISCOPOS
1489 3284 1697 3325 (ΞΛΜ-18
1706 3307 1720 3321 .

653 3355 879 3413 Nuntiat
907 3374 961 3412 se
987 3358 1266 3431 Aureliano
1296 3360 1426 3431 vices
1454 3375 1578 3431 suas
1602 3359 1657 3412 in
1680 3356 1855 3413 Gallia
1877 3357 2162 3431 delegasse,

913 3428 1227 3500 mandatque
1254 3437 1310 3482 ut
1338 3429 1506 3483 eidem
1527 3428 1897 3499 obtemperent.

685 3518 1058 3575 Dilectissimis
1084 3518 1337 3574 fratribus
1367 3519 1631 3575 universis
1670 3520 1958 3590 episcOpis,
1982 3518 2074 3588 qui
2101 3518 2203 3573 sub

614 3625 781 3682 regno
823 3611 1195 3681 gloriosissimi
1230 3609 1323 3665 ﬁlii
1363 3611 1533 3667 nostri
1555 3610 1883 3667 Cbildeberti
1908 3610 2050 3680 regis
2079 3616 2205 3664 sunt

614 3720 711 3777 per
737 3703 939 3759 Gallias
969 3703 1281 3769 constituti,
1319 3703 1566 3772 Vigilius.

689 3795 960 3849 Admonet
988 3810 1087 3848 nos
1115 3793 1220 3848 loci
1242 3793 1411 3847 nostri
1438 3792 1795 3848 ministerium
1822 3791 2017 3847 divina:
2045 3791 2207 3847 mise-

614 3884 861 3941 ricordia:
904 3883 1050 3939 dono
1079 3882 1333 3938 collatum
1360 3924 1375 3948 ,
1423 3883 1638 3938 Domini
1668 3898 1769 3939 nos
1808 3883 1981 3953 gratia
2021 3891 2207 3953 prote-

618 3985 800 4046 gente,
846 3975 1170 4045 negligentis
1210 3975 1568 4045 Speculatoris
1608 3975 1858 4032 evitanda
1886 3976 2202 4047 periculum,

618 4068 776 4124 bonis
804 4068 984 4139 potius
1012 4067 1248 4140 palmam
1290 4069 1665 4125 retributionis
1694 4071 1972 4140 promissa:
2012 4079 2069 4126 et
2087 4079 2204 4127 stu-

619 4158 863 4224 deamus,
893 4165 950 4213 et
978 4174 1284 4214 mereamur
1328 4160 1594 4230 accipere.
1637 4159 1791 4217 Unde
1816 4170 2078 4232 quantum
2107 4177 2207 4218 nos

619 4248 863 4304 Christus
885 4248 1025 4305 Deus
1053 4248 1312 4306 Dominus
1338 4258 1394 4306 et
1415 4250 1665 4306 Salvator
1692 4260 1876 4308 noster
1894 4252 2054 4324 primi
2082 4267 2210 4323 apo-

620 4340 886 4397 stolorum
917 4340 1096 4396 locum
1144 4356 1244 4411 pro
1293 4340 1549 4398 ineffabili
1598 4342 1815 4412 pietatis
1865 4359 1978 4399 suae
2016 4357 2209 4413 gerere

623 4431 875 4500 largitate
904 4431 1191 4497 concessit,
1219 4439 1426 4485 tantum
1459 4446 1559 4486 nos
1584 4430 1651 4487 de
1678 4432 2047 4489 universarum
2076 4447 2210 4503 pace

2298 1888 2411 1934 ster
2436 1878 2814 1933 Childebertus
2840 1895 2937 1934 rex
2967 1882 3334 1936 testimonium
3361 1882 3515 1937 bona!
3539 1886 3874 1942 conscientia:

2298 1983 2397 2037 pro
2441 1966 2745 2022 Christiana
2775 1984 2885 2023 sua:
2932 1970 3223 2024 voluntatis
3250 1972 3539 2027 devotione
3585 1976 3869 2045 perhibuit.

2298 2060 2527 2130 Oportet
2552 2076 2679 2130 ergo
2707 2061 3025 2116 charitatem
3055 2072 3288 2117 vestram
3313 2064 3363 2119 ei
3392 2065 3446 2118 in
3473 2067 3732 2135 omnibus,
3756 2085 3875 2138 qua:

2298 2151 2526 2205 servatis
2557 2166 2653 2220 per
2700 2160 2892 2205 cuncta
2933 2152 3230 2207 canonibus
3257 2153 3544 2210 salubriter
3584 2157 3876 2214 secundum

2303 2250 2611 2296 nostrorum
2650 2241 2765 2296 (Ier
2794 2242 2865 2295 ita
2896 2241 3160 2311 majorum
3192 2259 3290 2314 pro
3337 2253 3518 2300 nostra
3558 2248 3878 2304 auctoritate

2297 2333 2608 2399 censuerit,
2653 2334 2897 2403 pra-bere
2944 2333 3306 2390 obedientiam
3353 2346 3769 2409 competentem.
3810 2332 3879 2394 Et

2300 2424 2428 2494 quia
2454 2425 2675 2480 omnino
2710 2440 2932 2480 necesse
2960 2432 3062 2491 est,
3096 2435 3154 2480 ut
3181 2442 3279 2499 pro
3307 2426 3529 2483 diversis
3556 2444 3676 2484 cum
3701 2429 3881 2486 fratri-

2298 2515 2401 2570 bus
2426 2513 2539 2570 Deo
2565 2515 2789 2584 juvante
2838 2516 3132 2570 tractandis
3155 2556 3170 2582 ,
3214 2518 3425 2573 statutis
3465 2519 3708 2589 aptisque
3738 2530 3874 2575 tem-

2301 2608 2525 2678 poribus
2572 2608 2951 2679 episcoporum
2997 2610 3261 2682 synodum
3304 2611 3497 2665 debeat
3523 2626 3873 2681 congregare,

2300 2697 2503 2753 idcirco
2526 2698 2777 2767 praesenti
2804 2700 3128 2756 auctoritate
3159 2714 3459 2766 censemus,
3489 2709 3547 2754 ut
3583 2702 3756 2756 nullus
3785 2702 3875 2757 ubi

2301 2796 2395 2845 aut
2420 2790 2637 2860 quando
2667 2791 3013 2846 constituerit
3037 2806 3096 2846 se
3125 2792 3324 2848 audeat
3352 2807 3631 2859 excusare,
3655 2803 3881 2862 excepta

2302 2880 2627 2938 inﬁrmitatis
2654 2898 2834 2949 causa,
2861 2898 3019 2954 quam
3061 2883 3297 2939 humana
3327 2900 3437 2940 non
3470 2894 3652 2955 potest
3678 2886 3887 2941 evitare

2300 2974 2559 3045 fragilitas
2581 3015 2598 3042 ,
2639 2986 2734 3031 aut
2760 2984 2907 3031 certe
2933 2991 3092 3047 quem
3134 2975 3305 3045 dignae
3333 2977 3699 3032 excusationis
3741 2979 3887 3032 ratio

2300 3065 2490 3148 fecerit
2519 3081 2627 3120 non
2671 3066 2876 3121 venire.
2910 3065 3167 3121 Omnibus
3218 3065 3563 3121 nihilominus
3588 3068 3893 3124 scientibus

2224 3166 2272 3231 ο
2302 3155 2446 3225 quod
2473 3155 2714 3213 Christus
2746 3156 3000 3212 Dominus
3028 3165 3083 3213 et
3121 3155 3369 3212 Salvator
3397 3168 3581 3213 noster
3610 3159 3695 3229 pia
3727 3160 3893 3215 insti-

2303 3248 2511 3302 tutione
2540 3248 2873 3319 pronuntiat,
2905 3248 3091 3305 dicens
3124 3267 3137 3302 :
3164 3246 3299 3313 Quia
3319 3251 3362 3304 si
3383 3250 3486 3304 duo
3513 3267 3578 3317 ea:
3598 3248 3738 3304 vobis
3762 3267 3896 3305 con-

2302 3339 2558 3393 senserint
2584 3355 2737 3409 super
2777 3346 2970 3393 terram
2993 3379 3008 3404 ,
3060 3340 3125 3394 de
3150 3341 3290 3395 omni
3315 3357 3389 3405 re,
3420 3356 3772 3412 quamcunque
3798 3358 3896 3410 pe-

2306 3428 2503 3493 tierint,
2533 3428 2624 3498 ﬁet
2656 3428 2763 3483 illis
2791 3446 2822 3481 α
2855 3427 3016 3484 Patre
3055 3447 3167 3485 meo
3195 3430 3283 3501 qui
3309 3440 3384 3484 est
3410 3432 3463 3484 in
3502 3429 3642 3483 caelis
3668 3429 3896 3499 (Matth.

2305 3521 2477 3586 xvtu).
2515 3516 2978 3583 Quemadmodum
3008 3528 3186 3573 autem
3217 3518 3335 3588 quis
3375 3519 3476 3573 sibi
3502 3534 3621 3589 qua:
3652 3520 3896 3589 postulat

2305 3610 2477 3664 credit
2516 3624 2676 3679 posse
2700 3609 2961 3675 concedi,
2989 3610 3033 3664 si
3074 3610 3508 3679 congregationis
3534 3620 3736 3666 sancta:
3758 3627 3896 3666 con-

2306 3709 2565 3766 ventum,
2620 3699 2709 3753 ubi
2760 3699 3020 3755 Dominus
3066 3702 3404 3771 prmsentiam
3441 3717 3592 3757 suam
3640 3703 3896 3772 promisit

2307 3789 2484 3845 modis
2511 3790 2761 3845 omnibus
2792 3789 3117 3857 adfuturam,
3166 3791 3283 3846 sine
3312 3791 3492 3860 aliqua
3530 3800 3693 3847 rectm
3721 3806 3896 3846 excu-

2307 3879 2538 3935 sationis
2579 3893 2743 3933 causa
2787 3880 2958 3934 vitare
2985 3879 3311 3935 crediderit?
3357 3880 3485 3946 Sed,
3516 3881 3654 3936 sicut
3684 3880 3896 3949 praefati

2309 3988 2512 4036 sumus,
2545 3971 2591 4027 si
2620 3972 2765 4041 justa
2793 3987 2956 4027 causa
2983 3973 3130 4028 illum
3171 3973 3238 4028 ad
3277 3975 3541 4047 synodum
3565 3972 3760 4028 fecerit
3785 3987 3896 4028 non

2308 4065 2512 4131 venire,
2542 4080 2640 4135 pro
2663 4080 2721 4119 se
2749 4072 2843 4119 aut
2869 4066 3265 4137 presbyterum,
3295 4073 3387 4120 aut
3429 4064 3720 4120 diaconum
3767 4063 3896 4120 des-

2310 4159 2486 4213 tinare
2516 4173 2622 4212 non
2648 4156 2887 4223 differat;
2911 4165 3179 4228 quatenus
3205 4172 3325 4227 qua:
3346 4156 3541 4211 fuerint
3570 4154 3895 4211 constituta.

2310 4262 2409 4317 per
2436 4262 2531 4302 eos
2574 4248 2746 4319 possit
2776 4262 3092 4316 agnoscere,
3120 4256 3176 4303 et
3198 4246 3416 4303 deﬁnita
3438 4245 3736 4316 complere.
3774 4245 3889 4301 Par

2311 4338 2636 4393 auctoritate
2665 4337 3005 4406 mandantes,
3045 4347 3105 4393 ut
3149 4337 3325 4393 nullus
3365 4337 3480 4393 sine
3509 4336 3757 4406 praedicti
3789 4336 3896 4392 for-

2313 4438 2456 4485 mata
2486 4429 2554 4484 ad
2596 4429 2968 4500 longinquiora
3017 4430 3136 4485 loca
3167 4429 3364 4485 audeat
3403 4429 3675 4500 prolicisci
3710 4446 3724 4483 :
3762 4444 3896 4498 prte-

621 4521 1005 4593 Ecclesiarum,
1027 4538 1146 4595 qua:
1177 4524 1303 4579 licet
1332 4525 1385 4580 in
1408 4525 1611 4593 multis,
1634 4540 1739 4580 una
1771 4534 1950 4581 tamen
1980 4533 2063 4581 est
2092 4532 2207 4581 toto
2236 4542 2288 4602 ι)
2311 4521 2499 4576 sertim
2538 4522 2665 4590 quia
2695 4529 2751 4576 et
2792 4520 3137 4576 decessorum
3177 4527 3483 4575 nostrorum
3514 4519 3896 4576 decessoriqu

622 4614 755 4669 orbe
777 4612 967 4668 dilfusa
994 4656 1010 4683 ,
1052 4615 1345 4670 incessanti
1379 4615 1557 4671 studio
1579 4616 1833 4671 convenit
1859 4631 1977 4672 esse
1999 4614 2203 4672 sollici-

626 4712 731 4760 tos.
763 4703 974 4774 Quippe
1014 4705 1138 4775 quia
1182 4722 1280 4760 nos
1326 4715 1629 4762 sanctarum
1663 4706 2061 4776 Scripturarum
2087 4705 2204 4762 elo-

621 4794 748 4865 quia
776 4794 1010 4850 reddunt
1036 4795 1319 4863 diligenter
1338 4797 1650 4862 instructos,
1675 4796 1819 4867 quod
1840 4811 1964 4852 cum
1992 4796 2206 4869 Moyses

624 4885 721 4942 Dei
748 4885 978 4940 famulus
1007 4885 1201 4940 divinis
1218 4886 1548 4957 jussionibus
1569 4886 1941 4943 obsecundans
1962 4887 2029 4942 ad
2049 4903 2208 4944 mona-

624 4987 735 5034 tem
763 4975 1019 5032 voluisset
1040 4978 1352 5044 ascendere,
1382 4977 1508 5034 loco
1532 4980 1613 5034 sui
1644 4980 1823 5034 Aaron
1847 4988 1904 5036 et
1929 4979 2042 5035 Hur
2068 4981 2201 5051 legi-

625 5078 713 5123 tur
740 5067 1038 5138 reliquisse,
1069 5067 1257 5124 dicens
1292 5087 1305 5123 :
1335 5067 1649 5141 Exspectate
1675 5070 1757 5125 hic
1778 5110 1793 5136 ,
1838 5071 1999 5126 donec
2038 5088 2209 5127 rever-

627 5168 798 5214 tantur
826 5158 894 5213 ad
913 5175 1018 5214 vos.
1046 5157 1264 5214 Habetis
1291 5160 1466 5216 Aaron
1488 5169 1536 5216 et
1563 5160 1610 5214 Η
1619 5179 1681 5215 ur
1704 5161 1977 5230 vobiscum,
2000 5164 2046 5217 si
2081 5162 2207 5235 quid

627 5258 805 5304 natum
827 5253 981 5323 [πει-ιι
1000 5253 1321 5324 quaestionis,
1345 5253 1578 5324 referetis
1607 5252 1675 5306 ad
1695 5269 1782 5307 eos
1806 5251 2003 5321 (Exod.
2034 5252 2203 5325 ntv).

627 5337 707 5394 Ita
744 5342 887 5395 enim
917 5342 1059 5399 inter
1097 5342 1404 5399 sacerdotes
1435 5341 1649 5399 Domini
1697 5351 1878 5414 potest
1912 5358 2017 5414 pax
2045 5358 2209 5416 super

628 5431 809 5486 omnia
840 5431 950 5486 Deo
988 5433 1184 5503 placita
1212 5433 1494 5499 custodiri,
1521 5434 1564 5489 si
1592 5432 1755 5488 fuerit
1781 5433 1872 5503 qui
1904 5434 2079 5488 vicum
2104 5448 2206 5488 no-

629 5530 863 5578 strarum
891 5526 1213 5583 auctoritate
1238 5525 1517 5596 subnixus,
1550 5541 1838 5598 personam
1867 5534 2109 5582 nostram
2153 5527 2210 5584 in

704 5714 887 5789 [Cum
908 5715 1235 5789 sehismatici
1255 5720 1466 5789 scriptis
1481 5720 1676 5775 litteris
1689 5720 1885 5787 ubique
1904 5719 2211 5789 vulgassent

635 5785 882 5856 Vigilium
910 5801 1103 5858 papam
1151 5788 1248 5845 tria
1278 5785 1582 5847 damnando
1625 5785 1856 5861 capitula
1897 5785 2211 5861 impugnare

2311 4608 2449 4677 ejus,
2479 4608 2672 4679 quibus
2713 4609 2859 4663 vices
2896 4623 3021 4664 suas
3046 4608 3382 4664 commisisse
3428 4608 3722 4679 praeteritis
3766 4616 3892 4662 tein

2311 4703 2532 4773 poribus
2582 4703 2928 4772 releguntur,
2971 4702 3052 4757 sic
3098 4700 3359 4757 deﬁniunt
3403 4708 3649 4766 Statuta;
3705 4708 3770 4753 ut
3824 4701 3896 4755 hi:

2311 4793 2560 4849 omnibus
2599 4793 2905 4848 obedientia
2935 4793 3048 4849 Deo
3077 4793 3276 4863 placita
3318 4790 3619 4858 custoditis,
3662 4805 3773 4861 pax
3806 4788 3889 4845 Ec

2312 4883 2598 4939 etesiarum
2657 4883 2837 4938 stabili
2897 4882 3152 4939 ﬁrmitate
3213 4884 3514 4954 persistat;
3578 4890 3684 4945 et,
3764 4881 3889 4937 sien

2314 4974 2508 5028 doctor
2535 4973 2775 5043 gentium
2817 4974 2949 5029 dicit
2972 4973 3262 5043 Apostolus
3294 4972 3509 5045 (Ephes.
3533 4975 3620 5039 v),
3654 4970 3896 5027 Ecclesi:

2313 5064 2408 5119 Dei
2442 5066 2615 5135 possit
2642 5066 2759 5120 sine
2786 5079 2918 5135 ruga
2946 5073 3003 5120 et
3027 5066 3233 5121 macula
3258 5078 3594 5135 permanere.
3628 5062 3785 5119 Deus
3812 5080 3896 5117 vo:

2313 5152 2610 5211 incolumes
2640 5155 2927 5223 custodiat,
2958 5154 3150 5209 fratres
3179 5153 3499 5209 charissimi.

2493 5277 2520 5306 ⁸
2551 5265 2884 5323 EPISTOLA
2912 5264 3057 5338 (olim
3080 5263 3229 5336 XIII)
3261 5263 3488 5320 VIGILII
3516 5263 3730 5321 PAPJE

2393 5374 2462 5414 AD
2497 5372 2837 5414 AURELIANUI
2878 5371 3283 5412 ABBLATBNSEI.
3323 5371 3829 5412 (ιοισδτικτιαοιιοιι

2977 5440 3218 5503 sentrn.

2311 5539 2462 5598 Nihil
2484 5556 2517 5594 a
2556 5556 2612 5596 se
2637 5549 2817 5596 contra
2855 5538 3078 5594 concilia
3118 5539 3405 5610 generalia,
3442 5535 3890 5608 Rmanontm.,u

2312 5722 2752 5779 Chalcedonense
2781 5723 3089 5787 concilium,
3119 5730 3173 5777 et
3199 5727 3505 5789 complures
3525 5719 3592 5774 ab
3619 5720 3747 5789 ejus
3770 5735 3896 5774 com

2315 5794 2568 5852 munione
2609 5793 2977 5864 discederent,
3007 5788 3413 5849 Valentinianus
3440 5788 3702 5861 Scythiae,
3736 5790 3896 5845 Aure
