4006 6190
594 392 660 445 43
1993 382 2216 440 νιοιιιι

2315 384 2457 439 ᾹΡᾸΞ
3773 371 3834 425 Η

591 517 759 567 frater
780 506 1109 565 charissime.
1129 502 1324 558 Datum
1348 510 1370 537 η
1386 517 1442 557 ut
1463 501 1713 557 calendas
1737 499 1920 563 Maias,
1954 501 2160 569 imperii
2198 504 2250 563 Α
2276 501 2430 555 beata
2452 496 2908 555 Chalcedonensis
2949 491 3205 566 synodus,
3233 489 3299 545 ad
3322 486 3712 545 convincendas
3738 487 3835 541 Ne-

593 599 797 656 domini
826 597 995 653 nostri
1017 592 1299 649 Justiniani
1327 592 1571 663 perpetui
1601 591 1824 659 Augusti
1868 606 2008 644 anno
2037 588 2106 642 24
2138 590 2164 628 δ
2275 591 2429 646 storii
2458 590 2703 647 vesanias
2745 589 2799 644 in
2828 587 3143 643 definitione
3184 581 3305 638 fidei
3346 582 3541 650 legitur
3587 580 3838 651 posuisse,

592 698 715 762 post
738 687 1075 744 consulatum
1095 682 1277 739 Basilii
1304 682 1404 736 viri
1425 682 1703 737 clarissimi
1734 695 1873 735 anno
1899 689 2089 734 octavo
2123 691 2169 746 ε,
2278 697 2397 751 qua:
2423 690 2476 736 te
2503 682 2665 737 etiam
2693 681 2925 735 instante
2979 676 2993 714 ί
3021 684 3236 732 'certum
3285 682 3370 728 est
3398 670 3662 740 “agitata,
3691 671 3761 724 ita
3791 678 3843 721 ut

595 760 688 852 per
724 778 994 834 hominem
1021 788 1181 846 quem
1202 772 1514 829 Anastasius
1535 770 1748 825 direxit.

2320 774 2403 830 liis
2430 774 2630 831 nostris
2657 773 2858 843 Sapato
2886 778 2945 827 et
2982 767 3149 824 Paulo
3177 766 3418 821 diaconis
3443 766 3489 830 ι,
3519 763 3614 820 sed
3642 770 3697 818 et
3716 760 3843 817 Sur-

741 888 766 928 ἀ
784 885 1124 943 EPISTULA
1161 883 1182 957 (
1227 885 1350 939 olim
1379 881 1524 951 XIV)
1556 879 1783 936 VlGlLll
1807 878 2010 934 ΡΑΡΑΞ
2279 866 2461 957 sentio
2482 864 2817 920 notariorum
2844 859 3151 933 primicerio
3180 856 3492 912 clamitares
3518 853 3720 919 dicens,
3747 868 3849 907 non

942 1015 1009 1054 η
1049 1009 1312 1051 “me”
1354 1010 1423 1048 ET
1452 1007 1829 1049 nmmum)“.
2282 954 2455 1010 solum
2483 968 2680 1009 nomen
2708 959 2765 1007 et
2791 950 2990 1020 scripta
3023 945 3293 1003 Theodori
3318 943 3678 1015 Mopsuesteni
3702 958 3849 997 ano-

2284 1046 2365 1102 bis
2392 1046 2590 1101 debere
2617 1043 2883 1112 damnari,
2909 1040 3005 1097 sed
3033 1047 3089 1095 et
3117 1037 3445 1093 territorium
3486 1034 3603 1105 ejus
3634 1032 3656 1071 κ
3687 1036 3852 1104 ipsum

2286 1138 2379 1194 ubi
2407 1138 2614 1209 positus
2640 1143 2743 1204 est,
2773 1143 2828 1190 et
2853 1133 2899 1189 si
2927 1146 3050 1188 ossa
3091 1130 3208 1199 ejus
3251 1127 3433 1183 evulsa
3465 1125 3744 1194 quisquam
3791 1124 3857 1176 de

2282 1230 2555 1299 sepultura
2575 1228 2817 1297 ejiceret,
2843 1233 2900 1279 et
2925 1237 3049 1280 cun.
3087 1220 3278 1276 eodem
3309 1215 3582 1273 territorio
3610 1213 3856 1269 incende-

1762 1312 2185 1404 l'°“'°“5_9:“e'
2283 1328 2388 1385 ret,
2418 1327 2692 1388 gratanter
2739 1317 3030 1386 acciperes.
3060 1312 3280 1368 Etcum
3326 1323 3549 1364 necesse
3595 1314 3758 1374 esset,
3804 1312 3859 1357 ut

608 1415 881 1458 cessomm
910 1406 1216 1453 murorum
1245 1402 1632 1464 congruentem
1678 1393 1939 1447 "nionem
1990 1389 2185 1445 ί¹¹ίθπθ
2289 1412 2560 1479 negotium
2590 1409 2731 1479 quod
2764 1408 2934 1462 fuerat
2963 1408 3017 1460 in
3059 1403 3261 1475 judicio
3290 1408 3477 1456 nostro
3526 1396 3858 1468 perductum,

609 1508 709 1563 pro
737 1489 1031 1561 apostolica
1083 1487 1453 1541 moderatione
1499 1483 1803 1539 distulimus
1833 1500 1848 1549 ;
1913 1481 2009 1538 sed
2054 1480 2185 1550 quia
2289 1513 2344 1559 te
2371 1503 2537 1557 etiam
2563 1515 2722 1570 quam
2746 1499 2982 1553 maxime
3012 1497 3153 1551 inter
3182 1495 3319 1548 alios
3348 1501 3456 1546 tam
3486 1489 3503 1527 ι
3551 1489 3745 1545 sacra“
3772 1504 3862 1542 οτ,

612 1585 858 1642 Doctoris
882 1583 1118 1654 gentium
1141 1582 1193 1634 in
1224 1579 1403 1635 cordis
1424 1577 1589 1634 vestri
1612 1576 1805 1631 duritia
1837 1574 2002 1647 (quod
2032 1588 2061 1626 a
2092 1587 2189 1627 no-
2288 1594 2451 1659 δίηίῇ
2474 1606 2634 1661 quam
2664 1589 2937 1660 sequentis
2963 1586 3334 1643 consentiean
3356 1593 3419 1649 ,η’
3452 1580 3715 1639 sententia
3746 1579 3866 1631 ﬁni-

613 1678 695 1733 bis
715 1690 837 1732 cum
882 1673 1044 1729 nimia
1077 1682 1099 1709 ο
1128 1669 1340 1725 tristitia
1365 1668 1599 1738 dicitur)
1631 1667 1793 1721 verba
1822 1666 2064 1720 videmus
2092 1663 2192 1715 im-
2293 1691 2457 1748 retur,
2488 1680 2632 1751 quod
2652 1686 2862 1736 consul,
2890 1676 3160 1743 enectum,
3190 1682 3247 1729 et
3263 1673 3391 1743 quid
3415 1671 3481 1726 de
3508 1668 3697 1726 eodem
3721 1667 3867 1736 imm

596 1771 779 1839 .pleta,
808 1766 1001 1839 quibus
1041 1764 1115 1817 ait
1150 1779 1161 1814 :
1202 1759 1425 1815 Nescitis
1447 1760 1567 1830 ιμιία
1606 1756 1855 1828 patientia
1883 1754 1977 1808 Dei
1999 1754 2068 1807 ad
2089 1769 2193 1824 pw-
2295 1781 2420 1829 cato
2445 1770 2654 1834 feceris,
2686 1766 2959 1837 quomodo
2983 1767 3146 1821 etiam
3177 1764 3230 1818 in
3280 1762 3479 1833 palatio
3508 1768 3568 1813 ut
3596 1758 3741 1812 fratri
3772 1772 3872 1811 no-

618 1861 888 1917 nitentiam
935 1873 1024 1913 eos
1052 1854 1298 1910 adducit?
1330 1863 1382 1906 tu
1422 1861 1592 1905 autem
1645 1848 1923 1904 secundum
1949 1846 2192 1900 duritiam
2228 1850 2270 1907 Β
2297 1874 2410 1921 suo
2435 1863 2644 1921 Menum
2675 1871 2723 1928 η,
2745 1860 2810 1915 ad
2839 1874 2999 1928 quem
3046 1858 3452 1925 scripseramus,
3484 1851 3729 1906 celem“.
3757 1857 3873 1901 ιη,

618 1962 761 2006 mam
798 1959 847 2005 ⁸⁸
872 1946 1196 2018 immunem
1236 1958 1344 2010 θθνν
1379 1941 1702 1995 mammia”
1737 1937 1827 1992 τίω
1855 1937 1989 1991 iram
2030 1935 2083 1988 in
2112 1934 2194 1987 die
2294 1955 2512 2010 deretur
2532 1951 2809 2017 institeris,
2841 1949 2970 2003 nulli
3000 1947 3226 2001 habetur
3254 1947 3538 2004 incertum,
3572 1941 3643 1993 ita
3675 1947 3731 1993 ut
3760 1935 3879 1990 filio

783 1108 1049 1190 Rusticum
1087 1114 1134 1160 et
1175 1105 1537 1160 Sebastianum
1568 1102 1997 1156 excommunicat.

676 1220 899 1289 Vigilius
921 1217 1204 1287 episcopus
1232 1213 1453 1269 Rustico
1480 1221 1537 1268 et
1559 1211 1896 1268 Sebastiano.

676 1309 777 1364 Diu
793 1307 967 1369 vobis,
1001 1304 1220 1359 Rustice
1245 1310 1301 1357 et
1329 1300 1662 1365 Sebastiane,
1694 1301 1989 1354 canonibus
2017 1307 2069 1350 et
2092 1298 2185 1351 de-

617 2045 713 2097 ire:
741 2040 916 2115 (Rom.
941 2038 1001 2109 It)
1032 2042 1131 2091 :ut
1157 2047 1411 2091 excessus
1438 2029 1456 2068 ί
1480 2039 1693 2086 vestros
1718 2042 1783 2083 ex
1798 2025 2038 2097 plurimis
2067 2038 2199 2094 pau-

622 2149 717 2191 cos
747 2130 981 2191 interim,
1011 2130 1327 2196 iuquantum
1356 2135 1661 2193 possumus,
1704 2117 2074 2186 designemus,
2105 2126 2200 2168 ve-

625 2223 897 2280 nientibus
923 2219 1078 2275 nobis
1099 2217 1186 2270 hic
1215 2215 1268 2269 in
1312 2213 1517 2281 regiam
1552 2210 1844 2273 civitatem,
1875 2214 1931 2259 tu
1960 2203 2196 2268 Rustice,

625 2318 751 2370 dum
779 2315 955 2381 aliqua
977 2310 1131 2366 nobis
1152 2305 1519 2377 ignorantibus
1547 2303 1771 2373 legeres,
1788 2314 1908 2370 qua:
1930 2298 2198 2352 hominem

627 2406 732 2461 loci
781 2404 856 2459 tui
884 2401 1104 2458 omnino
1149 2399 1330 2465 legere
1356 2410 1465 2450 non
1496 2392 1742 2457 decebat,
1771 2398 1827 2444 et
1859 2389 2009 2459 plura
2053 2402 2202 2443 com—

628 2498 844 2551 mittere
864 2491 1143 2552 dicereris,
1170 2503 1291 2557 quae
1317 2487 1480 2540 etiam
1516 2492 1781 2549 nostram,
1800 2481 1847 2535 si
1877 2488 1928 2535 te
1952 2494 2058 2534 non
2079 2493 2204 2547 pro-

631 2586 985 2643 hibuissemus
1009 2576 1174 2650 (quod
1211 2575 1407 2641 absit),
1437 2572 1745 2642 opinionem
1786 2578 1947 2638 atque
1975 2568 2207 2621 animam

632 2676 826 2732 hedere
849 2670 1107 2743 potuisset
1125 2676 1149 2715 ες
1179 2685 1191 2720 :
1216 2665 1428 2719 dicente
1454 2674 1668 2732 quoque
1692 2659 1759 2714 de
1780 2666 1834 2712 te
1856 2656 2011 2711 nobis
2031 2655 2208 2724 aliqua

635 2764 800 2820 Paulo
836 2760 1088 2823 diacono,
1118 2755 1279 2810 etiam
1303 2760 1356 2808 te
1379 2758 1664 2822 praesente,
1690 2748 1831 2803 sicut
1858 2744 2096 2816 oportuit
2115 2784 2129 2804 ,
2154 2750 2209 2796 et

632 2872 732 2927 pro
753 2851 1033 2916 affinitate,
1052 2862 1157 2918 qua
1184 2845 1339 2901 nobis
1357 2858 1387 2897 a
1410 2854 1691 2911 germano,
1718 2851 1879 2905 quem
1905 2833 2206 2896 dileximus,

629 2925 964 3015 jungebaris,
992 2946 1049 2994 et
1072 2953 1169 3009 pro
1189 2950 1256 2990 eo
1283 2932 1426 3003 quod
1457 2945 1556 2985 nos
1583 2936 1636 2983 te
1671 2927 1738 2982 ad
1774 2925 2046 2981 lcviticum
2078 2936 2205 2991 pro-

637 3046 957 3091 vexeramus
1003 3027 1260 3093 officium,
1293 3022 1601 3092 frequenter
1637 3024 1695 3074 et
1734 3026 1942 3071 secrete
1988 3022 2208 3083 paterna

2298 2052 2484 2100 nostro
2524 2041 2811 2111 Surgentio
2842 2037 3144 2109 primicerio
3180 2033 3385 2105 petenti
3404 2031 3656 2088 schedam
3701 2028 3879 2097 ipsam

2296 2136 2516 2206 judicati
2542 2133 2739 2198 nostri,
2786 2139 2844 2185 ut
2872 2127 3016 2200 apud
3045 2143 3104 2184 se
3141 2143 3240 2196 pro
3273 2126 3394 2179 loco
3423 2119 3717 2176 secundum
3745 2133 3885 2174 con-

2304 2227 2637 2282 suetudinem
2667 2223 2945 2287 retineret,
2976 2235 3075 2290 per
3119 2217 3317 2271 multos
3345 2212 3463 2268 dies
3497 2211 3625 2265 dare
3668 2210 3886 2279 penitus

2306 2316 2586 2379 noluisses,
2616 2314 2788 2368 donec
2813 2308 3140 2380 exemplaria
3168 2321 3264 2376 per
3287 2303 3545 2375 plurimos
3573 2299 3886 2355 sacerdotes

2308 2423 2373 2464 ac
2400 2407 2589 2473 laicos,
2618 2404 2712 2460 sed
2742 2411 2798 2458 et
2844 2416 2942 2472 per
2962 2399 3254 2469 gloriosum
3300 2397 3471 2452 virum
3519 2392 3832 2464 Tyrannum
3867 2399 3886 2425 ε

2310 2497 2622 2565 magistrum
2650 2492 2901 2558 militum,
2928 2489 3173 2557 aliosque
3195 2486 3365 2541 laicus
3394 2485 3446 2538 in
3476 2482 3723 2537 Africana
3752 2495 3886 2548 pro-

2312 2584 2482 2640 vincia
2511 2583 2827 2647 destinares,
2856 2580 3003 2651 quod
3030 2579 3084 2634 in
3113 2577 3342 2634 ecclesia
3372 2581 3555 2630 nostra
3595 2588 3626 2626 a
3654 2571 3886 2626 diacom

2311 2690 2583 2745 nunquam
2625 2673 2825 2728 factum
2862 2680 2974 2737 est,
3013 2687 3077 2727 ac
3104 2670 3260 2725 nobis
3309 2668 3472 2724 etiam
3502 2662 3885 2721 nescientibus

2311 2765 2427 2834 ejus
2452 2762 2778 2833 exemplaria
2823 2762 3141 2817 destinares.
3169 2760 3301 2814 Nam
3330 2766 3383 2813 et
3411 2757 3635 2814 sabbato
3679 2762 3886 2809 sancto

2313 2872 2420 2927 quo
2442 2856 2635 2925 ipsum,
2666 2862 2739 2921 te,
2770 2854 2910 2908 sicut
2934 2851 3140 2922 pmfati
3168 2864 3374 2916 sumus,
3405 2846 3737 2908 imminente,
3760 2859 3876 2913 pro

2316 2951 2534 3006 tulimus
2546 2949 2862 3019 judicatum,
2886 2946 2940 3001 in
2965 2944 3247 3002 ecclesiam
3266 2955 3472 2999 sessum
3495 2950 3522 2989 ι»
3547 2936 3886 3009 processisse

2316 3050 2372 3098 et
2399 3038 2846 3103 communicasse,
2874 3044 2932 3091 et
2958 3032 3195 3090 cilicium
3225 3043 3375 3087 tuum
3409 3028 3663 3100 implesse
3699 3040 3886 3095 cogno

637 3123 943 3216 “Etim”
987 3116 1270 3216 diarium“
1301 3120 1359 3168 ut
1386 3110 1518 3216 δίςέδ
1540 3104 2210 3216 ³
2242 3155 2286 3216 C
2316 3131 2504 3187 sceris.
2527 3128 2660 3185 Nam
2685 3135 2741 3183 et
2769 3126 2961 3182 eodem
2991 3124 3081 3180 die
3115 3131 3394 3179 revertens
3421 3121 3489 3175 ab
3517 3118 3769 3184 ecclesia,
3802 3134 3885 3173 co

639 3231 704 3269 ex
733 3213 908 3282 aliqua
936 3214 1090 3279 parte
1132 3214 1507 3275 cognosceres,
1550 3212 1583 3253 a
1620 3195 1815 3252 talibus
1859 3201 2210 3263 temperares,

639 3319 726 3368 ne,
748 3300 874 3370 quia
905 3298 996 3353 Dei
1025 3307 1240 3351 causam
1262 3291 1606 3345 indiscussam
1627 3301 1735 3341 non
1754 3293 2062 3356 pateremur
2082 3294 2214 3348 qua-

641 3369 780 3447 libet
800 3388 1008 3444 ratione
1036 3383 1368 3452 relinquere,
1397 3376 1715 3434 canonicum
1766 3388 1866 3444 per
1916 3385 2015 3425 nos
2064 3369 2120 3423 in
2162 3376 2215 3422 te

637 3481 896 3554 judicium
925 3475 1253 3549 proveniret.
1302 3470 1382 3525 Tu
1412 3477 1592 3525 autem
1621 3482 1729 3522 non
1767 3464 1941 3520 solum
1970 3461 2216 3517 admoni-

642 3549 844 3627 tionem
871 3576 1108 3624 nostram
1137 3563 1325 3619 audire
1347 3559 1610 3616 malevolo
1638 3556 1828 3628 spiritu
1855 3552 2091 3612 noluisti.
2119 3549 2214 3605 sed

644 3661 826 3726 etiam,
856 3659 993 3714 sicut
1020 3656 1281 3726 scriptum
1327 3658 1410 3707 est
1436 3667 1448 3704 :
1480 3652 1651 3721 Argue
1678 3648 1983 3717 sapientem,
2010 3652 2059 3696 et
2083 3644 2216 3695 ada-

645 3754 805 3809 mabt't
832 3762 909 3817 te;
951 3750 1182 3813 stultum,
1213 3754 1262 3800 et
1308 3742 1428 3798 odio
1458 3738 1658 3795 habebit
1706 3747 1754 3791 te
1796 3736 1976 3809 (Prov.
2012 3734 2119 3803 ιχ).
2152 3731 2219 3786 Et

646 3850 838 3902 iterum
872 3861 884 3896 :
917 3838 1101 3896 Noluit
1122 3837 1408 3907 intelligere
1433 3844 1490 3887 ut
1513 3833 1639 3887 bene
1669 3838 1870 3903 ageret;
1899 3828 2220 3901 iniquitatem

644 3935 921 3993 meditatus
940 3941 1016 3986 est
1035 3932 1088 3984 in
1117 3927 1272 3981 cubili
1298 3943 1391 3981 suo
1420 3925 1594 3996 (Psal.
1627 3921 1789 3995 xxxv)
1824 3938 1838 3974 :
1870 3920 1938 3975 ad
1964 3920 2068 3974 hoc
2111 3935 2222 3972 ma-

646 4027 759 4081 litia
790 4033 878 4078 tua
895 4020 1148 4093 perducta
1177 4025 1279 4085 est,
1299 4024 1379 4085 ut,
1403 4021 1583 4070 nostra
1605 4010 1968 4067 admonitione
1982 4016 2223 4063 conteru-

646 4125 759 4190 pta,
789 4113 844 4168 in
865 4111 1045 4167 odium
1075 4109 1253 4180 potius
1276 4105 1576 4176 prosilires,
1608 4108 1664 4157 et
1691 4100 2028 4156 occasionem
2077 4111 2224 4166 quac-

647 4188 819 4272 reres,
847 4208 1109 4273 quatenus
1136 4211 1296 4254 causa
1342 4193 1717 4265 capitulorum,
1750 4191 1801 4245 id
1825 4197 1927 4255 est,
1975 4188 2042 4243 de
2070 4189 2224 4254 dictis

650 4297 919 4379 Theodori
949 4291 1311 4364 Mopsuestcni
1342 4289 1564 4359 ejusque
1592 4300 1822 4357 persona
1841 4325 1858 4351 ,
1899 4283 1993 4339 sed
2021 4292 2076 4337 et
2103 4281 2223 4352 epi—
2264 4312 2269 4317 -

648 4375 934 4460 stola‘qua‘.
961 4386 1028 4442 ab
1054 4385 1143 4441 Iba
1173 4384 1237 4437 ad
1268 4382 1455 4435 Marim
1482 4378 1698 4434 Persam
1725 4376 2035 4457 perhibc/tur
2059 4374 2225 4444 scrip~

2319 3219 2572 3290 episcopo
2606 3224 2811 3282 nostro,
2843 3222 3103 3284 quantum
3151 3213 3417 3283 perbibet,
3445 3209 3659 3264 Juliano
3686 3207 3799 3263 hoc
3831 3208 3886 3263 di

2319 3324 2487 3375 ceres,
2512 3309 2638 3379 quia
2658 3307 2848 3363 melius
2869 3305 2985 3362 fieri
3000 3319 3111 3360 non
3130 3303 3326 3374 potuit,
3347 3315 3506 3372 quam
3527 3296 3671 3370 quod
3699 3295 3885 3352 factu:

2319 3410 2402 3458 est
2423 3400 2737 3471 judicatum,
2768 3406 2824 3455 et
2850 3395 3144 3453 hortareris
3170 3402 3229 3449 ut
3254 3393 3396 3448 Deus
3415 3398 3686 3455 oraretur,
3715 3400 3879 3457 nequ

2320 3490 2465 3561 quod
2491 3489 2511 3563 [
2534 3492 2664 3563 forte
2693 3504 2762 3543 ne
2789 3485 2971 3559 quod]
3001 3486 3199 3541 factum
3248 3491 3331 3539 est
3360 3494 3386 3532 σι
3421 3482 3720 3537 tolleretur.
3748 3479 3886 3546 Quo

2322 3584 2482 3637 etiam
2514 3581 2835 3636 succedente
2864 3575 3139 3633 dominico
3158 3573 3246 3629 die
3270 3571 3491 3627 Pascha:
3514 3569 3766 3625 similiter
3789 3568 3886 3621 (διῐῖ

2323 3673 2461 3738 cisti,
2492 3679 2548 3727 et
2574 3670 2666 3725 diu
2685 3670 2739 3723 in
2764 3667 2950 3725 eadem
2974 3663 3317 3738 perdurando
3344 3662 3630 3725 sententia,
3660 3659 3829 3722 alios,
3872 3677 3886 3714 ι

2320 3764 2620 3835 judicatum
2650 3768 2890 3815 nostrum
2922 3758 3109 3812 libenti
3135 3756 3315 3810 animo
3360 3759 3737 3822 sequerentur,
3773 3750 3886 3804 uili

2321 3831 2559 3901 lominus
2586 3843 2908 3899 hortabaris.
2934 3840 3067 3895 Nam
3106 3839 3231 3893 dum
3275 3835 3622 3890 Antiochense
3653 3831 3885 3886 Ecclesi

2326 3939 2688 4012 apocrisiariis
2715 3935 2957 4006 ejusdem
3000 3932 3222 4004 judicati
3275 3928 3604 3998 exemplaria
3646 3940 3748 3980 nos
3779 3924 3886 3979 dat

2327 4032 2629 4104 petentibus
2652 4026 3007 4088 differremus,
3036 4022 3130 4099 sed
3157 4022 3263 4077 hoc
3288 4018 3458 4089 magis
3494 4027 3516 4054 τ
3543 4014 3748 4085 justum
3795 4030 3886 4069 es:

2326 4123 2597 4197 prmdictis
2626 4117 2984 4189 apocrisiariis
3031 4115 3349 4176 diceremus,
3380 4118 3441 4164 ut
3466 4124 3496 4163 a
3525 4108 3694 4163 fratre
3722 4118 3886 4162 nosti

2329 4213 2520 4267 Manna
2550 4211 2728 4281 potius
2756 4205 3084 4277 exemplaria
3111 4207 3378 4274 peterent,
3410 4198 3477 4253 ad
3504 4213 3666 4267 quem
3697 4212 3729 4251 a
3755 4200 3886 4252 noh

2327 4303 2607 4357 videbatur
2631 4300 2796 4355 fuisse
2816 4297 3105 4369 prolatum,
3135 4301 3192 4347 tu
3216 4299 3393 4347 autem
3416 4289 3628 4359 publica
3662 4301 3805 4343 voce
3837 4289 3879 4342 d

2330 4408 2600 4465 posceres,
2633 4392 2816 4446 dicens
2862 4387 3138 4444 dominum
3184 4384 3420 4439 Leonem
3463 4381 3537 4435 ita
3578 4379 3649 4434 de
3684 4379 3886 4448 episto

652 4491 727 4544 ιδ’
759 4495 857 4536 nec
884 4492 992 4533 ¹¹⁰¹¹
1033 4483 1090 4532 et
1136 4475 1402 4528 diuorum
1431 4468 1743 4525 TheOdorili
1773 4465 1801 4503 h
1820 4507 1836 4531 ν
1867 4462 1988 4535 (μή
2037 4473 2225 4519 comm
2260 4464 2301 4518 υ
2331 4462 2427 4543 sua
2456 4486 2681 4543 diversis
2702 4481 3027 4553 exemplaria
3051 4478 3367 4541 destinasse,
3393 4489 3489 4529 nos
3512 4472 3692 4527 facere
3716 4471 3885 4527 debe

648 4576 855 4627 rectam
877 4566 1033 4622 fidem
1061 4574 1116 4619 et
1144 4562 1424 4633 epistolam
1448 4559 1621 4615 beatae
1635 4554 2023 4613 recordationis
2042 4553 2225 4624 Cyrilli

649 4657 962 4732 synodicam
1010 4654 1079 4707 ad
1121 4652 1424 4707 Nestorium
1473 4665 1593 4703 cum
1627 4646 1906 4703 duodecim
1959 4643 2223 4713 capitulis,

651 4763 813 4817 quam
837 4753 891 4800 et
918 4752 1099 4799 sancta
1123 4741 1355 4812 synodus
1380 4737 1645 4809 Ephesina
1677 4735 1848 4805 prima
1879 4735 2135 4801 suscepit,
2165 4741 2220 4785 ct

727 4890 751 4915 ⁸
786 4883 978 4945 Paris.,
1012 4880 1154 4933 data.

723 4953 753 4991 δ
783 4941 980 5021 Regius
999 4960 1053 5005 et
1082 4948 1395 5014 Colbertini,
1410 4949 1695 5015 imperante
1715 4941 2228 5021 dominorlustiniano

656 5027 774 5082 PP.
806 5020 938 5092 Aug.
970 5037 1109 5092 anno
1137 5036 1284 5092 ιριινἶ
1491 5084 1524 5092 __
1566 5086 1599 5092 __
1708 5084 1720 5092 _
1766 5085 1777 5092 _
1926 5020 1946 5025 “

731 5108 753 5135 ε
787 5084 1122 5154 Parisiensis,
1156 5088 1373 5156 Regius,
1404 5093 1461 5141 et
1484 5084 1799 5156 Colbertini,
1830 5098 2155 5156 annoanno.

726 5167 751 5202 α
784 5162 1006 5234 Vigilius
1054 5160 1223 5234 a__suis
1242 5153 1461 5234 clericis
1495 5154 1857 5234 compluribus
1870 5153 2230 5234 .scliismaticis

655 5222 1268 5303 exagitzi'tus,‘collectis.
1299 5227 1392 5303 qui
1428 5234 1581 5280 erant
1604 5224 2090 5303 Constantinopoli,
2120 5222 2223 5303 Ita-

657 5307 740 5357 liae
759 5292 1047 5372 cpiscopis,
1088 5292 1417 5372 sententiain
1455 5292 2028 5372 excommunicationis
2057 5301 2109 5346 et
2131 5294 2226 5346 de-

656 5362 962 5442 posit'ionis'
990 5362 1057 5442 a_b
1103 5369 1248 5442 omni
1293 5364 1559 5442 gradu_et
1591 5363 1790 5442 _ordine
1824 5363 1940 5442 fert
2003 5362 2055 5415 in
2108 5376 2221 5442 eos,

657 5431 890 5495 maxime
920 5441 971 5492 in
1002 5440 1277 5493 Rusticum
1298 5431 1365 5490 ἐι
1393 5433 1775 5489 Sebastianum.
1808 5431 2085 5484 diaconos.
2120 5431 2226 5486 Nec

657 5520 836 5565 tamen
867 5518 1150 5578 propterea
1178 5505 1465 5578 conflatum
1486 5504 1717 5578 schisma
1731 5500 2102 5578 estscdatum,
2130 5502 2224 5578 sed

658 5580 828 5648 magis
850 5568 1495 5648 excitatum,conjunctis
1523 5572 1775 5648 adversus
1805 5568 2062 5648 Vigiliunl
2079 5570 2227 5640 capi-

656 5639 895 5705 tulnrum
908 5639 1273 5699 defensoribus
1290 5639 1449 5701 simul
1463 5652 1517 5699 et
1531 5640 2009 5712 impugnatoribus.
2027 5639 2220 5696 Barea.

659 5736 752 5773 an.
773 5717 894 5771 550.
925 5716 1051 5769 Ssv.
1082 5713 1276 5769 limus.

737 5798 759 5825 ο
791 5785 984 5849 Paris.,
1011 5785 1343 5837 commodica.

737 5857 755 5895 τ
795 5855 1008 5911 Veteres
1035 5854 1175 5924 libri,
1204 5861 1251 5909 et
1283 5861 1334 5905 ut
1363 5867 1615 5908 era-istis.

2333 4578 2576 4633 similiter
2604 4573 2915 4637 asserendo,
2944 4570 3069 4640 quia
3094 4575 3393 4630 metueres,
3434 4563 3534 4618 nisi
3589 4561 3885 4616 uuiversit

2334 4669 2551 4740 judicati
2581 4667 2751 4722 nostri
2803 4659 3126 4730 exemplaria
3173 4658 3240 4712 de
3284 4655 3481 4711 scrinio
3539 4657 3731 4707 nostro
3774 4654 3886 4707 edi

2336 4767 2544 4816 teneret
2573 4765 2617 4824 ',
2650 4755 2888 4826 qualibet
2916 4751 3126 4806 ratione
3150 4757 3336 4819 postea
3368 4746 3591 4800 forsitan
3619 4744 3886 4800 celat-ett:

2405 4881 2429 4918 ε
2454 4871 2681 4926 Veteres
2709 4870 2849 4932 libri,
2879 4867 3184 4936 potuissent.

2404 4939 2429 4978 ³³
2462 4941 2623 4995 Iidem
2654 4941 2791 5001 libri,
2829 4937 3158 4990 Theodoreti.

2415 5014 2425 5047 ι
2465 5011 2656 5071 Paris.,
2690 5009 2947 5062 adstante.

2411 5083 2423 5131 i
2462 5080 2605 5135 ldem
2628 5080 2818 5141 codex,
2863 5076 3180 5141 diaconibus.
3210 5073 3497 5133 Bellovae,
3532 5071 3821 5124 diaconus.

2410 5153 2430 5187 ι
2464 5149 2617 5221 Ejus.
2636 5138 2875 5221 Deest—in
2908 5138 3214 5221 Parisiensi.

2417 5221 2426 5258 ¹
2460 5215 2607 5273 Tam.
2634 5220 2794 5273 Deest
2822 5217 2873 5270 in
2899 5216 3088 5269 eodem
3124 5215 3272 5265 libro.

2403 5301 2441 5328 ιη
2474 5290 2695 5344 Veteres
2718 5287 2835 5354 libri
2850 5328 2865 5352 ,
2893 5284 3342 5354 consentientibus.

2405 5370 2429 5396 η
2462 5360 2680 5413 Veteres
2708 5352 2828 5411 libri
2857 5364 2912 5410 et
2938 5354 3090 5418 edit.,
3125 5352 3312 5404 Mente.

2406 5440 2429 5465 ο
2462 5429 2754 5486 Bellovac.,
2782 5424 3118 5494 Tyrannjtmt,
3147 5420 3350 5494 Paris.,
3371 5420 3707 5474 Turranium.

2405 5511 2429 5550 r
2457 5500 2678 5553 Veteres
2707 5491 2845 5559 libri,
2878 5496 2932 5548 in
2962 5492 3200 5545 Ecclesia
3232 5491 3513 5544 nobiscum.

2404 5581 2429 5620 ει
2454 5569 2646 5631 Paris.,
2677 5584 2741 5621 ne
2771 5566 2906 5636 quod
2960 5565 3172 5636 factum.
3216 5561 3351 5636 liiue
3399 5558 3759 5636 conﬁrmatur
3796 5573 3886 5614 co

2326 5642 2534 5709 jcctura
2558 5628 2801 5709 apposita
2830 5636 2885 5689 in
2914 5628 3156 5709 margine
3184 5633 3437 5685 editionis
3461 5628 3745 5683 Romanae.

2407 5720 2428 5746 τ
2465 5704 2652 5772 Paris.,
2675 5717 2723 5760 et
2753 5707 2846 5760 Itoc
2878 5704 3065 5773 magis.

2405 5786 2425 5814 ³
2461 5766 2752 5842 Bellorum,
2799 5766 3005 5830 editao'n
3046 5780 3255 5827 teneret.
3307 5769 3500 5827 Paris.,
3535 5766 3674 5821 edita
3704 5781 3844 5822 non

2335 5859 2473 5904 neret
2480 5888 2492 5902 .
