4006 6190
324 327 388 383 ιε
1520 320 1876 383 ΕΡΙΞΤΟΙΑΕ
1908 320 1994 374 ET
2033 320 2373 381 DECRETA.
3517 325 3587 380 46

324 440 450 497 ΜΠ)
472 437 592 493 dum
617 436 964 506 occasionem
995 435 1173 491 euntis
1214 433 1280 488 ad
1308 433 1552 489 Siciliam
1585 434 1899 504 reperisses,
1933 438 1977 496 Α
2005 432 2092 496 de,
2116 434 2432 492 canonicam
2462 435 2747 492 advertant
2765 436 2993 496 subiisse
3012 436 3359 503 sententiam,
3389 436 3457 496 ad
3485 445 3589 493 tua:

324 539 380 586 et
399 528 690 598 iudicatum
721 536 964 584 nostrum
993 525 1290 596 laudesque
1315 523 1453 594 ejus,
1500 524 1590 578 ubi
1616 524 1778 577 etiam
1806 522 1898 577 lilii

326 622 488 677 nostri
501 620 761 676 diaconus
787 618 1234 690 primiceriusquc
1257 623 1430 671 tecum
1455 613 1794 670 manifestum
1821 622 1904 669 est

325 711 723 782 subscripsisse,
765 710 888 766 ﬁliis
934 709 1134 765 nostris
1160 707 1380 775 Pelagio
1407 706 1639 761 diacono
1678 705 1903 772 aliisque

323 805 548 873 dirigere
575 803 842 858 voluisses
868 817 968 872 pro
987 799 1221 862 cautela,
1253 812 1320 852 ne
1348 797 1415 851 ab
1463 797 1644 865 aliquo
1675 795 1904 848 inveniri

325 896 539 952 forsitan
569 895 853 965 potuisset,
877 891 1034 947 nobis
1060 891 1222 946 etiam
1246 886 1634 956 ignorantibus,
1659 885 1710 939 in
1733 899 1904 938 mem-

323 988 482 1043 brana
513 998 538 1023 ει
562 987 955 1056 conscriptum,
982 983 1105 1039 etin
1130 982 1396 1037 brevitate
1416 977 1904 1048 quadruplicatum,

323 1080 510 1135 litteris
537 1079 800 1149 scriptum
830 1075 1203 1132 minutissimis
1229 1071 1532 1129 destinasti.

388 1169 519 1226 Nam
550 1178 610 1225 et
649 1167 938 1225 Vincentio
980 1165 1231 1222 secunda:
1277 1162 1512 1232 regionis
1558 1160 1908 1223 subdiacono,

323 1263 511 1319 iterum
533 1276 567 1314 a
600 1259 756 1315 nobis
795 1268 982 1329 postea
1029 1256 1098 1311 ad
1140 1255 1378 1312 Siciliam
1406 1253 1634 1318 directo,
1665 1267 1761 1321 per
1788 1265 1909 1305 eum

325 1353 430 1408 tilio
463 1360 656 1408 nostro
682 1349 900 1420 Pelagio
926 1349 1157 1404 diacono
1200 1346 1448 1401 similiter
1475 1342 1736 1412 scripsisti
1771 1358 1784 1392 :
1816 1341 1910 1395 sed

321 1445 438 1516 quia
460 1445 537 1499 ita
569 1451 898 1498 memoratus
925 1440 1290 1497 subdiaconus
1318 1451 1578 1508 prospere
1621 1434 1910 1503 navigavit,

328 1545 379 1590 ut
407 1536 559 1591 illum
589 1535 681 1604 qui
712 1535 765 1588 in
791 1533 1101 1589 membrana
1132 1531 1332 1600 scripta
1351 1529 1376 1566 ι’
1411 1534 1744 1598 portaverat,
1777 1538 1915 1595 pra:-

323 1628 512 1683 cedere
539 1625 830 1696 potuisset,
860 1632 1119 1693 quantum
1164 1621 1320 1676 nobis
1350 1618 1554 1682 retulit,
1595 1632 1659 1674 ea
1690 1631 1811 1686 quae
1859 1616 1911 1668 in

326 1717 640 1774 membrana
669 1715 982 1784 scripseras,
1017 1711 1263 1778 Pelagius
1300 1709 1561 1766 diaconus
1610 1706 1725 1775 ipso
1771 1719 1912 1774 pra:-

2008 523 2361 577 ordinationis
2388 524 2669 580 veniamus
2691 525 2863 582 initia.
2887 525 3216 583 Absentibus
3241 526 3365 582 Illiis
3392 537 3592 584 uestris

2007 609 2248 665 diaconis
2281 613 2297 652 ί
2320 611 2571 668 Anatolio
2596 623 2759 683 atque
2780 615 3086 686 Stephano,
3115 630 3148 670 a
3172 615 3331 678 nobis
3357 617 3592 686 postula-

2007 699 2098 763 sti,
2133 706 2191 752 ιιι
2236 699 2303 767 ad
2348 707 2562 772 tempus
2591 719 2690 780 pro
2730 705 3002 775 implendo
3029 705 3240 771 oflicio,
3289 705 3591 764 absentium

2011 791 2132 847 loco
2162 790 2450 848 diaconum
2480 802 2532 849 te
2562 795 2775 852 interim
2814 797 3130 854 faceremus.
3157 797 3312 866 Quod
3341 802 3470 858 ideo
3495 801 3589 857 tibi

2012 882 2076 934 ad
2107 897 2342 951 praesens
2365 886 2602 953 speranti
2631 889 3030 958 concessimus,
3052 892 3178 961 quia
3220 899 3349 949 ante
3373 892 3593 950 ordina-

2011 972 2214 1027 tionem
2240 981 2386 1028 tuam
2416 975 2726 1032 cautionem
2781 979 2934 1034 nobis
2962 980 3178 1049 propria
3215 982 3498 1038 voluntate
3523 981 3598 1038 Io-

2010 1059 2152 1126 geris
2179 1061 2421 1120 emisisse
2440 1105 2457 1132 ,
2496 1077 2658 1133 quam
2685 1073 2743 1120 et
2769 1066 2996 1123 testibus
3043 1069 3334 1138 roborasti,
3355 1079 3412 1126 et
3440 1071 3598 1126 tactis

2012 1145 2316 1216 Evangeliis
2357 1149 2720 1219 juramentum
2749 1155 3107 1223 corporaliter
3154 1158 3480 1226 prmstitisti,
3538 1168 3597 1215 ut

2014 1238 2270 1309 quidquid
2304 1240 2396 1294 tibi
2427 1256 2456 1294 a
2489 1242 2643 1298 nobis
2674 1258 2770 1312 pro
2812 1244 3173 1300 ecclesiastica
3201 1247 3439 1302 utilitate
3468 1247 3599 1306 fuis-

2015 1335 2098 1382 set
2121 1327 2433 1396 injunctum,
2466 1329 2696 1385 Iideliter
2718 1339 2772 1386 et
2794 1333 2909 1388 sine
2937 1333 3113 1404 aliqua
3145 1333 3328 1390 fraude
3352 1339 3598 1406 compte-

2017 1434 2121 1484 res,
2153 1419 2387 1476 ofﬁcium
2417 1436 2547 1476 vero
2591 1422 2883 1492 locumque
2936 1423 3194 1480 diaconii
3253 1426 3372 1481 sine
3417 1427 3599 1496 aliquo

2017 1510 2172 1578 vitio,
2219 1511 2338 1565 sine
2366 1510 2544 1579 aliqua
2585 1512 2856 1582 superbia,
2889 1514 3005 1569 sine
3030 1514 3213 1584 aliquo
3241 1516 3596 1584 neglectuum.

2020 1600 2193 1654 donec
2216 1608 2616 1655 reverterentur
2639 1602 2848 1657 diaconi
2876 1605 3180 1671 memorati,
3203 1612 3301 1660 aut
3320 1614 3522 1675 quanto
3547 1615 3604 1662 te

2025 1690 2044 1727 ι
2080 1702 2324 1765 tempore
2365 1694 2418 1748 in
2464 1693 2746 1750 levitarum
2791 1695 3148 1752 voluissemus
3195 1697 3539 1755 ordinatione
3582 1699 3593 1736 ι

325 1819 474 1866 “me
497 1779 935 1878 pempiL'l-zrgo
962 1803 1090 1858 dum
1125 1810 1181 1856 ει
1209 1810 1400 1870 ιαμ-ω
1446 1798 1696 1855 omnibus
1736 1796 1910 1850 immi.
1950 1779 1993 1838 Β
2020 1781 2327 1878 ministrare
2344 1798 2466 1837 cum
2497 1784 2643 1838 omni
2667 1784 2968 1838 humilitate
2995 1793 3049 1839 et
3073 1785 3252 1842 studio
3273 1786 3390 1842 sine
3415 1789 3602 1858 negieo

327 1909 485 1956 ncnte
515 1898 787 1968 prolatum
822 1895 982 1951 fuerit
1003 1893 1322 1964 judicatum,
1353 1899 1408 1947 et
1437 1897 1584 1946 tanta
1618 1889 1671 1943 in
1697 1888 1813 1956 ejus
1837 1887 1916 1940 in-

328 1989 484 2045 dicati
511 1988 672 2043 laude
696 2000 988 2043 succensus
1017 1999 1113 2054 per
1132 1983 1358 2041 multum
1390 1991 1599 2051 tempus
1619 1979 1916 2048 scripseris,

327 2080 590 2134 fecerisve
615 2085 674 2132 ut
719 2090 993 2145 nunquam
1044 2083 1097 2129 te
1133 2072 1483 2129 crederemus
1533 2070 1600 2124 ab
1630 2069 1732 2124 hac
1759 2082 1919 2137 posse

328 2169 652 2225 rectitudine
675 2168 912 2233 deviare,
964 2167 1304 2222 immutatum
1339 2171 1393 2218 te
1429 2162 1608 2217 subito
1647 2165 1770 2230 post
1808 2161 1923 2213 lucc

329 2261 564 2329 quadam
588 2259 752 2314 animi
784 2258 1023 2322 levitate,
1053 2255 1314 2325 vulgante
1351 2252 1607 2324 opinione
1653 2248 1920 2318 comperi—

332 2367 468 2418 mus,
501 2358 562 2405 et
582 2365 703 2406 cum
725 2347 1053 2403 adversariis
1079 2344 1353 2409 Ecclesiae,
1383 2342 1472 2412 qui
1509 2348 1697 2396 contra
1729 2350 1750 2378 ο
1777 2337 1920 2406 judi-

332 2443 439 2496 cati
490 2440 666 2496 nostri
711 2438 910 2494 seriem
963 2437 1296 2496 nitebantur,
1330 2440 1386 2487 et
1427 2447 1455 2484 a
1489 2429 1644 2485 nobis
1677 2435 1802 2482 sunt
1830 2441 1926 2495 per

331 2530 554 2598 iudicati
582 2528 752 2598 ipsius
780 2537 1024 2583 tenorem
1053 2540 1085 2578 a
1114 2522 1498 2580 communione
1543 2517 1804 2588 suspensi,
1836 2530 1924 2568 se-

333 2631 481 2678 crete
515 2629 752 2678 tractare
783 2638 796 2674 :
839 2627 895 2678 et
923 2618 1050 2673 dum
1080 2617 1222 2673 ﬁlius
1242 2625 1427 2670 noster
1447 2611 1648 2666 Paulus
1670 2610 1927 2664 diaconus

336 2711 360 2750 δ
384 2713 448 2769 ad
470 2713 684 2769 Italiam
721 2722 746 2750 ο
769 2710 1052 2767 discedere
1079 2706 1353 2784 voluisset,
1388 2711 1740 2775 posteaquam
1772 2706 1826 2753 et
1861 2700 1927 2751 ad

337 2823 454 2863 eum
475 2805 749 2878 pervenit,
779 2801 925 2874 quod
963 2799 1278 2856 scandalum
1306 2795 1564 2852 Ecclesiae
1593 2794 1647 2849 in
1687 2806 1929 2847 commu-

339 2900 497 2954 nione
519 2897 696 2952 adhuc
716 2903 901 2952 nostra
923 2894 1151 2964 positus,
1181 2898 1391 2946 secrete
1412 2897 1470 2943 et
1493 2887 1602 2954 hic,
1631 2885 1760 2940 etin
1783 2882 1927 2937 Afri—

339 3008 470 3047 cana
496 2990 780 3062 provincia
827 2986 873 3053 ί,
905 2986 995 3042 ubi
1023 2993 1186 3041 antea
1223 2979 1564 3038 defendendo
1589 2986 1644 3033 et
1665 2974 1930 3030 laudando

339 3082 636 3150 iudicatum
685 3087 955 3145 nostrum,
980 3075 1099 3144 ejus
1138 3070 1466 3142 exemplaria
1495 3066 1824 3132 destinastis,
1849 3064 1929 3118 fa-

2021 1881 2111 1925 ctu
2141 1870 2319 1926 modis
2347 1871 2595 1927 omnibus
2622 1873 2966 1943 impleturum
3003 1890 3016 1924 :
3063 1873 3115 1927 in
3143 1874 3333 1929 eadem
3347 1877 3607 1932 cautione

2022 1976 2208 2016 rursus
2235 1961 2686 2036 adjiciens,_quod
2713 1961 2762 2016 si
2804 1959 2874 2016 de
2920 1960 3003 2017 bis
3027 1962 3284 2018 omnibus
3325 1978 3445 2033 quae
3477 1979 3604 2019 cum

2022 2057 2386 2118 sacramento,
2416 2049 2572 2104 tactis
2602 2049 2958 2125 corporaliter
2984 2048 3322 2119 Evangeliis,
3356 2053 3607 2121 promisi-

2024 2140 2111 2202 sti,
2137 2140 2338 2209 aliquid
2369 2141 2545 2194 minus
2575 2139 2875 2208 implesses,
2925 2148 3052 2194 tunc
3081 2155 3111 2193 a
3152 2150 3336 2195 sancta
3373 2156 3609 2197 commu-

2027 2231 2187 2284 ιιὶοιεε
2216 2245 2363 2286 esses
2392 2244 2683 2298 suspensus
2716 2247 2729 2281 :
2782 2230 2853 2283 ita
2884 2238 2943 2286 ut
2984 2230 3029 2285 si
3058 2245 3088 2284 a
3129 2230 3218 2284 die
3245 2246 3500 2288 excessus
3531 2234 3609 2288 tui

2027 2320 2164 2374 intra
2192 2335 2390 2400 annum
2422 2319 2752 2396 pmnitentia:
2781 2319 3046 2395 noluisses
3090 2321 3229 2376 colla
3268 2323 3609 2389 submittere,

2029 2419 2085 2462 tu
2136 2410 2229 2464 tibi
2281 2411 2564 2463 anathema
2604 2425 2766 2476 manu
2813 2410 3026 2480 propria
3075 2411 3356 2468 scribendo
3405 2413 3608 2470 dixisti.

2029 2497 2177 2552 Tunc
2191 2513 2320 2567 ergo
2343 2497 2410 2551 ad
2441 2513 2674 2567 prmsens
2698 2497 2868 2554 factus
2882 2483 2942 2552 es
2969 2499 3069 2554 sub
3092 2512 3156 2552 ea
3177 2514 3335 2568 quam
3357 2501 3613 2570 sperabas

2030 2599 2084 2644 et
2111 2589 2380 2660 pollicitus
2409 2590 2588 2645 fueras
2616 2591 2926 2646 conditione
2953 2591 3228 2648 diaconus.
3254 2589 3450 2646 Postea
3481 2609 3613 2648 vero

2032 2690 2090 2734 ut
2117 2697 2146 2735 a
2179 2682 2334 2738 nobis
2367 2681 2433 2736 ad
2462 2682 2845 2736 Dalmatiarum
2876 2682 3258 2752 patrimonium
3299 2683 3610 2746 mittereris,

2031 2775 2253 2829 summis
2279 2774 2528 2848 precibus
2555 2846 2558 2848 _
2570 2774 2876 2845 postulasti.
2908 2774 3064 2846 Quod
3094 2791 3194 2832 nos
3235 2776 3433 2842 securi,
3487 2778 3615 2845 quia

2033 2863 2195 2918 talem
2221 2864 2430 2919 feceras
2454 2865 2779 2929 cautionem,
2812 2864 2994 2934 animo
3020 2865 3207 2919 libenti
3230 2865 3613 2920 concessimus.

2033 2953 2135 3019 Qui
2163 2953 2287 3010 dum
2319 2954 2371 3008 in
2419 2952 2790 3030 Salonitanam
2827 2955 3014 3010 urbem
3050 2964 3088 2992 ιη
3140 2971 3238 3025 pro
3278 2955 3618 3012 ordinatione

2034 3045 2343 3116 patrimonii
2391 3045 2720 3112 advenisses,
2749 3053 3008 3119 quantum
3048 3043 3118 3099 ad
3165 3060 3265 3101 nos
3305 3055 3490 3115 postea
3533 3056 3620 3101 est

341 3187 466 3227 cere
494 3169 777 3232 nitebat-is,
803 3177 930 3223 tunc
959 3167 1055 3221 tibi
1095 3164 1259 3234 erepit
1287 3163 1538 3218 insistere
1565 3168 1620 3215 et
1645 3159 1851 3226 dicere,
1873 3167 1927 3211 ut

2037 3135 2389 3205 plurimorum
2418 3134 2682 3190 relatione
2729 3134 3070 3204 perductum,
3127 3134 3329 3190 illicitis
3371 3143 3425 3190 te
3478 3143 3537 3190 et
3586 3150 3618 3188 a

346 3266 389 3318 si
415 3278 604 3318 verum
635 3268 798 3327 esset,
822 3258 1122 3330 producere
1149 3266 1176 3304 κ
1215 3255 1519 3320 debuisses;
1552 3250 1698 3323 quod
1728 3257 1783 3304 tu
1812 3264 1938 3305 con-

347 3353 544 3416 victus,
563 3351 747 3406 celare
773 3349 991 3403 minime
1013 3347 1252 3418 potuisti.
1279 3345 1429 3399 Tunc
1449 3357 1581 3398 vero
1608 3348 1937 3396 memoratus

351 3442 505 3496 nobis
527 3441 690 3510 cepit
741 3439 1021 3494 imminere
1067 3437 1344 3500 diaconus,
1375 3441 1436 3488 ut
1464 3439 1560 3487 aut
1583 3432 1856 3500 corrigere
1885 3439 1938 3483 te

348 3533 416 3586 ab
444 3533 529 3588 his
547 3547 670 3601 quae
698 3530 884 3586 illicite
910 3528 1158 3592 faciebat,
1185 3525 1283 3582 sub
1313 3532 1495 3580 nostra
1525 3521 1809 3593 prmsentia
1834 3520 1940 3575 cle-

351 3623 691 3693 ricorumque
712 3621 1076 3691 promitteres,
1107 3625 1202 3671 aut
1229 3623 1376 3672 certe
1403 3612 1720 3683 petitionem
1750 3609 1940 3664 adver-

351 3730 467 3770 sum
491 3724 566 3783 te,
590 3722 646 3768 et
674 3712 994 3768 varietatem
1026 3717 1172 3763 tuam
1202 3715 1365 3776 atque
1392 3703 1658 3759 fallaciam
1683 3700 1750 3755 ab
1781 3715 1847 3754 eo
1863 3699 1939 3752 fa-

352 3812 513 3868 ctam,
544 3818 708 3874 quam
737 3809 794 3858 et
821 3816 931 3871 prie
977 3798 1226 3854 nianibus
1271 3795 1510 3864 gerebat,
1568 3791 1941 3848 debuissemus

352 3894 598 3962 accipere
633 3910 648 3946 :
681 3891 750 3946 ad
779 3890 886 3946 hoc
910 3906 970 3945 es
992 3889 1209 3960 propria
1233 3887 1513 3942 voluntate
1550 3881 1860 3953 perductus,
1883 3888 1942 3933 ut

355 3985 508 4040 tactis
554 3981 862 4052 Evangeliis
890 3985 1224 4036 sacramenta
1247 3983 1552 4047 praestares,
1583 3981 1640 4028 et
1665 3971 1824 4026 verba
1851 3978 1939 4023 tua

356 4091 386 4130 a
405 4075 619 4132 notario
643 4073 897 4152 {scripta
927 4071 978 4126 in
1023 4076 1211 4124 nostro
1255 4071 1541 4122 teneantur
1571 4061 1792 4126 scrinio,
1819 4059 1941 4128 qui-

355 4166 452 4223 bus
469 4169 612 4223 inter
639 4165 747 4220 alia
768 4163 963 4233 legeris
982 4159 1293 4232 promisisse
1317 4165 1372 4213 te
1399 4167 1671 4224 nunquam
1695 4167 1725 4206 a
1757 4158 1943 4206 nostro

355 4259 562 4326 penitus
584 4255 849 4327 obsequio
881 4254 1272 4309 .discessurum.
1301 4250 1660 4316 Posteaquam
1691 4257 1820 4296 vero
1849 4254 1944 4310 pc-

353 4347 439 4419 jor
468 4359 519 4406 te
539 4347 914 4412 Sebastianus,
945 4359 1044 4414 pro
1069 4342 1186 4399 solo
1210 4338 1466 4396 seandalo
1509 4333 1776 4400 faciendo,
1803 4331 1944 4386 sicut

353 4449 411 4495 et
442 4441 590 4496 initia
619 4440 791 4510 ipsius
840 4435 1103 4492 venientis
1129 4435 1186 4490 in
1223 4425 1748 4498 Constantinopolim
1789 4439 1946 4479 mon-

354 4537 690 4595 straverunt,
721 4537 779 4584 et
807 4527 987 4585 exitus
1015 4524 1172 4594 pejor
1211 4521 1451 4585 edocuit,
1482 4517 1724 4575 noscitur
1777 4513 1944 4568 adve-

356 4617 518 4683 nisse,
540 4619 611 4673 ita
641 4627 700 4673 ut
727 4631 854 4674 mox
885 4616 961 4670 tui
988 4615 1271 4670 immemor
1297 4607 1640 4671 sacramenti,
1685 4603 1941 4673 conjura-

2035 3227 2164 3283 sede
2197 3227 2495 3298 apostolica
2526 3225 2811 3298 prohibitis
2850 3224 3282 3296 ordinationibus
3334 3223 3616 3287 miscuisti,

2037 3328 2093 3374 et
2111 3335 2247 3389 quos
2273 3318 2566 3384 Honorius,
2598 3326 2725 3374 tunc
2760 3318 3029 3390 praidicta:
3055 3317 3290 3373 civitatis
3310 3316 3618 3388 cpiscopus,

2037 3419 2225 3466 contra
2265 3409 2710 3467 consuetudinem
2755 3408 3014 3463 Romanae
3041 3407 3129 3463 vel
3173 3423 3284 3463 sua:
3325 3405 3618 3470 Ecclesiae,

2037 3502 2180 3557 sedis
2210 3501 2520 3570 apostolica:
2545 3499 2840 3554 constituta
2877 3499 3046 3554 sacris
3087 3498 3366 3553 ordinibus
3393 3495 3626 3570 aprlica-

2039 3598 2190 3646 verat
2219 3600 2268 3658 ιι,
2318 3606 2427 3645 non
2456 3589 2629 3644 solum
2677 3588 2970 3666 prohibere
3014 3589 3226 3660 penitus
3255 3588 3492 3652 noluisti,
3523 3585 3621 3644 sed

2041 3696 2143 3736 nec
2177 3680 2334 3738 nobis
2387 3695 2457 3735 ex
2507 3681 2608 3734 bac
2651 3694 2813 3734 causa
2869 3678 2957 3735 vel
3009 3679 3210 3748 scripto
3257 3677 3487 3746 referre,
3534 3679 3624 3736 vel

2039 3771 2256 3846 quando
2270 3781 2293 3807 ο
2309 3769 2706 3825 Thessalonica:
2729 3768 2888 3844 nobis
2904 3783 3239 3832 occurreras,
3256 3782 3464 3824 memor
3483 3782 3620 3824 cou-

2041 3861 2280 3916 scicntia:
2309 3869 2431 3924 tum,
2465 3875 2533 3914 ne
2561 3859 2727 3916 verbo
2755 3859 2970 3929 quidem
2995 3872 3284 3928 suggerere
3307 3857 3546 3925 voluisti,
3568 3864 3628 3913 et

2042 3969 2164 4008 cum
2195 3952 2319 4019 illis,
2362 3962 2616 4028 tanquam
2647 3965 2770 4006 cum
2803 3949 3043 4020 legitimo
3083 3957 3138 4004 et
3185 3947 3491 4003 rationabili
3537 3963 3628 4002 or-

2044 4045 2170 4100 dinc
2199 4043 2373 4107 Iactis,
2420 4041 2733 4113 cupiditatis
2753 4040 2944 4111 spiritu
2971 4039 3282 4109 acquievisti
3309 4037 3628 4110 procedere,

2046 4141 2101 4188 et
2131 4149 2316 4187 eorum
2358 4132 2539 4187 socius
2587 4145 2646 4184 es
2683 4128 3080 4186 communionis
3111 4127 3406 4182 venalitate
3440 4141 3628 4195 reper-

2047 4232 2152 4278 tus.
2178 4223 2377 4277 Iterum
2427 4221 2807 4283 Thessalonica
2861 4230 2883 4268 [ι
2910 4218 2977 4273 ad
3007 4219 3296 4273 Dalmatius
3321 4219 3628 4288 patrimonii

2047 4317 2263 4386 regendi
2286 4331 2447 4370 causa
2468 4315 2721 4368 remissus
2743 4327 2906 4382 es,ex
2929 4326 3031 4380 qua
3056 4311 3332 4381 provincia
3363 4309 3631 4380 frequenti

2050 4422 2102 4465 te
2131 4411 2453 4464 auctoritate
2490 4409 2829 4474 monuimus,
2877 4415 2936 4460 ut
2984 4420 3094 4460 non
3138 4413 3264 4458 ante
3303 4401 3629 4468 discederes,

2050 4505 2149 4560 nisi
2181 4519 2370 4560 omnes
2408 4501 2700 4558 secundum
2747 4498 3192 4570 pollicitationem
3243 4503 3389 4551 tuam
3416 4503 3524 4548 tam
3564 4493 3633 4550 de

2052 4596 2434 4652 Dalmatiarum
2461 4592 2784 4664 patrimonio
2816 4605 2977 4661 quam
3005 4588 3071 4644 de
3101 4587 3456 4644 vaalitano
3475 4587 3632 4643 colli-

357 4709 560 4764 tionem
589 4709 733 4765 inter
753 4723 852 4764 vos
880 4714 1066 4763 contra
1095 4710 1299 4766 statuta
1321 4713 1613 4761 canonum,
1633 4694 1952 4762 i'iobisigno-
2052 4701 2208 4758 geres
2235 4686 2543 4758 pensiones.

356 4800 622 4867 nutibus,
641 4799 921 4860 facientes,
951 4797 1006 4854 in
1029 4803 1277 4865 apertum
1307 4799 1536 4860 uterque
1565 4799 1944 4858 prorumpere-

357 4888 426 4940 tis
445 4889 773 4952 scandalum.
788 4887 896 4943 Sed
921 4894 980 4944 ut
1003 4894 1116 4949 tua,
1133 4883 1474 4946 Sebastiano,
1497 4895 1604 4936 non
1629 4877 1944 4947 inquantum

358 4987 500 5040 sunt,
531 4978 623 5033 sed
654 4979 969 5048 inquantum
999 4974 1202 5030 referre
1230 4986 1536 5044 possumus,
1567 4967 1706 5022 mala
1727 4980 1847 5035 quae
1869 4963 1946 5017 fe-

358 5069 500 5122 ceris
523 5069 717 5124 diversi
734 5072 1089 5139 cognoscant,
1117 5073 1172 5120 et
1195 5063 1341 5135 justo
1372 5069 1444 5126 te,
1478 5073 1602 5113 nam
1631 5055 1802 5125 magis
1833 5063 1944 5109 tar-

435 5260 468 5289 ⁸
496 5249 713 5308 Veteres
739 5251 881 5318 libri,
911 5249 1228 5307 membrana.
1274 5247 1368 5304 Sic
1413 5245 1578 5301 etiam
1607 5240 1767 5312 paulo
1798 5245 1940 5309 post.

434 5321 464 5361 δ
495 5319 682 5393 Paris.,
713 5325 982 5393 scriptum.

438 5404 463 5464 ξ
492 5389 778 5464 Bellovva
807 5389 929 5464 iyuia
956 5399 1162 5464 contra.

436 5461 466 5500 ⁴¹
496 5461 713 5519 Veteres
742 5454 862 5517 libri
894 5472 949 5519 et
973 5461 1128 5529 edit.,
1161 5459 1410 5514 diaconus
1438 5454 1655 5510 Paulus.

441 5543 467 5570 ο
495 5530 688 5600 Paris.,
717 5532 781 5586 ab
805 5530 986 5587 Italia.

446 5602 464 5641 ί
497 5596 714 5676 Veteres
744 5603 887 5676 libri,
918 5603 1220 5676 Africanam
1250 5596 1587 5669 provinciam.

440 5682 467 5744 ς
497 5671 686 5744 Paris.,
713 5672 952 5744 prodere.

446 5741 472 5779 ³
493 5743 631 5798 Idem
660 5741 856 5807 codex,
889 5741 1128 5796 notariis.

458 5813 474 5852 ι
505 5812 721 5870 Veteres
748 5806 888 5880 libri,
920 5811 1216 5867 diaconibm
1250 5807 1486 5878 Pelagio,
1508 5806 1767 5875 Anatolio,
1799 5813 1952 5876 atque

2123 4777 2228 4832 Sed
2274 4775 2541 4836 tu.omnia
2573 4772 3008 4844 prtetermittens,
3037 4770 3106 4826 ad
3134 4765 3634 4837 Constantinopoli-

2056 4879 2236 4925 tanam
2265 4867 2454 4924 urbem
2495 4881 2594 4936 pro
2622 4863 2740 4919 solo
2769 4862 3016 4918 faciendo
3046 4862 3230 4917 venire
3274 4858 3526 4916 scandan
3555 4854 3634 4910 fe-

2051 4962 2284 5027 stinasti,
2315 4966 2573 5029 quantum
2604 4964 2659 5012 et
2687 4970 2918 5025 sequens
2946 4954 3122 5008 exitus
3143 4947 3456 5006 declaravit.
3483 4944 3636 5000 Rele-

2050 5068 2182 5121 gcns
2212 5062 2389 5106 tamen
2438 5046 2719 5103 constituti
2747 5045 2918 5101 nostri
2949 5044 3168 5108 seriem,
3213 5055 3372 5108 quam
3404 5036 3470 5090 dc
3501 5051 3636 5105 pne-

2051 5236 2338 5307 Stephano.

2125 5299 2157 5357 ι’
2179 5306 2371 5366 Paris.,
2405 5305 2669 5374 locumque
2692 5299 3016 5374 diaconatus.

2123 5375 2146 5413 ¹ι
2179 5375 2296 5430 Vox
2320 5363 2370 5428 te
2391 5374 2542 5428 deest
2570 5363 2622 5425 i'n
2652 5369 2924 5425 codicibus
2952 5363 3346 5436 manuscriptis.

2131 5445 2148 5484 ι
2182 5445 2476 5505 Bellovac.,
2507 5439 2918 5500 ordinationem;
2945 5435 3143 5502 Paris.,
3173 5435 3427 5488 ordinent.

2130 5527 2167 5553 ω
2198 5516 2428 5571 Veteres
2452 5511 2592 5575 libri,
2617 5507 2929 5565 Salonitono
2954 5507 3098 5560 urbe.

2129 5596 2155 5624 η
2187 5585 2351 5641 Iidem
2383 5583 2523 5646 libri,
2552 5580 2898 5650 applicuerat.

2135 5666 2159 5692 °
2191 5655 2362 5710 Iidem
2384 5651 2525 5714 libri,
2556 5647 2634 5704 uel
2660 5647 2929 5718 quomodo.

2130 5730 2160 5772 ι’
2185 5724 2358 5787 Iidem
2376 5720 2516 5786 libri,
2549 5714 2745 5777 Iterum
2774 5715 2839 5770 de
2863 5715 2892 5767 Ἰ
2908 5714 3246 5772 tvenalicium.
