4006 6190
450 342 515 397 47
1845 336 2014 392 γιαη

2118 334 2314 389 ΡΜ)Ᾰέ
3631 343 3700 396 38

444 455 566 510 fatis
611 453 858 523 capitulis
889 453 954 507 ad
1004 452 1252 508 Menuam
1277 449 1436 521 hujus
1462 448 1692 505 civitatis
1723 448 2015 503 antistitem
2054 455 2095 508 Α
2128 465 2345 503 causam
2395 451 2622 518 habetis,
2672 463 2728 506 et
2758 469 2855 508 nos
2885 456 3061 510 aliam.
3115 456 3305 512 l‘o'tea
3336 473 3463 514 vero
3503 460 3568 513 ad
3598 460 3701 518 hoc

442 544 650 603 dedisse
678 545 988 614 relegimus,
1008 547 1061 600 in
1086 551 1379 615 conspectu
1406 543 1773 607 diaconorum,
1796 541 2019 595 subdia-

442 652 827 707 conorumque,
858 637 944 690 vel
991 636 1366 690 universorum
1414 633 1754 697 clericorum,
1806 631 2020 700 publica

439 741 577 782 voce
630 726 890 781 laudabas
922 735 966 791 ',
1014 733 1072 779 ut
1116 724 1187 779 de
1237 724 1376 780 cmlo
1422 722 1719 791 iudicatum
1774 726 2018 774 nostrum

440 818 747 874 ordinatum
793 823 957 887 atque
1008 816 1278 886 prolatum
1336 816 1602 878 omnibus,
1629 814 1767 867 sicut
1810 810 2018 880 praefati

441 922 651 973 sumus,
711 906 925 962 clericis
968 906 1288 974 loquereris.
1352 904 1502 959 Dicta
1558 918 1687 956 vero
1749 901 2025 955 Theodori

442 997 801 1069 Mopsuesteni
825 996 1106 1051 asserebas
1130 1005 1183 1051 te
1212 996 1265 1050 in
1288 994 1457 1050 Roma
1480 996 1614 1049 urbe
1642 995 1783 1047 inter
1810 993 2019 1061 aliquos

440 1090 654 1145 codices
705 1090 993 1153 invenisse,
1045 1102 1165 1156 quae
1194 1087 1551 1143 contirmabas
1578 1088 1725 1141 omni
1765 1100 2017 1138 exsecra-

443 1183 589 1237 tione
615 1190 672 1236 et
689 1181 1036 1251 blasphemiis
1057 1196 1177 1235 esse
1215 1180 1505 1250 completa.
1533 1178 1659 1233 Haec
1687 1176 1933 1241 dicendo,
1965 1177 2015 1229 in

440 1282 628 1326 nostro
657 1271 935 1339 obsequio,
964 1278 1019 1325 et
1049 1271 1099 1322 in
1155 1268 1384 1323 ecclesia
1435 1267 1648 1336 publice
1669 1274 1724 1320 et
1756 1266 1807 1318 in
1840 1263 2015 1319 Placi-

439 1364 555 1417 dias
584 1361 820 1417 oﬂicium
850 1362 1163 1415 diaconatus
1195 1359 1475 1429 implebas.
1495 1356 1799 1411 Nativitatis
1820 1355 2014 1409 Christi

444 1450 535 1504 Dei
587 1448 795 1503 Domini
834 1458 888 1501 et
923 1446 1222 1502 Salvatoris
1261 1447 1428 1500 nostri
1476 1445 1769 1500 secundum
1798 1458 2017 1498 carnem

443 1539 712 1608 praeterito
732 1552 874 1592 anno
899 1537 1014 1592 dies
1042 1536 1263 1592 advenit
1288 1556 1299 1590 :
1328 1537 1639 1592 vocavimus
1688 1544 1760 1599 te,
1786 1536 1909 1605 quia
1950 1534 2016 1587 ad

430 1642 560 1695 'nos,
589 1644 709 1699 quae
736 1644 897 1699 supra
941 1629 1280 1685 meminimus
1327 1639 1379 1684 te
1409 1627 1600 1684 fecisse
1640 1629 1692 1683 in
1718 1627 2015 1690 Dalmatiis,

439 1721 506 1776 de
526 1721 729 1776 recenti
758 1730 1122 1791 pervenerunt
1155 1738 1167 1773 :
1220 1729 1274 1774 et
1299 1721 1441 1776 sicut
1486 1719 1756 1789 aportuit,
1784 1719 2017 1773 diximus

2129 540 2365 606 nequitia
2414 549 2588 594 vestra
2621 545 2881 611 pervenit,
2915 554 2969 599 ut
3018 540 3497 605 escommunicatis
3552 568 3699 607 com-

2127 631 2401 684 municare
2466 639 2653 685 contra
2709 649 2945 690 canones
3010 639 3244 707 superbo
3305 644 3700 709 prmsumcretis

2126 719 2350 787 spiritu,
2382 719 2433 773 id
2480 730 2581 785 est,
2615 725 2926 778 memoratis
2955 726 3039 781 vel
3084 729 3222 794 aliis,
3272 745 3411 800 quos
3455 746 3554 800 pro
3596 732 3699 787 hoc

2124 810 2266 879 quod
2308 818 2495 865 contra
2552 812 2846 881 judicatum
2899 825 3139 871 nostrum
3194 821 3547 890 scripserant,
3603 838 3702 892 per

2123 899 2360 967 ejusdem
2384 900 2608 969 judicati
2632 903 2827 957 seriem
2857 907 3137 960 constabat
3162 908 3269 974 jam
3300 924 3330 962 a
3372 910 3524 965 nobis
3553 926 3701 966 com-

2124 992 2378 1046 munione
2405 1008 2695 1062 suspensos
2721 1012 2733 1047 :
2767 996 2853 1050 cui
2880 995 3140 1065 judicato,
3167 999 3303 1054 sicut
3341 1016 3500 1070 supra
3519 1003 3704 1054 memi-

2126 1083 2320 1147 nimus,
2351 1099 2448 1138 vos
2494 1085 2825 1154 acquievisse
2853 1095 2907 1140 et
2936 1090 3278 1143 consensisse
3305 1097 3360 1141 et
3400 1092 3702 1144 communio

2123 1186 2294 1236 casse,
2325 1173 2589 1228 catholica
2621 1175 2865 1243 probavit
2901 1176 3156 1231 Ecclesia.
3193 1176 3345 1233 Unde
3372 1188 3580 1234 constat
3609 1196 3702 1233 vos

2121 1264 2411 1319 secundum
2442 1267 2654 1334 regulas
2675 1283 2943 1322 canonum
2968 1270 3112 1337 juste
3137 1270 3398 1323 damnari.
3434 1269 3703 1323 Deliniunt
3726 1322 3741 1329 ,

2122 1354 2264 1405 enim
2294 1367 2530 1408 canones
2558 1372 2570 1408 :
2613 1352 2629 1393 ι
2668 1354 2721 1409 Si
2751 1356 2871 1425 quis
2917 1360 3410 1412 excommunicatus
3453 1368 3577 1411 ante
3605 1374 3703 1411 au-

2121 1439 2372 1494 dientiam
2399 1444 2796 1499 communicare
2817 1448 3237 1516 praesumpserit,
3260 1448 3370 1517 ipse
3388 1450 3440 1503 in
3467 1464 3528 1504 se
3551 1448 3704 1503 dam-

2124 1532 2398 1592 nationem
2422 1534 2665 1602 protulit.

2193 1623 2379 1679 InItem
2408 1624 2607 1693 placuit
2637 1627 2887 1683 universo
2915 1630 3167 1696 concilio,
3198 1639 3255 1685 ut
3280 1632 3373 1698 qui
3392 1647 3707 1687 excommu-

2125 1713 2331 1768 nicatus
2361 1712 2519 1770 fuerit
2547 1731 2644 1784 pro
2685 1733 2786 1773 suo
2816 1719 3083 1787 neglectu,
3110 1722 3222 1776 sive
3250 1722 3557 1792 episcopus,
3587 1724 3709 1778 sive

430 1810 557 1876 tibi,
580 1811 625 1865 si
654 1825 775 1865 cum
797 1809 900 1864 illis
927 1809 1018 1878 qui
1040 1817 1226 1864 contra
1241 1808 1384 1864 sedis
1403 1808 1713 1878 apostolicae
1727 1806 2017 1862 constituta
2053 1817 2094 1875 Β
2122 1804 2348 1873 quilibet
2374 1806 2621 1872 clericus,
2647 1818 2703 1862 et
2732 1819 2972 1879 tempore
3000 1814 3570 1868 excommunicationis
3591 1830 3709 1867 sum

441 1903 494 1955 in
523 1901 746 1956 sacratis
775 1908 900 1955 sunt
927 1900 1178 1970 applicati
1226 1899 1535 1966 ordinibus,
1568 1900 1897 1970 processisti,
1927 1908 2019 1953 ant

439 2007 626 2046 eorum
650 1999 703 2045 te
725 1992 1109 2057 communioni,
1135 1992 1274 2047 sicut
1294 1992 1511 2060 dicitur,
1534 1991 1769 2058 sociasti,
1796 2006 2017 2046 necesse

440 2081 595 2135 nobis
622 2089 723 2147 est,
748 2089 808 2135 ut
832 2081 875 2136 si
905 2097 1005 2136 nos
1031 2081 1174 2135 Deus
1201 2081 1267 2136 ad
1295 2092 1533 2137 nostram
1562 2082 1810 2152 dignatur
1836 2080 2017 2135 Eccle-

437 2171 572 2223 siam
598 2185 878 2237 revocare,
911 2185 1213 2241 qumramus
1244 2172 1342 2225 ista
1371 2170 1421 2237 ι’,
1452 2179 1508 2226 et
1535 2173 1814 2226 veritatem
1845 2172 2016 2225 mani-

438 2258 622 2313 festius
651 2266 1058 2327 cognoscentes,
1083 2261 1377 2315 secundum
1401 2275 1635 2315 canones
1663 2260 2010 2315 vindieemus.

422 2347 518 2403 A'l‘u
545 2350 1048 2408 vero.conscienti:e
1077 2357 1180 2405 ture
1205 2359 1355 2406 reatu
1387 2351 1724 2421 perterritus,
1741 2352 1866 2419 quia
1885 2366 2013 2406 con-

437 2455 517 2499 tra
549 2446 841 2515 apostolica
868 2446 1071 2500 feceras
1096 2446 1411 2512 constituta,
1434 2447 1773 2501 occasionem
1792 2445 1884 2499 tibi
1908 2446 2015 2498 dis-
2062 2494 2065 2497 .

436 2533 667 2589 cedendi
715 2534 1057 2588 dissimulans
1098 2534 1428 2604 requirebas.
1463 2534 1594 2588 Nam
1650 2550 1769 2588 cum
1822 2544 1873 2587 te
1918 2551 2016 2603 pro

433 2634 582 2681 certo
604 2624 852 2679 mandata
882 2635 903 2662 ε
935 2639 1056 2678 cum
1104 2621 1312 2677 Joanne
1339 2624 1612 2694 episcopo,
1645 2632 1699 2678 et
1727 2622 2013 2690 Surgentio

433 2713 760 2783 primicerio,
811 2721 972 2784 atque
1013 2711 1304 2768 Saturnino
1358 2712 1662 2768 consulario
1718 2721 1902 2767 nostro
1944 2714 2009 2766 ad

432 2802 699 2869 Hennam,
725 2801 945 2858 fratrem
977 2811 1219 2858 nostrum
1240 2802 1397 2872 hujus
1432 2802 1666 2859 civitatis
1688 2802 2004 2865 antistitem,

422 2894 787 2963 misissemus,
802 2909 1047 2949 reversus
1071 2894 1123 2947 in
1147 2892 1426 2960 Placidias,
1451 2893 1631 2947 multis
1659 2893 2008 2963 praesentibus

430 2990 485 3036 et
507 2982 741 3040 oﬂlcium
781 2983 993 3039 diac0ni
1018 2984 1041 3020 ιι
1069 2993 1125 3038 ιιι
1152 2993 1207 3039 et
1235 2983 1484 3040 Rusticus
1510 3000 1578 3040 ex
1601 3000 1750 3039 more
1773 2985 2009 3055 comple-

432 3078 550 3145 stis,
584 3085 640 3133 et
669 3077 882 3147 quando
911 3076 1363 3133 clementissimus
1401 3076 1648 3146 princeps
1675 3075 1920 3131 dominus
1948 3075 2009 3127 li-

431 3171 532 3224 lius
556 3176 756 3231 noster,
789 3176 849 3223 ut
868 3169 971 3222 alia
997 3168 1083 3223 die
1113 3169 1181 3223 ad
1208 3168 1488 3223 ecclesiam
1528 3167 1821 3239 procedere
1850 3166 2011 3221 dcbc-
2040 3180 2083 3241 ε

428 3273 629 3324 remus,
663 3256 1081 3313 referendarium
1133 3256 1440 3320 destinavit,
1477 3266 1534 3310 ut
1580 3256 1629 3310 ei
1661 3256 2004 3327 promittere-

428 3363 570 3417 mus,
598 3363 719 3405 cum
748 3348 867 3403 aliis
893 3347 1134 3404 diaconis
1167 3357 1190 3384 ο
1219 3357 1273 3402 et
1300 3347 1509 3403 clericis
1535 3362 1632 3403 nos
1657 3356 1712 3401 tu
1742 3356 1797 3401 et
1822 3345 2005 3403 Rusti-

424 3456 524 3497 cus
552 3439 726 3496 fuistis
756 3438 776 3477 ί
808 3440 1029 3496 hortati.
1061 3438 1195 3494 Nam
1245 3448 1297 3494 et
1326 3439 1393 3494 ad
1425 3440 1776 3496 refectionem
1807 3441 2007 3510 pariter

427 3531 483 3585 in
519 3540 701 3586 nostra
730 3542 914 3585 mensa
940 3529 1099 3586 ambo
1127 3528 1292 3585 fuisse
1331 3529 1489 3584 simili
1511 3530 1722 3584 ratione
1750 3529 2003 3599 probabi-

427 3624 579 3678 mini.
610 3621 718 3679 Sed
759 3623 898 3677 sicut
923 3620 1106 3689 Iudas,
1139 3629 1425 3692 postquam
1455 3620 1749 3675 buccellam
1774 3621 2000 3689 accepit,

416 3713 497 3767 -‘de
526 3711 811 3767 traditione
861 3710 1073 3766 Domini
1116 3710 1392 3780 cogitavit,
1442 3709 1514 3763 ita
1558 3716 1614 3763 et
1659 3725 1754 3764 vos
1775 3708 1947 3764 noctis
1978 3717 2003 3754 ε

420 3803 577 3857 boris
626 3817 723 3872 pro
744 3800 1066 3857 concitando
1094 3798 1348 3856 seandalo
1377 3799 1621 3855 ecclesiae
1667 3798 2001 3854 diseessistis.

428 3891 538 3946 Nos
565 3900 743 3946 autem
766 3890 873 3945 alio
896 3889 982 3944 die
1008 3889 1320 3944 mandantes
1343 3888 1515 3955 vobis,
1548 3898 1606 3942 ut
1632 3897 1724 3943 aut
1747 3888 2003 3960 procede-

426 3984 558 4038 retis
578 3982 753 4037 locum
783 3980 994 4036 diaconi
1023 3994 1089 4036 ex
1121 3995 1273 4035 more
1292 3979 1645 4051 complentes,
1675 3987 1769 4033 aut
1796 3994 1826 4033 a
1851 3993 2003 4034 com-

426 4071 683 4126 munione
701 4085 798 4126 vos
822 4070 1220 4139 cognosceretis
1242 4069 1403 4126 fuisse
1423 4084 1715 4140 suspensos
1737 4088 1748 4123 :
1775 4077 1831 4124 tu
1852 4085 2000 4133 vero,

422 4158 760 4224 Sebastiano,
790 4158 874 4212 his
893 4172 1030 4227 quos
1054 4157 1195 4213 inter
1219 4159 1356 4214 alios
1379 4158 1719 4227 miseramus,
1752 4158 2006 4213 fratribus

424 4249 626 4305 nostris
650 4246 845 4304 Joanni
891 4257 947 4304 et
969 4246 1181 4304 Iuliano
1210 4251 1493 4321 episcopos
1513 4248 1562 4317 δ,
1590 4250 1714 4313 hoc,
1746 4260 2004 4320 quantum

424 4340 887 4405 renuntiaverunt,
919 4338 1136 4394 dixisti:
1166 4338 1278 4410 Ego
1324 4339 1619 4409 judicatum
1674 4341 1818 4411 quod
1865 4355 2003 4411 papa

424 4428 649 4497 protulit
686 4442 904 4498 sequor,
930 4429 975 4483 si
1006 4435 1189 4484 tamen
1212 4430 1265 4483 in
1294 4430 1414 4485 illos
1450 4429 1466 4468 ί
1496 4430 1733 4488 vindicat
1757 4434 1849 4501 qui
1874 4448 2005 4488 con-

427 4528 510 4573 tra
534 4518 831 4587 judicatum
884 4517 1103 4574 faciunt.
1134 4518 1269 4574 Nam
1297 4528 1352 4576 et
1377 4521 1540 4576 simili
1591 4523 1690 4587 eis,
1745 4530 2002 4593 quantum
2036 4556 2081 4613 ο

412 4610 731 4680 perhibent,
777 4610 990 4664 ratione
1037 4610 1238 4676 dixisti,
1273 4612 1538 4667 intantum
1586 4621 1643 4667 ut
1696 4613 1903 4668 diceres
1931 4614 2001 4668 ibi

427 4701 680 4757 venisse!
720 4699 1083 4771 Lampridium
1110 4701 1134 4739 ¹ι
1164 4711 1219 4757 et
1262 4701 1498 4758 Felicem
1544 4704 1857 4770 monachos,
1911 4708 2001 4776 qui

427 4799 669 4847 nostrum
694 4790 988 4860 judicatnm
1011 4793 1284 4862 suscipere
1312 4794 1618 4859 noluerunt,
1642 4806 1696 4849 et
1722 4795 2002 4851 mandasse

424 4900 521 4940 vos
546 4884 625 4939 eis
657 4901 669 4936 :
722 4881 836 4938 Non
864 4899 960 4938 vos
985 4899 1269 4953 possumus
1316 4884 1523 4952 videre,
1552 4887 1674 4956 quia
1717 4903 1812 4943 vos
1844 4888 2001 4941 aliam

496 5087 521 5115 ι
554 5076 751 5142 Paris,
776 5076 1061 5131 clamabas.

495 5146 522 5185 ι’
544 5146 739 5218 ζῆθι-ξι,
770 5163 1060 5218 oneramus
1094 5149 1140 5202 si
1165 5151 1292 5202 ista.

497 5228 519 5254 σε
553 5216 936 5279 Vetereslt‘bri,
966 5219 1237 5272 mandato.

496 5287 525 5324 τι
567 5286 756 5347 Paris.,
787 5286 1032 5340 diaconii.

502 5357 531 5391 ⁸
549 5353 770 5411 Veteres
799 5356 938 5420 libri,
967 5355 1287 5413 diaconibns.

504 5427 519 5463 ι
556 5425 717 5495 iidem
746 5424 886 5491 libri,
910 5427 1156 5495 fuissetis.

497 5505 524 5541 α
557 5494 749 5561 Paris.,
779 5497 1066 5550 nocturnis.

496 5563 523 5601 δ
545 5564 853 5633 chendnm
873 5564 1143 5636 episcopis.
1163 5565 1326 5623 Error
1341 5575 1425 5624 est
1449 5568 1861 5640 typographicus
1889 5571 2002 5626 edi-

452 5636 589 5688 ionis
619 5633 933 5688 Labbeanae.

426 5645 589 5690 tionis
619 5645 933 5688 Latineanae.

505 5706 518 5779 ξ
551 5703 851 5783 llellovacm
875 5703 932 5783 in
958 5704 1088 5783 illis;
1116 5705 1310 5783 Paris,
1341 5711 1396 5764 in
1424 5709 1584 5765 illius.

499 5774 515 5825 ι
551 5771 770 5828 Veteres
800 5771 941 5843 libri,
963 5777 1158 5832 venisse
1176 5775 1271 5833 ibi.

2122 1901 2248 1949 ante
2276 1894 2598 1949 audientiam
2629 1900 3030 1954 communicare
3059 1902 3473 1970 prmsuuipscrit,
3504 1903 3617 1971 ipse
3651 1904 3705 1955 in

2121 2000 2181 2039 se
2212 1985 2569 2041 damnationis
2589 1987 2860 2056 judicetur
2889 1994 3174 2061 protulisse
3210 1996 3551 2048 sententiam.
3589 1996 3705 2049 Ad-

2119 2076 2327 2143 jccistis
2366 2077 2527 2130 etiam
2570 2082 2898 2135 exsecranda
2941 2084 3210 2151 superbia,
3242 2098 3359 2151 quae
3390 2100 3489 2139 nec
3517 2086 3709 2153 legun-

2124 2172 2229 2231 tur,
2263 2180 2361 2219 nec
2384 2165 2499 2220 sine
2525 2167 2894 2236 suipontilicis
2916 2170 3160 2239 jussione
3182 2172 3467 2241 aliquando
3497 2174 3708 2229 ordinis

2124 2255 2280 2307 vestri
2341 2256 2586 2310 homines
2623 2269 3093 2328 prmsumpserunt,
3141 2263 3514 2317 auctoritatem
3547 2265 3707 2319 vobis

2117 2344 2507 2411 prmdicatiouis
2556 2356 2740 2401 contra
2770 2363 2985 2402 omnem
3015 2353 3457 2407 consuetudinem
3495 2354 3577 2407 vel
3607 2371 3705 2409 ea.

2116 2448 2287 2489 nones
2316 2435 2606 2503 vindicare,
2656 2435 2934 2507 Ephesium
2976 2441 3161 2510 prima:
3195 2443 3384 2512 synodi
3413 2444 3702 2513 impugna-

2118 2526 2318 2579 tionem
2348 2537 2401 2581 et
2427 2532 2918 2599 exprobrationem,
2971 2534 3063 2588 sed
3093 2544 3147 2589 ct
3194 2537 3335 2590 beati
3377 2545 3399 2572 η
3447 2538 3707 2591 recorda-

2119 2616 2280 2669 tionis
2326 2616 2542 2687 Cyrilli;
2576 2620 2938 2689 blasphemias
2966 2637 3179 2691 quoque
3227 2633 3414 2679 contra
3456 2625 3639 2679 Jesum
3676 2636 3702 2661 °

2121 2702 2401 2757 Dominum
2430 2715 2671 2760 nostrum
2700 2709 2871 2764 dictas
2898 2711 3057 2764 simili
3086 2711 3435 2769 defendentes
3468 2716 3703 2779 insania,

2116 2803 2172 2846 et
2218 2810 2313 2864 per
2351 2810 2541 2855 omnes
2576 2799 2880 2865 provincias
2919 2800 3182 2858 fallacitcr
3223 2806 3553 2871 scribentes,
3589 2823 3702 2861 non

2116 2883 2314 2953 aliquid
2360 2887 2718 2956 commisisse,
2745 2890 2891 2958 quod
2919 2895 3218 2961 reperiatur
3254 2896 3537 2950 adversum
3564 2898 3704 2951 dcti-

2116 2974 2307 3029 nitioni
2335 2985 2533 3031 sancta:
2561 2976 3018 3037 Chalcedonensis
3064 2985 3288 3055 synodi,
3319 3001 3437 3054 qua:
3488 3003 3700 3057 praste-

2115 3067 2355 3123 dcntium
2394 3084 2453 3125 se
2481 3072 2660 3137 trium,
2700 3074 2749 3126 id
2789 3084 2889 3138 est,
2924 3074 3167 3140 Nicena,
3200 3076 3702 3149 Constantinopoli—

2115 3166 2273 3220 tanae,
2297 3167 2456 3229 atque
2477 3159 2755 3229 Ephesium
2776 3164 2960 3232 prima:
2984 3168 3275 3220 concordat
3305 3165 3422 3221 fidei
3451 3169 3701 3238 synodo-

2116 3264 2255 3301 rum.
2288 3246 2365 3302 lla
2412 3263 2542 3316 ergo
2571 3259 2886 3307 cunctorum
2914 3255 3140 3318 animos,
3163 3256 3252 3324 qui
3278 3264 3506 3310 vestram
3536 3259 3703 3312 mali-

2114 3338 2241 3391 tiam
2273 3340 2597 3404 nescierunt,
2618 3341 2713 3396 sed
2743 3349 2997 3413 tanquam
3022 3359 3051 3397 a
3088 3344 3343 3399 Romanis
3382 3344 3629 3400 diaconis
3675 3358 3703 3395 ι)

2111 3429 2470 3499 suscipientes
2494 3432 2717 3501 scripta,
2750 3434 3071 3502 simpliciter
3091 3434 3451 3499 crediderunt,
3480 3436 3545 3489 ad
3578 3445 3705 3490 tan-

2115 3526 2223 3571 tum
2251 3518 2426 3574 scelus
2447 3520 2691 3589 operatio
2729 3520 2954 3577 fallacias
2988 3532 3180 3576 vestra:
3207 3524 3469 3592 pervenit,
3503 3532 3561 3578 ut
3596 3531 3607 3576 t
3635 3543 3703 3580 u-

2112 3624 2302 3663 manus
2343 3610 2560 3678 sanguis
2600 3611 2652 3664 in
2699 3611 2964 3680 aliquibus
3023 3613 3155 3668 locis
3207 3614 3341 3667 intra
3397 3614 3697 3672 ecclesiam

2112 3700 2277 3769 (quod
2325 3699 2430 3754 dici
2475 3700 2626 3757 nefas
2652 3702 2756 3772 est)
2788 3702 3126 3769 funderetur;
3167 3714 3223 3758 et
3271 3720 3484 3760 omnem
3514 3705 3701 3777 legem

2111 3793 2532 3848 ecclesiasticam
2572 3798 2807 3866 superbo
2853 3799 3045 3867 spiritu
3075 3800 3395 3855 conculcarc
3422 3802 3702 3869 voluistis,

2110 3893 2414 3938 sanctarum
2437 3900 2653 3955 quoque
2689 3888 2991 3956 regularum
3016 3892 3455 3961 consequentiam
3484 3893 3703 3962 injuriis

2112 3972 2387 4040 all‘ecistis,
2421 3974 2583 4045 impia
2612 3985 2668 4031 et
2684 3992 2803 4045 qua:
2823 3993 2929 4033 non
2959 3991 3085 4034 sunt
3119 3980 3261 4035 licita
3292 3997 3388 4051 per
3414 3983 3707 4043 universas

2111 4070 2302 4117 contra
2347 4078 2448 4119 nos
2491 4065 2794 4135 provincias
2840 4068 3104 4124 fallaciter
3157 4070 3461 4127 indicando.
3511 4073 3709 4145 Nuper

2111 4156 2275 4210 etiam
2306 4156 2463 4211 malis
2490 4158 2684 4215 vostris
2711 4158 2970 4217 addentes
2997 4161 3183 4230 pejora
3213 4163 3499 4231 prioribus,
3532 4164 3706 4220 dom-

2109 4265 2237 4304 num
2269 4248 2505 4305 Leonem
2550 4251 3001 4321 pmdecessorem
3043 4262 3286 4308 nostrum
3326 4254 3378 4308 in
3420 4252 3706 4314 Theodori

2110 4335 2474 4408 Mopsuesteni
2522 4341 2681 4397 dictis
2706 4357 2826 4412 qua:
2855 4352 3044 4399 contra
3069 4352 3273 4399 rectam
3312 4344 3465 4398 fidem
3498 4345 3709 4415 legitur

2109 4429 2408 4500 scripsisse,
2431 4446 2749 4487 consensum
2770 4434 3061 4504 prmbuisse
3088 4442 3250 4503 atque
3280 4432 3541 4497 firmasse,
3568 4437 3709 4495 dato

2108 4520 2309 4590 scripto
2337 4522 2403 4577 ad
2432 4522 2945 4579 Christianissimum
2984 4524 3281 4593 principem
3310 4524 3595 4581 dominum
3637 4530 3707 4581 ti-

2109 4612 2238 4666 lium
2267 4621 2531 4681 nostrum,
2566 4616 2681 4671 ausi
2713 4615 2885 4671 fuistis
2900 4624 3162 4671 astruere.
3180 4616 3332 4671 Absit
3358 4632 3487 4686 ergo
3509 4635 3713 4688 quem-

2109 4703 2242 4758 libet
2270 4706 2494 4761 credere
2520 4704 2899 4770 Christianum,
2932 4705 3075 4776 quod
3104 4705 3304 4779 aliquid
3333 4707 3459 4775 tale,
3489 4711 3647 4778 quod
3679 4723 3708 4762 σι

2109 4802 2297 4850 contra
2327 4805 2526 4851 rectam
2557 4796 2715 4852 fidem
2747 4812 2776 4850 a
2805 4797 3048 4866 quolibet
3076 4798 3378 4852 inveniatur
3404 4798 3707 4869 scriptum,

2108 4884 2249 4940 illius
2307 4886 2437 4940 tanti
2484 4885 2728 4955 przesulis
2761 4888 3018 4942 sanctitas
3046 4888 3370 4957 suscepisset
3402 4897 3445 4954 τ,
3489 4890 3712 4961 quippe

2182 5083 2206 5156 ξ
2241 5083 2461 5156 Veteres
2492 5084 2689 5156 libriet
2710 5085 2864 5151 edit.,
2897 5085 3276 5156 Lampredium.

2189 5153 2204 5192 ι
2254 5155 2382 5225 Vide
2404 5155 2571 5225 addit.
2603 5154 2987 5225 49apitular.,
3009 5153 3130 5225 cap.
3165 5154 3253 5209 54.

2112 5235 2221 5347 ba:
2254 5224 2388 5347 Xéde
2435 5224 2527 5279 lib.
2586 5222 2961 5294 vCapitulan,
3011 5222 3133 5295 cap.
3192 5225 3282 5292 30,
3340 5235 3397 5279 et
3451 5226 3552 5284 lib.
3589 5247 3708 5299 vm,

2258 5308 2292 5331 ,Ι
2318 5308 2325 5309 ,

2108 5308 2557 5436 fgL-egelidum,
2582 5362 2746 5418 beata:
2776 5381 2794 5419 :
2832 5379 2986 5419 error
3015 5363 3454 5436 typographicus,
3486 5369 3580 5426 hic
3609 5388 3712 5428 sn-

2226 5450 2301 5484 ns.

2107 5432 2219 5539 ma:
2240 5502 2459 5556 Veteres
2492 5502 2631 5562 libri,
2661 5514 2841 5557 contra
2867 5503 3145 5558 Christum.

2177 5583 2203 5622 ι’
2232 5572 2394 5627 [idem
2425 5572 2567 5633 libri,
2593 5573 2914 5627 diaconibus.

2176 5654 2203 5693 ιι
2226 5641 2346 5717 _V_’ox
2375 5641 2690 5717 quoddeest
2719 5643 2771 5696 in
2801 5642 3081 5717 codicibus
3111 5645 3367 5717 antiquis.

2179 5721 2199 5750 τ
2226 5710 2449 5767 Veteres
2481 5711 2626 5777 libri,
2658 5714 2959 5783 suscepisse.
