4006 6190
323 284 400 338 ‘9
1525 265 1880 324 EPISTOME
1920 265 1928 318 Ι

2046 260 2376 319 occasu.
3524 256 3593 310 ἕο

326 394 422 465 qui
446 393 501 446 in
531 388 794 446 universis
820 385 1066 457 epistolis
1090 384 1203 440 suis
1228 390 1282 438 et
1303 381 1634 447 Nestorimn,
1659 386 1712 435 et
1738 378 1907 448 Euty-
1938 380 1989 438 Α
2016 382 2177 444 atque
2200 372 2497 443 irreligioso
2523 370 2743 437 fecistis,
2764 386 2860 426 vos
2885 370 3013 425 olim
3012 370 3222 465 dignos
3252 367 3598 465 damnatione

327 488 490 552 chen,
520 483 606 538 vel
627 483 707 537 eis
745 479 935 538 similia
966 476 1263 547 sapientes,
1285 474 1401 544 pari
1428 472 1621 542 legitur
1644 469 1907 526 sententia

329 573 740 630 condemnasse.
772 570 829 625 In
859 583 968 640 quo
996 573 1296 622 memorato
1325 563 1548 634 scripto,
1582 562 1745 617 etiam
1776 576 1910 615 con-

332 676 415 720 tra
443 664 651 719 divinas
674 662 1003 733 Scripturas,
1025 674 1134 714 non
1154 656 1329 714 solum
1350 652 1692 726 pontiﬁcibus
1708 651 1908 714 multis,

330 756 428 810 sed
451 754 613 807 etiam
643 750 810 823 (quod
837 750 941 805 dici
967 747 1118 804 nefas
1144 745 1259 818 est)
1292 746 1392 816 ipsi
1441 758 1657 814 quoque
1684 739 1913 811 principi

329 843 620 912 sacrilegas
674 840 896 910 injurias
950 839 1190 908 irrogare
1246 835 1515 901 tentastis,
1572 840 1836 904 quatenus
1887 841 1912 867 ει

332 936 670 1002 ignorantem
699 928 1065 987 Christianum
1112 926 1368 998 populum
1397 924 1661 979 diabolica
1688 921 1914 990 amplius

332 1025 659 1096 acciperetis
685 1022 902 1079 astutia.
925 1019 1054 1076 litec
1081 1032 1211 1087 ergo
1232 1016 1260 1057 ιι
1276 1017 1605 1073 sustinentes
1632 1029 1729 1084 per
1749 1012 1914 1066 multa

334 1127 442 1172 tem
450 1117 599 1187 poris
608 1115 781 1186 spatia
796 1112 1114 1184 °,patientia
1122 1108 1446 1166 sacerdotali
1460 1121 1705 1164 resecare
1718 1104 1919 1160 distuli-

332 1222 474 1271 mus,
490 1204 774 1262 credentes
791 1218 888 1259 vos
899 1202 1122 1259 forsitan
1137 1199 1377 1269 resipisci
1391 1197 1549 1271 [forte
1559 1193 1916 1265 resipiscere],

333 1297 475 1351 etab
496 1296 697 1351 illicitis
717 1303 1037 1365 temperare.
1054 1290 1160 1348 Sed
1176 1290 1301 1360 quia
1329 1287 1495 1345 semel
1518 1285 1816 1342 etsecundo
1832 1284 1921 1337 ad-

332 1386 652 1441 hortatione
668 1391 848 1440 nostra
863 1398 962 1454 per
976 1382 1171 1437 fratres
1194 1388 1407 1435 nostros
1425 1379 1727 1448 episcopos,
1746 1376 1797 1431 id
1814 1383 1914 1440 est,

336 1476 608 1532 Joannem
657 1475 1036 1541 Marsicanum,
1058 1482 1115 1529 et
1139 1472 1406 1528 Iulianum
1436 1471 1808 1540 Cingulanum,
1834 1469 1920 1523 vel

337 1567 600 1637 Sapatum
632 1564 797 1620 lilium
829 1572 1069 1620 nostrum
1093 1571 1254 1632 atque
1284 1563 1569 1618 diaconum
1596 1560 1622 1597 ά
1642 1601 1659 1628 ,
1690 1575 1918 1615 necnon

334 1665 397 1712 et
433 1671 532 1728 per
556 1656 851 1726 gloriosum
879 1653 1054 1708 virum
1094 1652 1381 1723 patricium
1405 1649 1720 1718 Cethegum,
1752 1656 1807 1704 et
1834 1662 1921 1702 re-

2016 465 2263 536 prazscuti
2292 463 2610 520 auctoritate
2641 461 2978 531 deponimus.
3012 459 3079 523 Et
3131 469 3189 515 ut
3218 459 3452 516 universi
3492 475 3594 513 nos

2016 556 2130 610 bmc
2154 570 2251 626 pro
2280 553 2400 608 loco
2427 553 2480 607 in
2510 567 2616 622 quo
2642 565 2741 606 nos
2769 551 2909 606 Deus
2931 566 3051 606 esse
3078 536 3286 615 voluit,
3318 559 3375 605 et
3403 557 3597 606 aucto-
3678 618 3689 626 .

2017 628 2177 700 ritate
2218 642 2359 699 beati
2391 640 2533 695 Petri
2584 640 2817 710 apostoli
2848 647 2996 694 recte
3025 638 3218 694 fecisse
3244 648 3599 707 cognoscant,

2021 751 2284 791 canonum
2313 735 2603 790 constituta
2636 734 2931 804 posuimus,
2954 747 3072 802 quze
3099 739 3283 787 sancta
3310 730 3606 804 Chalcedo-

2023 826 2204 880 nensis
2228 825 2463 897 synodus
2487 803 2713 894 apudise
2765 825 2967 878 reiecta
3006 822 3261 877 laudavit.
3295 803 3483 878 Aetius
3511 838 3599 875 ar—

2025 916 2370 971 chidiaconus
2396 916 2585 985 relegit
2614 933 2626 968 :
2659 914 2715 969 Si
2744 915 2865 985 quis
2894 914 3180 985 presbyter
3209 923 3299 968 aut
3322 913 3611 977 diaconus,‘

2025 1024 2177 1061 suum
2206 1017 2555 1063 contemnens
2584 1007 2914 1077 episcopum,
2947 1021 2977 1060 a
3006 1006 3386 1060 communione
3405 1015 3604 1061 semet.

2028 1098 2200 1167 ipsum
2228 1098 2509 1168 suspendit
2547 1098 2810 1163 ecclesiae,
2836 1104 2894 1152 et
2931 1096 3192 1150 secretius
3214 1095 3496 1151 collectam
3524 1095 3605 1151 fa-

2028 1189 2120 1255 cit,
2152 1196 2207 1244 et
2237 1188 2406 1243 altare
2426 1188 2725 1254 constituit,
2754 1195 2811 1243 et
2855 1186 3029 1243 noluit
3056 1187 3303 1242 evocanti
3349 1187 3605 1258 episcopo

2026 1282 2365 1345 consentire,
2408 1288 2464 1335 et
2504 1280 2737 1336 noluerit
2791 1279 2966 1335 eidem
3014 1279 3379 1350 acquiescere,
3429 1295 3606 1348 neque

2027 1374 2247 1430 obedire
2275 1382 2330 1430 et
2358 1374 2506 1445 prius
2534 1382 2588 1429 et
2616 1373 2855 1430 secundo
2884 1374 3102 1430 vocanti
3137 1391 3149 1427 :
3188 1374 3335 1430 hunc
3384 1374 3605 1429 omnino

2028 1467 2293 1537 damnari,
2322 1483 2423 1523 nec
2450 1482 2684 1537 unquam
2712 1468 2857 1523 hunc
2884 1467 3219 1522 curationem
3245 1466 3462 1531 mereri,
3508 1481 3607 1522 nec

2027 1559 2269 1627 recipere
2293 1574 2415 1613 eum
2440 1573 2599 1627 posse
2630 1558 2914 1614 honorem.
2945 1554 2999 1611 Si
3049 1564 3228 1613 autem
3258 1558 3605 1627 permanserit

2030 1647 2213 1702 turbas
2240 1646 2441 1703 faciens
2466 1656 2520 1702 et
2546 1647 2839 1703 seditiones
2871 1646 3143 1713 Ecclesite,
3174 1663 3269 1716 per
3295 1655 3608 1707 extrancam

338 1747 590 1814 ligiosum
642 1744 823 1805 virum
865 1745 996 1799 item
1051 1740 1215 1797 tilium
1266 1748 1507 1797 nostrum
1563 1738 1877 1795 Senatorem
1906 1779 1922 1806 ,
1961 1761 2001 1817 Β
2030 1729 2374 1809 potestatem
2402 1751 2655 1809 tanquam
2704 1739 3018 1796 seditiosum
3059 1739 3260 1794 debere
3304 1738 3603 1809 comprimi.

338 1837 587 1905 aliosque
614 1835 748 1889 filios
778 1840 992 1891 nostros
1015 1831 1331 1889 commoniti
1360 1831 1604 1886 noluistis
1634 1830 1843 1898 audire,
1870 1840 1926 1885 et

340 1941 521 1995 neque
546 1926 612 1980 ad
640 1924 953 1989 Ecclesiam,
980 1939 1152 2003 neque
1173 1923 1242 1978 ad
1269 1939 1368 1979 nos
1388 1922 1608 1991 reverti,
1640 1922 1781 1979 sicut
1802 1938 1922 1978 om-

338 2018 431 2070 nia
482 2015 672 2082 facitis,
701 2015 950 2071 voluistis
974 2012 1289 2070 detestanda
1340 2023 1363 2051 ε
1395 2012 1642 2083 superbia
1668 2030 1681 2081 ;
1712 2021 1767 2068 et
1805 2012 1925 2068 ideo

338 2123 567 2163 necesse
591 2105 746 2162 nobis
773 2114 857 2162 est
877 2106 931 2161 in
956 2104 1109 2161 vobis
1136 2104 1395 2162 canonice
1423 2102 1693 2159 vindicare
1710 2143 1725 2169 ,
1756 2118 1825 2159 ne
1848 2103 1927 2157 vi-

342 2196 571 2251 deamur
596 2196 899 2251 divinarum
943 2193 1339 2265 Scripturarum
1393 2191 1927 2262 interpretationibus

343 2290 645 2359 subiacere.
669 2287 943 2357 Scriptum
963 2294 1044 2343 est
1071 2286 1213 2343 enim
1244 2302 1259 2340 :
1292 2284 1538 2340 Videbunt
1563 2286 1747 2355 furem,
1777 2290 1825 2337 et
1854 2285 1927 2338 ri-

342 2385 452 2437 ωειλ
480 2380 719 2436 timebas
751 2379 768 2418 ί
805 2396 922 2434 cum
951 2396 1009 2435 eo
1040 2396 1057 2433 :
1087 2387 1137 2433 et
1185 2394 1299 2432 cum
1341 2376 1591 2431 adulteris
1637 2376 1927 2447 portionem

340 2486 492 2526 tuam
516 2471 743 2543 ponebas
767 2469 943 2542 (Psal.
985 2469 1176 2539 xux);
1207 2476 1262 2523 et
1292 2469 1406 2538 ipse
1434 2467 1689 2522 Dominus
1719 2481 1783 2519 ac
1805 2465 1926 2520 Sal-

337 2572 503 2617 vator
532 2570 715 2617 noster
742 2560 873 2616 dicit
907 2577 919 2612 :
955 2557 1105 2623 Quod
1145 2560 1190 2613 si
1212 2558 1392 2612 oculus
1423 2566 1536 2611 tuus
1567 2556 1748 2610 dexter
1775 2571 1927 2611 scan-

338 2654 544 2707 dalizat
587 2662 655 2718 te,
674 2668 794 2707 erue
839 2668 974 2717 eum,
1006 2659 1053 2704 et
1097 2649 1291 2720 projice
1319 2647 1410 2703 abs
1437 2657 1502 2702 te.
1536 2645 1763 2717 Expedit
1793 2648 1929 2701 enim

343 2742 436 2796 tibi
469 2752 523 2795 ut
569 2751 747 2811 pereat
773 2757 928 2795 unum
954 2739 1237 2794 membrum
1264 2736 1423 2804 tuum,
1453 2752 1607 2810 quam
1636 2745 1795 2790 totum
1816 2753 1930 2791 cor-

340 2850 443 2903 pus
493 2835 730 2886 mittatur
762 2833 814 2885 in
838 2831 1135 2902 gehennam
1155 2838 1179 2876 ε
1217 2827 1432 2897 (Matth.
1456 2828 1546 2897 v).
1580 2825 1645 2880 Et
1674 2827 1930 2897 quoniam

341 2927 455 2981 iste
501 2923 813 2980 intellectus
859 2922 1029 2991 magis
1068 2921 1136 2976 de
1184 2916 1379 2976 officiis
1427 2918 1797 2982 ecclesiarum,
1846 2919 1933 2972 vel

343 3013 611 3088 proximis
635 3032 743 3071 non
765 3022 911 3071 recte
938 3014 1237 3083 agentibus,
1264 3019 1319 3067 et
1337 3008 1588 3067 scandala
1610 3009 1664 3064 in
1686 3009 1933 3063 ecclesiis

2029 1828 2252 1900 (Omnes
2294 1831 2726 1886 reverendissimi
2756 1831 2994 1901 episcopi
3028 1830 3401 1885 clamaverunt
3430 1849 3443 1883 :
3485 1828 3611 1886 lltcc

2023 1926 2169 1996 justa
2191 1928 2393 1997 regula,
2426 1927 2538 1983 btec
2566 1927 2750 1996 regula
2779 1924 3271 1997 Patrum.)Pariter
3287 1933 3606 1990 statuentes,

2031 2025 2089 2072 ut
2127 2017 2168 2073 si
2196 2016 2350 2073 nobis
2377 2017 2697 2083 viventibus,
2726 2019 2866 2073 sicut
2887 2027 3156 2087 optamus,
3187 2018 3287 2074 sub
3311 2018 3613 2072 humilitate

2030 2120 2087 2166 et
2107 2110 2517 2167 mansuetudine
2538 2112 2797 2166 canonice
2827 2111 3170 2179 panitentes,
3199 2118 3424 2164 matrem
3452 2124 3611 2163 reco-

2032 2201 2324 2271 gnoveritis
2368 2199 2683 2266 Ecclesium,
2732 2201 3150 2267 competenterl
3193 2212 3224 2251 a
3273 2197 3427 2251 nobis
3456 2197 3612 2251 venia

2035 2290 2380 2346 concedatur.
2412 2288 2469 2343 Si
2518 2303 2648 2343 vero
2681 2286 2846 2358 (quod
2873 2302 2982 2342 non
3011 2277 3279 2357 optamus)
3311 2288 3411 2342 sub
3442 2301 3603 2356 regu-

2036 2381 2135 2435 lari
2161 2379 2470 2449 poenitentia
2501 2378 2566 2432 ad
2596 2385 2820 2432 matrem
2844 2376 3141 2433 Ecclesiam
3168 2387 3423 2433 consueta
3449 2378 3616 2434 distu-

2033 2470 2204 2527 leritis
2231 2467 2411 2523 redire
2439 2467 2710 2537 superbia,
2736 2467 3091 2522 conciliorum
3120 2469 3171 2522 in
3190 2468 3616 2538 vobis,.quorum

2036 2559 2247 2629 regulas
2296 2557 2596 2629 posuimus,
2648 2572 2876 2613 censura
2906 2566 3171 2622 servetur,
3203 2565 3267 2613 ut
3293 2560 3467 2613 nullus
3496 2568 3619 2629 post

2035 2649 2316 2704 transitum
2344 2657 2587 2705 nostrum
2615 2651 2666 2717 κ,
2691 2648 2837 2719 quod
2865 2663 2932 2704 ex
2976 2649 3116 2703 beati
3148 2647 3323 2716 Petri,
3353 2649 3507 2718 cujus
3536 2651 3616 2706 lo-

2036 2758 2178 2807 cum,
2202 2742 2328 2799 licet
2357 2742 2627 2808 immeriti,
2645 2740 2900 2810 gerimus,
2923 2741 3245 2796 auctoritate
3274 2740 3615 2810 proferimus,

2037 2851 2304 2892 canonum
2335 2834 2548 2903 regulas
2574 2840 2952 2903 exsequentes,
2978 2833 3030 2889 in
3061 2832 3425 2889 ecclesiastico
3446 2833 3619 2901 gradu

2036 2925 2235 2981 audeat
2274 2939 2534 2981 revocare
2573 2921 2867 2991 Joannem,
2898 2922 3234 2986 Gerontium,
3276 2921 3617 2988 Severinum,

2043 3016 2430 3087 Importunum,
2478 3015 2741 3071 Joannem
2768 3021 2934 3083 atque
2957 3013 3275 3079 Deusdedit,
3317 3028 3454 3085 quos
3480 3029 3614 3069 con-

345 3108 690 3163 mittentibus
721 3121 855 3163 sano
885 3119 1044 3161 sensu
1088 3101 1253 3159 debet
1307 3100 1500 3171 aptari,
1529 3099 1670 3155 sicut
1719 3108 1774 3153 et
1803 3098 1929 3153 alibi
1962 3133 2005 3193 C
2041 3116 2151 3164 sm
2175 3116 2366 3164 νεειιιω
2395 3105 2792 3176 coniurationis.
2810 3114 2864 3161 ει
2893 3104 3307 3176 conspirationis
3335 3120 3457 3161 esse
3486 3121 3612 3176 μοι-

349 3212 457 3252 nos
494 3196 770 3261 admonet,
816 3194 1000 3250 dicens
1030 3211 1043 3246 :
1077 3192 1294 3263 Oportet
1324 3192 1493 3245 venire
1525 3189 1801 3253 scandala,
1843 3190 1934 3245 sed

349 3304 428 3341 re
453 3286 528 3340 illi
550 3304 642 3357 per
661 3302 808 3356 quem
830 3285 1036 3339 veniunt
1059 3280 1275 3351 (Matth.
1300 3280 1468 3349 ιιι-ιιι).
1501 3278 1569 3333 Et
1588 3280 1775 3334 beatus
1799 3282 1936 3348 Apo-

351 3374 525 3429 stolas
545 3371 705 3429 simili
734 3373 993 3444 praedicat
1019 3372 1229 3427 ratione
1259 3389 1270 3424 :
1320 3370 1532 3425 Utinam
1558 3377 1607 3422 et
1630 3368 1935 3423 abscindun-

354 3475 440 3516 tur
469 3466 555 3535 qui
580 3480 668 3519 ros
696 3461 1004 3518 conturbant
1038 3458 1245 3532 (Galat.
1274 3458 1349 3529 v).
1397 3456 1461 3511 Et
1509 3457 1702 3511 iterum
1749 3465 1933 3511 sancta

352 3554 634 3623 Scriptura
664 3568 765 3608 nos
802 3557 1129 3616 commonet,
1161 3548 1345 3602 dicens
1377 3566 1390 3600 :
1424 3545 1573 3616 Ejice
1620 3545 1935 3615 pestilentem

356 3646 423 3698 de
475 3645 714 3707 concilio,
748 3651 798 3697 et
843 3644 977 3697 exiet
1007 3658 1122 3694 cum
1151 3656 1211 3693 eo
1247 3638 1481 3710 jurgium
1531 3635 1719 3703 (Prov.
1777 3638 1933 3703 χχιι).

358 3736 582 3803 Oportet
617 3749 751 3801 ergo
800 3750 899 3789 nos
943 3731 1054 3801 jam
1100 3737 1224 3800 post
1244 3712 1429 3784 tantas
1458 3727 1848 3783 admonitiones
1883 3730 1935 3782 iu

360 3825 512 3879 vobis
547 3824 600 3893 δ,
657 3823 876 3878 Rustice
930 3830 986 3878 et
1030 3820 1367 3886 Sebastiano,
1417 3834 1515 3888 per
1562 3818 1937 3872 auctoritatem

362 3917 499 3971 beati
527 3917 693 3976 Petri,
727 3914 878 3984 cujus
902 3930 1000 3969 nos
1018 3911 1278 3968 Dominus
1318 3909 1418 3966 sibi
1447 3909 1618 3963 voluit
1658 3908 1774 3963 vice
1822 3924 1939 3963 ser—

364 4010 493 4073 vire,
523 4007 845 4075 regulariter
872 4006 1165 4067 vindicare,
1198 4010 1483 4072 propterea
1516 3992 1591 4055 ne
1611 4000 1653 4055 si
1679 3999 1791 4070 jam
1820 3998 1935 4053 diu-

366 4102 468 4154 tius
486 4098 817 4162 difi‘eramus,
865 4098 1039 4153 omnis
1079 4092 1478 4150 ecclesiasticus
1505 4091 1639 4146 ordo
1678 4091 1933 4145 solvatur.

364 4187 591 4256 ldempie
618 4187 765 4258 quod
794 4204 824 4241 a
853 4187 1007 4241 nobis
1062 4200 1183 4240 cum
1231 4183 1433 4252 gemitu
1455 4223 1471 4251 ,
1520 4182 1617 4237 sed
1647 4197 1765 4236 cum
1797 4181 1936 4235 beati

366 4278 507 4332 Petri
538 4279 858 4334 auctoritate
886 4275 1167 4333 dicendum
1189 4282 1290 4339 est,
1322 4287 1419 4343 pro
1444 4271 1818 4342 suprascriptis
1846 4288 1940 4326 ex-

365 4372 598 4425 cessibus
627 4371 833 4425 alienos
862 4386 957 4424 vos
999 4385 1028 4423 a
1061 4367 1270 4423 diaconi
1319 4364 1333 4403 ί
1372 4380 1491 4421 esse
1520 4365 1725 4419 honore
1754 4364 1941 4419 decer-

368 4463 560 4526 nimus,
590 4472 647 4517 et
668 4462 814 4517 omni
843 4460 1142 4515 ministerio
1167 4458 1329 4512 nflicii
1382 4455 1607 4521 levitici,
1631 4455 1940 4526 prtcdictum

369 4534 527 4609 vobis
565 4557 827 4611 honorem
887 4553 1214 4618 auferentes,
1265 4550 1478 4620 penitus
1540 4548 1940 4611 submovemus,

368 4648 563 4700 nullam
596 4646 816 4700 ulterius
866 4643 1135 4697 licentiam
1163 4642 1456 4707 habentes,
1506 4647 1565 4693 ut
1608 4653 1672 4692 ex
1726 4637 1943 4691 levitico

368 4740 584 4793 nomine
603 4747 694 4794 aut
720 4739 887 4806 gradu
909 4736 1108 4804 aliquid
1141 4733 1318 4789 facere
1346 4730 1700 4802 praesumatis,
1735 4730 1819 4784 vel
1842 4729 1941 4784 sub

372 4829 581 4881 nomine
606 4828 955 4882 diaconorum
1007 4823 1308 4887 scribendo,
1353 4823 1544 4877 iterum
1578 4820 1671 4875 Dei
1712 4828 1936 4874 contur-

372 4916 501 4970 l-etis
527 4915 817 4971 Ecclesiam
844 4934 855 4967 :
886 4916 1082 4985 quippe
1103 4914 1193 4983 qui
1222 4929 1286 4967 cx
1310 4912 1602 4982 apostolica
1625 4910 1942 4967 auctoritate

366 5014 421 5057 et
454 5005 669 5060 l'atrum
694 5006 911 5074 regulis,
934 5014 1122 5060 contra
1152 5018 1284 5072 quas
1315 5002 1479 5056 multa
1502 5001 1690 5071 spiritu
1712 5003 1942 5070 superbo

440 5171 463 5235 fl
500 5160 660 5235 Paris.
673 5204 685 5225 ,
716 5164 882 5235 quasi.

440 5232 466 5269 δ
500 5232 788 5304 Bellorum,
820 5234 948 5288 Ηατ
972 5236 1107 5287 enim
1126 5248 1267 5304 ergo.

445 5312 467 5337 ε
497 5302 688 5363 l'aris.,
712 5305 797 5357 diu
844 5313 894 5357 et
921 5320 1012 5373 per
1039 5300 1215 5373 multis
1262 5300 1569 5371 temporibus
1600 5303 1785 5370 spatia.
1826 5301 1943 5353 Bel-

366 5374 564 5433 lovac.,
596 5373 741 5443 debet
772 5371 946 5443 (quod
978 5380 1063 5427 est
1086 5371 1321 5427 effictum
1352 5388 1420 5428 ex
1452 5372 1537 5425 diu
1561 5378 1643 5441 et)
1675 5388 1761 5441 per
1786 5373 1945 5424 multa

367 5442 678 5507 temporibus
705 5446 894 5508 spatia.

443 5516 466 5545 ά
503 5514 516 5561 1
541 5516 689 5577 aris.,
721 5513 1008 5567 diaconem.

446 5587 468 5613 ε
495 5579 713 5636 Veteres
743 5583 881 5644 libri,
906 5582 1235 5637 decertanda.

453 5647 467 5683 ί
506 5647 694 5715 Paris,
729 5650 1088 5706 concurrebas.

446 5728 471 5767 δ
504 5718 718 5775 Veteres
742 5722 878 5779 libri.
912 5721 1163 5792 gcftcnna.

2037 3198 2244 3267 ticipes,
2266 3212 2402 3267 quos
2424 3211 2524 3252 nos
2548 3204 2797 3267 potentes
2826 3193 2845 3236 ι
2871 3196 3062 3257 bonos,
3090 3195 3319 3251 militare
3336 3194 3611 3256 Ecclesim,

2036 3291 2122 3347 cui
2154 3290 2262 3346 Deo
2291 3290 2637 3361 praesidemus
2661 3299 2902 3357 auctore,
2926 3297 3113 3346 nostro
3140 3298 3385 3361 tempore
3411 3290 3612 3347 fecera-

2039 3396 2159 3436 mus
2191 3400 2203 3432 :
2241 3388 2418 3436 tamen
2449 3388 2581 3435 utet
2607 3381 2707 3450 ipsi
2734 3381 2941 3451 possint
2969 3390 3024 3436 et
3050 3379 3248 3436 diversi
3268 3395 3594 3450 cognoscere

2037 3471 2105 3526 de
2150 3469 2602 3524 subdiaconorum
2653 3478 2710 3525 et
2751 3471 3085 3526 notariorum
3140 3471 3226 3526 vel
3273 3471 3615 3528 defensorum

2037 3558 2215 3615 oflicin
2231 3559 2479 3628 praesenti
2504 3574 2563 3614 se
2575 3558 2841 3614 sententia
2863 3558 3111 3614 noverint
3134 3558 3298 3615 fuisse
3319 3560 3613 3630 depositas.

2039 3657 2093 3702 et
2121 3648 2324 3703 nullum
2352 3648 2564 3719 penitus
2589 3647 2642 3702 in
2665 3645 2906 3704 Ecclesia
2928 3654 3111 3702 nostra
3141 3648 3363 3716 gradum
3392 3649 3617 3705 ulterius

2039 3739 2313 3804 detinere;
2362 3739 2460 3793 nisi
2514 3737 2682 3805 forte,
2713 3739 2852 3795 sicut
2896 3736 3103 3810 praefati
3141 3738 3529 3805 smnus,.nobis
3563 3740 3619 3794 in

2040 3829 2142 3884 hac
2184 3828 2305 3884 luce
2334 3829 2741 3898 superstitibus,
2773 3838 2826 3884 et
2857 3829 2956 3900 ipsi
2984 3828 3316 3899 pmnitentizn
3343 3830 3621 3887 canonica

2040 3918 2174 3973 colla
2205 3918 2571 3973 submiscrint.
2594 3917 2828 3974 Felicem
2853 3919 3016 3974 etiam
3056 3919 3380 3977 monachum
3408 3918 3619 3987 Afrum,

2044 4011 2132 4079 qui
2162 4007 2416 4064 Gillitano
2464 4010 2793 4064 monasterio
2823 4010 3019 4066 dicitur
3066 4009 3366 4082 prtefuisse,
3409 4019 3463 4065 ct
3490 4011 3623 4065 levi»

2047 4108 2153 4155 tate
2182 4116 2276 4156 sua
2304 4108 2465 4169 atque
2487 4100 2845 4155 inconstantia
2874 4102 3343 4171 congregationem
3382 4102 3623 4172 ejusdem

2046 4190 2355 4246 monasterii
2378 4206 2475 4261 per
2501 4190 2711 4246 diversa
2743 4191 2863 4247 loca
2915 4201 3120 4249 certum
3159 4202 3241 4249 est
3279 4194 3619 4263 dispersisse.

2046 4291 2100 4337 et
2125 4290 2317 4337 vestra:
2340 4281 2619 4352 pravitatis
2662 4284 2907 4338 incentor
2934 4291 3035 4349 est,
3063 4299 3185 4339 cum
3216 4285 3502 4353 universis,
3531 4287 3625 4353 qui

2048 4388 2169 4427 cum
2199 4371 2283 4427 vel
2312 4386 2428 4433 vos,
2480 4378 2588 4425 tam
2634 4371 2814 4426 clerici
2842 4371 2929 4428 vel
2975 4372 3245 4437 monachi,
3273 4386 3432 4441 quam
3477 4373 3621 4436 laici,

1975 4490 2019 4547 ο
2048 4472 2170 4533 post
2196 4464 2475 4532 prtesentia
2495 4463 2775 4518 interdicta
2809 4464 2859 4517 in
2891 4464 3065 4534 aliqua
3088 4470 3267 4519 vestra
3289 4458 3355 4519 se
3367 4465 3628 4523 societate

2050 4553 2360 4624 polluerinr,
2405 4561 2497 4608 aut
2522 4568 2841 4609 consensum
2870 4554 3260 4625 consiliumque
3281 4556 3623 4625 praebuerint,

2052 4642 2351 4712 regularem
2390 4643 2444 4698 in
2473 4643 2579 4709 his,
2604 4657 2725 4711 qua:
2754 4644 2882 4699 item
2912 4645 3159 4716 superius
3189 4646 3401 4715 legitur,
3424 4649 3625 4702 consti-

2055 4733 2249 4787 tuimus
2280 4747 2503 4787 monere
2529 4734 2852 4788 sententiam
2899 4754 2912 4787 :
2969 4744 3233 4805 quatenus
3261 4736 3316 4790 in
3342 4735 3425 4792 his
3452 4751 3629 4792 reme-

2052 4822 2175 4887 diis,
2222 4823 2411 4878 ordine
2436 4832 2652 4878 servato
2680 4825 2966 4893 canonico,
3006 4826 3187 4880 nullus
3215 4834 3501 4895 przesumat
3527 4841 3624 4894 pa-

2053 4928 2189 4978 cem,
2221 4928 2382 4982 quam
2412 4913 2667 4967 Dominus
2684 4913 2878 4983 diligit,
2904 4914 3395 4971 uiteriusEcclesim
3418 4924 3628 4985 pertur~

2051 5003 2200 5058 bare.
2246 5001 2568 5056 Praesentem
2617 5011 2794 5058 autem
2849 5006 3172 5061 sententiam
3222 5020 3318 5074 per
3362 5003 3624 5059 Joannem

2125 5160 2148 5197 ιι
2184 5160 2347 5215 Iidem
2376 5160 2518 5226 libri,
2555 5165 2657 5227 iam
2688 5164 2741 5216 in
2766 5162 2927 5217 vobis.

2131 5230 2142 5267 ί
2182 5231 2342 5283 fidem
2370 5230 2509 5295 libri,
2542 5234 2790 5286 diaconii.

2131 5304 2141 5349 i
2182 5301 2473 5372 Bellovacu
2494 5313 2803 5372 competens,
2835 5301 3029 5362 Paris,
3064 5310 3377 5369 contpalens.

2127 5370 2148 5408 ἰ
2184 5369 2519 5438 Legenduni,
2568 5369 2684 5437 post
2725 5373 2995 5423 transitum
3046 5382 3275 5425 nostrum
3327 5390 3412 5427 vos
3452 5386 3630 5428 contra

2054 5439 2997 5512 coristitumin_nostrum.__Mendutn
3055 5450 3136 5493 est
3189 5444 3629 5512 typographicum

2056 5509 2304 5579 inlitionis
2332 5508 2650 5579 Labbeantc.
2688 5509 2802 5563 Vox
2855 5517 3035 5564 autem
3090 5527 3174 5565 ros
3213 5508 3430 5567 'addita'
3453 5520 3633 5569 estex

2056 5578 2286 5643 antiquis
2314 5578 2730 5644 exemplaribus.

2134 5646 2147 5683 ι
2192 5647 2410 5701 Veteres
2442 5646 2580 5710 libri,
2610 5656 2845 5716 putantes
