4006 6190
504 353 570 408 δι
1889 345 2089 408 ViCiLl

2197 349 2363 407 ΆΡᾹ
3706 363 3768 417 52

505 464 885 536 llarsicauum,
937 465 1254 522 Iacchzeum
1311 466 1654 538 Syllacenum
1715 474 1767 532 ει,
1812 463 2081 520 Julianqu
2115 471 2162 529 Α
2196 461 2362 532 (quod
2391 457 2554 532 absit)
2582 457 2806 516 fuissent
2833 460 3080 530 iudicato
3103 459 3369 521 damnatae
3403 485 3420 520 :
3444 465 3625 538 legant
3646 486 3759 542 ergo

503 553 883 625 Cingulanum,
912 555 1105 612 fratres
1142 563 1199 612 et
1240 556 1591 627 coepiscopos
1615 563 1865 624 nostros,
1893 554 1989 610 sed
2035 562 2091 609 et

506 643 766 714 Sapatum
806 653 969 715 atque
1016 644 1233 700 Petrum
1262 641 1401 700 lilios
1429 653 1645 701 nostros
1684 643 1958 708 diaconos,
1993 656 2092 698 uec

505 750 616 790 non
645 743 701 790 et
727 733 890 789 lilium
920 743 1164 790 nostrum
1206 729 1554 804 Sui-gentium
1593 733 1958 805 primicerium
1989 745 2091 786 no-

507 826 792 894 tariorum,
833 835 996 895 atque
1045 824 1361 880 Servumdei
1417 824 1804 882 subdiaconum
1853 821 2088 892 regionis

505 918 712 988 primm,
733 933 834 974 nec
861 934 979 999 non.
998 927 1053 973 et
1073 917 1410 974 Vincentium
1440 917 1826 973 subdiaconum
1856 916 2091 985 regionis

505 1006 774 1072 secundm,
807 1014 1003 1063 nostra:
1047 1007 1135 1061 cui
1181 1007 1531 1078 praesidemus
1559 1005 1587 1045 ι’
1615 1004 1887 1072 Εεοιθδὶω,
1929 1004 2086 1060 vobis

511 1097 787 1152 uosciutur
817 1098 1200 1154 transmisisse.

711 1213 1046 1270 EPISTULA
1076 1213 1221 1287 (olim
1247 1197 1380 1285 an)
1412 1213 1638 1270 VlClLll
1691 1212 1916 1268 mm.

685 1322 752 1361 AD
779 1320 1211 1360 VALENTINIANUI
1254 1319 1539 1360 EPISCOPUI
1574 1319 1905 1359 TOIITANUI.

508 1418 636 1483 Quir
661 1414 1111 1488 Constantinopoli
1137 1419 1200 1472 de
1226 1417 1391 1472 tribus
1438 1419 1680 1489 capitulis
1720 1425 1836 1472 acta
1873 1420 2083 1490 fuerint.

578 1523 938 1587 Dilectissimo
962 1530 1112 1584 fratri
1143 1530 1526 1587 Valentiniano
1544 1533 1798 1603 episcopo
1818 1531 1886 1587 de
1908 1531 2093 1588 Tomis

504 1623 797 1694 provincia:
817 1621 1048 1694 Scythia:
1079 1623 1320 1691 Vigilius.

577 1714 950 1770 Fraternitatis
981 1723 1083 1770 tum
1114 1717 1416 1785 relegentes
1445 1718 1642 1787 scripta
1661 1758 1678 1783 ,
1726 1715 2086 1788 pontiﬁcalem

2195 561 2314 617 qua:
2333 547 2400 602 de
2423 561 2615 616 causa,
2643 562 2762 618 qua
2791 548 2879 604 hic
2903 557 3050 605 mota
3070 557 3174 616 est,
3203 552 3269 607 ad
3290 553 3513 611 fratrem
3533 564 3763 614 nostrum

2195 638 2444 694 Mennam
2473 638 3090 711 Constantinopolitano:
3121 645 3268 700 urbis
3299 647 3609 719 episcopum
3638 651 3764 706 scri-

2194 729 2386 785 bentes
2411 729 2638 798 legimus
2664 729 3007 801 deﬁnisse,et
3027 739 3154 790 tunc
3185 738 3557 805 cognoscentl
3590 741 3715 796 nihil
3737 757 3766 796 a

2198 821 2372 886 nobis,
2415 815 2679 878 Dco‘nos
2718 823 3077 890 custodiente,
3109 828 3478 895 commissum,
3517 830 3600 884 vel
3629 841 3767 887 certe

2194 911 2546 981 dispositum,
2596 905 2739 982 quod
2799 922 2986 969 contra
3034 913 3191 970 ﬁdem
3235 918 3767 990 praedicationemque

2195 1003 2617 1059 venerandarum
2647 1012 2882 1078 quatuor
2909 1006 3258 1077 synodurum,
3292 1025 3412 1080 qua:
3432 1025 3529 1082 pro
3551 1027 3656 1067 una
3679 1025 3765 1068 ea-

2194 1096 2423 1165 demque
2454 1096 2555 1152 lide
2577 1095 2794 1152 dellnita
2821 1105 2972 1166 sunt,
3002 1097 3054 1152 id
3103 1107 3186 1155 est
3236 1097 3488 1167 Nicmnte,
3511 1100 3769 1158 Constan-

2198 1185 2588 1255 tinopolitanm,
2645 1183 2930 1256 Ephesius:
2983 1188 3189 1257 primae,
3221 1197 3278 1244 et
3324 1189 3769 1248 Chalcedonensis

2197 1278 2497 1346 reperiatur
2516 1289 2792 1344 aversum;
2825 1285 2917 1332 aut
2953 1279 3110 1333 unius
3131 1294 3196 1334 ex
3223 1279 3325 1345 his,
3358 1280 3451 1350 qui
3479 1279 3770 1340 deﬁnitioni

2195 1369 2570 1439 suprascripta:
2615 1367 3074 1425 Chalcedonensis
3123 1369 3244 1425 lidei
3305 1373 3767 1442 subscripserunt,

2197 1467 2419 1528 tangant
2439 1459 2728 1530 injuriam:
2765 1461 2846 1516 vel
2877 1461 3021 1532 quod
3058 1462 3398 1518 decessurum
3421 1465 3774 1532 predecesso-

2198 1563 2422 1618 rumque
2467 1559 2492 1596 ε
2525 1556 2832 1606 nostrorum
2864 1551 3165 1605 inveniatur
3187 1551 3354 1623 (quod
3386 1551 3556 1624 absit)
3581 1555 3772 1610 consti-

2198 1639 2325 1694 tutis
2351 1639 2489 1695 forte
2534 1640 2860 1696 contrarium
2895 1660 2908 1694 :
2938 1639 3034 1695 sed
3079 1641 3132 1695 in
3185 1641 3436 1697 omnibus
3473 1643 3774 1712 apostolica:

2197 1729 2336 1785 sedis
2361 1731 2668 1800 przcsnlum,
2693 1737 2748 1785 et
2777 1731 2948 1784 beata:
2978 1730 3368 1785 recordationis
3397 1747 3548 1801 papa:
3561 1731 3771 1795 Leonis,

505 1806 560 1860 in
589 1805 744 1860 vobis
782 1805 1204 1861 sollicitudinem
1235 1807 1413 1862 inesse
1436 1815 1712 1876 gratanter
1739 1807 2042 1876 accepimus
2071 1823 2087 1872 ;

2197 1827 2249 1875 et
2283 1819 2732 1890 praedicaturumh
2749 1822 3076 1892 synodorum
3099 1814 3422 1876 adversariis
3447 1823 3702 1878 restitisse
3731 1823 3771 1877 ί.

504 1895 631 1964 quia
662 1894 975 1964 prophetica
1026 1895 1117 1950 tibi
1151 1905 1377 1965 possunt
1407 1897 1572 1951 verba
1601 1903 1974 1966 competenter
1999 1912 2094 1964 ap-

506 1986 630 2048 tari,
662 1986 856 2054 quibus
883 1987 958 2040 ait
987 2005 1000 2040 :
1052 1986 1278 2042 Salttabo
1309 2004 1512 2061 gregem
1541 2005 1729 2053 meum,
1759 1998 1807 2042 et
1835 1988 2095 2042 suscitabo

507 2092 661 2144 super
712 2091 832 2129 eum
876 2084 1136 2146 pastorem
1182 2079 1268 2147 qui
1309 2085 1491 2148 pascat
1519 2092 1661 2143 eum,
1688 2093 1889 2130 servum
1926 2089 2094 2130 meum

509 2163 722 2234 (-Ezecn.
781 2169 996 2233 xxxiv).
1039 2163 1269 2236 Oportet
1311 2179 1442 2234 ergo
1479 2166 1802 2220 charitatcm
1843 2172 1986 2219 tuam
2029 2179 2092 2218 ea

507 2270 724 2325 quoque
748 2255 954 2310 Domini
983 2257 1155 2311 nostri
1198 2257 1361 2310 verba
1401 2256 1618 2320 sectari,
1644 2271 1740 2324 per
1768 2272 1888 2326 qnzc
1911 2255 2047 2309 dixit
2077 2274 2090 2308 :

508 2347 900 2418 Speculatorem
927 2358 976 2403 te
1001 2351 1148 2420 posui
1179 2351 1364 2405 domus
1395 2349 1584 2414 Israel;
1633 2358 1684 2403 et
1717 2351 1897 2404 audies
1919 2351 1982 2404 de
2008 2365 2097 2404 ore

509 2455 623 2494 meo
653 2441 879 2505 verbum,
912 2451 962 2494 et
987 2441 1324 2494 annuntiabis
1350 2443 1424 2494 eis
1453 2459 1519 2496 ea:
1547 2459 1630 2495 me
1657 2441 1870 2510 (Ezeclt.
1901 2444 2017 2512 tn);
2041 2451 2096 2496 et

509 2538 842 2586 convocatos
862 2546 956 2586 eos
983 2545 1123 2600 quos
1152 2532 1504 2587 scandalizari
1535 2533 1764 2587 diversis
1789 2535 2096 2590 rumoribus

510 2623 760 2688 retulisti,
792 2623 1123 2679 incessanter
1144 2624 1368 2688 hortari,
1403 2639 1471 2679 ne
1500 2640 1599 2694 per
1628 2624 1730 2680 hos
1759 2624 1981 2680 forsitan
2011 2642 2096 2682 se-

508 2716 792 2780 ducantur,
841 2715 932 2783 qui
967 2714 1067 2769 sub
1121 2721 1383 2783 praetextu
1422 2715 1712 2781 catholico,
1765 2715 2094 2785 nequissimo

510 2805 701 2876 spiritu
729 2803 1051 2875 simplicium
1097 2805 1532 2860 Christianorum
1562 2807 1727 2862 corda
1759 2807 1967 2862 fallacia
1997 2824 2092 2862 sua

508 2899 760 2968 decipere
791 2895 1102 2962 moliuntur,
1128 2905 1184 2952 et
1213 2898 1382 2968 ptris
1411 2899 1494 2952 sui
1517 2897 1717 2952 diaboli
1747 2899 2095 2954 consuetudi—

509 2989 884 3058 nemmaligno
911 2995 1182 3043 sectantes
1228 2988 1441 3057 spiritu,
1470 2979 1766 3044 Ecclesium
1811 2989 1906 3045 tibi
1947 3006 2099 3045 com-

510 3079 728 3133 missam
765 3078 992 3133 diversis
1025 3077 1374 3133 mendacibus
1410 3079 1624 3146 scriptis
1651 3080 1976 3135 conturbare
2000 3077 2095 3136 dc-

507 3169 775 3234 siderant,
804 3169 998 3240 quibus
1025 3168 1323 3239 apostolica
1355 3168 1517 3224 lectio
1545 3178 1907 3238 congruenter
1933 3179 2089 3240 apta-

509 3271 616 3327 tur,
645 3261 832 3316 dicens
861 3301 874 3312 .
906 3253 1246 3331 Rogorautem
1267 3275 1377 3326 vos,
1403 3260 1610 3329 fratres,
1627 3269 1686 3312 ut
1706 3258 1980 3314 observetis
2005 3278 2093 3316 eos

507 3354 594 3424 qui
620 3351 974 3406 dissensiones
985 3361 1034 3403 et
1056 3350 1373 3420 oﬁ'endicula
1396 3358 1588 3420 preter
1616 3351 1905 3405 doctrinam
1940 3369 2090 3422 quant

507 3460 595 3499 nos
624 3443 879 3497 didicistis
905 3443 1103 3513 faciunt
1163 3452 1212 3496 et
1244 3443 1500 3497 declinate
1525 3443 1588 3496 ab
1618 3444 1723 3497 illis
1751 3442 1928 3511 (Rom.
1955 3448 2088 3513 xvi).

507 3534 576 3588 Et
597 3533 731 3588 infra
759 3552 771 3587 :
803 3531 871 3586 Et
900 3551 990 3604 per
1016 3533 1189 3588 dulces
1221 3547 1486 3590 sermones
1520 3544 1569 3589 et
1612 3536 1990 3590 benedictiones
2011 3553 2092 3590 se-

508 3626 699 3678 ducunt
740 3625 900 3679 corda
945 3625 1294 3678 innocentium
1346 3623 1638 3696 (Ibidem).
1673 3625 1860 3679 Vestra
1909 3634 2091 3680 autem

507 3707 814 3771 obedientia
844 3715 898 3771 in
923 3716 1072 3770 omni
1096 3715 1216 3771 luco
1241 3703 1512 3786 divulgata
1539 3725 1643 3782 est,
1663 3726 1935 3786 quatenus
1980 3715 2092 3772 fra-

505 3807 776 3862 ternitatis
796 3813 990 3860 vestrae
1014 3805 1395 3862 adhortatione
1414 3821 1557 3877 saepe
1584 3809 1919 3874 commoniti,
1945 3809 2092 3864 nulla

507 3895 692 3952 ﬁdeles
719 3910 908 3952 eorum
933 3896 1143 3952 animos
1163 3910 1194 3951 a
1223 3897 1544 3953 rectitudine
1564 3898 1685 3966 vite,
1705 3913 1825 3967 qua:
1842 3897 2090 3956 Christus

505 3996 611 4055 est,
639 3989 732 4059 qui
778 3987 854 4043 ait
885 4007 898 4042 :
931 3987 1044 4060 Ego
1073 4005 1186 4044 sum
1213 3990 1317 4055 via,
1346 3997 1396 4044 et
1443 3989 1653 4059 veritas,
1694 4001 1745 4045 et
1771 3993 1873 4046 rita
1905 3991 2084 4060 (Joan.

508 4078 656 4147 xlv),
686 4078 927 4148 qualibet
981 4078 1212 4149 maligna
1257 4080 1669 4137 annuutiatioue
1709 4082 2030 4137 submoveat
2071 4102 2082 4136 :

504 4167 600 4223 sed
629 4168 694 4234 si,
723 4169 870 4237 quod
898 4183 1007 4224 non
1037 4175 1272 4239 oportet,
1300 4169 1370 4224 ab
1403 4170 1724 4226 adversariis
1759 4172 2083 4238 conturbati,

504 4257 705 4328 aliquid
728 4259 894 4329 (quod
921 4257 1065 4315 Deus
1084 4259 1312 4331 avertat)
1335 4269 1523 4315 contra
1549 4261 1707 4318 iidem
1729 4260 1925 4316 factum
1947 4261 2088 4318 forte

505 4349 814 4416 formidant,
846 4363 969 4407 cum
997 4351 1430 4419 mansuetudine,
1470 4367 1590 4424 qua:
1636 4352 1889 4408 convenit
1928 4351 2086 4406 Chri-

503 4441 692 4497 stianis
723 4452 770 4510 c,
809 4443 1127 4513 prophetica
1155 4443 1320 4498 verba
1349 4449 1645 4507 sectentur,
1678 4441 1909 4498 dicentis
1941 4461 1954 4496 :
1989 4441 2084 4496 In-

505 4543 710 4604 terroga
763 4543 961 4601 patrem
1010 4543 1172 4600 tuum,
1226 4543 1276 4587 et
1321 4533 1646 4587 annuntiabil
1689 4533 1778 4586 tibi
1792 4550 1810 4598 ,°
1855 4535 2083 4588 seniores

504 4631 638 4690 tuos,
665 4632 715 4676 et
744 4624 915 4677 dicent
937 4622 1026 4678 tibi
1057 4623 1240 4695 (Deut.
1270 4623 1477 4694 χχχιι),
1508 4631 1565 4678 et
1606 4622 1742 4677 alius
1771 4622 2033 4692 prepheta
2067 4640 2081 4675 :

506 4712 670 4766 Labia
697 4715 979 4768 sacerdotis
1007 4714 1301 4768 custodiunt
1326 4714 1616 4778 scientiam,
1646 4721 1697 4766 et
1726 4713 1888 4784 legem
1915 4714 2086 4784 requi-

500 4816 622 4864 runt
651 4825 716 4862 ea:
739 4826 826 4863 ore
853 4809 963 4880 ejus
978 4807 1060 4881 (Μ
1064 4808 1328 4878 alae/un).
1360 4806 1426 4862 Et
1453 4807 1708 4876 quoniam
1728 4803 2084 4863 Basinianus‘1

504 4899 722 4955 illustris
769 4909 824 4955 et
867 4899 1179 4970 magnificus
1226 4902 1325 4964 vir,
1379 4899 1518 4955 filius
1569 4908 1791 4968 noster,
1843 4914 1963 4954 cum
2001 4899 2087 4955 bis

502 4995 593 5063 qui
613 5009 712 5070 pro
733 4993 943 5048 actibus
970 5003 1074 5048 tua:
1096 4992 1440 5048 fraternitatis
1478 4989 1730 5047 Ecclesia:
1751 4991 1804 5046 in
1821 4989 2085 5047 Constan-

504 5071 729 5153 tinopoli
764 5093 786 5121 ο
818 5084 1128 5149 observant,
1159 5083 1275 5153 pari
1299 5083 1509 5138 ratione
1539 5081 1740 5138 dixisse
1768 5091 2086 5151 noscuntur,

503 5175 664 5227 etiam
690 5173 794 5228 hoc
819 5173 916 5229 Dei
943 5174 1194 5229 inimicos
1227 5173 1392 5230 fuisse
1422 5174 1696 5238 mentitos,
1727 5174 1872 5244 quod
1900 5189 2089 5244 perso-

505 5276 588 5314 na:
640 5263 1016 5333 episcOporum
1052 5260 1156 5316 Iba
1204 5271 1366 5330 atque
1419 5259 1734 5317 Theodoriti
1789 5261 1841 5316 in
1897 5271 2084 5317 nostro

577 5421 916 5494 fﬁeliovac"
946 5423 1312 5494 Scillacennmt
1349 5422 1541 5487 Paris,
1572 5424 1974 5494 Squillncenmn.

577 5490 602 5528 δ
629 5485 825 5564 Raris,
857 5495 936 5545 cui
958 5492 1064 5548 Deo
1101 5503 1311 5564 auctore
1336 5485 1687 5564 praesidemus.

581 5571 604 5598 ο
634 5557 829 5632 Paris,
853 5579 958 5632 qua
974 5579 1118 5617 conv.
1147 5557 1486 5621 Christianos.
1519 5557 1609 5619 Sic
1639 5565 1797 5619 etiam
1827 5565 1878 5618 iu
1909 5563 2082 5618 Bello-

506 5647 622 5703 της.
644 5630 750 5703 uisi
773 5630 914 5703 (μιόρ
943 5632 1103 5703 habet
1129 5650 1317 5703 quae..-

580 5700 602 5735 ι¹
641 5698 828 5765 l’aris.,
865 5698 1178 5754 Basilianns.

584 5783 602 5842 ξ
632 5767 865 5842 Veteres
888 5773 1025 5832 libri,
1059 5771 1597 5842 Constantinopolim.

584 5839 602 5878 ί
630 5837 795 5896 Iidem
816 5839 955 5911 libri,
988 5852 1318 5911 cognoscunt.

2196 1911 2586 1966 fraternitatem
2621 1921 2800 1967 autem
2843 1923 3080 1968 vestram
3121 1911 3390 1968 credimus
3444 1929 3548 1968 non
3580 1913 3768 1976 latere,

2197 1999 2440 2057 inimicos
2470 2002 2594 2056 lldci
2616 2000 2934 2057 Christiana:
2961 2003 3064 2058 hoc
3090 2017 3306 2068 semper
3333 2003 3573 2057 smeulari
3604 2010 3660 2058 et
3689 2019 3773 2057 rc-

2201 2079 2478 2164 prnbauda
2528 2093 2744 2147 molitos
2772 2093 2992 2155 astutia,
3047 2101 3107 2146 ut
3150 2089 3507 2160 evangelistas
3553 2101 3780 2161 quatuor

2197 2181 2462 2236 contraria
2485 2180 2585 2235 sibi
2619 2181 2784 2252 (quod
2814 2182 2975 2251 absit)
2995 2180 3198 2236 dixisse
3223 2191 3618 2245 monstrarent;
3657 2184 3776 2251 qni-

2200 2273 2297 2325 bus
2327 2287 2356 2325 a
2387 2271 2588 2324 sanctis
2631 2271 2871 2340 patrihus
2902 2286 2998 2340 per
3036 2272 3436 2339 evangeliorum
3482 2272 3779 2327 concordia:

2200 2357 2364 2418 libros
2394 2368 2476 2418 cst
2503 2361 2714 2417 ctelcsti
2745 2361 3006 2432 sapientia
3031 2362 3446 2418 Contradictum.
3471 2361 3622 2430 Quod
3641 2378 3780 2418 nunc

2200 2469 2414 2523 quoque
2470 2453 2642 2508 sancti
2699 2450 3159 2508 Chalcedonensis
3205 2453 3421 2509 concilii
3487 2452 3778 2509 adversarii

2205 2545 2365 2616 (inter
2384 2559 2520 2614 quos
2549 2544 2711 2597 etiam
2744 2542 3022 2598 Rusticum
3045 2552 3101 2598 et
3122 2543 3498 2598 Sebastianum
3523 2545 3781 2614 comperi-

2202 2650 2320 2688 mus
2349 2635 2502 2688 istius
2531 2641 2780 2688 auctores
2822 2631 3084 2700 scandali,
3107 2631 3242 2703 quos
3272 2632 3401 2687 olim
3441 2648 3538 2702 pro
3572 2634 3786 2689 meritis

2202 2727 2312 2782 Suis
2341 2743 2369 2780 a
2415 2741 2568 2781 sacra
2617 2727 2998 2782 communione
3038 2725 3437 2797 suspendimus,
3490 2728 3542 2782 in
3588 2727 3785 2796 quibus

2202 2835 2318 2883 nos,
2351 2821 2395 2874 si
2424 2835 2529 2875 non
2558 2819 2885 2890 resipueriut
2914 2820 3193 2884 celeriter,
3227 2819 3534 2877 fraternitas
3569 2831 3659 2876 tua
3685 2837 3784 2877 cc-

2198 2920 2421 2981 gnoscat
2467 2911 2782 2966 canonicam
2812 2912 3134 2965 sententiam
3163 2910 3514 2980 prolaturos),
3538 2913 3629 2982 qui
3680 2912 3784 2967 sub

2198 3010 2460 3072 prmtextu
2480 2999 2626 3055 falsa:
2652 3001 2980 3056 defensionis
3027 3001 3247 3056 student
3273 3010 3331 3056 ut
3363 3001 3604 3057 eamdem
3627 3017 3792 3074 syno~

2197 3091 2322 3144 dum
2350 3099 2537 3144 contra
2565 3087 2848 3160 przcdictas
2877 3098 2988 3145 tres
3009 3085 3243 3162 synodos
3265 3086 3466 3147 dixisse
3498 3091 3662 3162 (quod
3685 3093 3786 3147 ab-

2197 3181 2310 3250 sit)
2360 3179 2667 3236 ostendant.
2715 3179 2917 3247 Quibus
2965 3179 3082 3236 bacc
3137 3179 3458 3235 conantibus
3505 3179 3788 3250 propheta

2199 3271 2338 3328 dicta
2385 3279 2749 3327 consonanter
2786 3277 3074 3339 aptantur,
3103 3269 3329 3326 dicentis
3361 3288 3374 3323 :
3408 3267 3540 3324 Vere
3578 3271 3801 3324 menda-

2197 3365 2334 3417 cium
2361 3369 2600 3432 operatus
2628 3361 2885 3431 eslstylus
2912 3361 3136 3415 mendas:
3164 3360 3452 3414 scribarum
3481 3359 3611 3431 (Jer.
3647 3364 3785 3426 vm),

2199 3458 2432 3511 Verbum
2485 3456 2697 3510 Domini
2758 3456 2928 3511 nostri
2982 3456 3360 3526 projeccrunt,
3411 3464 3466 3510 et
3512 3456 3786 3526 sapientia

2199 3551 2342 3604 nulla
2372 3557 2454 3603 est
2483 3551 2534 3602 iu
2561 3550 2662 3603 eis.
2693 3547 2991 3602 Docuerunt
3019 3551 3154 3602 enim
3195 3550 3426 3618 linguam
3455 3564 3603 3602 suam
3642 3549 3794 3621 loqui

2199 3639 2562 3702 mendacium;
2593 3645 2649 3690 ut
2678 3638 2851 3709 inique
2875 3646 3104 3708 agerent,
3137 3637 3494 3691 laboraverunt
3518 3635 3647 3701 (Jer.
3681 3639 3789 3708 lx).

2199 3730 2422 3797 Quibus,
2455 3729 2499 3783 si
2531 3744 2636 3783 non
2671 3727 3050 3798 pmnituerint,
3080 3728 3259 3782 veniet
3296 3727 3597 3783 Psalmistzn
3628 3728 3794 3782 invo-

2199 3829 2318 3876 cata
2341 3819 2626 3883 sententia,
2652 3818 2884 3874 dicentis
2914 3836 2927 3872 :
2964 3817 3033 3872 Ut
3061 3819 3296 3873 destruas
3331 3820 3594 3873 inimicum
3617 3828 3666 3873 et
3696 3820 3790 3874 de-

2196 3913 2470 3983 fensorem.
2503 3909 2784 3965 Credimus
2830 3909 2974 3964 enim
3023 3907 3308 3965 catholicis
3356 3907 3608 3964 Ecclesia:
3653 3905 3787 3964 ﬁliis

2195 4018 2257 4057 ea
2297 4016 2415 4070 qna:
2465 4008 2592 4055 tunc
2625 3998 2693 4053 ad
2729 3998 2950 4054 fratrem
2994 4007 3051 4055 et
3099 3999 3480 4068 coepiscopum
3533 4007 3792 4055 nostrum

2194 4089 2441 4144 Mennam
2463 4088 2791 4158 scripsimus,
2826 4086 2879 4141 id
2904 4095 3010 4155 est,
3038 4087 3108 4143 de
3136 4087 3484 4157 blasphemiis
3505 4083 3793 4142 Theodori

2193 4175 2576 4248 Hopsucsleni,
2633 4177 2856 4246 ejusque
2901 4191 3154 4247 persona,
3185 4177 3270 4232 vel
3310 4175 3378 4232 de
3405 4175 3630 4247 epistola
3659 4192 3794 4246 qum

2193 4267 2262 4322 ad
2293 4267 2479 4321 Μαι-1η]
2527 4263 2746 4322 Persam
2776 4267 2976 4336 scripta
3005 4266 3074 4322 ab
3103 4266 3192 4321 Iba
3219 4264 3436 4331 dicitur,
3460 4273 3514 4320 et
3559 4265 3792 4336 scriptis

2192 4357 2508 4413 Theodoriti
2539 4360 2585 4422 l,
2620 4371 2740 4428 qua:
2765 4361 2952 4412 contra
2982 4365 3184 4411 rectam
3215 4352 3373 4410 ﬁdem
3402 4363 3459 4409 et
3485 4353 3790 4409 duodecim

2189 4447 2424 4517 capitula
2455 4449 2627 4503 sancti
2656 4445 2840 4518 Cyrilli
2870 4443 3007 4502 facta
3056 4453 3202 4512 sunt,
3231 4444 3443 4500 abunde
3472 4457 3633 4515 posse
3660 4443 3791 4498 suf-

2192 4536 2392 4603 llccre;
2424 4539 2623 4609 quippe
2653 4537 2778 4592 dum
2809 4537 2861 4591 in
2889 4537 3186 4592 constituto
3211 4542 3400 4592 nostro
3443 4534 3655 4606 superis
3682 4532 3798 4588 de-

2189 4630 2402 4699 siguato
2430 4631 2601 4700 possit
2636 4629 2928 4698 diligenter
2967 4629 3208 4697 agnosci,
3239 4629 3364 4700 quia
3415 4627 3468 4682 in
3500 4628 3614 4698 ipsa
3642 4625 3803 4681 deli—

2191 4721 2396 4777 nitione
2435 4719 2580 4787 lidei,
2608 4734 2769 4790 quam
2824 4721 2995 4776 sancti
3037 4720 3493 4777 Chalcedonensis
3557 4719 3801 4775 concilii

2190 4811 2500 4866 sacerdotes
2549 4810 2842 4866 secundum
2888 4809 3258 4882 prmcedentes
3312 4825 3431 4865 eam
3481 4816 3591 4863 tres
3635 4807 3805 4866 alias

2189 4911 2404 4958 sanctas
2433 4901 2669 4975 synodos
2699 4901 2726 4940 ι
2769 4903 3130 4974 protulerunt,
3161 4916 3268 4957 non
3298 4900 3500 4969 aliquid
3525 4907 3802 4955 mutave-

2188 5001 2332 5055 runt,
2364 4989 2462 5048 sed
2505 4993 2786 5048 laudantes
2814 4992 2993 5048 omnia
3041 5003 3159 5062 qna:
3186 5007 3216 5044 a
3249 4987 3617 5060 superioribus
3648 4999 3804 5044 acta:

2189 5091 2334 5149 sunt,
2360 5092 2546 5139 sancta
2572 5083 2884 5139 definitione
2913 5097 3008 5137 sua
3040 5070 3301 5152 perpetuo
3328 5079 3588 5134 roborare
3622 5076 3637 5117 ι
3684 5079 3792 5132 lir-

2187 5183 2490 5230 maveruut.
2531 5174 2736 5228 Tamen
2783 5173 2828 5228 si
2866 5180 2990 5243 post
3038 5171 3154 5226 haec
3209 5170 3400 5240 aliquis
3439 5168 3617 5240 (quod
3660 5183 3794 5224 non

2189 5265 2479 5336 credimus)
2509 5265 2755 5319 dubitare
2783 5263 3034 5326 voluerit,
3066 5262 3364 5328 hortamur,
3396 5269 3454 5316 ut
3499 5275 3618 5316 cum
3667 5267 3793 5314 tua:

2263 5434 2286 5471 ε
2317 5425 2540 5480 Veteres
2597 5422 2717 5478 libri
2773 5432 2829 5478 et
2879 5423 3032 5487 edit.,
3085 5438 3470 5492 praecesserunt.
3515 5417 3788 5474 Labbeus

2191 5503 2359 5548 mutas
2379 5495 2434 5547 it.

2260 5561 2287 5599 ³
2322 5563 2540 5617 Veteres
2566 5561 2705 5625 libri,
2737 5562 3122 5631 prwdiclarum.

2267 5632 2278 5669 ί
2314 5631 2480 5686 Iidem
2516 5633 2654 5696 libri,
2685 5633 2987 5685 restituisse.

2262 5706 2276 5752 t
2317 5702 2478 5756 Iidem
2507 5701 2647 5765 libri,
2673 5702 2863 5769 scripta
2889 5700 3203 5757 Theodoriti.

2261 5771 2282 5808 κ
2316 5769 2509 5835 Paris.,
2547 5771 2676 5824 alios
2701 5777 2926 5824 sanctos.

2266 5840 2282 5882 ι
2316 5841 2610 5908 Bellovac.,
2639 5842 2836 5896 robore.
2868 5839 3062 5912 Paris,
3089 5841 3280 5894 honore
3309 5840 3518 5893 robore.
