4006 6190
252 214 325 270 53
1429 211 1783 271 EPISTOLIE
1822 215 1909 271 ET
1947 216 2287 278 ΠΕΟ-ΜΕΤΑ.
3336 234 3351 247 ‘
3457 222 3527 276 58

248 325 608 382 fraternitatis
635 328 1033 385 ordinationem
1081 326 1148 383 ad
1200 341 1301 382 nos
1331 327 1513 382 venire
1542 326 1759 383 festinet
1788 331 1836 391 ⁸,
1869 333 1916 389 Δ
1949 339 2302 402 posteaquam
2328 332 2501 389 edicta
2530 349 2623 389 sua
2670 333 2944 404 piissimus
2973 333 3223 407 princeps
3249 336 3403 406 jussit
3434 353 3526 407 ap-

245 424 520 485 quatenus
548 416 726 477 lucida
754 418 1128 475 admonitione
1154 425 1469 487 cognoscat,
1515 418 1693 473 omnia
1724 433 1843 488 qua:

244 508 600 567 decesserunt
621 521 935 566 nostrorum
965 519 1021 567 et
1040 510 1400 565 antefatarum
1421 518 1655 578 quatuor
1679 525 1840 582 syno-

245 599 445 655 dorum
490 609 621 656 sunt
667 601 737 657 de
777 618 881 657 una
910 602 1210 671 eademque
1239 599 1342 654 fide
1385 607 1504 655 acta
1535 603 1843 672 scriptaque

245 693 605 762 temporibus,
637 708 669 746 a
699 694 857 748 nobis
884 692 1271 748 inviolabiliter
1292 691 1455 745 fuisse
1471 700 1703 748 servata.
1721 692 1836 758 Qua

242 781 460 836 ratione
488 789 769 852 percepta,
798 781 1032 847 sublato,
1055 781 1441 850 sicutoportet,
1474 780 1542 836 de
1570 779 1837 836 Christia—

242 872 484 927 nissimis
511 873 709 929 animis
735 872 1011 939 seandalo,
1033 887 1141 941 pax
1168 872 1279 927 Deo
1308 871 1505 941 placita
1532 872 1586 927 in
1602 872 1719 941 ejus
1748 872 1841 930 Ec-

242 963 411 1017 clesia
460 963 666 1018 illibata
707 963 987 1034 perduret.
1038 961 1155 1019 Hoc
1181 976 1398 1033 quoque
1445 960 1840 1020 fraternitatem

243 1060 395 1107 tuam
422 1052 698 1111 credimus
725 1052 1138 1119 adhortandam,
1168 1067 1239 1108 ne
1284 1052 1511 1110 ulterius
1552 1054 1838 1124 praedicto-

242 1159 365 1203 rum
406 1142 621 1201 Rustici
668 1152 725 1199 et
770 1144 1099 1211 Sebastiani,
1127 1151 1223 1198 aut
1270 1143 1487 1199 illorum
1535 1144 1627 1214 qui
1660 1160 1842 1214 prava:

247 1250 436 1291 eorum
503 1236 943 1306 prmsumptionis
998 1235 1300 1307 probantur
1348 1246 1470 1289 esse
1529 1231 1840 1304 participes,

248 1326 449 1399 scripta
472 1326 741 1396 suscipiat
771 1343 787 1391 ;
819 1325 916 1381 sed
949 1334 1005 1380 et
1050 1324 1335 1380 universos
1385 1321 1455 1376 ad
1502 1329 1648 1375 tuam
1676 1321 1843 1390 perti-

248 1425 438 1471 nentes
466 1415 871 1470 ordinationem
901 1427 1275 1477 commoueas,
1301 1426 1371 1468 ne
1412 1411 1494 1465 vel
1523 1409 1623 1480 ipsi
1646 1426 1675 1463 a
1701 1424 1841 1479 pra:-

248 1506 404 1560 dietis
423 1505 673 1574 relegant
695 1504 901 1575 aliquid
924 1502 1271 1570 destinatum,
1301 1502 1385 1557 vel
1408 1500 1625 1555 falsitati
1654 1515 1841 1555 eorum

244 1597 474 1651 ulterius
499 1595 743 1650 animum
764 1609 874 1651 suae
894 1592 1228 1651 credulitatis
1243 1590 1674 1648 accommodent.
1700 1590 1841 1645 Deus

1945 417 2105 488 pendi
2129 418 2376 475 omnibus
2403 420 2671 492 episcopis
2691 420 3023 476 diversarum
3064 424 3316 495 partium,
3346 423 3443 481 sed
3473 432 3528 480 et

1945 507 2273 578 presbyteris
2316 514 2478 577 atque
2526 509 2862 577 diaconibus,
2910 504 3009 566 nec
3052 527 3158 565 non
3207 519 3262 567 et
3319 516 3527 570 clericis

1946 595 2557 667 Constantinopolitana:
2580 597 2837 655 Ecclesia:
2858 599 2925 655 ad
2956 616 3053 656 nos
3082 601 3442 665 venientibus,
3472 602 3526 655 in

1946 686 2249 743 Placidiana
2287 687 2482 745 idomo
2513 691 2560 755 l,
2591 697 2878 760 antequam
2919 691 2986 745 ad
3011 690 3193 748 Sancti
3223 691 3369 749 Petri
3397 709 3534 749 con-

1948 778 2254 849 fugeremus
2276 780 2552 836 basilicam
2581 780 2601 817 ¹⁶
2623 822 2638 846 ,
2671 780 2807 837 facie
2836 781 2902 836 ad
2934 781 3121 841 faciem
3153 784 3223 837 ita
3252 783 3413 840 locuti
3443 800 3531 839 su-

1948 884 2111 923 mus:
2144 869 2351 939 Rogata
2400 870 2697 939 piiSsimum
2744 872 3064 942 principem,
3113 881 3174 928 ut
3221 874 3397 931 edicta
3430 891 3525 930 sua

1947 973 2068 1029 qua:
2095 961 2349 1032 praecepit
2392 961 2650 1031 appendi,
2686 978 2970 1019 removere
3005 964 3291 1034 dignetur,
3321 973 3377 1021 et
3404 983 3531 1023 con-

1948 1047 2194 1102 stitutum
2248 1064 2535 1109 commune
2587 1049 2783 1105 debeat
2837 1060 3194 1123 exspectare;
3243 1054 3297 1111 id
3348 1064 3432 1112 est
3470 1064 3531 1111 ut

1949 1138 2298 1195 scandalizati
2318 1140 2557 1211 episcOpi
2583 1139 2789 1196 Latina:
2816 1141 3029 1210 linguae,
3057 1152 3149 1199 aut
3169 1143 3236 1198 ad
3262 1146 3531 1217 synodum

1946 1228 2202 1295 veniant,
2252 1237 2347 1285 aut
2393 1238 2573 1294 certe,
2624 1240 2830 1287 remota
2878 1233 3025 1287 omni
3072 1234 3361 1303 violentia,
3406 1251 3533 1290 suas

1945 1318 2148 1387 scripto
2197 1316 2472 1373 declarent
2520 1320 2836 1375 sententias.
2868 1318 3021 1387 Quod
3069 1322 3115 1387 si
3158 1321 3297 1379 forte
3337 1339 3529 1394 preces

1944 1416 2152 1461 vestras
2182 1409 2368 1464 audire
2398 1410 2649 1476 noluerit,
2682 1426 2781 1466 vos
2829 1410 2960 1475 nulli
3003 1413 3079 1468 rei
3109 1413 3391 1482 prcebeatis
3439 1430 3530 1471 as-

1944 1517 2182 1570 sensum,
2212 1517 2331 1571 qua:
2385 1503 2454 1557 ad
2509 1503 2822 1558 divisionem
2879 1503 3052 1558 tendit
3101 1502 3374 1571 Ecclesiae,
3425 1522 3524 1562 nec

1948 1603 2140 1651 contra
2180 1595 2531 1650 constitutum
2579 1596 2999 1651 comminatione
3050 1597 3228 1666 aliqua
3284 1597 3529 1653 veniatis.

244 1695 296 1740 te
324 1685 660 1741 incolumem
683 1684 973 1749 custodiat,
1003 1683 1170 1738 frater
1204 1682 1542 1739 charissime.
1585 1681 1780 1734 Datum
1812 1679 1838 1761 ξ’
1876 1701 1920 1759 Β
1949 1683 2084 1751 Quia
2122 1685 2167 1740 si
2196 1685 2301 1741 hoc
2350 1684 2593 1750 forsitan,
2626 1685 2771 1755 quod
2820 1701 2929 1741 non
2957 1686 3245 1752 credimus,
3275 1685 3533 1751 feceritis,

237 1788 307 1827 xv
336 1774 600 1830 calendas
628 1773 847 1844 Aprilis,
880 1774 1089 1845 imperii
1131 1773 1339 1829 domini
1384 1771 1669 1827 Justiniani
1713 1786 1839 1841 per-

235 1864 395 1935 petui
440 1864 668 1934 Augusti
698 1880 839 1920 anno
866 1863 941 1918 25
970 1871 1092 1934 post
1138 1863 1478 1918 consulatum
1519 1861 1701 1917 Basilii
1741 1861 1839 1916 viri

236 1957 533 2014 clarissimi
560 1973 706 2012 anno
734 1958 788 2025 9,
816 1973 914 2026 per
939 1955 1202 2011 Joannem
1226 1955 1599 2027 presbyterum
1618 1962 1674 2011 et
1702 1970 1837 2024 apo-

234 2050 572 2116 crisiarium,
598 2058 653 2105 et
692 2050 809 2120 ipse
835 2048 1035 2105 direxit
1060 2062 1180 2107 eam
1210 2062 1310 2119 per
1348 2046 1683 2103 Maxentium
1736 2047 1839 2104 ho-

233 2141 451 2197 minem
469 2157 652 2197 suum.

426 2267 448 2296 ε
479 2252 814 2313 EPISTOLA
860 2255 1011 2325 (olim
1036 2252 1152 2323 XV)
1184 2251 1416 2310 VlGlLll
1453 2249 1660 2306 raras

840 2364 1245 2421 ENCYCLICA.

678 2473 746 2511 ΑΒ
768 2469 1064 2510 υαινειιελιι
1096 2469 1409 2509 εεοιεειλιί.

236 2549 487 2619 Exponit
526 2565 715 2619 causas
740 2562 971 2619 secessus
998 2546 1078 2619 sui
1190 2543 1443 2619 sanctam
1471 2542 1842 2619 Euphemiam,

312 2612 513 2691 etquid
548 2616 623 2673 ibi
666 2618 828 2691 egerit
868 2632 986 2671 cum
1010 2616 1206 2691 legatis
1234 2612 1567 2691 Justiniaui,
1591 2612 1844 2685 simulque

316 2685 443 2759 μδ
467 2704 577 2744 sua
602 2685 980 2760 confessionem
1007 2685 1287 2764 interserit.

321 2779 551 2850 Vigilius
576 2779 866 2850 episcOpus
888 2775 1146 2835 Ecclesiae
1171 2774 1453 2832 catholicae
1476 2775 1725 2832 universo
1747 2791 1845 2845 po-

243 2872 381 2945 pulo
409 2872 529 2926 Dei.

323 2963 462 3019 Dum
490 2962 545 3016 in
573 2960 790 3016 Sanctae
815 2958 1129 3030 Euphemia:
1157 2960 1384 3016 basilica
1412 2960 1567 3029 gravi
1595 2959 1845 3015 laboran-

1950 1774 2210 1831 noveritis
2258 1790 2354 1829 vos
2383 1789 2451 1829 ex
2499 1775 2747 1845 praesenti
2790 1774 2896 1840 die,
2928 1784 2985 1829 ut
3014 1777 3474 1845 praevaricatores,
3503 1794 3533 1833 a

1948 1866 2093 1921 beati
2122 1867 2353 1937 apostoli
2383 1866 2528 1922 Petri
2559 1866 2687 1922 sede
2709 1882 2806 1937 per
2837 1868 3191 1931 ministerium
3224 1868 3369 1923 vocis
3398 1884 3535 1925 mea:

1948 1959 2328 2014 communione
2362 1954 2379 1994 ι
2411 1972 2719 2029 suSpensos.

2020 2046 2085 2101 Et
2105 2048 2358 2117 quoniam
2398 2049 2482 2103 his
2502 2048 2637 2104 actis
2660 2065 2768 2102 non
2805 2048 2975 2103 solum
2999 2064 3063 2103 ea
3101 2066 3219 2120 qua:
3248 2049 3535 2104 commissa

1948 2135 2159 2192 fuerant
2180 2138 2327 2192 nullo
2354 2138 2514 2193 modo
2534 2147 2659 2192 sunt
2684 2147 2927 2193 correcta
2957 2180 2970 2203 ,
3014 2138 3109 2194 sed
3135 2141 3298 2193 etiam
3327 2155 3393 2193 ex
3417 2140 3537 2194 aliis

1945 2229 2121 2285 causis
2139 2229 2225 2284 die
2246 2230 2382 2300 ipso,
2407 2230 2457 2284 in
2480 2229 2843 2300 praejudicium
2875 2230 3177 2297 regularum
3209 2230 3536 2287 ecclesiasti-

1947 2335 2151 2386 carum,
2184 2320 2268 2375 vel
2306 2319 2554 2389 injuriam
2603 2319 2746 2376 sedis
2788 2321 3120 2390 apostolica),
3177 2321 3363 2390 pejora
3394 2339 3532 2392 pra:-

1948 2419 2159 2481 sumpta
2200 2420 2343 2476 sunt,
2376 2427 2478 2466 nec
2509 2412 2731 2467 ulterius
2780 2426 2877 2465 eos
2902 2412 3303 2466 communionis
3338 2421 3537 2469 nostra:

1948 2500 2289 2572 permisimus
2344 2514 2465 2554 esse
2510 2500 2824 2569 participes,
2879 2514 2981 2554 nec
3027 2508 3282 2571 aspectus
3322 2515 3536 2566 eorum,

1951 2598 2074 2661 post
2107 2597 2189 2645 tot
2208 2589 2695 2659 prmvaricationcs.
2720 2589 2894 2646 nostri
2919 2589 3063 2644 oculi
3089 2598 3427 2660 receperunt.
3464 2590 3535 2645 Ea

1950 2680 2093 2735 enim
2143 2696 2264 2749 quae
2305 2679 2467 2735 verbo
2521 2679 2590 2734 de
2632 2686 2932 2735 memorata
2978 2681 3539 2736 excomnmnieatione

1949 2773 2159 2828 cunctis
2181 2772 2472 2847 episcopis,
2497 2771 2849 2843 presbyteris,
2872 2780 2927 2827 et
2948 2772 3284 2839 diaconibus,
3310 2774 3538 2843 aliisque

1948 2865 2159 2921 clericis
2199 2864 2810 2935 Constantinopolitana:
2854 2864 3109 2920 Ecclesiae
3137 2881 3271 2921 voce
3318 2866 3530 2935 publica

1951 2956 2287 3024 dixeramus,
2329 2965 2517 3028 postea
2556 2957 2720 3013 etiam
2770 2956 2858 3012 die
2908 2966 2945 2992 ἰ’
2975 2972 3067 3013 xxx
3111 2957 3455 3013 calendarum
3505 2967 3532 2995 ιι

248 3064 337 3111 tes
360 3052 681 3124 egritudine
707 3051 1092 3116 detineremur,
1125 3051 1397 3121 piissimus
1417 3058 1580 3121 atque
1603 3050 1843 3106 clemen-
1873 3084 1919 3142 ς
1951 3044 2344 3142 Septembrium
2375 3062 2548 3117 nuper
2567 3046 2962 3142 prmteritarum
2987 3088 3002 3114 ,
3034 3047 3085 3100 in
3111 3047 3254 3102 beati
3278 3047 3421 3103 Petri
3447 3049 3538 3103 ba-

250 3144 495 3199 tissimus
518 3144 819 3216 imperator
862 3142 1134 3198 dominico
1162 3141 1250 3198 die
1280 3140 1329 3208 ἀ,
1374 3142 1429 3196 id
1481 3151 1569 3197 est
1608 3142 1847 3197 calendis
1878 3125 1919 3145 ”
1949 3134 2097 3190 silica
2146 3135 2202 3188 in
2228 3135 2470 3191 Ormisda
2510 3135 2714 3206 scripto
2763 3134 3089 3190 firmavimus
3120 3155 3132 3190 :
3162 3137 3214 3192 in
3240 3153 3347 3208 quo
3374 3139 3535 3193 etiam

250 3236 531 3291 Februarii
564 3244 609 3301 ο,
636 3235 908 3306 gloriosos
930 3232 1142 3302 judices
1168 3249 1297 3292 suos
1325 3232 1394 3286 ad
1440 3247 1541 3287 nos
1575 3231 1848 3291 destinare

250 3325 503 3395 dignatus
524 3333 629 3390 est,
663 3322 717 3377 id
747 3331 830 3380 est
860 3322 1176 3379 Belisarium
1231 3330 1290 3377 et
1323 3321 1619 3392 Cethegum
1648 3339 1851 3378 excono

250 3416 397 3473 sules
416 3425 584 3486 atque
605 3416 880 3487 patricios,
910 3430 1011 3470 nec
1034 3430 1143 3471 non
1165 3430 1220 3469 et
1248 3414 1467 3471 Petrum
1499 3416 1846 3491 exconsulem

252 3504 541 3574 patricium
569 3513 734 3572 atque
762 3503 1102 3571 magistrum,
1139 3503 1235 3559 sed
1266 3512 1322 3558 ct
1348 3502 1617 3558 Iustinum
1646 3518 1849 3561 excon-

252 3595 426 3651 sulem
453 3602 512 3650 et
541 3593 863 3663 curapalatii
897 3592 915 3632 ί
948 3603 1006 3649 et
1032 3593 1402 3649 Marcellinum
1428 3602 1455 3641 ε
1493 3601 1841 3665 quaestorem,

255 3685 342 3755 qui
364 3684 526 3739 nobis
554 3683 825 3750 dicereut,
865 3691 925 3737 ut
950 3692 1290 3738 sacramenta
1318 3684 1599 3754 percipere
1619 3684 1846 3740 debere-

255 3790 389 3841 mus,
409 3782 466 3830 et
487 3774 559 3829 de
573 3773 787 3835 Sancta:
807 3772 1116 3843 Euphemizc
1138 3775 1367 3829 ecclesia
1385 3773 1453 3829 ad
1469 3774 1743 3837 civitatem
1762 3790 1848 3833 re-

256 3866 393 3933 giam
414 3879 685 3920 remeare.
735 3862 940 3933 Quibus
994 3863 1100 3923 tale
1139 3863 1384 3919 dedimus
1426 3864 1539 3919 Deo
1560 3864 1849 3934 adjuvautc

256 3970 600 4025 responsum,
623 3954 868 4009 dicentes
898 3970 911 4006 :
945 3953 1053 4009 Nos
1080 3953 1296 4024 quidem
1323 3954 1375 4006 in
1407 3954 1543 4008 hanc
1568 3953 1842 4009 basilicam

258 4059 355 4115 pro
376 4044 525 4099 nulla
565 4042 879 4115 pecuniaria
919 4043 1004 4099 vel
1035 4043 1244 4113 privata
1284 4057 1446 4098 causa
1476 4031 1842 4115 confugimus;

256 4137 347 4194 sed
374 4151 477 4208 pro
502 4125 765 4192 Ecclesiae
795 4142 1000 4197 tantum
1034 4134 1311 4199 seandalo,
1342 4135 1486 4205 quod
1508 4134 1622 4206 jam
1654 4135 1707 4191 in
1733 4143 1848 4197 toto

256 4225 456 4281 mundo
482 4241 584 4296 pro
609 4225 851 4293 peccatis
877 4225 1131 4280 innotuit.
1165 4223 1232 4279 Et
1278 4224 1422 4289 ideo,
1473 4226 1518 4279 si
1545 4240 1705 4280 causa
1736 4225 1845 4282 Ec-

255 4317 432 4372 clesia:
460 4315 771 4382 ordinatur,
816 4324 875 4372 ut
902 4332 1089 4386 pacem
1114 4317 1252 4389 ejus,
1284 4332 1444 4386 quam
1474 4316 1723 4372 avunculi
1763 4317 1845 4384 sui

256 4407 531 4479 piissimus
561 4407 817 4478 princeps
854 4405 982 4463 fecit
1011 4406 1369 4481 temporibus,
1403 4415 1459 4462 et
1486 4407 1649 4464 modo
1679 4408 1840 4462 resti-

256 4506 386 4563 tuat,
433 4511 541 4566 ego
569 4495 925 4552 sacramentis
968 4500 1106 4566 opus
1138 4512 1244 4553 non
1291 4496 1485 4560 habeo,
1522 4496 1633 4553 sed
1662 4498 1844 4558 statim

253 4586 525 4657 egredior.
549 4588 609 4642 Si
644 4595 826 4642 autem
855 4602 1017 4643 causa
1046 4586 1299 4643 Ecclesiae
1348 4584 1493 4642 ﬁnita
1525 4602 1632 4641 non
1660 4586 1842 4654 fuerit,

256 4679 380 4732 item
402 4674 430 4712 ¹¹
461 4676 817 4735 sacramentis
838 4690 974 4744 opus
1004 4691 1110 4730 non
1160 4676 1357 4741 habeo,
1415 4675 1540 4745 quia
1569 4692 1845 4747 nunquam

255 4762 562 4823 deSancta:
612 4763 925 4834 Euphemim
967 4764 1187 4821 basilica
1242 4766 1393 4820 exire
1438 4764 1688 4836 diSpono,
1738 4766 1837 4822 nisi

252 4855 565 4913 scandalum
590 4856 659 4913 ab
687 4853 931 4911 Ecclesia
978 4855 1073 4913 Dei
1122 4852 1285 4923 fuerit
1330 4864 1682 4926 amputatum.
1710 4856 1842 4925 Nam

321 5047 348 5074 ⁸
370 5036 571 5106 Paris,
603 5039 883 5109 festinent;
919 5048 975 5095 et
1004 5040 1165 5112 paulo
1195 5049 1338 5112 p051,
1369 5049 1704 5113 cognoscant.

317 5106 346 5146 δ
379 5105 576 5172 Paris.,
607 5106 765 5161 Data.

319 5188 353 5249 ον
376 5174 561 5249 Edidit
576 5176 894 5249 Sirmondus
919 5186 1044 5247 post
1062 5179 1412 5249 appendicem
1435 5179 1649 5235 Codicis
1669 5179 1838 5235 Theo-

242 5244 607 5320 dpeiani._£_s_t
628 5248 810 5320 intus.
841 5244 1166 5320 collectione
1211 5258 1520 5320 pervetusta
1551 5250 1603 5303 in
1641 5250 1834 5320 biblio-

470 5314 697 5388 Collegii
764 5318 1084 5381 Parisieusis
1145 5314 1432 5376 societatis
1497 5318 1649 5405 Iesu.
1694 5319 1837 5377 Hau-

548 5454 708 5523 ιω..
743 5457 1131 5514 Dominicorum
1160 5460 1262 5526 die,
1293 5460 1350 5515 id
1388 5470 1465 5515 est
1515 5461 1693 5532 quinto
1732 5460 1833 5515 cal.

324 5543 841 5670 rilsrduinusplegit
865 5615 895 5655 v
924 5598 1177 5665 calendas
1224 5598 1521 5670 Februarii,
1550 5600 1603 5656 id
1641 5609 1724 5657 cst
1766 5598 1839 5655 28

241 5662 483 5723 Januarii
509 5680 599 5725 an.
633 5665 755 5725 552.

1950 3223 2123 3290 illum,
2146 3226 2235 3295 qui
2256 3226 2355 3281 sub
2378 3226 2559 3285 habitu
2581 3225 2872 3296 episcopali
2900 3226 3009 3297 lupi
3037 3227 3244 3297 rapacis
3263 3228 3536 3283 dominico

1951 3316 2096 3383 gregi
2136 3332 2349 3387 semper
2380 3318 2549 3379 tendit
2579 3317 2816 3382 insidias,
2860 3327 2913 3372 et
2939 3334 3219 3375 assumens
3250 3318 3412 3373 totius
3441 3321 3539 3374 du~

1952 3416 2129 3461 catum
2159 3407 2417 3472 scandali,
2450 3408 2807 3469 universalem
2831 3410 2923 3464 Dei
2956 3412 3290 3479 perturbavit
3319 3427 3384 3467 ac
3411 3427 3538 3483 per-

1956 3495 2135 3551 turbat
2162 3495 2476 3565 Ecclesiam,
2506 3498 2574 3552 de
2599 3498 2940 3569 cpisc0patus
2983 3501 3169 3559 ordine
3199 3501 3536 3573 deponentcs

1952 3582 2344 3648 damnavimus,
2374 3584 2507 3638 alios
2528 3600 2679 3645 vero,
2696 3585 2786 3653 qui
2815 3587 3061 3658 superius
3084 3592 3367 3645 memorati
3389 3603 3537 3660 sunt,

1953 3690 1983 3728 a
2011 3676 2390 3733 communione
2419 3677 2814 3751 suspendimus.
2847 3678 2952 3737 Sed
3008 3680 3079 3735 ob
3134 3682 3237 3736 hoc
3276 3682 3538 3739 hactenus

1953 3768 2201 3838 paginam
2232 3769 2395 3838 ipsius
2424 3768 2782 3825 damnationis
2805 3768 3048 3840 proferre
3079 3772 3367 3839 noluimus,
3395 3789 3534 3843 quo-

1954 3857 2096 3912 niam
2124 3866 2178 3913 et
2199 3859 2674 3914 clementissimum
2705 3862 3001 3933 principem
3034 3879 3131 3933 pro
3165 3864 3255 3918 tali
3284 3881 3349 3921 ac
3385 3875 3536 3921 tanto

1954 3948 2209 4003 seandalo
2250 3963 2315 4003 ea
2365 3963 2486 4018 quae
2521 3949 2663 4005 facta
2710 3960 2857 4021 sunt,
2899 3953 3065 4009 divini
3104 3955 3537 4011 consideratione

1947 4039 2138 4109 judicii
2189 4056 2447 4099 revocare
2489 4043 2829 4114 confidimus,
2869 4054 2924 4101 et
2971 4048 3239 4118 praadictis
3289 4052 3538 4108 omnibus

1952 4131 2240 4201 oportebat
2266 4148 2368 4197 nos
2393 4134 2626 4204 spatium
2676 4136 3006 4209 panitenticc
3053 4150 3363 4208 reservare;
3414 4141 3537 4195 imi-

1953 4227 2129 4275 tantes
2156 4220 2373 4277 beatum
2423 4220 2659 4292 Petrum,
2717 4223 2869 4300 cujus
2913 4227 3096 4293 sedem
3138 4237 3402 4300 tenemus,
3435 4232 3538 4288 etsi

1951 4310 2222 4366 immeriti.

2020 4400 2275 4456 Chartam
2330 4419 2457 4457 vero
2502 4404 2674 4474 ipsam
2727 4407 3301 4463 excommunicationis
3369 4416 3535 4479 atque

1948 4494 2307 4550 damnationis
2343 4495 2552 4551 cuidam
2598 4495 2914 4553 Christiana:
2950 4514 3197 4570 persona:
3221 4500 3536 4561 tradidimus

1949 4586 2374 4641 conservandam
2401 4629 2416 4653 ,
2470 4595 2529 4641 ut
2574 4587 2618 4644 si
2674 4587 2898 4659 forsitan
2948 4589 3002 4647 hi
3048 4592 3143 4661 qui
3190 4574 3534 4649 excesserant

1949 4678 2096 4733 nullo
2136 4678 2299 4735 modo
2348 4680 2620 4751 corrigere
2655 4681 2982 4751 voluissent,
3024 4695 3119 4739 aut
3164 4685 3209 4740 si
3255 4685 3413 4742 nobis
3453 4688 3533 4741 vis

1949 4767 2129 4837 aliqua
2157 4770 2504 4838 irrogaretur,
2555 4771 2669 4837 sive
2710 4772 2962 4846 qumlibet
3014 4774 3325 4845 inquietudo
3355 4775 3531 4842 fleret,

1946 4857 2029 4913 vel
2054 4867 2201 4912 certe
2223 4859 2455 4925 humana
2484 4868 2632 4923 sorte
2665 4862 2920 4918 transitus
2944 4862 3011 4918 de
3031 4861 3132 4919 hac
3161 4864 3284 4919 luce
3316 4866 3527 4921 contin-

2025 5035 2041 5074 ί
2077 5036 2218 5091 Idem
2240 5036 2388 5100 cod.,
2415 5040 2647 5093 comitem
2672 5041 3046 5098 excubilorum.

2020 5117 2043 5153 s
2078 5106 2218 5159 Idem
2270 5107 2415 5174 cod.,
2447 5111 2743 5181 religiosum
2781 5114 2943 5166 virum
2967 5108 3358 5169 Constantinum
3388 5130 3531 5186 qum-

1945 5188 2156 5242 storem,
2186 5186 2291 5231 etc.

2018 5246 2041 5283 ιι
2074 5246 2214 5305 Idem
2237 5247 2381 5310 cod.,
2412 5249 2615 5315 iisdem.

2026 5315 2037 5352 ί
2071 5317 2163 5378 id.,
2190 5315 2456 5370 Palatina.

2019 5392 2032 5455 l
2076 5388 2229 5455 Anno
2259 5385 2382 5449 551,
2416 5402 2601 5441 ιιισιηδο
2622 5389 2880 5455 Augusto.

2016 5454 2038 5493 ι
2075 5454 2130 5509 ln
2156 5454 2433 5510 llormisda
2455 5457 2671 5512 dictam.
2698 5458 3025 5511 llanuuaus.

2022 5525 2033 5562 ε
2074 5525 2130 5581 In
2161 5526 2280 5581 cod.
2319 5525 2446 5580 Luc.
2473 5526 2624 5580 deest
2648 5529 3023 5582 communione.
3054 5554 3059 5557 Α

2012 5606 2047 5630 ηι
2080 5595 2233 5648 Anno
2265 5594 2385 5659 55l,
2411 5595 2495 5648 die
2528 5594 2593 5648 Η
2623 5596 2861 5663 Augusti.
2895 5590 3218 5656 "sanemus.

2020 5674 2042 5701 η
2066 5664 2199 5719 Cod.
2222 5663 2374 5729 Luc.,
2402 5679 2536 5718 nouo
2563 5667 2662 5721 cal.
2691 5666 2852 5724 Deest
2881 5668 2932 5723 in
2966 5668 3233 5725 Ormisda.
