4006 6190
604 250 675 306 35
2005 258 2165 319 VlGll

2270 263 2356 319 PA
2364 263 2471 320 ΡΔΕ
3789 286 3853 339 58

606 374 776 434 geret,
803 381 929 423 mox
984 383 1103 424 eam
1152 371 1206 425 in
1249 370 1617 428 celeberrimis
1647 372 1780 428 locis
1826 385 2179 446 proponeret,
2210 383 2256 441 Α
2293 393 2411 447 quae
2435 379 2695 436 dederant
2738 396 3146 456 conservarent,
3175 397 3230 445 et
3276 392 3517 461 piissimo
3555 395 3852 468 imperatori

607 465 868 527 quatenus
892 460 1009 529 ejus
1051 461 1241 519 notitia
1264 459 1583 519 Christianis
1629 465 1878 521 omnibus
1909 466 2180 537 patefacta

605 557 909 603 servaretur
952 550 1005 605 in
1058 558 1354 621 posterum.
1399 553 1532 608 Dum
1584 554 1697 611 haec
1743 565 1919 612 autem
1950 557 2183 628 prtefatis

599 637 868 706 judicibus
888 639 1207 706 diceremus,
1234 644 1541 711 rogavimus
1567 652 1623 700 et
1644 646 2043 715 conjuravimus
2062 663 2175 714 eos,

602 730 851 791 invocato
879 731 1266 803 omnipotentis
1308 733 1400 789 Dei
1420 734 1640 804 judicio,
1675 745 1733 791 ut
1759 737 2179 795 clementissimo

603 820 912 889 imperatori
938 821 1043 877 hoc
1087 836 1303 891 quoque
1340 838 1409 879 ex
1457 825 1675 880 nomine
1703 833 1891 883 nostro
1919 840 2179 896 suggere-

600 923 751 977 rent;
780 911 870 981 qui
902 912 1006 969 illis
1033 914 1125 984 qui
1171 929 1202 968 a
1258 915 1412 972 nobis
1458 918 1910 973 excommunicati
1938 927 2092 985 sunt,
2124 921 2177 974 in

600 1002 792 1073 quibus
811 1011 867 1058 et
888 1003 931 1058 is
958 1017 1118 1072 quem
1145 1004 1486 1074 prtediximus
1514 1013 1615 1073 est,
1648 1010 2049 1067 communicare
2071 1027 2177 1066 non

598 1092 779 1160 debet,
830 1109 897 1149 ne
922 1108 1106 1163 grave,
1151 1095 1292 1166 quod
1321 1095 1481 1161 absit,
1515 1107 1793 1168 peccatum
1824 1101 2082 1157 incurrat.
2108 1102 2178 1158 iis

599 1181 672 1237 ita
693 1198 753 1239 se
777 1183 1122 1253 habentibus,
1154 1201 1253 1256 per
1270 1188 1610 1257 magniﬁcum
1642 1191 1814 1245 virum
1845 1190 2061 1248 Petrum
2084 1210 2175 1249 re-

599 1273 957 1330 ferendarium
986 1275 1072 1332 die
1093 1277 1264 1347 pridie
1285 1278 1538 1336 calendas
1565 1281 1903 1350 Februarias,
1927 1285 2171 1354 quaedam

595 1365 782 1421 charta
804 1365 958 1423 nobis
983 1375 1067 1423 est
1105 1367 1285 1433 allata,
1317 1385 1477 1440 quam
1514 1388 1543 1425 a
1576 1372 1995 1430 clementissimo
2025 1376 2173 1446 prin-

596 1457 715 1529 cipe
758 1456 901 1513 nullo
949 1458 1109 1515 modo
1134 1461 1460 1517 credidimus
1500 1462 1847 1534 destinatam,
1897 1469 2021 1537 quia
2072 1486 2173 1525 nec

595 1549 769 1602 fuerat
792 1548 1006 1618 pietatis
1034 1549 1150 1620 ejus
1180 1567 1337 1606 manu
1362 1554 1684 1625 subscripta.
1716 1555 1782 1609 Et
1804 1556 1930 1612 dum
1963 1574 2169 1615 memo-

594 1649 712 1696 rato
758 1641 1124 1715 referendario
1163 1642 1463 1700 diceremus
1511 1654 1568 1700 ut
1617 1649 1666 1701 in
1696 1665 1759 1702 ea
1788 1649 2166 1718 subscriberet,

2289 479 2656 538 suggererent,
2687 482 2954 542 quatenus
2983 477 3156 534 nullas
3193 480 3590 550 inquietudiues
3627 499 3715 545 aut
3739 507 3851 548 mo-

2290 558 2491 623 lestias,
2521 562 2661 619 sicut
2683 564 2836 621 nobis
2859 565 3097 635 juratum
3124 569 3316 637 fuerat,
3349 584 3676 643 pateremur.
3703 580 3853 636 Dum-

2288 667 2393 722 que
2421 653 2550 708 nihil
2581 663 2764 709 nostra
2789 657 2950 712 toties
2992 659 3078 713 vel
3102 661 3266 717 verbo
3296 664 3381 719 vel
3425 668 3627 737 scripto
3671 680 3852 728 conte-

2286 746 2446 800 statio
2477 745 2809 815 profecisset,
2842 749 2937 804 sed
2982 750 3170 808 diebus
3215 755 3435 824 singulis
3479 759 3663 829 pejora
3696 763 3851 820 etiam

2287 843 2619 904 pateremur;
2644 847 2768 894 ante
2789 839 3006 895 biduum
3034 843 3226 899 natalis
3239 843 3450 901 Domini
3478 863 3575 919 per
3593 865 3692 906 nos
3713 852 3852 924 ipsos

2282 926 2613 992 agnovimus,
2665 935 2721 983 et
2768 929 2984 985 auribus
3012 933 3210 987 nostris
3248 935 3568 1005 audivimus,
3610 941 3733 1011 quia
3758 958 3852 1013 per

2279 1013 2518 1081 singulos
2545 1024 2854 1072 memorata:
2891 1018 3083 1076 domus
3111 1024 3503 1082 eustodiremur
3532 1030 3798 1098 ingressus
3831 1049 3845 1099 ;

2281 1104 2353 1157 ita
2379 1111 2436 1158 ut
2464 1105 2540 1160 illi
2561 1107 2653 1176 qui
2669 1108 2823 1164 nobis
2852 1111 3123 1180 ponebant
3140 1114 3378 1183 insidias,
3401 1132 3431 1172 a
3459 1122 3658 1177 nostris
3681 1123 3850 1179 homi-

2279 1195 2434 1250 nibus
2446 1196 2689 1268 plurimis
2699 1200 3024 1270 viderentur,
3040 1213 3095 1259 et
3110 1220 3294 1262 eorum
3306 1210 3569 1267 clamores
3580 1215 3632 1268 in
3645 1216 3851 1273 cubicu-

2278 1286 2348 1349 lo,
2367 1286 2454 1341 ubi
2476 1288 2843 1358 manebamus,
2864 1303 3023 1349 nocte
3039 1311 3142 1365 qua
3171 1298 3512 1357 discessimus
3527 1305 3845 1364 audiremus.

2277 1374 2394 1440 Quo
2425 1375 2585 1440 facto,
2615 1394 2735 1433 cum
2762 1383 2862 1437 sub
2887 1385 3036 1451 gravi
3065 1385 3440 1457 desperatione
3464 1395 3735 1450 nocturnis
3760 1398 3850 1453 ho-

2274 1468 2349 1521 ris
2378 1470 2596 1524 maximi
2626 1479 2681 1525 et
2704 1475 2915 1544 pavoris
2940 1477 3253 1545 aegritudine
3284 1490 3610 1549 teneremur,
3640 1488 3847 1559 diffugi-

2275 1571 2414 1628 mus,
2442 1559 2581 1615 sicut
2628 1562 2778 1618 locus
2810 1564 2897 1619 ille
2927 1568 3125 1635 poterit
3151 1572 3360 1628 cunctis
3388 1573 3690 1634 hominibus
3710 1580 3845 1635 indi-

2274 1660 2419 1701 care.
2444 1649 2573 1703 Nam
2605 1651 2649 1705 si
2678 1650 3138 1724 circumspiciatur
3161 1672 3327 1727 quare
3355 1672 3717 1734 quantumque
3740 1667 3848 1723 dis-

593 1729 845 1800 diemque
870 1748 978 1803 quo
1006 1733 1072 1787 ab
1095 1732 1212 1804 ipso
1228 1733 1403 1790 fuerat
1432 1737 1592 1793 allata
1619 1739 1821 1808 pariter
1840 1740 2164 1811 designaret,
2205 1755 2241 1811 ις
2273 1737 2474 1792 crimen
2525 1750 2672 1796 metu
2722 1742 2951 1800 faciente
2995 1746 3353 1822 despeximus,
3384 1761 3443 1809 ut
3489 1770 3588 1826 per
3631 1729 3847 1828 parvam

592 1822 811 1877 omnino
849 1823 1043 1893 refugit
1092 1825 1198 1881 hoc
1245 1825 1424 1884 facere
1458 1848 1469 1882 :
1502 1845 1621 1899 quae
1671 1848 1757 1886 res
1809 1835 2166 1904 suspicionem

591 1922 849 1981 nostram,
879 1915 1004 1985 quia
1029 1917 1212 1972 charta
1252 1919 1363 1988 ipsa
1391 1937 1422 1974 a
1448 1922 1687 1991 piissimo
1717 1924 1955 1994 principe
1993 1929 2167 1981 nesci-

588 2014 757 2071 retur,
794 2014 979 2076 aperlc
1011 2007 1256 2063 firmavit.
1285 2008 1469 2067 Tantis
1490 2012 1631 2066 enim
1659 2028 1689 2066 a
1714 2014 1937 2069 veritate
1959 2017 2166 2085 seposi-

592 2097 658 2170 ti§
686 2094 848 2150 rebus
870 2105 1031 2165 atque
1079 2098 1286 2166 injuriis
1312 2100 1572 2169 probatur
1599 2118 1719 2158 esse
1751 2103 2079 2172 plenissima,
2107 2114 2166 2160 ut

589 2186 725 2240 hanc
764 2185 1053 2256 imperialis
1088 2187 1197 2242 oris
1224 2205 1494 2258 nunquam
1535 2191 1786 2247 credatur
1812 2196 2163 2251 mansuetudo

584 2278 817 2332 «nutasse
847 2318 862 2344 ,
908 2278 1140 2333 maxime
1170 2288 1355 2334 contra
1398 2281 1540 2336 illius
1588 2282 1744 2352 primi
1797 2285 2163 2353 apostolorum

588 2366 842 2421 vicarium
871 2410 885 2433 ,
938 2369 1091 2433 cujus
1139 2369 1270 2423 olim
1315 2372 1630 2426 reverentiae
1687 2388 1745 2427 se
1796 2373 2165 2442 frequentibus

587 2456 802 2524 scriptis
852 2456 1124 2525 professus
1167 2467 1254 2511 est
1300 2459 1615 2515 debitorem.
1646 2461 1941 2519 Memorata
1985 2475 2164 2521 autem

586 2548 797 2616 charta,
821 2548 947 2603 licet
975 2564 1069 2618 per
1095 2565 1157 2605 se
1178 2550 1348 2604 nullas
1377 2551 1516 2606 vires
1546 2553 1809 2619 obtineat,
1835 2565 2011 2609 tamen
2036 2574 2164 2613 con-

588 2649 671 2692 tra
709 2653 828 2693 eam
872 2639 939 2694 ad
987 2641 1212 2708 singula,
1260 2641 1367 2696 Deo
1411 2642 1652 2710 juvantc,
1688 2648 1950 2700 vrraciter
2003 2655 2162 2716 atque

587 2728 904 2798 simpliciter
933 2731 1291 2800 respondetur
1314 2773 1328 2797 ,
1360 2740 1627 2800 quatenus
1657 2734 1773 2803 ejus
1802 2733 2025 2804 falsitas,
2047 2753 2164 2807 qua:

591 2820 917 2889 ~apientibus
939 2822 1065 2876 viris
1088 2838 1301 2894 semper
1321 2832 1403 2877 est
1425 2824 1629 2894 odiosa,
1652 2842 1681 2881 a
1703 2834 2017 2884 cunctorum
2048 2832 2164 2885 ani-

590 2909 688 2967 mis
713 2912 922 2982 plenius
947 2913 1281 2969 excludatur.
1317 2914 1465 2971 Nunc
1503 2924 1683 2972 autem
1714 2920 1965 2974 omnibus
1987 2920 2160 2976 homi-

589 3003 744 3056 nibus
783 3002 884 3058 hoc
926 3018 1139 3073 quoque
1167 3006 1472 3059 curavimus
1501 3006 1841 3063 indicandum
1864 3051 1876 3075 ,
1905 3010 2161 3076 quoniam

591 3109 690 3148 nos
710 3093 775 3146 ad
798 3102 995 3148 saneta:
1017 3093 1323 3165 Euphemiae
1342 3095 1617 3152 basilicam
1632 3099 1733 3153 sub
1756 3112 1949 3168 magno
1975 3101 2164 3156 timore

589 3193 751 3253 atque
767 3185 1040 3241 anxietate
1066 3186 1429 3243 discessimus.
1452 3188 1582 3243 Nam
1610 3205 1731 3245 cum
1754 3191 1819 3245 ad
1847 3193 1991 3247 beati
2022 3192 2164 3248 Petri

589 3274 864 3329 basilicam
890 3275 941 3329 in
963 3273 1206 3331 Ormisda
1225 3276 1497 3332 fundatam
1521 3278 1761 3347 Augusto
1789 3296 1972 3337 mense
1998 3299 2166 3354 nuper

591 3365 862 3434 prmerito
888 3363 1226 3435 fugissemus,
1250 3368 1452 3423 nullum
1478 3369 1646 3424 latere
1673 3369 2010 3436 confidimus,
2040 3375 2164 3441 quia

589 3471 711 3510 eum
742 3455 795 3510 in
823 3455 1011 3511 eadem
1038 3457 1261 3513 ecclesia
1282 3473 1313 3513 a
1341 3460 1597 3516 comitatu
1622 3463 1864 3531 praetoris
1883 3478 2003 3517 cum
2026 3463 2162 3515 mul-

587 3544 818 3600 titudine
866 3558 1195 3602 armatorum
1225 3547 1452 3603 militum
1498 3550 1766 3615 veniente,
1799 3558 2050 3622 tanquam
2098 3552 2163 3606 ad

588 3637 787 3693 bellum
829 3637 1083 3694 instructa
1115 3640 1250 3704 acie,
1280 3656 1309 3694 a
1339 3649 1527 3695 sancto
1556 3641 1673 3710 ejus
1701 3643 1856 3695 altari
1893 3642 2044 3696 tracti
2070 3658 2162 3711 pc-

588 3728 747 3785 dibus
767 3729 1119 3796 traheremur,
1144 3732 1445 3796 tenuimus;
1469 3740 1524 3786 et
1548 3748 1710 3802 super
1737 3749 1835 3788 nos
1863 3735 2025 3788 etiam
2048 3734 2160 3805 ipsa

587 3821 774 3875 altaris
819 3836 1004 3875 mensa
1037 3821 1326 3886 ceciderat,
1371 3825 1470 3878 nisi
1511 3823 1828 3879 clericorum
1857 3836 2160 3881 nostrorum

588 3911 772 3965 fuisset
801 3910 1050 3965 manibus
1079 3921 1398 3967 sustentata.

659 4003 849 4057 Postea
881 4019 1010 4058 vero
1054 4003 1179 4058 dum
1211 4004 1365 4061 nobis
1390 4006 1584 4062 dicitur
1631 4006 1775 4076 quod
1822 4007 2034 4074 ex’nde,
2061 4008 2159 4063 nisi

586 4101 924 4146 sacramenta
956 4092 1308 4149 voluissemus
1329 4096 1594 4166 accipere,
1613 4095 1711 4150 sub
1739 4097 1885 4151 omni
1907 4096 2163 4153 violentia

586 4182 953 4249 traheremur;
981 4184 1264 4240 memorati
1282 4184 1489 4255 judices
1516 4202 1548 4242 a
1569 4186 1809 4257 piissimo
1833 4188 2158 4259 imperatore

585 4272 777 4329 directi
800 4272 1096 4330 voluissent
1124 4275 1281 4337 nobis
1304 4286 1641 4333 sacramenta
1668 4286 1923 4348 praestare
1960 4296 1973 4331 :
2025 4278 2162 4334 indi-

584 4364 764 4419 culum
792 4364 1037 4421 dedimus
1056 4381 1154 4437 per
1171 4368 1314 4438 quod
1330 4368 1445 4425 dari
1467 4385 1710 4440 personae
1737 4378 1933 4427 nostrae
1957 4372 2159 4444 scripto

584 4455 869 4523 petivimus
908 4455 1312 4526 jusjurandum;
1358 4460 1503 4530 quod
1532 4461 1981 4518 clementissimus
2013 4464 2160 4533 prino

585 4557 714 4613 ceps
742 4559 847 4599 non
877 4546 1035 4615 quale
1062 4561 1161 4602 nos
1198 4542 1464 4604 voluimus
1490 4551 1717 4620 praeberi
1746 4551 2033 4615 concessit,
2063 4552 2156 4608 sed

582 4635 742 4702 quale
769 4635 868 4705 ipsi
898 4637 1101 4706 placuit
1119 4655 1216 4709 per
1238 4638 1449 4708 judices
1474 4656 1602 4697 suos
1638 4642 1871 4699 dandum
1898 4659 2019 4699 esse
2045 4645 2159 4700 dic-

584 4725 736 4780 tavit.
765 4724 832 4780 Et
858 4726 982 4781 dum
997 4730 1265 4799 saepedicti
1282 4731 1509 4801 judices,
1534 4734 1714 4803 posito
1737 4734 1971 4791 indiculo
1993 4751 2157 4805 super

584 4820 773 4884 altare,
803 4826 857 4874 et
903 4828 1171 4877 cataracta
1218 4823 1362 4879 beati
1410 4823 1557 4879 Petri
1603 4826 1854 4895 apostoli,
1897 4835 1952 4880 et
1997 4841 2165 4897 super

583 4925 820 4974 crucem,
845 4926 962 4979 quae
985 4911 1051 4966 de
1076 4912 1221 4981 ligno
1250 4914 1512 4984 passionis
1535 4914 1745 4970 Domini
1767 4916 1931 4970 habet
1951 4916 2156 4971 inclau-

583 5016 720 5064 sum,
748 4999 843 5054 sed
871 5008 926 5054 et
949 5016 1112 5070 super
1140 5002 1319 5058 claves
1344 5002 1489 5058 beati
1516 5002 1657 5059 Petri
1688 5004 1918 5074 apostoli
1947 5006 2159 5075 praesti-

583 5093 775 5147 tissent
794 5092 1076 5160 corporale
1121 5092 1491 5162 jusjurandum
1508 5111 1534 5162 ;,
1567 5096 1634 5151 ad
1667 5095 2019 5163 Placidianas,
2041 5105 2160 5150 tan-

584 5197 746 5248 quam
771 5181 901 5235 nihil
923 5181 1048 5235 mali
1078 5182 1298 5238 ulterius
1319 5184 1599 5254 patientes,
1613 5187 1910 5242 secundum
1935 5187 2159 5258 piissimi

585 5270 840 5339 principis
879 5271 1169 5327 redivimus
1190 5274 1544 5330 voluntatem.
1574 5276 1632 5331 lu
1676 5293 1779 5348 qua
1818 5278 1944 5332 dum
1993 5279 2162 5333 multa

585 5356 724 5409 mala
755 5357 1106 5416 intolerabilia
1137 5362 1330 5432 saepius
1359 5371 1683 5433 pateremur,
1709 5381 1827 5436 qua:
1846 5366 1957 5435 jam
1986 5368 2159 5422 omni-

584 5445 684 5498 bus
704 5453 830 5500 nota
850 5461 968 5503 esse
995 5449 1331 5517 confidimus,
1360 5453 1643 5521 praedictos
1664 5454 1871 5523 judices
1900 5463 2007 5509 tam
2037 5472 2158 5509 ver-

586 5535 677 5599 bo,
703 5533 828 5588 dum
850 5535 916 5590 ad
944 5553 1043 5593 nos
1054 5541 1249 5611 sapius
1271 5557 1302 5597 a
1327 5541 1742 5600 clementissimo
1759 5544 1982 5600 fuissent
2008 5547 2159 5616 prin-

585 5625 704 5694 cipe
732 5624 1001 5691 destinati,
1029 5642 1187 5698 quam
1217 5632 1378 5687 etiam
1419 5632 1632 5704 scriptis
1667 5634 1835 5689 semel
1856 5676 1872 5702 ,
1901 5635 2158 5700 secundo,

585 5724 641 5770 et
689 5715 848 5775 tertio
889 5716 1212 5775 credidimus
1261 5724 1679 5792 contestandos,
1722 5734 1781 5779 ut
1821 5734 2156 5785 sacramenta

2275 1831 2565 1886 maccriem
2617 1831 2987 1891 fabricantium
3043 1841 3271 1897 transire
3314 1847 3610 1916 compediti
3659 1850 3847 1909 dolore

2274 1922 2439 1976 nimio
2468 1925 2519 1978 in
2550 1934 2809 1981 nocturna
2834 1928 3161 1987 obscuritate
3180 1934 3339 2003 positi
3368 1949 3701 2006 cogeremur,
3721 1952 3849 2001 tunc

2273 2005 2472 2081 poterit
2499 2016 2776 2072 evidenter
2800 2022 3019 2089 agnosci
3067 2034 3266 2093 quanta
3313 2005 3467 2085 nobis
3521 2030 3682 2089 fuerit
3710 2043 3849 2092 tem-

2272 2103 2418 2171 poris
2439 2119 2537 2173 pro
2564 2107 2680 2160 sola
2701 2105 2955 2165 Ecclesiae
2994 2127 3157 2168 causa
3182 2117 3497 2184 necessitas,
3527 2129 3620 2176 aut
3643 2133 3843 2192 quanta

2269 2192 2529 2261 custodia,
2560 2209 2681 2264 quae
2709 2212 2809 2252 nos
2834 2198 2935 2254 sub
2962 2200 3053 2256 tali
3107 2202 3414 2262 discrimine
3450 2210 3630 2279 coegit
3670 2211 3848 2271 disce-

2267 2283 2414 2338 dere.
2446 2282 2555 2339 Sed
2582 2301 2649 2341 ne
2675 2287 2796 2357 quis
2823 2286 3068 2359 forsitan,
3109 2302 3169 2349 ut
3209 2304 3294 2351 est
3319 2313 3695 2368 perversorum
3745 2306 3849 2362 ho-

2269 2372 2469 2426 minum
2512 2375 2743 2441 malitia,
2791 2378 2859 2432 de
2918 2380 3298 2449 praedicatione
3354 2397 3537 2443 nostra
3581 2392 3850 2461 religiosis

2268 2462 2460 2517 animis
2532 2480 2595 2519 ac
2652 2465 2820 2522 Deum
2895 2471 3202 2530 timentibus
3281 2477 3461 2546 aliqua
3532 2483 3847 2552 mentiatur,

2271 2548 2390 2604 tidei
2440 2560 2635 2608 nostra:
2696 2557 3129 2626 praedicationem
3195 2565 3318 2621 huic
3364 2582 3541 2636 parva:
3594 2548 3849 2631 relationi

2268 2642 2530 2697 malorum
2551 2660 2670 2713 quae
2700 2649 3012 2717 pertulimus
3040 2654 3363 2713 credidimus
3396 2660 3843 2732 subjungendani.

2269 2730 2453 2786 Sciant
2492 2733 2652 2802 igitur
2682 2739 2912 2795 universi
2942 2758 3040 2798 nos
3069 2745 3209 2800 illam
3238 2748 3393 2804 lidcm
3422 2730 3729 2822 prmdieare,
3759 2766 3851 2814 te-

2268 2834 2399 2876 nere
2450 2830 2611 2893 atque
2654 2826 2958 2897 defendere,
2990 2848 3149 2902 quam
3187 2838 3254 2892 ab
3284 2841 3542 2909 apostolis
3573 2845 3848 2915 traditam,

2268 2918 2322 2962 et
2350 2925 2446 2979 per
2471 2927 2814 2970 successores
2851 2931 3036 2973 eorum
3082 2922 3458 2983 inviolabiliter
3502 2934 3850 3004 custoditum,

2269 3000 2561 3055 reverenda
2583 3001 2795 3059 Nicama
2820 3010 3053 3078 synodus
3067 3007 3169 3065 518
3195 3011 3408 3071 Patrum
3429 3030 3616 3077 saneto
3641 3022 3696 3094 S.
3718 3000 3854 3081 iritu

2270 3089 2370 3143 sibi
2417 3092 2688 3149 revelante
2715 3098 3013 3168 suscipiens
3059 3104 3263 3175 redegit
3314 3108 3367 3161 in
3408 3089 3704 3180 symbolum
3737 3134 3853 3175 :ac

2190 3170 2234 3229 C
2267 3178 2457 3235 deinde
2477 3189 2586 3238 tres
2614 3185 2733 3240 alia:
2760 3197 2957 3245 sancte
2981 3170 3265 3264 synodi,'iJ
3286 3208 3367 3253 cst
3390 3170 3856 3277 ConstantinOpo:

2268 3268 2430 3324 litana
2464 3270 2565 3327 ’ὅθ
2592 3273 2807 3332 Patrum
2852 3280 2950 3336 sub
2980 3283 3078 3353 piae
3105 3288 3377 3343 memoria:
3407 3288 3713 3350 Theodosio
3750 3268 3855 3355 sc-

2268 3362 2420 3417 niore
2464 3367 2705 3438 principe
2735 3367 2889 3437 laeta,
2944 3382 2998 3428 et
3025 3372 3292 3444 Ephesina
3321 3382 3512 3449 prima,
3544 3387 3630 3441 cui
3675 3388 3857 3447 beata:

2268 3454 2541 3508 memoriae
2564 3471 2697 3525 papa
2727 3457 3044 3517 leestinus
3071 3463 3324 3522 decessor
3360 3481 3561 3539 noster,
3587 3483 3641 3528 et
3669 3474 3857 3548 Cyril-

2268 3543 2351 3596 lus
2391 3543 2779 3604 Alexandrinus
2829 3552 3133 3624 episcopus,
3191 3559 3598 3630 praesederunt;
3648 3543 3742 3620 sed
3794 3580 3857 3623 et

2267 3636 2719 3695 Chalcedonensis
2744 3641 2848 3696 650
2874 3642 3110 3713 Patrum,
3142 3665 3261 3719 quae
3287 3652 3384 3707 sub
3424 3655 3524 3725 piae
3571 3662 3855 3716 memoria:

2266 3724 2536 3782 Marciano
2566 3729 2888 3799 imperatore
2913 3739 3182 3804 convenit,
3215 3743 3405 3810 cuique
3430 3724 3632 3800 sancta:
3658 3762 3853 3804 recor-

2265 3816 2495 3872 dationis
2523 3818 2775 3876 decessor
2826 3832 3009 3879 noster
3034 3842 3170 3897 papa
3213 3827 3324 3886 Leo
3369 3847 3465 3902 per
3490 3834 3694 3903 legatos
3715 3853 3855 3894 suos

2264 3905 2603 3978 vicariosque
2630 3912 2896 3980 prtesedit,
2941 3923 2996 3969 et
3024 3926 3182 3986 prout
3208 3917 3531 3977 diversarum
3578 3925 3851 3982 haeresnm

2265 3998 2567 4055 damnanda
2618 4002 2866 4071 exigebat
2921 4004 3237 4074 adversitas,
3270 4012 3514 4067 eamdem
3546 4013 3702 4069 fidem
3735 4033 3853 4074 uno

2264 4086 2562 4157 eodemque
2588 4104 2747 4146 sensu
2788 4100 2950 4162 atque
3001 4095 3193 4163 spiritu
3220 4098 3556 4156 declarantes
3584 4104 3854 4162 latissime

2264 4179 2564 4235 ediderunt.
2587 4180 2725 4238 Hinc
2745 4192 2829 4239 est
2852 4182 3005 4255 quod
3021 4186 3157 4243 Deus
3177 4199 3358 4245 noster
3387 4200 3574 4247 contra
3597 4209 3852 4252 errorum

2262 4268 2568 4338 hujusmodi
2608 4269 2873 4330 feritatem
2911 4277 3181 4346 pastorale
3229 4280 3439 4337 caelitus
3464 4286 3691 4339 armavit
3720 4287 3853 4342 orli-

2262 4360 2401 4416 cium
2431 4363 2574 4432 quod
2625 4363 2933 4422 beatissimo
2972 4367 3134 4425 Petro
3177 4373 3424 4441 apostolo
3454 4375 3588 4430 trina
3634 4391 3854 4447 praece-

2263 4452 2448 4522 ptione
2467 4456 2846 4512 commendans
2859 4458 2962 4512 ait:
2990 4459 3155 4515 Pasce
3174 4478 3290 4517 oves
3315 4480 3456 4519 meas
3485 4466 3659 4536 (Joan.
3701 4472 3848 4537 xxx):

2264 4548 2320 4595 et
2350 4551 2498 4599 recte
2543 4544 2618 4598 illi
2662 4547 3049 4615 pascendarum
3078 4557 3161 4604 est
3189 4565 3315 4606 cura
3356 4556 3660 4620 commissa,
3689 4558 3856 4628 cujus

2266 4629 2387 4686 fidei
2415 4634 2668 4702 praeclara
2689 4636 2951 4692 confessio
2972 4637 3067 4693 Dei
3086 4649 3169 4695 est
3182 4655 3276 4696 ore
3296 4642 3532 4698 laudata.
3546 4643 3854 4705 Confitenti

2264 4726 2408 4781 enim
2449 4726 2755 4783 salutariter
2793 4743 2857 4784 ac
2893 4730 3134 4786 dicenti:
3186 4730 3260 4785 Tu
3303 4749 3358 4788 es
3405 4732 3639 4791 Christus
3667 4737 3857 4796 Filius

2266 4814 2365 4870 Dei
2392 4818 2488 4871 vivi
2528 4816 2740 4889 (Matth.
2773 4820 2905 4889 xvi),
2931 4823 3181 4891 perennis
3209 4824 3480 4880 beatitudo
3503 4827 3847 4897 rependitur,

2265 4916 2320 4960 et
2348 4908 2606 4962 columbae
2638 4907 2775 4965 illius
2822 4912 3103 4979 vocitatur,
3130 4922 3186 4969 et
3210 4915 3387 4972 claves
3415 4918 3563 4987 regni
3604 4920 3856 4979 caelestis

2264 4999 2475 5067 accipit.
2522 4998 2888 5070 lnterrogante
2915 5004 3177 5075 siquidem
3224 5005 3471 5075 Domino,
3502 5022 3663 5078 quem
3714 5026 3849 5068 eum

2262 5087 2636 5146 dicerentesse
2664 5089 2828 5146 illium
2855 5091 3107 5160 hominis,
3131 5096 3377 5151 eumdem
3405 5097 3577 5168 ipsum
3605 5096 3855 5156 hominis

2263 5192 2383 5233 esse
2426 5177 2628 5248 Deique
2677 5179 2870 5236 Filium
2898 5183 2997 5237 sub
3028 5185 3257 5239 mirabili
3286 5186 3728 5257 interrogationis
3756 5204 3856 5245 re-

2262 5268 2672 5339 sponsionisque
2697 5271 2960 5328 brevitate
2988 5273 3263 5331 confessus
3280 5286 3394 5332 est:
3422 5277 3497 5331 Tu
3521 5296 3576 5333 es
3604 5278 3855 5336 Christus

2262 5356 2435 5413 Filius
2463 5359 2560 5414 Dei
2596 5363 2709 5415 vivi.
2740 5361 3125 5420 Sacratissima:
3171 5366 3375 5424 scilicet
3410 5370 3722 5441 mysterium
3756 5371 3853 5424 in-

2263 5450 2589 5505 carnationis
2621 5450 2737 5521 ejus
2762 5454 3029 5524 aperiens,
3063 5454 3187 5510 dum
3216 5458 3272 5511 in
3315 5459 3520 5515 unitate
3565 5474 3848 5530 personzc,

2262 5550 2471 5596 servata
2501 5544 2725 5610 gemina:
2753 5547 3080 5615 proprietate
3128 5557 3351 5615 naturte,
3381 5551 3543 5605 homo
3588 5550 3857 5620 idemque

2263 5631 2425 5698 Deus,
2456 5643 2511 5689 et
2555 5636 2697 5704 quod
2725 5652 2789 5691 ex
2820 5646 2992 5692 matre
3018 5653 3233 5709 semper
3268 5640 3469 5710 virgine
3514 5643 3742 5712 sumpsit
3790 5641 3857 5695 in

2267 5733 2526 5797 tempore,
2582 5735 2634 5781 et
2664 5727 2806 5797 quod
2837 5738 2991 5803 natus
3040 5745 3107 5786 ex
3137 5728 3297 5787 Patre
3342 5739 3428 5786 est
3474 5740 3600 5788 ante
3621 5731 3855 5800 secula,
