4006 6190
302 279 368 335 57
1514 274 1873 334 EPISTULA?
1911 276 1996 333 ET
2032 278 2365 338 DECRETA.
3496 286 3565 343 58

301 398 665 463 permaneret.
693 387 976 445 lncont‘use
1021 394 1221 452 autem,
1252 400 1307 442 ct
1328 386 1582 455 maivise,
1611 396 1774 458 atque
1802 388 1889 443 in-
1918 395 1963 453 Α
1990 392 2254 450 brevitate
2282 403 2575 464 narratam,
2604 395 2864 452 docti-inte
2890 397 3218 469 prophetica
3244 408 3407 471 atque
3431 416 3561 473 apo-

300 482 730 539 convertibiliter
752 488 807 537 et
835 478 1308 536 subsistentialiter
1325 478 1518 535 uniens
1537 478 1640 534 sibi
1668 494 1886 535 carnem

303 574 447 630 Deus
468 574 701 629 Verbum
724 570 1037 627 Emmanuel
1063 579 1247 627 noster
1267 571 1359 640 qui
1391 571 1509 639 lege
1536 578 1591 627 et
1611 571 1887 643 prophetis

303 666 745 721 annuntiantibns
771 663 1205 734 exspectabatur,
1238 661 1475 717 advenit.
1512 661 1734 716 Verbum
1764 679 1886 718 caro

299 760 496 829 factum
519 765 617 826 cst,
639 767 690 810 et
711 752 957 808 habitavit
975 754 1032 808 iu
1058 752 1205 807 nobis
1231 751 1411 823 (Joan.
1428 752 1490 823 t):
1518 760 1663 808 totus
1682 753 1734 806 in
1754 754 1884 819 suis,

299 857 450 902 totus
501 847 553 901 in
605 848 831 912 nostris,
890 859 1170 899 assumens
1215 860 1281 900 ex
1310 844 1468 899 vulva
1509 858 1727 901 carnem
1766 861 1886 901 cum

297 938 481 992 anima
529 935 783 992 rationali
827 944 884 990 et
912 934 1295 990 intellectuali:
1343 943 1419 1004 et,
1446 935 1584 990 sicut
1629 936 1889 1006 scriptum

295 1038 405 1095 est,
457 1028 730 1099 ediﬁcans
784 1025 884 1082 sibi
921 1026 1152 1093 domum,
1185 1034 1434 1100 tanquam
1461 1045 1680 1099 sponsus
1707 1047 1881 1101 proce-

296 1121 426 1175 dens
453 1119 518 1173 de
541 1120 771 1174 thalamo
802 1136 895 1174 suo
941 1116 1112 1189 (Psat.
1152 1118 1324 1187 XVIII),
1353 1118 1609 1174 ineffabili
1637 1121 1891 1176 salutari-

296 1223 405 1278 que
432 1208 731 1279 mysterio,
760 1206 853 1276 qui
877 1205 927 1260 in
963 1206 1228 1276 principio
1256 1217 1376 1260 erat
1397 1206 1653 1271 Verbum,
1681 1215 1736 1261 ct
1766 1208 1892 1262 Ver-

298 1300 427 1354 bum
450 1308 570 1352 erat
599 1297 740 1369 apud
762 1297 952 1363 Deum,
977 1304 1033 1349 et
1059 1297 1197 1350 Deus
1226 1304 1346 1351 erat
1366 1296 1622 1365 Verbum,
1647 1300 1890 1352 incarna-

299 1380 389 1445 tus
415 1389 562 1443 Deus
590 1388 687 1443 Dei
734 1386 902 1441 Filius
946 1401 1012 1441 ex
1065 1385 1266 1456 Spiritu
1314 1395 1518 1450 sancto,
1551 1395 1606 1441 et
1634 1405 1702 1441 ex
1731 1389 1889 1442 beata

299 1477 469 1532 llaria
506 1492 725 1546 semper
773 1475 981 1544 virgine
1006 1475 1353 1530 humanitatis
1399 1477 1625 1545 sumpsit
1656 1477 1889 1542 initium,

302 1579 364 1624 ut
408 1584 512 1624 nos
562 1568 883 1623 aeternitatis
918 1582 1029 1622 sua:
1080 1565 1281 1622 laceret
1319 1567 1651 1632 colueredes,
1694 1576 1891 1622 nostra:

302 1675 533 1716 consors
578 1659 828 1729 dignatus
871 1668 956 1714 est
1001 1673 1121 1715 esse
1166 1665 1399 1719 naturtc,
1434 1666 1491 1712 ut
1517 1674 1616 1713 nos
1652 1674 1762 1713 suae
1791 1659 1890 1713 im-

1992 484 2196 539 stoliae
2233 494 2639 553 congruentem,
2662 488 3147 559 suprascriptorum
3169 487 3388 545 Patrum
3411 491 3570 548 latius

1992 573 2300 642 explanavit
2324 574 2549 630 assertio
2572 592 2588 641 ;
2615 590 2757 642 cum,
2800 578 2939 633 sicut
2957 577 3209 645 diximus,
3236 588 3329 636 aut
3356 581 3569 637 haereti-

1993 678 2177 719 corum
2210 665 2573 721 infestantium
2594 669 3003 724 convinceretur
3026 670 3339 737 adversitas,
3370 679 3463 726 aut
3485 687 3570 725 rc-

1992 763 2203 810 ctorum
2224 757 2533 824 dogmatum
2555 757 2847 814 efficaciter
2869 759 3235 816 declararetur
3254 761 3568 817 auctoritas.

1992 848 2143 903 Hanc
2169 864 2383 918 quoque
2410 849 2936 919 fidemprtefatarum
2963 863 3194 922 quatuor
3219 853 3568 925 synodorum,

1989 938 2084 992 sed
2115 948 2169 993 et
2192 938 2475 994 beatorum
2516 939 2858 995 decessorum
2888 951 3195 999 nostrorum
3235 945 3477 1015 epistolis
3504 945 3571 1000 de

1992 1025 2114 1081 ﬁdei
2143 1028 2450 1095 integritate
2498 1030 2835 1101 conscriptis.
2877 1033 3119 1087 continet
3141 1034 3407 1089 laudanda
3435 1051 3566 1091 con-

1991 1115 2170 1183 fessio,
2221 1133 2342 1187 qua:
2383 1118 2641 1175 doctrinae
2670 1120 2815 1176 sedis
2850 1123 3005 1191 primi
3055 1124 3422 1195 apostolorum
3472 1141 3571 1198 per

1992 1208 2171 1261 omnia
2219 1208 2476 1278 probatur
2516 1210 2782 1274 assimilis,
2814 1220 2870 1266 et
2909 1213 3050 1267 nulla
3081 1230 3144 1269 ex
3183 1226 3336 1286 parte
3362 1216 3568 1273 discor-

1991 1299 2144 1352 dans.
2197 1296 2331 1353 lluic
2358 1314 2486 1368 ergo
2517 1300 2637 1355 lidei
2667 1302 2752 1355 vel
2794 1303 3042 1357 omnibus
3083 1319 3202 1373 qua:
3246 1306 3299 1360 in
3327 1307 3571 1377 supradi-

1993 1389 2093 1443 ctis
2121 1396 2352 1456 quatuor
2380 1391 2622 1444 conciliis
2650 1406 2680 1444 a
2709 1393 2907 1447 sanctis
2936 1393 3183 1449 Patribus
3211 1397 3407 1451 nostris
3436 1397 3568 1453 dell.

1993 1478 2101 1531 nita
2129 1489 2253 1533 sunt
2300 1481 2750 1545 contradicentes,
2794 1482 3078 1538 haereticos
3118 1485 3567 1553 condemnemus;

1993 1567 2044 1622 id
2074 1583 2157 1623 εει
2183 1569 2387 1632 Arium,
2419 1570 2812 1640 Macedonium,
2841 1565 3178 1641 Eunomium,
3202 1591 3323 1629 cum
3352 1576 3569 1644 dogma-

1998 1658 2139 1714 tibus
2162 1659 2291 1723 suis,
2323 1667 2378 1712 et
2405 1674 2592 1714 omnes
2620 1660 2710 1729 qui
2758 1662 2928 1716 errori
2958 1677 3143 1717 eorum
3182 1674 3572 1747 capsenserunt

298 1749 649 1807 mortalitatis
698 1749 901 1803 faceret
954 1763 1074 1803 esse
1120 1748 1447 1819 participes:
1489 1763 1693 1818 pauper
1721 1747 1891 1804 factus
1923 1765 1966 1822 Β
1995 1755 2159 1817 atque
2195 1748 2555 1804 consentiunt.
2613 1749 3138 1807 Anathematizamus
3157 1753 3320 1807 etiam
3348 1752 3571 1808 Paulum

297 1852 408 1910 est,
428 1860 544 1896 eum
568 1853 699 1897 esset
720 1843 881 1909 dives,
912 1849 967 1896 ut
996 1842 1109 1913 ejus
1137 1842 1314 1911 inapia
1339 1840 1625 1895 ditaremur
1650 1838 1739 1913 (II
1767 1840 1886 1895 Cor.

295 1936 415 2003 vui)
438 1953 453 1987 :
478 1934 659 1989 omnia
680 1949 799 2003 qum
837 1942 1024 1989 nostra
1049 1941 1175 1988 sunt
1209 1940 1471 1988 evacuato
1502 1938 1764 1986 noxarum
1788 1946 1889 1986 no-

294 2035 536 2081 strarum
566 2024 925 2094 chirographo
952 2022 1297 2091 condonavit,
1318 2022 1457 2077 sicut
1483 2014 1595 2076 Vas
1612 2008 1891 2077 electionis

298 2118 523 2173 edocuit
547 2137 561 2172 :
594 2118 717 2173 Cum
746 2118 802 2172 in
832 2120 1001 2189 {arma
1041 2115 1138 2171 Dei
1165 2124 1319 2184 esset,
1348 2131 1451 2169 non
1481 2115 1721 2186 rapinam
1749 2116 1891 2169 arbi-

298 2218 474 2263 tratus
484 2218 562 2263 est
578 2225 687 2263 esse
705 2225 761 2263 se
787 2208 1036 2279 aequalem
1057 2205 1188 2272 Deo,
1208 2206 1297 2261 sed
1311 2206 1634 2275 semetipsum
1652 2206 1890 2259 exinani-

297 2300 390 2365 tit,
422 2300 647 2370 fortnam
667 2299 796 2352 serui
825 2297 1102 2368 accipiens,
1125 2298 1180 2351 in
1206 2296 1597 2351 similitudinem
1626 2295 1890 2349 hominum

295 2392 474 2462 {actas
500 2399 552 2444 et
578 2389 753 2443 habitu
797 2390 1034 2443 inventus
1057 2397 1115 2441 ut
1134 2387 1306 2442 homo.
1340 2386 1646 2441 Humiliavit
1667 2402 1743 2452 se,
1774 2387 1891 2456 {ac-

297 2492 381 2535 tus
415 2480 660 2536 obediens
697 2497 858 2551 usque
882 2481 952 2534 ad
979 2489 1195 2535 mortem
1216 2498 1237 2547 ;
1266 2488 1482 2534 mortem
1528 2487 1700 2533 autem
1724 2477 1892 2532 crucis

295 2574 526 2647 (Philip.
558 2575 639 2643 ιι).
664 2572 719 2627 Id
751 2585 1012 2644 peragens
1040 2580 1148 2628 tam
1177 2571 1541 2626 inscrutabilis
1567 2568 1807 2641 mysterii
1836 2575 1892 2622 et

294 2663 720 2733 dispensationis
758 2676 981 2731 arcano,
1003 2668 1060 2716 ut
1105 2660 1370 2715 mediator
1392 2659 1487 2715 Dei
1528 2667 1585 2714 et
1612 2657 1887 2713 hominum

298 2755 470 2809 homo
520 2751 767 2806 Christus
791 2749 948 2807 .lesus
994 2749 1310 2819 maledicto,
1340 2763 1449 2818 quo
1498 2747 1700 2818 primus
1723 2746 1888 2802 homo

298 2852 553 2898 terrenus
577 2841 769 2896 mortis
803 2840 1033 2896 vinculis
1084 2840 1366 2896 tenebatur
1392 2838 1661 2903 astrictus,
1689 2850 1888 2891 secun-

297 2935 404 2987 dus
431 2933 596 2988 homo
642 2931 881 2988 caelestis
908 2929 964 3002 (ι
993 2929 1115 2985 Cor.
1146 2931 1259 3000 xv),
1290 2929 1415 2985 dum
1452 2936 1681 2984 mortem
1710 2936 1888 2982 morte

299 3023 561 3087 enicaret,
587 3023 911 3077 absolveret.
953 3019 1150 3077 Passus
1177 3035 1341 3076 carne
1368 3029 1451 3076 est
1480 3035 1578 3091 pro
1606 3018 1762 3074 nobis
1790 3016 1887 3071 Dei

300 3114 494 3176 Filius,
525 3113 811 3170 cruciﬁxus
840 3127 1003 3168 carne
1050 3119 1154 3177 est,
1186 3119 1431 3167 mortuus
1484 3124 1649 3166 carne
1697 3117 1799 3172 est,
1832 3115 1888 3163 et
1915 3127 1956 3185 ρ

302 3203 390 3258 die
417 3203 583 3258 tertio
628 3202 943 3267 resurrexit,
977 3211 1036 3257 ut
1088 3202 1269 3257 divina
1313 3198 1624 3271 impassibili
1669 3212 1883 3270 perma-

303 3300 469 3348 nente
524 3300 715 3347 natura
745 3334 762 3360 ,
817 3300 873 3347 et
911 3292 1089 3347 carnis
1140 3299 1339 3347 nostra:
1373 3290 1602 3346 veritate
1649 3295 1883 3357 servata,

302 3385 464 3439 unius
486 3383 835 3453 ejusdemque
872 3382 1081 3439 Domini
1109 3381 1204 3437 Dei
1233 3381 1403 3436 nostri
1452 3380 1579 3437 .lcsu
1605 3380 1805 3437 Christi
1831 3386 1887 3434 et

304 3473 586 3543 passiones
614 3480 670 3526 et
709 3471 963 3525 miracula
995 3470 1277 3526 fateamur.
1328 3468 1401 3525 Ut
1445 3467 1884 3539 gloriﬁcationem

305 3562 498 3630 capitis
527 3560 693 3615 nostri
722 3560 887 3614 totius
914 3558 1169 3614 Ecclesize
1193 3574 1392 3628 corpus
1433 3556 1720 3629 aspiciens,
1748 3572 1886 3626 qua-

306 3649 389 3703 les
416 3648 678 3718 primitias
706 3648 759 3701 in
799 3648 976 3719 capite
1002 3656 1208 3715 nostro,
1258 3648 1311 3703 id
1338 3655 1422 3703 est
1457 3648 1511 3701 in
1537 3646 1749 3703 Christo
1778 3647 1889 3703 Deo

309 3753 377 3794 ac
401 3738 650 3803 Domino,
682 3739 979 3794 intueretur
1005 3754 1071 3793 ex
1118 3739 1364 3803 mortuis,
1404 3738 1537 3793 tales
1576 3739 1631 3793 in
1676 3739 1762 3795 his
1796 3740 1890 3808 qui

311 3830 429 3899 ejus
453 3830 696 3885 membra
724 3839 850 3885 sunt
896 3831 949 3884 in
977 3828 1166 3885 futurae
1193 3830 1376 3898 gloria:
1414 3831 1753 3901 praestoletur
1796 3832 1892 3886 ad—
1934 3827 1957 3855 ’

312 3935 548 3978 ventum.
609 3922 730 3993 Ipse
779 3923 941 3992 igitur
995 3922 1327 3992 Redemptor
1375 3932 1559 3977 noster
1624 3922 1778 3978 sedet
1823 3921 1890 3976 ad

314 4013 591 4069 dexteram
625 4011 816 4076 Patris,
847 4026 989 4065 unus
1010 4011 1255 4079 idemque
1275 4011 1389 4065 sine
1418 4009 1731 4065 confusione
1758 4009 1891 4063 utri-

314 4119 482 4173 usque
498 4111 737 4167 naturai,
767 4102 882 4158 sine
909 4101 1171 4156 divisione
1211 4114 1475 4170 persona),
1508 4108 1563 4154 et
1591 4114 1658 4154 ex
1686 4098 1894 4154 duabus

314 4194 548 4263 atquein
571 4192 780 4246 duabus
806 4190 1039 4246 creditus
1060 4204 1486 4260 pcrmanensque
1508 4188 1734 4255 naturis,
1763 4187 1890 4243 inde

314 4291 572 4338 venturus
608 4282 850 4352 judicare
895 4282 1050 4337 vivos
1102 4289 1158 4336 et
1211 4289 1473 4336 mortuos.
1530 4278 1689 4335 Pater
1714 4289 1893 4335 autem

314 4388 436 4429 cum
464 4374 656 4428 eodem
703 4371 975 4441 unigenito
1005 4370 1158 4436 Filio,
1187 4379 1241 4426 et
1268 4369 1469 4440 Spiritu
1516 4377 1723 4435 sancto,
1758 4385 1894 4425 unus

1996 1836 2424 1903 Samosatenum,
2462 1838 2778 1906 Photinum,
2845 1839 3117 1897 Bonosum
3173 1851 3336 1913 atque
3378 1842 3569 1898 Nesto-

1995 1931 2154 1995 rium,
2178 1945 2298 1984 cum
2324 1928 2810 1987 nefariisdoctrinis
2830 1933 3033 2000 suis,et
3056 1933 3363 2003 quicunque
3386 1948 3572 1989 eorum

1992 2017 2337 2088 blaspbetniis
2364 2019 2605 2088 praebent
2645 2028 2740 2076 aut
2770 2021 3114 2090 prmbuerunt
3133 2022 3417 2092 aliquando
3439 2038 3573 2078 con-

1992 2123 2229 2165 sensum.
2286 2107 2418 2163 ltem
2461 2108 2979 2165 anathematizamus
3006 2111 3369 2178 Valentinum,
3406 2112 3574 2168 Mani-

1971 2197 2240 2264 .cltaium,
2295 2196 2660 2269 Apollinarem
2707 2206 2871 2267 atque
2931 2197 3257 2269 Eutychem,
3309 2200 3572 2266 simulque

1991 2288 2305 2345 Dioscorum
2335 2288 2692 2355 defensorem,
2715 2304 2837 2345 cum
2859 2289 3279 2345 exsecrabilibus
3298 2306 3572 2346 commcn-

1993 2382 2064 2437 tis
2099 2390 2155 2437 et
2202 2380 2671 2451 praedicationibus
2717 2380 2846 2445 suis,
2875 2387 2932 2435 et
2976 2394 3166 2434 omnes
3186 2380 3276 2449 qui
3299 2379 3573 2435 erroribus

1991 2486 2177 2526 eorum
2202 2484 2370 2540 usque
2392 2470 2446 2525 in
2474 2468 2563 2524 die
2587 2469 2778 2524 mortis
2800 2483 2912 2524 suae
2949 2468 3205 2538 implicati
3235 2478 3567 2523 manserunt.

1990 2560 2097 2617 Sed
2119 2561 2165 2616 si
2191 2574 2328 2630 quos
2350 2560 2637 2614 hatreticos
2661 2558 2982 2613 nominatim
3003 2558 3299 2624 omisimus,
3314 2558 3366 2611 in
3389 2556 3569 2626 cujus-

1991 2652 2334 2709 libeterroris
2354 2652 2543 2706 morbo
2562 2650 2822 2722 pollutos,
2837 2658 2893 2705 et
2917 2666 3085 2721 usque
3106 2650 3175 2705 ad
3195 2666 3348 2706 suum
3364 2651 3566 2705 exitum

1989 2752 2391 2817 permanentes,
2420 2757 2543 2798 cum
2569 2742 2801 2812 propriis
2828 2741 3104 2796 erroribus
3127 2740 3568 2805 condentnantus,

1990 2836 2272 2907 abjicimus
2306 2842 2470 2904 atque
2491 2833 2822 2903 respuimus:
2849 2833 3019 2888 solam
3045 2833 3200 2888 fidem
3226 2834 3567 2897 catholicam,

1988 2945 2152 3000 quam
2190 2928 2244 2983 in
2288 2927 2665 2998 suprascriptis
2709 2937 2942 2995 quatuor
2982 2929 3185 2982 sanctis
3231 2929 3471 2983 conciliis
3502 2931 3569 2984 ab

1993 3020 2253 3091 apostolis
2280 3017 2532 3073 traditam
2578 3026 2953 3087 susceperunt,
2982 3025 3038 3073 et
3083 3017 3194 3074 suis
3220 3020 3571 3089 expositioni-

1990 3112 2092 3168 bus
2114 3111 2437 3166 declaratam
2463 3123 2561 3179 per
2578 3123 2919 3164 successores
2947 3124 3074 3164 suos
3101 3126 3269 3179 usque
3293 3110 3359 3165 ad
3386 3119 3567 3166 nostra

1994 3214 2235 3273 tempora
2264 3200 2672 3256 transmiserunt
2692 3199 3088 3268 inviolabiliter,
3117 3210 3374 3270 operante
3398 3201 3570 3268 gratia

1994 3292 2227 3358 Domini,
2253 3289 2604 3347 custodimus.
2634 3287 2702 3343 Et
2751 3290 3003 3359 quoniam
3035 3290 3213 3357 nullus
3237 3288 3572 3346 Christiano-

1994 3400 2112 3440 rum
2143 3398 2312 3453 usque
2340 3381 2407 3437 ad
2461 3389 2781 3451 praesentem
2809 3381 2949 3436 diem
2979 3390 3248 3452 gestarum
3277 3396 3454 3434 rerum
3486 3381 3570 3435 itt-

1993 3486 2197 3532 certam
2219 3473 2382 3529 debet
2410 3474 2612 3528 habere
2640 3473 2909 3538 notitiam,
2938 3473 3098 3528 etiam
3128 3489 3248 3543 quae
3268 3483 3390 3544 post
3414 3482 3572 3529 tante

1993 3563 2268 3620 relationis
2291 3562 2721 3632 supplementum
2744 3561 2883 3616 facta
2908 3570 3030 3616 sunt
3050 3563 3209 3618 simili
3228 3564 3419 3618 rationi
3451 3580 3572 3618 nar-

1992 3667 2196 3710 ramus.
2252 3650 2388 3705 Dum
2438 3650 2693 3705 hesterna
2739 3649 2827 3704 die
2858 3658 2905 3715 ι,
2947 3650 3000 3704 id
3029 3658 3113 3704 est
3156 3650 3570 3717 dominicorutu,

1995 3746 2084 3814 qui
2115 3743 2212 3797 fuit
2241 3742 2412 3811 pridie
2438 3754 2611 3796 nonas
2650 3739 2989 3805 Februarias,
3019 3739 3333 3809 magniﬁcus
3361 3742 3443 3795 vir
3466 3741 3566 3797 Pe~

1995 3844 2111 3891 trus
2135 3831 2528 3889 referendarius
2555 3831 2623 3885 ad
2652 3846 2749 3887 nos
2777 3845 2898 3886 cum
2929 3830 3193 3885 mandatis
3218 3829 3572 3886 clementissi-

1996 3928 2069 3982 mi
2104 3925 2365 3997 principis
2427 3932 2742 3991 remeasset,
2786 3923 2971 3977 dicens
3001 3940 3014 3975 :
3060 3921 3286 3989 Quando
3317 3922 3475 3977 vultis
3512 3926 3572 3975 ut

1998 4018 2459 4089 veniantjudices,
2485 4024 2541 4071 et
2566 4015 2720 4070 vobis
2749 4015 3023 4084 praebeant
3049 4023 3403 4079 sacramenta,
3435 4029 3571 4082 qna-

1998 4119 2154 4163 tenus
2176 4107 2243 4162 de
2268 4106 2387 4171 hac,
2422 4107 2473 4159 in
2495 4120 2600 4173 qua
2623 4104 2888 4168 residetis,
2921 4106 3143 4160 ecclesia
3172 4105 3351 4173 egredi
3373 4104 3573 4158 debea-

2001 4199 2085 4264 tis,
2108 4206 2165 4253 et
2188 4196 2365 4252 securi
2388 4194 2454 4248 ad
2476 4194 2676 4262 regiam
2700 4194 2970 4249 civitatem
2997 4194 3280 4249 remeare?
3310 4195 3379 4248 ita
3406 4194 3453 4248 ci
3478 4211 3576 4263 pn-

1998 4288 2135 4343 blica
2162 4301 2298 4340 voce
2323 4282 2728 4353 respondimus:
2750 4281 2817 4337 Et
2841 4298 2937 4352 per
2963 4284 3226 4352 gloriosos
3245 4281 3453 4352 judiccs
3483 4297 3576 4352 pa-

2000 4377 2133 4441 latii,
2166 4376 2304 4430 sicut
2332 4373 2535 4451 praefati
2573 4388 2776 4439 sumus,
2807 4388 2930 4427 cum
2956 4372 3150 4441 quibus
3176 4382 3231 4427 et
3259 4382 3345 4426 tua
3373 4375 3578 4440 magni-

316 4474 402 4521 est
427 4464 483 4520 in
509 4463 732 4532 deitate,
772 4471 826 4518 et
853 4463 1073 4532 mqualis
1100 4462 1511 4533 indiscreta:un
1534 4471 1755 4517 natura}.
1786 4459 1896 4516 Hu—
1932 4494 1976 4551 ι)
2005 4467 2133 4522 tudo
2165 4465 2230 4521 ad
2260 4464 2514 4520 Sanctam
2543 4461 2896 4532 Euphemiam
2923 4472 3160 4527 venerat,
3189 4476 3309 4531 quae
3335 4462 3578 4532 superius

311 4556 401 4624 jus
428 4553 549 4610 lidei
574 4554 961 4624 plenitudinem
988 4554 1246 4608 Dominus
1270 4560 1453 4608 noster
1480 4561 1604 4624 post
1626 4568 1896 4608 resurrec-

318 4646 521 4699 tionem
549 4643 819 4698 mandavit
839 4644 1121 4714 apostolis,
1141 4643 1356 4698 dicens:
1391 4640 1497 4708 Ite,
1523 4644 1698 4697 docete
1720 4659 1897 4697 omnes

318 4748 524 4810 gentes,
550 4736 874 4810 baptisautes
908 4753 994 4791 eos
1033 4738 1089 4791 in
1113 4736 1317 4790 nomine
1347 4733 1548 4800 Patris,
1580 4742 1630 4788 et
1667 4732 1816 4797 Filii,
1847 4743 1898 4789 et

322 4830 549 4901 Spiritus
602 4831 772 4885 sanati
811 4828 1027 4899 (Matth.
1074 4828 1247 4898 svnt).
1294 4826 1362 4883 In
1407 4828 1642 4892 nomine,
1691 4827 1892 4897 inquit,

322 4924 470 4990 dixit,
490 4940 602 4980 non
631 4925 687 4979 in
713 4924 1047 4989 nominibus;
1078 4931 1139 4978 ut
1166 4924 1219 4978 in
1241 4923 1436 4994 quibus
1465 4937 1569 4978 una
1590 4923 1895 4989 virtus,una

321 5025 577 5085 potestas,
604 5032 714 5071 una
738 5015 932 5082 deitas,
962 5030 1069 5070 una
1106 5015 1397 5080 :eternitas,
1426 5030 1530 5070 una
1569 5014 1761 5085 gloria,
1790 5029 1895 5070 una

321 5108 729 5176 omnipotentis,
754 5123 857 5161 una
902 5106 1198 5170 beatitudo,
1231 5121 1333 5161 una
1363 5108 1606 5177 operatio
1632 5116 1735 5173 est,
1762 5121 1899 5161 una-

324 5213 424 5268 que
448 5207 659 5265 natura,
690 5200 849 5255 unius
872 5212 1088 5269 quoque
1114 5198 1344 5253 nominis
1370 5198 1569 5253 existat
1599 5198 1895 5266 integritas.

325 5289 459 5345 Nihil
509 5291 562 5345 in
590 5289 789 5346 deitate
817 5289 1019 5360 quippe
1066 5288 1357 5345 discretum
1407 5297 1507 5351 est,
1538 5303 1659 5341 cum
1690 5295 1895 5341 tantum

324 5393 667 5448 personarum
698 5378 999 5449 proprietas
1027 5374 1305 5432 manifesta
1336 5375 1676 5432 distinctione
1718 5376 1898 5444 signe-

322 5479 429 5523 tur.
453 5468 647 5525 Totum
670 5484 799 5539 ergo
826 5469 972 5538 quod
994 5468 1228 5523 Trinitas
1254 5477 1337 5523 est
1364 5476 1645 5538 permanet
1671 5467 1900 5522 consub-

322 5562 585 5618 stantialis
607 5570 663 5618 et
684 5561 967 5617 indiscreta
986 5561 1253 5617 divinitas.
1279 5559 1428 5617 lianc
1451 5558 1607 5615 fldcm
1639 5575 1667 5614 a
1697 5576 1779 5615 mc
1799 5560 1896 5614 sub

409 5746 429 5769 '
454 5745 487 5801 5
510 5744 669 5806 Febr.
696 5760 837 5801 anno
865 5742 990 5799 552.

2004 4566 2130 4613 sunt
2150 4554 2294 4611 dicta
2314 4553 2931 4620 mandavimus,etnunc
2952 4568 3048 4622 per
3077 4562 3129 4608 te
3155 4552 3331 4607 denuo
3343 4552 3580 4607 clemen-

2006 4648 2210 4703 tissimo
2265 4645 2492 4715 principi
2535 4645 2649 4699 lucc
2691 4644 2920 4700 dicimus
2959 4646 3313 4713 suggerenda.
3360 4642 3468 4700 Nos
3512 4644 3580 4698 ad

2002 4740 2257 4812 pietatem
2289 4746 2433 4792 tuam
2490 4736 2803 4793 festinantes
2843 4745 2969 4792 ante
3010 4746 3214 4807 septem
3265 4734 3485 4792 annos"
3512 4736 3582 4790 de

2003 4833 2220 4888 civitate
2246 4841 2433 4887 nostra
2458 4830 2538 4888 sic
2564 4830 2761 4901 egressi
2784 4844 2988 4897 sumus,
3015 4840 3073 4884 ut
3095 4829 3235 4883 nulla
3258 4828 3583 4883 haberemus

2003 4924 2210 4994 privata
2238 4924 2473 4993 negotia.
2502 4923 2653 4979 Nunc
2679 4937 2897 4992 quoque
2947 4923 3281 4993 suggerimus
3318 4931 3373 4977 et
3424 4934 3585 4989 roga-

2006 5030 2125 5069 mus
2152 5030 2251 5085 pro
2282 5030 2431 5088 pace,
2456 5030 2617 5085 quam
2639 5030 2736 5085 per
2757 5016 3012 5087 pietatem
3039 5027 3182 5071 tuam
3211 5014 3414 5085 pridem
3444 5013 3584 5070 Deus

2004 5105 2225 5161 donavit
2252 5105 2528 5175 Ecclesiae,
2560 5115 2617 5161 ut
2638 5121 2757 5162 eam
2785 5107 3052 5162 nullorum
3079 5106 3349 5162 hominum
3380 5104 3584 5161 turbari

2006 5198 2237 5268 amplius
2264 5197 2625 5255 insinuatione
2674 5199 2957 5269 permittas
2985 5214 3084 5253 nec
3117 5207 3386 5251 auctorem
3420 5197 3584 5255 totius

2007 5289 2243 5345 scandali
2269 5288 2612 5345 Theodorum
2653 5289 2791 5343 ultra
2821 5304 3020 5345 vexare
3068 5287 3221 5340 fidem
3265 5288 3586 5344 catholicam

2007 5381 2255 5451 patiaris:
2287 5380 2539 5449 quoniam
2570 5390 2694 5434 ante
2714 5395 2808 5434 scx
2830 5393 3040 5433 menses
3068 5393 3096 5430 a
3121 5377 3273 5432 nobis
3294 5378 3435 5432 inter
3451 5377 3586 5435 alios

2008 5470 2389 5526 communione
2409 5485 2560 5525 sacra
2584 5470 2821 5538 privatus
2846 5477 2945 5534 cst,
2978 5477 3034 5524 ct
3061 5469 3128 5524 ab
3150 5469 3461 5541 episcopatu
3483 5484 3584 5539 pro

2009 5579 2101 5619 sua
2132 5562 2396 5633 pravitate
2422 5561 2735 5630 depositus:
2768 5575 2865 5630 per
2892 5575 3013 5616 eam
3040 5562 3287 5619 videlicet
3316 5560 3585 5632 paginam,

2087 5740 2110 5779 ι)
2144 5737 2237 5795 Dic
2265 5737 2334 5792 '22
2362 5735 2617 5795 Novemb.
2651 5753 2791 5795 anno
2825 5732 2947 5793 549.
