4006 6190
546 284 618 341 59
1797 280 1802 284 ’
1968 277 2126 332 VlGll

2236 274 2436 331 ΡΑΡᾸΞ
3725 280 3784 336 60

543 409 707 467 quam
734 394 906 451 adhuc
926 408 1023 468 pro
1048 391 1470 450 mansuetudinis
1491 400 1683 446 vestra:
1706 388 1924 452 intuitu,
1948 396 2004 443 et
2029 401 2129 456 spe
2160 393 2203 449 Α
2236 387 2494 457 punitatis
2518 386 2720 456 jugiter
2742 389 2858 444 sine
2884 387 3225 460 correptione
3249 397 3525 459 peccetur.
3550 390 3782 458 Quoniam

545 485 913 544 conversionis
941 485 1076 556 ejus,
1119 485 1259 541 sicut
1283 483 1491 540 dictum
1518 489 1621 548 est,
1648 479 1860 552 publice
1886 477 2128 548 proferre

544 577 866 634 distulimus.
897 576 1031 631 lrliud
1055 574 1217 630 etiam
1246 573 1363 645 pari
1392 570 1555 628 modo
1582 584 1681 641 per
1704 566 2127 637 magnitudinem

545 674 691 723 tuam
721 666 836 737 ejus
858 666 1077 721 auribus
1105 664 1432 728 intimamus,
1446 662 1571 733 quia
1600 661 1669 716 de
1687 673 1848 716 causa
1874 656 2130 713 Ecclesiae

542 772 643 829 per
670 766 723 813 te
752 755 961 811 nullum
1003 769 1295 826 possumus
1336 752 1469 808 dare
1514 763 1853 821 responsum,
1901 746 1971 803 ob
2023 747 2130 801 hoc

540 848 686 917 quod
708 845 972 916 quaedam,
1021 859 1143 915 quae
1171 843 1264 898 tibi
1292 841 1520 901 dicimus
1560 837 1856 894 nuntianda
1882 836 1999 907 ejus
2019 834 2130 891 ele-

546 938 782 1005 mentiae,
811 933 1078 1006 proﬁteris
1103 940 1157 989 te
1195 947 1304 989 non
1333 945 1494 1004 posse
1514 941 1821 999 suggerere.
1847 924 1916 979 Et
1937 925 2058 980 ideo
2081 924 2129 980 si

544 1027 763 1082 directis
778 1025 988 1080 duobus
1012 1023 1299 1092 judicibus,
1313 1036 1544 1093 quorum
1558 1019 1776 1075 nomina
1798 1018 1894 1073 tibi
1920 1017 1973 1072 in
2000 1031 2131 1087 pra)-

542 1119 682 1173 seuti
728 1117 1074 1188 prodidimus,
1104 1122 1441 1171 sacramenta
1489 1120 1744 1183 prtestare
1772 1109 2042 1179 dignetur,
2071 1116 2130 1163 ut

541 1216 667 1279 post
697 1209 810 1263 haec
824 1207 940 1263 sine
967 1215 1113 1262 metu
1133 1205 1356 1276 periculi
1381 1201 1603 1257 fratrem
1632 1207 1881 1255 nostrum
1900 1196 2118 1252 Decium

540 1297 859 1368 episcopum
907 1295 1321 1352 Mediolanensis
1367 1291 1643 1354 Ecclesiae,
1681 1289 1768 1344 vel
1808 1288 1943 1343 alios
1990 1302 2128 1357 quos

539 1404 665 1444 cum
695 1404 764 1444 eo
809 1387 1284 1455 transmiserimus,
1343 1385 1470 1441 loco
1503 1390 1688 1439 nostro
1719 1379 1998 1450 suscipiat,
2027 1393 2126 1448 pa-

544 1479 646 1532 rati
669 1493 851 1533 sumus
870 1477 1120 1549 dirigere,
1155 1486 1214 1531 ut
1241 1491 1339 1547 per
1359 1489 1456 1530 eos
1484 1474 1552 1529 de
1572 1470 1937 1528 ecclesiastica
1963 1484 2127 1523 causa

538 1580 876 1637 quamcunque
917 1567 1306 1631 mandavimus,
1336 1563 1604 1620 veraciter
1654 1561 2015 1614 innotescunt.
2043 1556 2127 1611 Si-

534 1657 758 1726 quidem
802 1656 1057 1712 Eeclesiae
1085 1670 1248 1710 causa
1294 1653 1439 1708 nulla
1466 1658 1804 1707 sacramenta
1832 1647 1990 1703 nobis
2009 1647 2127 1700 dari

539 1748 886 1818 deposcimus
916 1766 931 1801 :
989 1745 1087 1802 sed
1116 1762 1243 1802 mox
1274 1760 1374 1816 pro
1420 1743 1714 1813 gratiarum
1765 1741 1977 1795 actione
2013 1737 2129 1807 ejus

537 1839 875 1893 occurrimus
903 1837 1110 1907 pietati,
1140 1836 1266 1906 quia
1297 1834 1430 1889 nihil
1468 1832 1611 1889 aliud
1641 1839 1743 1893 est,
1770 1828 1913 1901 quod
1935 1838 2130 1898 praeter

537 1930 851 1985 scandalum
891 1946 990 1984 nos
1019 1929 1132 1984 Deo
1156 1927 1443 1997 atljuvante
1488 1932 1811 1995 perterreat,
1842 1919 1985 1976 unde
2008 1935 2128 1974 am-

544 2019 688 2088 plius
717 2019 768 2073 in
784 2018 997 2074 Sanctae
1018 2017 1331 2087 Eupltemite
1354 2016 1573 2070 basilica
1594 2013 1898 2069 sedeamus.
1914 2010 2130 2080 Suppli-

538 2124 726 2164 camus
752 2110 894 2164 enim
927 2109 1037 2164 Deo
1060 2117 1268 2175 nostro,
1298 2115 1354 2161 et
1394 2106 1645 2177 precibus
1672 2101 1953 2159 indefessis
1974 2109 2131 2172 opta-

539 2216 680 2267 mus,
704 2209 763 2256 ut
785 2216 883 2272 per
909 2215 1032 2256 eum
1060 2199 1270 2254 sublata
1300 2198 1637 2253 dissensione
1681 2209 1809 2267 pax,
1834 2209 1998 2265 quam
2027 2194 2129 2263 piae

534 2291 813 2345 memoriae
835 2289 1084 2345 avunculi
1113 2288 1194 2347 sui
1240 2288 1366 2343 fecit
1393 2287 1509 2357 ipse
1543 2286 1875 2356 temporibus
1895 2293 1944 2352 ι,
1971 2299 2129 2355 repa-

540 2391 692 2436 retur
719 2380 995 2438 Ecclesiae.
1029 2380 1163 2436 Nam
1188 2381 1234 2435 si
1274 2380 1383 2435 ulla
1416 2378 1728 2450 provenerit
1750 2378 1889 2432 ultra
1917 2376 2124 2443 dilatio,

545 2490 647 2530 nos
684 2489 902 2529 necesse
953 2481 1038 2528 est
1079 2487 1295 2528 causam
1338 2470 1512 2526 modis
1564 2469 1815 2525 omnibus
1858 2467 2125 2533 delinire;

540 2565 664 2633 quia
683 2577 858 2633 neque
878 2563 1173 2635 proximos,
1191 2576 1367 2631 neque
1388 2559 1522 2615 alios
1541 2565 1818 2629 parentes,
1840 2564 1934 2612 aut
1946 2571 2127 2626 quam-

540 2656 677 2709 libet
699 2653 1071 2715 substantiam,
1094 2652 1285 2706 animae
1311 2656 1507 2705 nostra:
1528 2647 1610 2703 vel
1627 2645 1851 2717 piissimi
1875 2646 2130 2716 principis

541 2744 784 2815 opinioni
812 2743 1192 2814 praeponimus.
1244 2739 1378 2793 Data
1420 2738 1579 2793 nonis
1616 2735 1926 2801 Februarii,
1957 2736 2130 2804 impe-

539 2843 695 2891 rante
727 2834 947 2889 domino
977 2831 1279 2887 Justiniano
1305 2835 1568 2900 perpetuo
1593 2826 1854 2895 Augusto,
1869 2840 2012 2880 anno
2034 2823 2140 2886 25;

538 2933 664 2997 post
714 2923 1050 2979 consulatum
1106 2921 1291 2975 Basilii
1336 2919 1435 2974 viri
1485 2918 1765 2974 clarissimi
1809 2934 1951 2971 anno
1983 2916 2009 2956 δ
2062 2917 2128 2970 l0

541 3016 714 3087 (Anno
739 3014 861 3069 Chr.
897 3012 989 3067 55f
1002 3014 1041 3082 ).

2231 476 2412 544 igitur,
2459 486 2516 532 tu
2562 478 2848 536 Theodore
2887 479 3147 536 ϐαδίξει-θα
3186 468 3540 550 Cappadocia:
3586 483 3786 538 civitatis

2230 569 2507 639 episeopo,
2543 570 2633 639 qui
2654 569 2913 627 hactenus
2941 571 3009 625 ab
3038 570 3390 627 ordinationis
3416 581 3519 628 tuac
3548 582 3783 644 tempore,

2231 661 2389 716 unius
2441 660 2567 715 anni
2621 661 2799 731 spatio
2850 662 2903 716 in
2959 660 3201 717 Ecclesia
3251 662 3407 732 cujus
3454 664 3785 732 gubernacula

2228 765 2567 821 susceperas,
2611 767 2720 807 non
2744 765 2936 820 passus
2962 766 3022 807 es
3046 752 3305 819 residere,
3351 753 3446 809 sed
3492 756 3788 811 auctoritate

2228 840 2461 896 nominis
2505 840 2824 912 episcopalis
2871 842 3068 898 abusus
3119 843 3434 900 universalis
3483 853 3507 883 ο
3556 844 3788 901 Ecclesia;

2227 930 2478 985 scandala
2505 944 2768 1000 generare
2807 947 2915 988 non
2944 946 3152 998 cessas;
3183 940 3243 987 et
3276 948 3306 986 a
3340 933 3494 989 nobis
3531 934 3685 989 modo
3721 934 3789 989 fa-

2230 1018 2511 1074 miliariter
2563 1020 2875 1091 obiurgatus
2897 1061 2912 1086 ,
2964 1020 3126 1077 modo
3180 1021 3434 1090 precibus
3478 1024 3789 1091 obsecratus,

2228 1125 2610 1179 nonnunquam
2650 1127 2780 1168 vero
2826 1110 3063 1166 fraterna
3114 1112 3484 1183 increpatione
3511 1125 3790 1186 correptus,

2228 1216 2370 1271 saepe
2396 1204 2558 1258 etiam
2579 1204 2877 1259 divinarum
2902 1203 3300 1274 Scripturarum
3329 1207 3650 1263 auctoritate
3666 1224 3793 1264 com-

2231 1295 2488 1363 monitus,
2524 1295 2611 1351 vel
2650 1296 3028 1351 eeclesiasticze
3082 1296 3485 1351 consuetudinis
3535 1300 3794 1355 convictus

2228 1386 2513 1454 exemplis,
2555 1401 2770 1456 semper
2815 1386 3246 1442 emendationem
3290 1402 3544 1443 sermone
3586 1391 3794 1458 promit-

2231 1483 2368 1535 tens,
2414 1490 2576 1543 quam
2603 1473 2759 1529 factis
2787 1474 3121 1543 uequissimis
3144 1476 3452 1545 respuebas,
3482 1491 3738 1544 nunquam
3766 1492 3792 1530 a

2200 1581 2395 1636 .prava
2429 1566 2725 1622 intentione
2750 1565 2990 1639 cessasti.
3034 1564 3143 1620 Nos
3182 1580 3311 1620 vero
3357 1565 3793 1635 longanimitatetn

2232 1668 2469 1712 nostram
2507 1658 2684 1712 divina
2721 1657 2967 1725 largitate
3003 1671 3339 1722 concessam,
3381 1665 3488 1710 tam
3542 1657 3678 1712 circa
3728 1666 3794 1722 te,

2164 1756 2204 1813 Β
2229 1761 2389 1816 quam
2433 1746 2578 1803 circa
2621 1745 2871 1801 seductos
2897 1745 2994 1800 abs
3029 1755 3102 1810 te,
3131 1760 3271 1817 pene
3299 1746 3404 1801 hoc
3444 1746 3798 1817 ,quinquemtin

2231 1837 2417 1907 elapso
2447 1836 2884 1891 monstravimus.
2926 1834 3163 1893 Primum
3191 1836 3410 1906 quidem
3458 1835 3512 1890 in
3540 1851 3627 1903 eo,
3665 1838 3799 1905 quod

2229 1942 2330 1998 pro
2348 1926 2601 1984 seandalo
2620 1926 2942 1981 refrenando
2954 1926 3446 1983 eoudescendentes
3462 1927 3801 1996 quorumdam

2230 2018 2441 2085 animis,
2464 2032 2604 2087 quos
2632 2017 2809 2086 aliqua
2828 2015 3178 2087 dissipatione
3207 2015 3651 2089 [dispensatione]
3685 2032 3800 2072 cre-

2228 2108 2406 2164 dimus
2434 2107 2836 2179 temperandos,
2868 2108 2992 2177 quia
3025 2116 3080 2163 tu
3113 2109 3226 2177 jam
3254 2122 3352 2164 eos
3379 2107 3618 2179 pluribus
3658 2107 3804 2164 annis

2229 2200 2650 2269 inquietissimus
2685 2201 2991 2256 stimulator
3037 2200 3380 2268 accendens,
3432 2200 3670 2270 quaedam
3711 2216 3805 2271 pro

2231 2298 2476 2360 tempore
2499 2291 2889 2347 medicinaliter
2914 2290 3345 2347 existimavimus
3365 2291 3689 2358 ordinanda;
3717 2293 3805 2346 tali

2228 2380 2436 2437 scilicet
2459 2381 2791 2444 conditione,
2822 2390 2900 2447 ut,
2944 2381 3094 2436 omni
3133 2381 3187 2436 in
3229 2388 3506 2452 posterum
3537 2382 3808 2451 perturba-

2229 2472 2377 2526 tione
2404 2472 2601 2540 sopita,
2631 2472 2763 2527 nihil
2786 2471 2927 2529 ultra
2958 2486 3058 2529 nec
3090 2471 3255 2527 verbo
3283 2486 3386 2527 nec
3431 2471 3623 2527 litteris
3663 2472 3809 2542 quis-

2228 2573 2392 2629 quam
2438 2558 2618 2617 facere
2670 2576 2739 2615 ex
2782 2561 2972 2617 eadem
3023 2577 3187 2618 causa
3235 2570 3598 2627 praesumeret.
3648 2561 3716 2616 At
3754 2570 3807 2619 tu

2228 2666 2409 2721 pravae
2461 2653 2870 2711 consuetudinis
2916 2661 3118 2708 tractus
3158 2652 3415 2720 audacia,
3465 2667 3638 2722 neque
3687 2660 3811 2709 tunc

2227 2758 2446 2800 cessare
2474 2759 2505 2798 a
2531 2744 2938 2800 conscribendis
2965 2744 3049 2801 vel
3088 2744 3442 2816 praedicandis
3492 2746 3811 2801 novitatibus

2228 2832 2463 2898 voluisti,
2494 2834 2570 2888 ita
2603 2841 2661 2888 ut
2689 2834 2883 2903 smpius
2926 2834 3118 2891 libellis
3146 2835 3522 2906 episcoporum
3574 2836 3806 2903 redditis,

2228 2933 2286 2980 et
2312 2939 2637 2981 consensum
2664 2933 2814 2981 tuum
2844 2940 2963 2980 cum
2988 2926 3065 2982 eis
3088 2927 3305 2996 propria
3327 2925 3666 2984 confessione
3688 2944 3814 2983 con-

2227 3016 2509 3080 demnans,
2539 3030 2730 3072 eorum
2770 3016 2856 3071 vel
2891 3017 2995 3072 tuis
3024 3017 3333 3073 excessibus
3363 3019 3557 3089 saepius
3585 3034 3615 3072 a
3662 3020 3813 3074 nobis

639 3138 662 3166 ε
695 3123 1166 3182 FRAGMENTUM
1206 3120 1669 3179 υΑΜΝΑΤιοΝιδ
1705 3117 2045 3174 THEODORI
2149 3120 2196 3181 ε
2229 3107 2454 3163 concedi
2477 3107 2690 3163 veniam
2733 3108 3081 3177 postulasses.
3126 3107 3251 3162 Post
3274 3107 3385 3164 hac
3406 3118 3582 3163 autem
3612 3125 3732 3165 cum
3759 3119 3813 3166 te

540 3253 773 3295 EI‘ISCOPI
799 3252 1068 3294 αλιξυιυς
1099 3251 1437 3292 ΒΑΡΡΑΒΟΕΙΒ
1470 3251 1504 3289 Δ
1538 3248 1710 3289 ΒΕΔΤΟ
1752 3247 1948 3289 νιῦιιιο
1993 3247 2125 3287 ΡΛΡΑ

1226 3341 1414 3381 ΙἎΟΤΒ
1423 3365 1437 3379 .

542 3418 838 3491 Theodotus
867 3419 1135 3491 episcopus
1169 3416 1459 3491 sacerdotio
1487 3416 1935 3491 elucontmunione
1953 3415 2127 3491 priua-

611 3498 716 3542 tur.
749 3485 1352 3556 Constantinopolitanae
1391 3495 1441 3558 et
1479 3487 1663 3558 reliqui
1708 3485 2122 3557 episcopiillius

609 3559 841 3612 criminis
868 3558 1059 3612 conscii
1078 3556 1606 3611 excommunicauit".

610 3646 832 3717 Vigilius
859 3648 1142 3716 episcopus
1168 3654 1369 3701 sancta:
1393 3643 1650 3700 Ecclesiae
1679 3645 1956 3699 eatbolim:
1978 3643 2125 3699 urbis

540 3737 727 3792 Roma:
751 3736 885 3791 dixit
909 3754 921 3790 :
955 3736 1064 3791 Res
1090 3743 1173 3790 est
1198 3734 1414 3805 quidem
1443 3734 1635 3789 divinae
1660 3735 1989 3790 conveniens
2009 3734 2126 3803 jus-

540 3827 700 3892 sioui,
731 3825 1044 3895 patientiam
1092 3824 1337 3893 praebere
1384 3823 1752 3894 peccantibus,
1805 3839 1965 3894 quam
2015 3839 2125 3878 non

541 3924 723 3971 tamen
751 3914 990 3983 adusque
1016 3912 1042 3951 ἀ
1074 3914 1231 3970 decet
1259 3913 1496 3980 extendi,
1526 3923 1584 3970 ut
1610 3930 1708 3985 spe
1733 3917 2000 3976 continua:
2024 3915 2127 3971 im—

613 4084 641 4113 ι
671 4074 784 4131 Sub
809 4074 1019 4130 Iustino
1044 4075 1258 4144 imper.,
1288 4089 1432 4131 anno
1461 4073 1586 4131 5l9.

612 4144 641 4184 δ
671 4145 817 4200 Loco
845 4161 984 4199 anno
1019 4144 1086 4199 10
1130 4145 1414 4213 legendum
1453 4160 1594 4203 anno
1642 4146 1728 4213 ll,
1759 4158 1818 4203 ut
1854 4163 2026 4203 annus
2054 4148 2125 4202 25

543 4214 826 4286 iustiniani
849 4231 973 4286 cum
985 4230 1166 4270 mense
1178 4214 1470 4286 Februario
1491 4217 1772 4286 copulatus
1784 4216 2123 4273 manifestum

541 4284 765 4356 facit,_ac
786 4284 1160 4356 proindejiata
1186 4284 1598 4356 haeeencycliea
1617 4302 1759 4342 anno
1781 4287 1977 4342 Christi
1994 4286 2118 4342 552.

619 4366 643 4393 ο
673 4354 988 4410 Theodorus
1007 4354 1355 4410 Caesariensis
1376 4354 1665 4424 episcopus
1689 4357 2013 4412 intolerabili
2029 4373 2126 4410 au-

542 4424 695 4496 dacia
724 4435 785 4496 et
809 4424 1155 4496 impudentia,
1188 4424 1527 4496 imperatoris
1571 4427 1743 4496 gratia
1788 4434 1845 4482 et
1884 4428 2123 4496 potentia

543 4495 726 4558 fretus,
751 4494 958 4567 Zoilum
985 4493 1403 4567 Alexandrinum
1442 4493 1775 4567 episcopum,
1815 4493 1962 4567 quod
1980 4497 2127 4567 dam-

541 4632 1109 4705 rem,teste_Liberato
1139 4633 1193 4688 in
1222 4633 1500 4705 Breviario
1519 4632 1651 4705 'eap.
1685 4635 1775 4697 25,
1791 4632 2122 4704 subrogavit,

544 4702 793 4785 vigiliam
838 4703 1140 4785 Romanum
1184 4703 1492 4785 pontificem
1520 4702 2000 4785 contradicenteni,
2056 4702 2125 4761 ne

543 4772 733 4845 edicto,
767 4774 1107 4845 imperatoris
1151 4772 1903 4845 consentirencontempsit,
1951 4788 2125 4845 eoque

546 4840 901 4913 interdicente
928 4844 1119 4898 missas
1146 4843 1445 4913 celebrare,
1468 4840 1680 4913 aliaque
1702 4840 1852 4913 plura
1875 4840 2128 4899 intolera-

544 4911 670 4983 biiia
706 4920 924 4983 patrare
959 4928 1120 4968 ausus
1165 4911 1284 4969 fuit.
1313 4911 1394 4966 0b
1443 4914 1559 4969 haec
1592 4911 1804 4969 scelera
1852 4913 2123 4969 Theodori

545 4981 787 5055 Vigilius,
837 4981 1097 5055 infracto_
1118 4983 1286 5055 animi
1327 4983 1525 5055 robore
1562 4991 1619 5039 et
1655 4998 1783 5041 vere
1827 4983 2124 5055 apostolico

544 5052 758 5121 spiritu,
785 5051 1129 5121 quantumvis
1150 5052 1202 5107 in
1230 5060 1374 5107 terra
1403 5051 1577 5108 aliena
1620 5060 1783 5121 esset,
1814 5051 2127 5109 convocatis

545 5137 683 5194 quos
711 5123 889 5194 potuit
906 5121 1116 5194 Latinis
1142 5121 1431 5194 episcopis,
1462 5121 1929 5194 Constantinopoli
1953 5123 2007 5178 in
2034 5139 2127 5180 ec-

544 5190 920 5263 clesia'saneti
945 5190 1108 5255 Petri,
1141 5190 1209 5247 ad
1238 5190 1397 5263 quam
1427 5191 1797 5249 ministrorum
1820 5190 2127 5263 imperato-

544 5261 621 5315 ris
637 5261 959 5333 iviolentiam
985 5268 1232 5333 metuens
1253 5260 1680 5333 confugerat,ut
1718 5271 1868 5333 patet
1909 5260 1977 5318 ex
2018 5263 2127 5332 epi-

546 5328 687 5403 stola
700 5332 971 5403 encyclica
991 5330 1059 5387 ad
1083 5331 1383 5403 universam
1408 5328 1701 5403 Ecclesiam
1718 5328 1951 5403 scripta,
1980 5328 2125 5387 acer-

545 5399 737 5454 rimam
757 5399 896 5458 hanc
921 5401 1490 5458 excommunicationis
1526 5410 1595 5457 et
1609 5399 1961 5458 depositionis
1998 5416 2122 5456 sen-

546 5469 772 5538 tentiam
819 5469 876 5525 in
930 5485 1053 5525 eum
1106 5472 1244 5527 tulit.
1295 5469 1415 5537 Quo
1464 5470 1609 5527 facto
1655 5469 2120 5538 Constantinopoli

464 5584 472 5593 ,
548 5537 766 5611 quidam
797 5540 848 5611 in
870 5538 1068 5611 faciem
1091 5542 1208 5611 ejus
1247 5541 1327 5611 (ut
1352 5540 1535 5611 refert
1558 5540 1870 5611 Anastasius
1917 5542 1971 5611 in
2004 5537 2119 5611 Vita

549 5607 750 5676 Vigilii)
781 5608 931 5663 dedit
965 5607 1197 5679 alapam,
1231 5607 1452 5667 dicens:
1489 5609 1784 5672 Homicida,
1818 5610 1981 5663 nescis
2004 5610 2120 5679 qui-

549 5679 639 5731 ima
666 5679 922 5742 loqueris?
947 5687 1051 5732 etc.
1084 5678 1163 5733 Ab
1192 5680 1291 5733 hac
1315 5679 1566 5734 violentia
1605 5679 1850 5746 sacrilegi
1894 5678 2122 5746 impera-

550 5748 681 5804 toris
710 5764 766 5804 se
798 5757 967 5806 tutum
990 5763 1108 5804 esse
1138 5747 1342 5817 volens,
1374 5757 1520 5805 trans
1549 5747 1943 5804 Chalcedonam
1966 5747 2118 5818 fugit,

2226 3212 2258 3251 a
2289 3196 2706 3267 prasumptione
2734 3197 2894 3253 solita
2922 3196 3036 3253 nec
3072 3197 3245 3267 pudor
3273 3198 3523 3253 humana:
3549 3214 3813 3254 verecun-

2225 3287 2344 3351 ὀίω,
2379 3304 2478 3343 nec
2504 3289 2790 3347 sawrdotii
2815 3289 3042 3358 pondus,
3087 3305 3188 3343 nec
3218 3290 3379 3379 timur
3417 3290 3581 3351 divini
3621 3291 3812 3359 judicii

2226 3379 2523 3445 cohiberet,
2544 3379 2670 3435 dum
2700 3381 2947 3450 amplius,
2971 3394 3133 3449 quam
3159 3380 3363 3449 justum
3390 3380 3581 3446 fuerat,
3601 3381 3815 3450 patien-

2229 3468 2359 3523 tiam
2389 3471 2494 3525 tuis
2523 3469 2848 3526 facinoribus
2877 3472 3262 3540 prusberemus;
3292 3470 3359 3526 ad
3407 3472 3507 3527 hoc
3533 3480 3616 3527 est
3654 3487 3817 3528 causa

2227 3559 2505 3629 perducta,
2532 3569 2802 3630 quatenus
2844 3560 3070 3617 semotis
3113 3560 3361 3617 omnibus
3389 3576 3508 3630 quin
3547 3562 3615 3616 de
3651 3564 3817 3620 trituu

2225 3649 2579 3719 capitulorum
2617 3649 2636 3688 ί
2672 3665 2703 3705 a
2727 3650 3056 3719 quibuslibet
3097 3650 3246 3708 dicto
3289 3653 3557 3723 scriptove
3602 3655 3821 3711 fuerant

2227 3738 2501 3807 ordinata,
2528 3740 2657 3808 quid
2685 3740 2753 3795 de
2777 3741 2893 3810 ipsa
2918 3756 2979 3796 re
3004 3741 3148 3799 facto
3174 3757 3313 3811 opus
3337 3753 3500 3807 esset,
3531 3759 3652 3801 cum
3676 3742 3821 3801 Afri-

2225 3844 2500 3894 canarum,
2554 3828 3004 3899 lilyrieianarum,
3057 3844 3152 3886 seu
3197 3831 3421 3887 aliarum
3475 3831 3822 3907 [Galliarum]

2229 3931 2256 3970 ι
2285 3922 2520 3991 partium
2568 3930 2891 3990 congregata
2935 3921 3149 3994 synodo
3197 3931 3573 3991 tractaremus,
3621 3940 3821 3983 eorum

2228 4081 2489 4153 ibiquein
2514 4080 2739 4153 ecclesia
2768 4080 2980 4153 sancta;
3025 4081 3332 4153 Euphemiae
3371 4100 3492 4139 cum
3519 4086 3631 4140 suis
3661 4087 3824 4143 habi-

2230 4149 2346 4207 tare
2374 4150 2657 4221 disposuit.
2698 4149 2779 4204 Ex
2808 4151 2912 4205 hoc
2964 4151 3084 4221 loco
3108 4149 3444 4221 'Sequentem
3490 4155 3822 4210 circularem

2228 4221 2506 4306 epistolam
2531 4220 2598 4274 ad
2627 4221 2930 4276 universam
2971 4219 3262 4306 Ecelesiain
3314 4223 3549 4306 scripsit,
3588 4239 3661 4278 ex
3683 4240 3826 4306 ﬁlia

2227 4288 2348 4358 qua:
2409 4288 2665 4358 deinceps
2728 4301 2912 4344 secuta
2960 4300 3085 4344 sunt
3132 4299 3281 4347 certa
3335 4288 3623 4350 habentur.
3683 4288 3830 4350 Vide

2228 4368 2432 4430 quanta
2468 4360 2709 4430 potentia
2739 4368 2795 4414 et
2821 4360 2904 4415 vis
2948 4360 3218 4417 cathedrae
3264 4360 3430 4415 Petri.
3479 4361 3832 4420 Justinianus

2229 4428 2553 4501 auctoritate
2582 4428 2760 4498 Vigilii
2804 4444 2953 4497 parte
2979 4438 3216 4501 coactus,
3259 4430 3327 4484 de
3356 4431 3526 4501 tribus
3563 4432 3833 4501 capitulis

544 4498 726 4558 fretus,
751 4498 959 4577 Zoilum
985 4498 1403 4576 Alexandrinum
1442 4498 1775 4578 episcopum,
1815 4498 1962 4565 quod
1982 4498 2127 4579 dam-
2155 4520 2206 4580 υ
2229 4499 2566 4568 promulgata
2589 4507 2645 4553 et
2670 4514 2904 4569 appensa
2935 4498 3108 4580 edicta
3137 4500 3396 4565 amoveri,
3431 4498 3672 4568 nihilque
3693 4510 3835 4557 ante

544 4579 676 4618 nare
704 4572 805 4618 tria
843 4563 1076 4636 capitula
1124 4571 1411 4636 renutsset,
1443 4562 1712 4636 deposuit,
1755 4573 1813 4621 et
1855 4566 2124 4636 Apollma-
2164 4581 2173 4587 '
2230 4569 2535 4633 generalem
2589 4571 2848 4636 synodum
2901 4568 2969 4623 de
3023 4568 3128 4623 tllts
3171 4570 3461 4625 detractari
3506 4572 3827 4626 mandavit.

2230 4569 2535 4641 generalem
2589 4568 2848 4641 synodum
2901 4568 2969 4623 de
3023 4568 3128 4641 iiiis
3171 4570 3461 4625 detractari
3506 4572 3827 4626 mandavit.

2232 4638 2548 4710 Theodorus
2585 4638 3153 4710 ihalorumhomnium
3201 4646 3391 4710 auctor
3436 4641 3716 4710 paenitens
3773 4650 3838 4695 et

2230 4709 2448 4764 humilis
2476 4708 2711 4778 libellum
2740 4707 3035 4778 supplicem
3086 4707 3331 4777 pontifici
3377 4707 3587 4772 obtulit,
3620 4725 3740 4778 quo
3774 4720 3838 4765 et

2228 4786 2431 4859 rectam
2462 4775 3041 4859 ίίὼπιῐη.ριὀῐὶιὶξίιιικ-εξῑΔ
3056 4775 3287 4859 quatuor
3312 4775 3658 4859 sacrosancta
3687 4795 3840 4859 con-

2230 4848 2351 4903 cilia
2375 4848 2703 4903 meumeniea
2733 4848 3070 4916 comprobat,
3101 4856 3262 4916 atque
3289 4848 3726 4902 controversiam
3760 4850 3840 4904 de

2232 4918 2402 4972 tribus
2425 4916 2675 4986 capitulis
2699 4932 2729 4975 a
2757 4931 2816 4971 se
2844 4918 3130 4973 excitatam
3163 4917 3229 4971 ad
3250 4916 3572 4973 decisionem
3594 4919 3838 4975 concilii

2231 4986 2461 5051 distulit,
2485 4985 2676 5056 petens
2693 4985 2904 5056 veniam
2926 4985 2997 5056 de
3015 4986 3225 5056 injuriis
3241 4993 3295 5040 et
3316 4986 3668 5056 contumeliis
3692 5004 3842 5056 ροη-

2232 5056 2358 5111 tillci
2388 5053 2661 5109 innocenti
2689 5054 2932 5123 objectis.
2976 5053 3118 5109 [dein
3136 5055 3396 5123 przestitit
3423 5054 3651 5111 Mennas
3679 5053 3844 5113 Con-

2227 5122 3068 5196 stantinopolitanusepiscopus.
3094 5122 3263 5196 Quos
3303 5139 3432 5196 eum
3469 5124 3710 5196 vigilias
3765 5127 3843 5181 ad

2227 5192 2597 5264 paenitentiam
2637 5202 2694 5249 et
2739 5192 2813 5246 in
2836 5192 3275 5264 communionem
3312 5192 3569 5250 Ecclesiae
3632 5211 3848 5252 susce-

2228 5261 2423 5333 pisset,
2453 5263 2659 5318 reddita
2686 5271 2769 5317 est
2797 5278 2903 5332 pax
2925 5261 3199 5318 Ecclesiae.
3236 5261 3361 5319 Hrec
3405 5279 3473 5320 ex
3519 5265 3849 5320 constituto

2228 5332 2411 5386 Vitrilii
2440 5347 2612 5386 name.
2641 5331 2783 5386 quod
2831 5331 2918 5386 hic
2960 5332 3348 5386 subiuutrimus.
3383 5333 3646 5386 Baronius
3678 5349 3849 5386 anno

2278 5349 2411 5386 ιαιιιι

2440 5331 2933 5455 Εέἓζθὲὲἓ.οίὲπέῗῖ⁸
2960 5332 3348 5403 subjungimus.
3383 5333 3646 5389 Baronius
3678 5349 3850 5389 anno

2232 5399 2325 5454 55l
2358 5410 2414 5455 et
2440 5399 2562 5455 552.
2593 5399 2721 5455 Sey.
2754 5400 2952 5458 BINIUS.

2302 5470 2329 5508 ά
2357 5469 2492 5526 Cod.
2525 5469 2682 5535 Lue.,
2710 5470 2782 5524 ad
2801 5470 3077 5535 hucusque.

2304 5551 2325 5576 ι’
2360 5540 2521 5595 Idem.
2555 5540 2700 5605 cod.,
2724 5540 3021 5597 universali.

2306 5607 2322 5646 ί
2358 5608 2505 5682 idem
2557 5609 2703 5671 cod.,
2745 5611 2808 5663 de
2850 5611 3002 5664 trium
3064 5613 3402 5682 rnpitulerum
3445 5611 3849 5681 quwstiouibus

2232 5678 2482 5750 quomodo
2504 5694 2554 5741 η,
2586 5687 2689 5750 etc.

2307 5757 2331 5795 ε
2363 5746 2508 5803 idem
2538 5748 2681 5815 cod.,
2712 5745 2949 5805 Iliorum.
