4006 6190
251 267 313 322 σι
1463 265 1815 324 EPISTULA!
1858 267 1946 323 ET
1985 267 2319 326 DECRETA.
3454 281 3524 337 62

251 377 490 436 maxime
519 377 864 448 pnesentiam
886 379 1224 447 requirentes
1242 392 1468 449 quonam
1498 379 1670 436 fuerat
1690 397 1847 438 scan-
1873 390 1917 444 Α
1947 382 2402 436 contradicentem
2466 384 2855 455 contempsisse
2888 429 2904 455 ,
2971 389 3277 460 pontificem
3360 393 3523 449 etiam

249 469 486 524 dalizata
527 469 858 523 fraternitas.
897 467 1034 524 Illud
1062 475 1281 540 quoque
1327 484 1655 540 magnopere
1690 473 1846 526 nobis

250 575 379 616 eum
397 559 819 615 clunentissimo
831 559 1092 629 principe,
1106 561 1460 630 praesentibus
1471 563 1632 617 etiam
1654 563 1844 618 Menna

247 650 870 720 Constantinopolitanae
890 649 1145 719 civitatis,
1173 660 1228 706 et
1250 651 1412 708 Dacio
1434 653 1848 710 Mediolanensis

252 741 408 796 urbis
454 741 719 804 antistite,
761 740 992 810 aliisque
1039 748 1151 794 tam
1197 739 1394 798 Graecis
1433 757 1594 812 quam
1645 743 1846 800 Latinis

251 832 550 901 episcopis,
584 844 705 885 cum
733 830 931 899 quibus
957 830 1228 899 omnibus,
1256 830 1417 886 etiam
1463 842 1519 887 tu
1563 831 1846 888 Theodore

249 932 414 995 pater
433 921 667 988 adfuisti,
693 937 793 977 nec
814 937 923 977 non
948 929 1004 978 et
1029 923 1381 992 praesentibus
1397 921 1664 992 judicibus
1684 933 1846 994 atque

251 1013 574 1084 proceribus
603 1014 962 1080 universeque
1015 1020 1206 1068 senatu
1245 1014 1516 1078 convenit,
1566 1028 1636 1069 ne
1677 1029 1844 1083 usque

251 1105 320 1160 ad
367 1113 726 1159 memoratam
763 1105 978 1161 concilii
1020 1103 1394 1160 diﬁinitionem
1430 1105 1722 1175 quidquam
1776 1104 1844 1160 de

251 1193 493 1268 prmfatis
516 1197 686 1251 tribus
706 1196 952 1266 capitulis
979 1196 1046 1251 ab
1067 1196 1248 1266 aliquo
1277 1195 1389 1252 ﬁeri
1420 1197 1837 1252 intentaretur'.

255 1291 332 1346 Ac
375 1290 572 1346 deinde
617 1292 722 1344 tuis
758 1306 823 1343 ex
861 1289 1249 1344 consuetudine
1303 1289 1662 1344 incitamentis
1706 1288 1845 1343 liber

255 1383 765 1439 condemnationem
796 1380 1152 1451 capitulorum
1187 1381 1425 1450 ipsorum
1454 1381 1765 1448 continens,
1789 1380 1842 1435 in

253 1474 480 1544 palatio,
510 1481 562 1528 te
591 1471 873 1526 assisteute
895 1477 950 1525 et
976 1471 1296 1538 instruente,
1318 1484 1500 1526 coram
1522 1470 1841 1539 quibusdam

251 1561 454 1617 Grmcis
479 1562 746 1632 episcOpis
770 1572 850 1617 est
875 1563 1124 1629 relectus,
1147 1577 1178 1617 a
1199 1561 1391 1631 quibus
1419 1562 1840 1618 assentationum

248 1654 496 1709 favorem
524 1655 631 1709 tuis
658 1655 879 1710 vocibus
907 1655 1178 1724 exigehas.
1209 1654 1288 1708 Ex
1315 1669 1424 1724 quo
1450 1655 1590 1708 facto
1623 1663 1728 1708 tam
1758 1662 1837 1721 tu,

1947 470 2323 526 Alexandrina:
2354 471 2606 529 Ecclesiae
2642 475 2974 531 sacerdotem
3025 476 3242 534 fratrem
3274 491 3518 538 nostrum

1948 558 2176 623 Zoilum,
2232 560 2385 630 cujus
2427 577 2620 617 nomen
2653 579 2821 632 usque
2868 564 2937 618 ad
2983 575 3338 623 memoratum
3385 570 3526 625 diem

1947 649 2400 703 communicatum
2457 651 2608 706 vobis
2655 653 2827 707 fuerat
2873 653 3140 726 diptychis
3191 659 3522 727 eximentes,

1945 738 2306 807 Apollinarem
2333 741 2614 808 quemdam
2655 758 3024 812 perversorem
3077 757 3237 817 atque
3273 747 3527 806 Ecclesia:

1946 825 2110 895 ipsius
2139 827 2437 881 adulterum
2464 828 2620 882 vobis
2648 831 2913 896 sociastis,
2947 842 3005 886 ut
3051 843 3228 889 vestra
3273 838 3526 906 iniquitas

1944 934 2050 974 non
2090 920 2263 974 solum
2313 920 2366 972 in
2405 920 2732 975 removendo
2775 923 3168 991 snmplicissimo
3221 929 3520 994 sacerdote,

1943 1009 2040 1064 sed
2071 1011 2232 1064 etiam
2266 1011 2316 1064 in
2347 1011 2656 1079 recipiendo
2695 1012 2975 1082 pateﬁeret
3003 1030 3339 1084 perversorc.
3375 1017 3524 1075 Reti-

1943 1117 2127 1157 cemus
2163 1103 2376 1157 interim
2404 1104 2525 1169 alia,
2558 1119 2677 1174 quae
2710 1106 2897 1160 eodem
2929 1107 3013 1162 die
3037 1125 3066 1163 a
3095 1110 3248 1166 vobis
3300 1113 3352 1166 in
3395 1129 3523 1183 apo-

1942 1191 2144 1246 stolicae
2192 1193 2333 1246 sedis
2377 1202 2432 1247 et
2479 1195 2532 1247 in
2561 1210 2827 1250 canonum
2874 1208 3182 1268 perpetrata
3228 1203 3526 1270 probantur

1943 1285 2213 1353 injuriam,
2255 1300 2322 1340 ne
2350 1286 2552 1360 detenti
2601 1292 3008 1345 enumeratione
3057 1293 3359 1362 culparum,
3385 1310 3522 1363 qua.

1943 1389 2059 1428 rum
2109 1373 2404 1429 inventord
2445 1375 2764 1442 ostenderis,
2796 1379 2940 1446 quod
2973 1381 3065 1434 tibi
3114 1383 3368 1451 competit
3408 1383 3525 1438 diu-

1943 1462 2047 1517 tius
2073 1462 2396 1518 dili'eramus.
2432 1463 2497 1519 Et
2526 1466 2648 1520 licet
2693 1476 2820 1523 ante
2861 1470 3072 1537 triginta
3105 1471 3222 1528 dies
3267 1489 3364 1542 pro
3407 1490 3523 1529 me-

1942 1554 2164 1609 moratis
2191 1555 2504 1610 excessibus
2548 1558 2742 1612 vestris
2765 1558 2832 1611 ab
2879 1561 3190 1627 apostolica:
3230 1578 3326 1617 vos
3371 1579 3515 1617 com-

1942 1641 2212 1697 munionis
2256 1643 2674 1700 removissemus
2720 1648 3022 1710 consortio,
3055 1649 3337 1705 credentes
3376 1653 3521 1721 quod

245 1758 413 1813 quam
439 1744 536 1799 tibi
567 1745 964 1800 consentientes
991 1744 1248 1815 episcopi,
1283 1746 1462 1799 mitius
1483 1745 1608 1799 licet
1626 1759 1656 1798 a
1685 1746 1831 1799 nobis

1940 1731 2258 1785 sacerdotali
2287 1734 2565 1802 proposito
2596 1733 2806 1790 facilius
2836 1751 2956 1806 quae.
2984 1738 3121 1793 male
3142 1748 3289 1806 gesta
3314 1742 3528 1798 fuerant

243 1851 412 1908 quam
443 1837 684 1906 Oportuit
723 1836 1002 1906 increpati,
1035 1837 1102 1892 ad
1141 1837 1550 1906 promerendam
1579 1836 1700 1892 ficta
1742 1852 1832 1892 sa-

243 1928 558 1983 tisfactione
596 1928 805 1982 veniam
847 1928 1190 1984 convolastis.
1224 1928 1354 1996 Quis
1393 1937 1570 1982 autem
1595 1943 1833 1984 comme-

242 2034 467 2072 morare
487 2013 714 2073 sufiiciat
740 2033 861 2088 qua:
908 2027 961 2074 te
1007 2019 1260 2074 incitante
1304 2027 1465 2088 atque
1507 2027 1836 2088 exsequente

243 2108 389 2163 mala
420 2107 710 2163 commissa
752 2108 912 2162 sunt?
939 2107 1069 2162 Nam
1101 2117 1163 2162 ut
1203 2108 1271 2163 de
1298 2107 1504 2179 magnis
1531 2107 1836 2164 excessibus

244 2197 356 2251 tuis
394 2212 564 2266 parva
605 2212 906 2263 narremus,
938 2197 1104 2252 totius
1152 2197 1390 2252 scandali
1432 2195 1833 2253 incitamentum

242 2286 392 2339 fuisti
441 2293 609 2354 atque
653 2286 879 2352 seditio;
910 2286 998 2354 qui
1029 2286 1172 2341 domi
1205 2295 1310 2341 tua:
1352 2288 1566 2352 sedens,
1599 2288 1837 2356 antiqua-

241 2374 358 2429 rios
401 2374 584 2444 pretio
611 2387 740 2429 caro
769 2375 1090 2441 conducens,
1123 2387 1185 2431 ea
1214 2390 1333 2445 qua:
1377 2375 1554 2445 jurata
1604 2389 1737 2431 voce
1781 2384 1833 2432 te

242 2478 354 2517 non
410 2477 534 2518 esse
588 2461 855 2518 facturum
905 2478 1075 2533 usque
1120 2463 1186 2518 ad
1233 2464 1584 2519 constitutum
1623 2473 1833 2534 tempus

240 2554 584 2625 frequentius
630 2554 959 2620 firmaveras,
1009 2557 1415 2626 conscripsisti;
1455 2563 1515 2610 et
1557 2556 1654 2610 sub
1695 2571 1832 2627 prte-

243 2655 399 2700 textu
427 2645 725 2713 religionis,
769 2660 833 2700 ea
862 2659 981 2715 qua:
1025 2645 1122 2701 Dei
1170 2645 1463 2718 Ecclesiam
1509 2646 1829 2713 dividerent,

242 2737 385 2789 sicut
415 2735 578 2790 etiam
609 2735 771 2790 rebus
795 2735 959 2804 ipsius
983 2735 1306 2803 agnoscitur,
1333 2734 1672 2804 perpetrasti.
1695 2734 1830 2788 Nam

242 2846 418 2900 usque
446 2829 512 2884 ad
545 2830 648 2884 hoc
674 2829 912 2884 animum
941 2827 1381 2884 Christianissimi
1409 2827 1667 2898 principis
1687 2826 1830 2883 falsis

243 2915 684 2989 suggestiouibus
714 2921 1028 2990 perduxisti,
1063 2928 1122 2974 ut
1148 2919 1433 2974 clementia
1463 2918 1598 2987 ejus,
1628 2933 1746 2988 qua:
1773 2920 1826 2974 in

244 3013 355 3067 suis
383 3011 630 3066 hostibus
660 3011 747 3080 pia
793 3025 1003 3078 semper
1040 3008 1305 3079 apparuit,
1357 3017 1543 3064 contra
1581 3024 1678 3064 nos
1705 3021 1828 3076 gra-

1937 1820 2302 1876 satisfactione
2322 1837 2557 1891 congrua
2590 1827 2890 1880 curaretis:
2923 1827 3151 1897 ideoque
3178 1845 3244 1884 ex
3289 1847 3516 1900 persona

1936 1917 1992 1963 et
2018 1912 2340 1966 auctoritate
2360 1912 2504 1968 beati
2530 1913 2676 1969 Petri
2699 1917 2952 1986 apostoli,
2978 1919 3148 1986 cujus,
3177 1921 3293 1975 licet
3318 1923 3514 1990 exigui,

1935 2015 2035 2055 nos
2063 2000 2239 2056 locum
2267 2003 2520 2071 gerimus,
2546 2021 2666 2060 cum
2696 2005 2860 2061 Dacio
2882 2007 3289 2077 Mediolanensi,
3309 2010 3516 2068 Joanne

1934 2087 2254 2156 Marsicano,
2273 2089 2528 2147 Zacchaeo
2549 2091 2885 2164 Scyllaceno,
2908 2095 3191 2151 Valentino
3211 2099 3367 2153 Silva:
3378 2100 3517 2154 Can-

1935 2178 2088 2245 didm,
2112 2179 2387 2235 Florentio
2408 2181 2837 2246 Matellicatensi,
2863 2183 3077 2241 Iuliano
3098 2185 3341 2255 Signino,
3365 2199 3388 2226 ο
3413 2188 3514 2242 Bo-

1934 2271 2080 2325 mulo
2101 2270 2504 2338 Numanatensi,
2538 2272 2814 2330 Dominico
2835 2273 2902 2330 de
2921 2273 3224 2346 Calliopoli,
3253 2278 3512 2336 Primasio

1935 2363 2303 2425 Adrumetiuo,
2336 2362 2649 2418 Verecundo
2677 2362 2910 2420 Lunensi
2938 2365 2979 2431 τ,
3011 2365 3287 2437 Stephano
3315 2368 3513 2424 Arimi-

1935 2451 2107 2514 nensi,
2134 2451 2418 2506 Paschasio
2441 2451 2703 2518 Aletrino,
2728 2461 2891 2522 atque
2913 2453 3144 2511 Iordane
3171 2457 3512 2529 Crotonensi,

1933 2541 2182 2596 fratribus
2202 2551 2257 2596 ct
2282 2543 2616 2614 coepiscopis
2642 2544 2862 2611 nostris,
2886 2545 2992 2600 hac
3012 2545 3377 2614 Theodorum,
3401 2549 3484 2602 Ca:
3499 2578 3513 2592 -

1931 2649 2099 2688 sat-eae
2120 2632 2470 2703 Cappadocia:
2488 2635 2720 2690 civitatis
2740 2638 3011 2708 quondam
3037 2639 3370 2710 episcopum,
3386 2657 3512 2696 sen-

1933 2725 2115 2779 tentia:
2169 2725 2623 2795 promulgatione,
2683 2734 2792 2782 tam
2841 2728 3162 2783 sacerdotali
3210 2729 3415 2788 honore
3458 2742 3513 2787 et

1931 2815 2309 2869 communione
2337 2815 2624 2882 catholica,
2653 2831 2816 2884 quam
2845 2817 2992 2872 omni
3017 2817 3194 2874 ofﬁcio
3219 2820 3510 2891 episcopali

1930 2919 2026 2959 seu
2079 2912 2349 2973 potestate
2399 2905 2684 2974 spoliatum
2712 2922 2831 2961 esse
2855 2906 3228 2973 decernimus;
3268 2911 3428 2963 nullis
3459 2919 3510 2966 te

1929 3010 2122 3050 vacare
2144 2995 2368 3049 ulterius
2395 2995 2570 3060 rebus,
2606 2997 2705 3051 nisi
2737 2998 3066 3066 paenitentiae
3106 2999 3354 3070 lacrymis
3383 3017 3507 3056 cen-

245 3103 382 3155 viter
430 3107 759 3154 moveretur.
816 3097 921 3154 Sed
969 3098 1082 3153 haec
1133 3098 1314 3153 omnia
1367 3098 1508 3152 bona
1561 3098 1824 3153 desideria

1932 3095 2110 3141 sentes
2135 3127 2146 3149 ,
2177 3087 2370 3154 quibus
2399 3095 2652 3156 percepta
2673 3087 2988 3142 remissione
3011 3089 3309 3159 culparum,
3330 3091 3507 3153 locum

245 3201 455 3259 nostra,
485 3205 606 3260 qua:
634 3207 732 3260 pro
761 3203 894 3260 pace
922 3187 1175 3245 Ecclesiae
1203 3188 1387 3258 procul
1425 3187 1586 3243 dubio
1639 3189 1827 3242 milita-

247 3280 397 3343 bant,
431 3279 505 3331 ita
555 3276 762 3332 animus
794 3286 918 3333 tuus
953 3277 1150 3346 quietis
1196 3277 1482 3346 impatiens
1529 3276 1824 3346 dissipavit,

246 3375 306 3422 ut'
333 3369 423 3422 illa
452 3383 573 3438 qua:
596 3366 828 3420 fraterna
854 3367 1142 3422 collatione
1162 3375 1216 3420 et
1238 3365 1519 3434 tranquilla
1546 3365 1828 3434 episcopo-

245 3475 361 3513 rum
394 3459 606 3512 fuerant
635 3457 959 3512 reservanda
982 3456 1204 3526 judicio,
1232 3456 1409 3512 subito
1439 3464 1626 3510 contra
1657 3455 1828 3510 eccle—

245 3550 519 3604 siasticum
556 3564 790 3616 morem,
845 3555 900 3604 et
945 3557 1134 3603 contra
1182 3555 1437 3618 paternas
1491 3547 1823 3610 traditiones,

247 3650 540 3710 contraque
578 3656 796 3696 omnem
843 3641 1215 3695 auctoritatem
1244 3641 1566 3708 evangelicae
1608 3651 1828 3712 aposto-

249 3733 468 3802 licmque
492 3732 774 3797 doctrinm,
803 3733 990 3788 edictis
1020 3733 1329 3803 propositis,
1359 3733 1649 3789 secundum
1677 3742 1824 3788 tuum

248 3823 630 3876 damnarentur
649 3823 950 3889 arbitrium,
977 3822 1103 3876 dum
1129 3821 1361 3876 fidelium
1390 3821 1566 3875 nullus
1597 3823 1823 3889 ignoret,

248 3929 346 3982 per
362 3928 498 3982 quos
519 3911 780 3967 Dominus
795 3927 859 3967 ac
880 3912 1018 3967 Deus
1039 3920 1225 3967 noster
1245 3911 1501 3966 doctrinis
1520 3912 1826 3966 cmlestihus

250 4005 460 4074 plebem
487 4020 643 4059 suam
679 4003 896 4073 jusserit
922 4003 1142 4069 erudiri,
1179 4002 1265 4057 vel
1287 3997 1478 4072 quibus
1502 4002 1694 4071 ligandi
1717 4004 1828 4058 sol-

249 4093 514 4160 vendique
555 4105 720 4161 super
747 4097 944 4145 terram
985 4086 1194 4145 dederit
1228 4096 1574 4158 potestatem.
1622 4088 1826 4146 Deinde

247 4183 298 4237 in
327 4179 493 4238 domo
515 4179 824 4238 Placidiana
853 4193 973 4235 cum
1005 4178 1310 4234 Graecarum
1337 4181 1430 4236 vel
1463 4179 1772 4236 Latinarum
1796 4180 1823 4221 ι’

247 4273 477 4343 partium
505 4271 795 4341 episcOpis,
826 4270 916 4339 qui
945 4269 995 4324 in
1019 4270 1151 4324 urbe
1180 4269 1323 4338 regia
1349 4267 1592 4336 aderant,
1617 4281 1673 4327 et
1699 4287 1825 4342 pre-

245 4359 476 4432 sbyteris
509 4375 573 4413 ac
602 4357 917 4414 diaconibns
943 4357 1547 4428 Constantinopolitanae
1573 4359 1821 4416 Ecclesite

1928 3175 2465 3244 communionemque
2496 3183 2639 3230 tuam
2679 3184 2773 3230 aut
2801 3191 2832 3231 a
2860 3192 2968 3246 me,
2999 3185 3091 3232 aut
3138 3189 3259 3248 post
3303 3181 3505 3236 obitum

1927 3282 2105 3320 meum
2153 3283 2183 3320 a
2231 3282 2544 3322 successore
2569 3283 2692 3322 meo
2724 3268 2792 3338 (si
2836 3269 3117 3342 merueris)
3169 3271 3506 3340 indulgentiae

1926 3359 2170 3427 recipias.
2197 3357 2379 3427 Teque
2408 3358 2652 3413 Mennam
2681 3359 3288 3431 Constantinopolitana:
3319 3364 3506 3418 civita-

1929 3449 1996 3502 tis
2024 3449 2358 3518 episcopum,
2387 3450 2479 3517 qui
2508 3466 2615 3504 non
2645 3450 2890 3505 dissimili
2919 3453 3076 3522 culpa
3104 3455 3505 3524 constringcris,

1927 3556 2046 3595 cum
2079 3541 2324 3602 omnibus
2363 3541 2790 3610 metropolitanis
2829 3550 2884 3595 et
2924 3544 3345 3612 micmpolitanis
3388 3549 3505 3616 cpi-

1927 3630 2138 3698 scopis,
2191 3629 2256 3690 ad
2309 3639 2453 3683 tuam
2507 3629 2778 3684 diwcesim
2832 3631 3255 3701 pertinentibus,
3305 3636 3402 3689 sed
3452 3646 3507 3691 et

1929 3729 2087 3774 tuost!
2117 3718 2435 3786 Orientales,
2463 3719 2547 3774 vel
2577 3720 2904 3774 diversarum
2951 3721 3344 3791 provinciarum
3388 3739 3504 3779 ma-

1922 3808 2100 3878 jorum
2130 3811 2502 3880 minorumque
2537 3810 2814 3866 civitatum
2845 3813 3148 3883 episcopos,
3182 3813 3274 3884 qui
3303 3815 3384 3870 his
3412 3831 3506 3870 ex-

1927 3901 2182 3963 cessibus,
2209 3916 2307 3970 pro
2343 3901 2535 3970 quibus
2559 3900 2900 3956 Theodorum
2941 3902 3199 3958 Cmsarete
3228 3903 3506 3975 Cappado-

1926 3992 2021 4046 cia:
2044 3991 2310 4060 quondam
2342 3993 2649 4061 episcopum
2680 3993 3172 4061 condemnavimus,
3209 3997 3513 4066 pncbuistis

1927 4099 2222 4147 assensum,
2250 4084 2563 4138 humaniore
2591 4086 2878 4152 sententia,
2919 4103 3018 4156 pro
3066 4088 3159 4143 Dei
3202 4090 3506 4144 considera--

1929 4173 2096 4239 tione,
2129 4173 2310 4229 tandiu
2338 4189 2369 4228 a
2393 4190 2544 4231 sacra
2576 4177 2956 4231 communione
2982 4178 3380 4248 suspendinius,
3409 4181 3511 4237 do-

1925 4281 2026 4322 nec
2051 4269 2414 4337 unusquisque
2441 4277 2675 4322 vestrum
2707 4284 2944 4324 errorem
2974 4286 3082 4324 sua:
3110 4273 3509 4338 prmvaricatio-

1926 4357 2010 4412 nis
2051 4371 2370 4427 agnoscens,
2416 4357 2628 4430 culpam
2673 4359 2813 4429 apud
2845 4375 2942 4414 nos
2990 4360 3260 4430 propriam
3285 4377 3506 4431 compe-

247 4449 546 4505 couvenisti
572 4467 584 4502 :
622 4449 802 4517 ibique
829 4448 928 4502 sub
965 4456 1170 4516 magna:
1193 4449 1594 4505 vociferationis
1638 4459 1825 4506 conte-
1853 4459 1903 4520 υ
1929 4447 2060 4502 lenti
2088 4446 2457 4502 satisfactione
2484 4446 2718 4504 diluerit.
2753 4447 2884 4503 Παῖς
2903 4459 2979 4504 est
3008 4449 3314 4519 subscriptio
3335 4455 3507 4507 ωηείί

245 4538 498 4603 statione,
531 4546 639 4592 tam
671 4552 770 4592 nos
797 4551 954 4608 quam
983 4537 1150 4593 frater
1193 4547 1380 4594 noster
1414 4538 1826 4599 Mediolaueusis

246 4627 529 4698 episcopus
556 4629 945 4698 prohibuimus,
977 4644 1045 4684 ne
1092 4627 1284 4699 aliquis
1305 4638 1543 4686 vestrum
1575 4635 1825 4702 praevari-

248 4715 443 4771 cationi
473 4718 776 4772 communis
805 4719 1098 4786 constituti,
1130 4729 1435 4790 contempta
1467 4720 1818 4789 fraternitate,

246 4806 506 4873 pmheret
535 4819 833 4860 assensum.
863 4804 943 4861 Tu
981 4815 1182 4872 autem,
1227 4807 1370 4862 sedis
1405 4809 1711 4878 apostolicae
1741 4810 1822 4863 in-

244 4899 549 4953 terdicentis
579 4914 678 4968 per
714 4913 812 4953 nos
835 4898 1161 4954 auctoritate
1204 4899 1480 4970 despecta,
1526 4899 1594 4954 ad
1634 4899 1820 4956 Eccle-

239 4989 372 5042 siam
401 4988 456 5041 in
484 4999 587 5058 qua
628 4986 800 5042 edicta
845 4986 958 5057 ipsa
987 4986 1308 5056 pendebant,
1354 4986 1588 5055 reliquos
1643 4995 1818 5043 tecum

239 5073 537 5139 attrahens,
566 5076 871 5146 perrexisti,
902 5075 1082 5146 ibique
1105 5075 1224 5130 aliis
1249 5075 1475 5144 adjectis
1502 5076 1816 5145 prmvarica-

241 5167 496 5228 tionibus,
551 5168 828 5220 missarum
869 5165 1130 5222 solemnia
1176 5165 1458 5222 celebrasti
1487 5175 1509 5203 ο
1538 5183 1552 5218 :
1585 5173 1639 5219 et
1665 5166 1816 5236 quasi

237 5259 367 5312 nihil
393 5259 484 5314 tibi
516 5269 656 5315 esset
685 5260 870 5330 prima:
896 5258 1039 5314 sedis
1060 5259 1351 5314 antistitem
1401 5265 1717 5328 presentem
1761 5266 1817 5313 ct

318 5521 338 5545 υ
362 5510 492 5564 Cod.
529 5514 682 5573 Luc,,
711 5520 1009 5565 tentaretur.

310 5579 336 5616 δ
370 5580 527 5644 Idem,
550 5582 790 5633 aliarum.

312 5661 332 5686 ε
364 5647 530 5714 Idem,
558 5649 871 5702 celebrastis.

306 5719 334 5755 ⁸
362 5718 525 5789 Idem,
556 5729 735 5774 auctor
755 5729 905 5793 atque
933 5719 1185 5775 incentor.

1925 4537 2234 4609 papc:Deo
2256 4538 2498 4608 juvante,
2531 4547 2586 4594 et
2615 4540 2780 4610 ipsius
2815 4541 3002 4612 gratia,
3036 4542 3255 4611 Vigilius
3304 4544 3506 4614 episco—

1927 4643 2026 4697 pus
2073 4637 2272 4684 sancttc
2323 4626 2576 4684 Ecclesia:
2614 4631 2892 4687 catholica:
2935 4633 3080 4687 urbis
3136 4632 3337 4698 Romae,
3383 4634 3509 4690 huic

1923 4717 2248 4772 damnationi
2279 4725 2437 4786 atque
2457 4719 2994 4776 excommunicationi
3025 4719 3290 4775 Theodori
3322 4721 3506 4776 (Σπευ-

1923 4822 2029 4861 me
2074 4807 2448 4878 Cappadocite,
2490 4816 2546 4862 et
2590 4808 2713 4864 huic
2752 4811 3201 4867 communicantis
3241 4808 3265 4847 δ
3296 4811 3506 4866 Menum

1923 4897 2528 4970 Constantinpolitanae
2553 4901 2698 4955 urbis
2720 4903 2978 4972 episcopi,
3003 4903 3084 4956 vel
3111 4903 3336 4958 aliorum
3363 4919 3502 4972 pne-

1923 4987 2206 5054 fectoruut,
2237 4991 2546 5060 subscripsi.
2581 4991 2712 5044 Data
2746 5007 2830 5046 xxx
2863 4991 3118 5047 calendas
3146 4991 3506 5060 Septembris,

1921 5078 2221 5151 imperante
2286 5080 2505 5136 domino
2557 5079 2860 5137 Justiniauo
2929 5090 3189 5151 perpetuo
3257 5081 3502 5148 Angusto

1921 5185 2064 5224 anno
2129 5169 2234 5233 25,
2281 5178 2405 5240 post
2453 5172 2784 5226 consulatum
2833 5171 3010 5228 Basilii
3074 5172 3169 5225 viri
3218 5171 3504 5226 clarissimi

1921 5276 2062 5318 anno
2095 5261 2149 5315 Il
2179 5261 2288 5333 [l0]
2319 5263 2489 5333 (Anno
2514 5262 2704 5317 Christi
2733 5262 2883 5334 55l).

1991 5523 2011 5582 ὲ
2047 5514 2206 5576 Μοιιι,
2238 5513 2508 5582 Ciugluna.
2543 5513 2674 5567 Num
2703 5512 3033 5580 (lingulam?

1996 5581 2012 5618 ί
2046 5583 2206 5647 Idcut,
2239 5581 2502 5635 Jmtrensi.

1990 5660 2015 5696 ε
2040 5650 2201 5714 Idem,
2236 5669 2339 5706 res.

1990 5721 2013 5756 "
2037 5720 2179 5775 Mem
2211 5723 2356 5790 cod.,
2379 5725 2916 5778 excommunicationi.
