4006 6190
589 304 661 359 55
1976 312 2198 366 VIGILII
2237 311 2434 366 PAPAS
3762 306 3823 360 65

1622 425 1947 480 EPISTULA
1986 420 2305 477 EUTYCHII
2347 424 2437 477 AD
2475 422 2797 479 VIGILIUM.

587 535 668 600 τῷ
694 532 759 584 τά
778 536 943 610 πάντα
970 530 1254 610 ἁγιωτάτῳ,
1274 537 1355 588 καὶ
1366 537 1741 610 μακαριωτάτῳ
1766 538 1923 610 κυρίῳ
1949 532 2165 606 ἀδελφῷ,

2275 529 2745 610 Proﬁteturﬁdem
2784 533 3112 610 ςοεξςοίίοαηι,
3150 533 3361 610 stupuit
3416 541 3470 610 tu
3515 532 3725 602 ᾳιιωειὶο
3767 532 3827 585 de

863 603 944 654 καί
970 601 1340 677 συλλειτουργῷ
1365 601 1581 676 Βιγιλίῳ,
1602 601 1878 677 Εὐτύχιοξι

655 688 858 752 Ἰδόντες
883 691 1079 747 ὁπόσων
1104 694 1302 767 ἀγαθῶν
1334 696 1468 750 αἰτίί
1503 696 1640 750 ἐστίν
1672 697 1704 754 ἡ
1729 703 1816 750 τοῦ
1843 701 1972 750 θεοῦ
1999 698 2164 767 εἰρήνη

589 789 880 859 φρουροῦσα
918 787 1013 845 τός
1055 784 1296 860 καρδίας,
1337 788 1423 841 καί
1448 790 1512 840 τὰ
1545 792 1774 858 νοήματα
1806 793 1904 841 τῶν
1938 795 2160 850 πιστῶν,

589 874 672 923 καὶ
700 870 996 944 συνάγουσα
1023 875 1204 935 αὐτούς
1232 879 1303 936 είς
1329 878 1388 930 τό
1422 874 1472 930 ἓν
1510 880 1594 930 καί
1627 879 1684 931 τό
1712 878 1831 931 αὐτό
1856 885 2076 951 φρονε”ν,
2114 877 2165 929 ἓν

588 970 648 1034 τῇ
676 966 793 1038 περὶ
818 973 909 1024 τῆς
950 966 1097 1039 ὀρθῆς
1131 968 1354 1029 πίστεως
1384 967 1654 1041 ὁμολογία,
1694 972 1781 1023 καί
1812 977 1874 1042 τῇ
1900 976 1999 1024 τῶν
2023 970 2166 1022 θείων

587 1053 795 1108 έντολῶν
820 1058 1146 1130 κατορθώσει,
1178 1060 1260 1112 καί
1285 1059 1367 1112 τῖν
1391 1056 1517 1113 Θεόῦ
1532 1060 1711 1130 εὐμενῆ
1739 1061 2034 1114 καθιστῶσα
2058 1068 2165 1120 τοῖς

588 1143 663 1200 εἰς
688 1144 753 1196 rei
778 1144 902 1219 όρθά
929 1143 1219 1215 ὁμονοοῦσι·
1249 1146 1333 1201 διά
1357 1154 1511 1204 τοῦτο
1536 1148 1906 1214 σπουδάζοντες
1931 1155 2019 1208 τήν
2043 1150 2164 1204 ἔνω-

587 1250 669 1283 σιν
696 1230 936 1300 φυλάξαι,
963 1236 1093 1308 πρὸς
1125 1240 1215 1293 την
1242 1236 1494 1295 καθολικὴν
1518 1236 1762 1309 καθέδραν
1787 1246 1881 1298 τῆς
1914 1239 2163 1313 ὑμετέρας

587 1321 974 1393 μακαριότητος,
1003 1324 1214 1396 φανερόν
1260 1331 1503 1396 ποιοῦμεν
1543 1322 1622 1381 ὅτι
1648 1328 1727 1380 ἀεί
1751 1329 1894 1399 ἡμεῖς
1919 1328 2161 1398 ἐφύλαξα·-

586 1428 694 1479 μεν,
724 1412 804 1463 καί
828 1411 1140 1482 φυλάττομεν
1165 1418 1255 1472 τήν
1282 1418 1470 1478 πίστιν,
1498 1420 1589 1473 την
1616 1416 1841 1489 έξαρχῆς
1865 1414 2164 1489 παραδοθεῖ-

588 1520 687 1553 σαν
711 1501 813 1555 ύπό
855 1510 947 1556 τοῦ
987 1505 1204 1575 μεγάλου
1238 1512 1395 1568 Θεοῦ,
1436 1512 1521 1561 καὶ
1553 1516 1783 1583 σωτῆρος
1818 1511 1956 1577 ἡμῶν
1990 1511 2162 1568 Ἰησοῦ

587 1596 809 1660 Χριστοῦ
854 1599 962 1651 τοῖς
1001 1591 1162 1662 ἁγίος
1212 1595 1541 1663 ἀποστόλοις,
1588 1600 1667 1651 καί
1716 1597 1841 1671 παρ’
1879 1599 2071 1653 ἐκείνων
2113 1602 2162 1653 έν

587 1683 743 1735 παντί
766 1690 837 1751 τῷ
863 1683 1039 1755 κόσμῳ
1065 1688 1410 1758 κηρυχθεῖσαν
1425 1727 1440 1750 ,
1468 1693 1554 1740 καί
1578 1689 1678 1741 ὑπὸ
1703 1697 1801 1744 τῶν
1821 1688 1981 1762 ἁγίων
2005 1694 2163 1746 πατέ-

586 1792 689 1846 ρων
715 1774 1109 1846 σαφηνισθεῐσαν
1125 1820 1138 1842 ,
1169 1779 1250 1830 καί
1275 1777 1499 1847 μάλιστα
1526 1779 1625 1831 ὐπὸ
1650 1786 1748 1834 τῶν
1776 1781 1824 1832 ἐν
1849 1787 1968 1841 ταῖς
1994 1781 2162 1853 ἁγίαις

2505 602 2667 655 tribus
2688 602 2927 670 capitulis
2955 603 3008 655 in
3036 602 3253 656 concilio
3284 602 3598 655 terminatur.

2334 689 2686 746 Sanetissimo
2715 700 2766 746 et
2791 692 3098 747 beatissimo
3122 692 3341 748 domino
3370 699 3425 747 et
3468 690 3826 747 consacerdoti

2265 777 2458 846 Vigilio
2489 778 2805 851 Eutychius.

2334 869 2923 941 Scientcsquantorum
2963 872 3223 926 bonorum
3259 885 3417 927 causa
3445 880 3530 926 est
3570 888 3670 940 pax
3714 868 3822 935 Dei,

2262 959 2566 1014 custodiens
2595 958 2757 1014 corda
2786 968 2842 1014 et
2870 974 3058 1015 sensus
3098 959 3351 1025 ﬁdelium,
3382 968 3437 1014 et
3464 960 3715 1028 colligens
3738 975 3827 1013 eos

2264 1059 2323 1104 ut
2349 1067 2510 1105 unum
2542 1051 2792 1122 idemque
2820 1053 3033 1123 sapiant
3056 1052 3109 1105 in
3132 1060 3276 1106 recta
3308 1051 3427 1107 ﬁdei
3472 1050 3823 1114 confessione,

2262 1148 2318 1193 ct
2340 1139 2405 1194 ad
2433 1141 2755 1211 perﬁcienda
2775 1142 2953 1195 divina
2978 1140 3251 1205 mandata,
3276 1150 3329 1196 et
3349 1141 3637 1211 propitium
3668 1140 3825 1194 Deum

2263 1228 2462 1284 faciens
2488 1231 2541 1283 in
2576 1231 2656 1283 his
2683 1245 2803 1299 qua:
2829 1239 2975 1285 recta
3022 1237 3148 1284 sunt
3175 1228 3625 1285 concordantibus
3659 1247 3670 1281 :
3710 1229 3826 1282 ideo

2261 1319 2574 1375 festinantes
2593 1321 2849 1375 unitatem
2866 1335 3183 1376 conservare
3204 1318 3267 1373 ad
3289 1320 3637 1390 apostolicam
3653 1319 3825 1374 sedem

2262 1421 2457 1467 vestra:
2503 1413 2845 1468 beatitudinis
2882 1412 3217 1468 manifestum
3259 1412 3505 1479 facimus,
3552 1412 3691 1481 quod
3733 1427 3827 1466 nos

2262 1517 2477 1572 semper
2501 1512 2554 1556 et
2582 1504 2911 1557 servavimus
2951 1510 3007 1557 et
3042 1517 3318 1558 servamus
3362 1503 3518 1557 ﬁdem
3566 1503 3634 1556 ab
3681 1502 3828 1557 initio

2264 1593 2510 1647 traditam
2539 1610 2567 1648 a
2592 1609 2784 1662 magno
2811 1594 2918 1649 Deo
2947 1600 3001 1649 et
3021 1594 3300 1649 Salvatore
3321 1602 3506 1649 nostro
3534 1592 3657 1649 Jesu
3676 1594 3820 1649 Chri~

2264 1695 2350 1739 sto
2371 1686 2572 1741 sanctis
2597 1687 2874 1756 apestolis,
2906 1696 2960 1741 et
2987 1687 3053 1741 ah
3080 1686 3184 1740 illis
3210 1686 3262 1739 in
3285 1685 3429 1740 omni
3470 1685 3667 1740 mundo
3693 1700 3827 1755 prac-

2264 1776 2512 1842 dicatam,
2538 1787 2593 1831 et
2617 1777 2815 1831 sanctis
2843 1775 3092 1830 Patribus
3120 1775 3482 1844 explanatam,
3524 1783 3580 1828 et
3602 1774 3827 1827 maxime

588 1864 801 1936 τέτρασι
838 1863 1069 1925 συνόδοις
1109 1867 1467 1930 συνελθόντων,
1520 1864 1591 1928 οἷς
1630 1867 1933 1933 διαπαντός,
1971 1875 2057 1924 καὶ
2107 1874 2158 1925 ἐν

2275 1870 2329 1924 ιι)
2378 1870 2462 1925 his
2497 1869 2586 1938 qui
2638 1869 2688 1922 in
2736 1867 2937 1922 sanctis
2986 1875 3217 1936 quatuor
3262 1865 3484 1937 synodis
3526 1864 3828 1932 congregati

589 1959 749 2007 πᾶσιν
777 1954 1169 2026 ἁκολουθοῦμεν,
1196 1961 1279 2012 καί
1305 1956 1586 2029 δεχόμεθα,
1616 1962 1850 2016 τουτέστι
1872 1963 1992 2023 τοὺς
2018 1984 2162 2036 τρια-

590 2047 794 2105 κοσίους
845 2044 963 2100 δέκκ
996 2052 1079 2101 καὶ
1116 2049 1246 2104 όκτώ
1279 2049 1456 2123 ἁγίους
1489 2054 1717 2125 πατέρας
1754 2055 1872 2113 τούς
1908 2056 1955 2107 έν
1989 2062 2165 2128 Nn:an

588 2135 945 2203 συνελθόντας,
993 2142 1075 2193 καὶ
1117 2141 1175 2195 τό
1209 2140 1350 2213 ἅγιον
1383 2142 1666 2212 σύμϐολον,
1704 2144 1814 2202 ἦτοι
1841 2167 1879 2214 μ
1914 2147 2050 2215 θημα
2075 2157 2165 2208 τῆς

590 2226 817 2287 πίστεως
844 2228 1160 2299 ἕκθεμένους,
1206 2235 1289 2287 καί
1324 2238 1413 2292 τήν
1437 2231 1625 2307 Ἀρείου
1653 2235 1836 2305 μανίαν
1861 2228 2163 2308 ἀναθεματίί

591 2336 806 2381 σαιτας,
859 2322 940 2373 καί
972 2322 1093 2380 τοὺς
1130 2322 1320 2381 ταύτην
1355 2329 1724 2399 φρονήσαντας,
1760 2325 1792 2385 ἢ
1841 2334 2162 2400 φρονοῦντας.

591 2410 856 2480 Δεχόμεθα
885 2409 938 2465 δέ
966 2416 1049 2467 καί
1096 2416 1215 2475 τοὺς
1259 2414 1437 2471 ἑκατόν
1477 2415 1649 2489 ἁγίους
1692 2419 1918 2493 πατέρας
1956 2422 2074 2479 τοὺς
2118 2422 2168 2474 ἔν

593 2504 1103 2559 Κωνσταντινουπόλει
1147 2506 1505 2570 συνελθόντας,
1551 2507 1751 2567 οἵτινες
1779 2510 1835 2563 τό
1872 2509 1997 2562 αὐτὸ
2026 2508 2168 2582 ἅγιον

595 2594 804 2666 μάθημα
828 2596 1126 2667 ἐσαφήνισαν
1143 2636 1160 2661 ,
1188 2599 1268 2671 καὶ
1302 2599 1366 2651 rei
1390 2601 1508 2671 περί
1532 2607 1624 2661 τῆς
1649 2599 1878 2659 θεότητος
1902 2606 1992 2654 τοῦ
2021 2600 2166 2670 ἁγίου

594 2686 881 2752 πνεύματος
907 2666 1232 2761 ἐτράνωσανί
1273 2693 1359 2745 καί
1383 2696 1475 2751 τήν
1519 2692 1710 2765 αἳρεσιν
1751 2691 2050 2747 Μακεδονίου
2077 2700 2169 2748 τοῦ

595 2780 1040 2851 πνευματομάχου
1060 2820 1075 2843 ,
1105 2783 1188 2835 καί
1211 2782 1297 2836 τόν
1321 2782 1483 2840 ἀσεϐῆ
1505 2783 1839 2855 ’Δπολινὰριον
1863 2786 2169 2861 κατέκριναν,

596 2872 724 2939 μετά
763 2877 862 2925 τῶν
887 2872 953 2927 τὰ
976 2874 1107 2930 αὐτὰ
1133 2872 1328 2935 ἐκείνοις
1352 2876 1730 2949 φρονησάντων,
1769 2874 1799 2934 ἦ
1841 2875 2167 2950 φρονούντων.

596 2960 859 3032 Δεχόμεθα
881 2960 935 3017 δέ
957 2966 1041 3018 καί
1066 2966 1185 3024 τοὺς
1212 2963 1504 3027 διακοσίους
1529 2964 1703 3038 ἁγίους
1729 2968 1958 3040 πατέρας
1979 2970 2096 3027 τοὺς
2120 2968 2169 3020 ἓν

597 3059 659 3124 τῇ
680 3051 788 3107 κατ’
812 3050 1020 3125 Ἔφεσον
1044 3057 1220 3128 πρώτῃ
1242 3054 1439 3125 συνόδῳ
1460 3057 1831 3131 ἀθροισθέντας.
1860 3058 1905 3110 οἵ
1931 3077 2061 3116 τινες
2089 3055 2172 3111 διὰ

599 3145 796 3198 πάντων
845 3144 1182 3204 ἠκολούέησαν
1206 3154 1276 3219 τῷ
1303 3148 1441 3218 αὐτῷ
1486 3147 1612 3220 ἁγίῳ
1640 3148 1906 3217 συμϐόλῳ,
1936 3149 2050 3207 ἤτοι
2076 3172 2174 3219 μα-

2265 1971 2410 2024 snnt,
2440 1974 2578 2028 quos
2600 1975 2695 2029 per
2720 1958 2897 2012 omnia
2941 1966 2995 2011 et
3027 1958 3076 2011 in
3109 1957 3358 2011 omnibus
3381 1956 3749 2024 amplectimur
3776 1961 3829 2008 et

2262 2050 2602 2120 suscipimus,
2633 2050 2680 2104 id
2704 2058 2805 2109 est,
2839 2056 3109 2103 trecentos
3140 2046 3324 2101 decem
3367 2053 3423 2100 et
3449 2054 3572 2100 octo
3620 2052 3830 2099 sanctos

2265 2138 2451 2194 Patres
2474 2139 2562 2207 qui
2602 2139 2787 2193 Nicaea:
2816 2137 3123 2206 congregati
3155 2143 3299 2201 sunt,
3331 2143 3387 2190 et
3413 2142 3655 2189 sanctum
3700 2149 3830 2205 sym-

2263 2228 2443 2283 bolum
2473 2229 2587 2284 sive
2620 2228 2889 2283 mathema
2921 2226 3041 2282 ﬁdei
3070 2234 3457 2297 exposuerunt,
3490 2232 3546 2280 et
3583 2224 3831 2279 Arianam

2266 2322 2597 2391 impietatem
2623 2320 3224 2383 anathematizaverunt,
3256 2326 3310 2372 et
3340 2332 3436 2372 eos
3459 2317 3551 2386 qui
3595 2316 3780 2371 similia
3806 2324 3831 2352 ι

2264 2414 2346 2469 eis
2369 2421 2662 2483 sapuerunt
2683 2412 3023 2481 velsapiunt.
3049 2410 3382 2480 Suscipimus
3408 2418 3585 2463 autem
3623 2417 3677 2463 et
3707 2423 3832 2463 cen-

2268 2513 2381 2558 tum
2437 2503 2821 2574 quinquaginta
2868 2508 3087 2557 sanctos
3135 2499 3324 2555 Patres
3373 2498 3835 2568 Constantinopoli

2268 2606 2640 2665 congregatos,
2669 2594 2759 2664 qui
2786 2594 2925 2649 idem
2952 2601 3192 2648 sanctum
3220 2593 3485 2646 mathema
3515 2592 3833 2662 explanave-

2269 2692 2420 2748 runt,
2437 2691 2492 2738 et
2518 2682 2586 2737 de
2613 2683 2813 2738 deitate
2842 2682 3010 2737 sancti
3038 2681 3271 2751 Spiritus
3317 2681 3757 2745 dilucidaverunt,
3785 2690 3838 2735 et

2268 2771 2515 2827 hmrcsim
2580 2770 3040 2835 Macedonianam,
3083 2779 3325 2825 sanctum
3372 2769 3629 2840 Spirimm
3677 2770 3841 2840 impu-

2270 2870 2544 2930 gnantem,
2572 2868 2627 2914 et
2658 2861 2879 2926 impium
2911 2860 3298 2930 Apollinarium
3333 2859 3837 2925 condemnaverunt,

2270 2967 2391 3006 cum
2420 2951 2504 3005 his
2523 2951 2612 3019 qui
2641 2950 2835 3006 similia
2860 2950 2967 3005 illis
2993 2957 3283 3019 sapuerunt
3306 2948 3385 3003 vel
3402 2949 3631 3017 sapiunt.
3657 2947 3838 3003 Susci-

2271 3041 2448 3110 pimus
2474 3047 2649 3095 autem
2677 3048 2731 3095 et
2756 3047 2972 3095 sanctos
2998 3038 3258 3094 ducentos
3282 3036 3468 3092 Patres
3496 3037 3548 3091 in
3577 3036 3840 3107 Ephesina

2274 3134 2445 3204 prima
2470 3132 2674 3204 synodo
2696 3140 3064 3200 congregatos,
3087 3131 3175 3199 qui
3205 3146 3302 3200 per
3325 3130 3501 3184 omnia
3531 3130 3701 3183 secuti
3721 3138 3847 3183 sunt

599 3233 812 3301 θόματι,
843 3256 873 3287 κ
906 3236 1068 3311 τέκριν
1104 3257 1130 3288 ν
1158 3233 1209 3289 δέ
1239 3238 1505 3308 Νεστόριον
1529 3238 1613 3291 τόν
1640 3237 1803 3294 ἀσεϐῆ
1871 3241 1953 3289 καὶ
1979 3240 2042 3293 rei
2067 3262 2162 3309 μυ-

2275 3227 2411 3282 idem
2444 3234 2684 3283 sanctum
2715 3226 3012 3296 symbolum
3053 3224 3166 3279 sive
3196 3223 3486 3286 mathema,
3516 3230 3568 3276 et
3592 3222 3849 3277 condem-

600 3326 740 3395 σαρά
766 3324 918 3379 αὐτοῦ
944 3321 1192 3398 δόγματα,
1223 3328 1306 3379 καί
1332 3328 1448 3385 τούς
1474 3327 1537 3379 rei
1565 3324 1714 3396 ὅμοια
1743 3327 1877 3393 αὐτῷ
1904 3324 2173 3386 ὁτιδήποτε

603 3417 975 3489 φρονήσαντας,
1004 3413 1034 3473 ἣ
1060 3421 1363 3488 φρονοῦντας
1422 3416 1546 3490 Πρός
1587 3418 1783 3476 τούτοις
1811 3414 2064 3486 δεχόμεῗα
2092 3422 2176 3473 καί

604 3507 722 3564 τοὺς
750 3505 1040 3569 ἑξακοσίους
1065 3507 1334 3580 τριάκοντα
1360 3506 1536 3578 ἁγίους
1562 3505 1784 3582 πατέρας
1829 3508 1945 3565 τοὺς
1973 3508 2021 3560 έν
2046 3509 2173 3562 Χαλα

603 3597 776 3657 κηδόνι
802 3600 1147 3663 συνελθόντας,
1180 3602 1227 3655 οἷ
1250 3622 1378 3661 τινες
1408 3604 1491 3655 καί
1521 3602 1665 3655 αὐτοὶ
1687 3599 1771 3655 διὰ
1799 3602 1998 3655 πάντων
2025 3606 2177 3671 συνῄ-

604 3710 756 3743 νεσαν
800 3699 914 3751 ταῖς
959 3693 1352 3768 προρίῗηθείσαις
1398 3690 1562 3762 ἁγίαις
1608 3692 1747 3767 τρισί
1789 3690 2053 3755 συνόδοις,
2098 3696 2180 3746 καί

607 3779 944 3840 ἠκολούθησαν
970 3790 1041 3853 τῷ
1068 3782 1398 3858 προῤῥηθέντι
1422 3780 1662 3849 συμϐόλῳ
1680 3822 1693 3835 .
1737 3780 1849 3839 ἦτοι
1892 3784 2147 3851 μαθήματι
2163 3825 2178 3846 ,

608 3878 680 3940 τῷ
707 3872 850 3946 παρά
880 3878 977 3925 τῶν
1022 3870 1176 3944 ἁγίων
1213 3870 1446 3943 πατέρων
1499 3869 1768 3933 ἑκτεθέντι,
1815 3874 1897 3924 καί
1940 3873 2038 3925 ἀπὸ
2082 3880 2182 3928 τῶν

611 3960 789 4014 ἑκατόν
838 3964 1144 4017 πεντήκοντα
1191 3959 1344 4030 ἁγίων
1393 3958 1627 4034 πατέρων
1676 3962 2041 4032 σαφηνεσθέντι.
2093 3966 2182 4016 Καὶ

613 4052 973 4121 ἀνεθεμάτισαν
1009 4052 1126 4110 τοὺς
1173 4051 1343 4123 ἕτερον
1371 4052 1509 4126 παρά
1534 4051 1592 4103 τὸ
1640 4051 1892 4124 εἰρημένον
1930 4053 2185 4121 σύμϐολον

611 4144 890 4213 τολμῶντας
920 4140 1201 4208 διδάσκειν,
1230 4141 1260 4201 ἦ
1290 4142 1559 4197 ἐκτίθεσθαι
1599 4144 1681 4194 κλί
1717 4139 2052 4216 πςιραδιδόναι
2073 4150 2183 4204 ταῖς

614 4237 778 4305 ἁγίαις
806 4240 892 4288 τοῦ
921 4240 1047 4288 Θεοῦ
1075 4235 1373 4292 έκκὶησίαις.
1402 4233 1704 4306 Κατέκριναν
1730 4230 1805 4293 δέ,
1836 4234 1921 4284 καί
1946 4232 2183 4300 ἀνεθεμά-

615 4347 762 4380 τισαν
788 4328 871 4379 καί
899 4325 1135 4394 Εὐτυχῆ,
1184 4327 1269 4377 καί
1296 4319 1588 4400 Νεστόριον,
1627 4325 1706 4377 καί
1732 4323 1797 4375 rei
1839 4321 2001 4378 ἀσεϐῆ
2026 4321 2185 4374 αὐτῶν

616 4414 875 4488 δόγματα,
903 4418 988 4470 καί
1011 4419 1129 4475 τοὺς
1156 4419 1221 4470 τὰ
1253 4413 1397 4485 ὅμοια
1423 4417 1596 4476 αὐτοῖς
1624 4417 1987 4487 φρονήσαντνςι
2017 4412 2046 4470 ἢ
2071 4432 2187 4484 ΨΡ⁰⁶

615 4512 843 4566 νοῦντας.
893 4508 1090 4559 Τούτων
1135 4504 1295 4564 οὕτως
1323 4504 1577 4576 ἐχόντων,
1623 4501 1766 4561 δῆλον
1791 4508 2059 4569 ποιοῦμεν,
2107 4498 2187 4554 ὅτι

2275 3326 2538 3373 navcrunt
2556 3315 2856 3371 Nestorium
2885 3315 3122 3384 impium,
3152 3322 3209 3368 et
3234 3313 3394 3385 impia
3424 3312 3542 3381 ejus
3570 3313 3841 3381 dogmata,

2275 3417 2330 3464 et
2359 3424 2454 3463 eos
2477 3407 2566 3478 qui
2597 3406 2795 3461 similia
2812 3405 2861 3459 ei
2883 3403 3170 3475 aliquando
3196 3410 3491 3472 sapuerunt
3511 3402 3592 3454 vel
3614 3401 3845 3470 sapiunt.

2279 3499 2357 3553 Ad
2386 3498 2498 3553 haec
2528 3504 2704 3551 autem
2732 3494 3050 3563 suscipimus
3071 3500 3126 3547 et
3171 3500 3458 3547 sexcentos
3492 3491 3706 3559 triginta
3729 3506 3855 3543 sau-

2278 3601 2397 3644 ctos
2433 3586 2618 3641 Patres
2657 3583 2995 3639 Chalcedone
3023 3589 3398 3649 congregatos,
3429 3578 3516 3647 qui
3560 3578 3719 3632 etiam
3753 3579 3851 3648 ipsi

2277 3696 2375 3750 per
2403 3678 2582 3732 omnia
2623 3678 3006 3730 consenserunt
3053 3669 3316 3740 prmdictis
3360 3668 3527 3721 tribus
3558 3666 3778 3738 synodis
3802 3666 3851 3728 ι»,

2279 3778 2334 3824 et
2362 3768 2533 3824 secuti
2559 3776 2685 3820 sunt
2711 3763 3019 3833 przedictum
3048 3758 3348 3830 symbolum
3378 3758 3489 3812 sive
3519 3757 3791 3811 mathema
3824 3772 3854 3810 a

2282 3860 2534 3916 trecentis
2562 3856 2744 3911 decem
2768 3862 2823 3909 et
2851 3862 2973 3908 octo
3004 3850 3203 3905 sanctis
3243 3847 3491 3903 Patribus
3531 3847 3858 3918 expositum,

2282 3964 2337 4008 et
2363 3969 2393 4007 a
2422 3940 2634 4006 centum
2667 3944 3050 4016 quinquaginta
3089 3941 3290 3996 sanctis
3317 3940 3565 3994 Patrihus
3604 3938 3862 4007 explana-

2286 4056 2418 4103 tum.
2457 4048 2512 4095 et
2554 4033 3136 4091 anathematizaverunt
3160 4045 3271 4084 eos
3317 4028 3405 4098 qui
3465 4026 3609 4080 aliud
3664 4035 3863 4094 pneter

2282 4131 2589 4203 prmdictum
2619 4124 2920 4197 symbolum
2966 4127 3299 4192 prmsumunt
3322 4119 3539 4183 docere,
3571 4124 3663 4169 aut
3693 4130 3867 4184 expo-

2283 4237 2431 4286 nere,
2460 4229 2551 4272 aut
2586 4217 2797 4271 tradere
2823 4213 3023 4269 sanctis
3047 4211 3289 4267 ecclesiis
3319 4208 3410 4262 Dei
3439 4217 3485 4260 ε.
3515 4204 3867 4260 Condemna-

2284 4317 2475 4365 verunt
2516 4316 2693 4362 autem
2741 4313 2795 4358 et
2825 4301 3411 4358 anathematizaverunt
3452 4304 3506 4350 et
3543 4294 3866 4366 Eutychen),

2285 4413 2341 4457 et
2386 4399 2706 4462 Nestorium,
2745 4404 2800 4451 et
2851 4394 3012 4463 impia
3043 4406 3228 4446 eorum
3257 4389 3525 4455 dogmata,
3551 4393 3607 4439 et
3645 4399 3745 4439 eos
3775 4384 3870 4453 qui

2286 4492 2478 4546 similia
2507 4491 2584 4545 eis
2611 4492 2908 4557 sapuerunt
2934 4481 3017 4537 vel
3046 4481 3280 4550 sapiunt.
3327 4477 3420 4532 His
3467 4477 3538 4530 ita
3567 4490 3625 4529 se
3667 4473 3875 4528 haben-

616 4603 781 4651 πάντα
807 4598 871 4652 rei
907 4598 1007 4650 ἀπὸ
1035 4602 1134 4651 τῶν
1160 4596 1530 4671 προειρημένων
1565 4594 1718 4668 ἁγίων
1745 4594 2004 4665 τεσσάρων
2036 4587 2173 4645 συνό-

2289 4585 2450 4644 tihus,
2478 4588 2683 4637 certum
2732 4575 2955 4630 facimus
2977 4612 2992 4637 ,
3025 4569 3168 4640 quod
3196 4569 3375 4623 omnia
3403 4582 3520 4636 quae
3550 4582 3579 4619 a
3599 4562 3878 4635 praedictis

564 4721 569 4727 -
617 4687 716 4744 δων
741 4691 965 4764 κριθέντα
990 4711 1042 4746 τε
1059 4731 1074 4756 ,
1103 4694 1183 4744 καί
1221 4690 1501 4765 ὁρισθέντα,
1532 4692 1611 4743 καί
1634 4688 1963 4762 ἑφυλάξαμεν,
1994 4689 2075 4739 καί
2100 4707 2184 4758 φυ-

619 4784 879 4854 λάττομεν.
906 4782 1101 4842 Ἐπειδή
1144 4778 1228 4856 κᾷν
1253 4784 1378 4837 κατὰ
1405 4778 1673 4853 διαφόρους
1719 4777 1938 4850 χρόνους
1971 4776 2023 4829 αἶ
2050 4778 2185 4850 εἰρη-

620 4878 765 4945 μέιαι
791 4873 928 4944 ἁγίαι
965 4876 1212 4947 τέσσαρες
1256 4871 1458 4927 σύννδοι
1482 4870 1732 4943 ἐγένοντο,
1780 4865 1915 4937 ὅμως
1942 4870 2061 4936 μίαν
2101 4868 2185 4921 καί

620 4973 705 5025 τήν
730 4968 881 5024 αὐτην
906 4963 1175 5037 ὁμολογίιν
1204 4971 1293 5024 τῆς
1322 4964 1546 5020 πίστεως
1581 4958 1848 5029 ἐφύλαξαν,
1898 4958 1980 5008 καί
2004 4956 2179 5028 ἐκήρυ-

621 5062 724 5125 ξαν.
754 5056 1019 5129 Δεχόμίθα
1043 5055 1096 5113 δέ
1116 5060 1198 5112 καί
1222 5044 1669 5130 περιπτυσσόμεθα
1689 5051 1773 5101 καί
1797 5048 1889 5105 τὰς
1914 5044 2185 5106 ἐπιστολάς

628 5158 720 5207 τῶν
745 5149 1003 5227 προέδρων
1040 5157 1133 5208 τῆς
1158 5148 1208 5200 ἕν
1232 5146 1393 5217 Ῥώμῃ
1420 5139 1755 5197 ἀποστολικῆς
1789 5134 2031 5208 καθέδρας
2052 5176 2064 5197 ,
2092 5143 2191 5190 τῶν

624 5265 672 5298 τε
703 5241 882 5308 ἄλλων,
911 5245 990 5296 καί
1016 5240 1226 5299 Λέοντος
1253 5242 1342 5292 τοῦ
1371 5237 1419 5287 ἐν
1446 5232 1605 5306 ἁγίοις
1624 5270 1640 5293 ,
1670 5232 1762 5289 τὰς
1787 5230 1904 5305 περὶ
1929 5235 2017 5286 τῆς
2048 5230 2192 5300 ὀρθῆς

626 5340 843 5395 πίστεως
867 5332 1216 5406 γεγραμμένας
1235 5370 1250 5392 ,
1297 5330 1416 5403 περί
1440 5333 1537 5382 τῶν
1564 5324 1715 5394 ἁγίων
1740 5322 2008 5394 τεσσάρων
2036 5319 2189 5374 συνό-

622 5429 649 5484 δ
695 5450 749 5491 ν,
795 5426 824 5484 ἦ
852 5430 970 5495 μιᾶς
999 5426 1049 5488 ἐξ
1097 5424 1277 5476 αὐτῶν.
1326 5419 1500 5473 Ὁπότε
1548 5419 1707 5470 τοίνυν
1754 5415 1816 5467 τά
1862 5409 2192 5485 προῃρημένοι

694 5639 715 5660 ⁸
749 5626 1037 5688 llellovac.,
1066 5626 1150 5692 qui
1177 5620 1421 5692 insimiliu
1444 5619 1508 5672 ci.

693 5698 716 5735 ιν
751 5694 940 5760 Paris,
963 5688 1218 5764 prrriliclig
1247 5691 1404 5764 tripus
1434 5688 1660 5764 synodis.

700 5780 721 5807 ι
760 5760 978 5823 Veteres
1005 5765 1141 5829 libn',
1177 5762 1273 5817 Dei
1305 5760 1566 5815 Eccteaiis.

2289 4674 2493 4729 sanctis
2519 4678 2750 4740 quatuor
2771 4664 2794 4704 δ
2820 4664 3037 4737 synodis
3060 4662 3294 4732 judicala
3316 4666 3373 4715 et
3399 4657 3611 4714 deﬁnita
3644 4665 3793 4725 sunt,
3820 4665 3881 4710 et

2290 4764 2641 4827 servavimus,
2671 4769 2725 4815 et
2752 4772 3031 4815 servamus
3055 4772 3070 4821 ;
3095 4753 3219 4824 quia
3248 4753 3349 4808 etsi
3374 4767 3467 4821 per
3492 4749 3701 4804 diversa
3736 4756 3879 4802 tem-

2290 4872 2419 4927 pora
2461 4852 2729 4925 praedictae
2768 4854 2967 4903 sancta:
2993 4852 3226 4915 quatuor
3270 4840 3458 4912 synodi
3514 4837 3668 4891 facta:
3720 4844 3889 4900 sunt,

2290 4957 2468 5001 tamen
2499 4958 2659 4999 unam
2705 4938 3056 5008 eamdemque
3088 4932 3476 4991 confessionem
3521 4928 3641 4983 tidei
3692 4943 3883 4983 serva-

2292 5048 2488 5098 verunt
2526 5047 2583 5093 ct
2624 5034 3064 5108 praedicaverunt.
3098 5026 3426 5098 Suscipimus
3475 5032 3655 5079 autem
3683 5030 3741 5077 et
3769 5037 3889 5076 ani—

2292 5131 2573 5202 plectimur
2593 5135 2648 5181 et
2669 5123 2923 5195 epistolas
2946 5119 3229 5191 praesulum
3286 5115 3543 5170 Romana:
3571 5111 3714 5170 sedis
3745 5126 3888 5181 apo-

2292 5219 2494 5275 stolicze
2518 5226 2542 5255 ο
2570 5224 2677 5269 tam
2707 5214 2954 5273 aliorum,
2982 5222 3143 5277 quam
3189 5204 3383 5260 Leonis
3412 5212 3612 5259 sancta:
3660 5216 3889 5254 memo-

2296 5314 2388 5367 riae
2414 5310 2479 5364 de
2508 5314 2652 5362 recta
2683 5304 2786 5358 ﬁde
2808 5301 3052 5371 scriptas,
3076 5306 3130 5354 et
3158 5297 3226 5367 dc
3253 5304 3486 5366 quatuor
3515 5291 3718 5347 sanctis
3742 5307 3890 5345 con-

2298 5405 2455 5469 ciliis,
2477 5401 2561 5456 vel
2593 5413 2699 5453 uno
2726 5410 2932 5452 eorum.
2964 5394 3099 5448 Cum
3132 5391 3294 5460 igitur
3322 5389 3573 5462 praedicta
3600 5386 3790 5440 cinnia
3833 5392 3892 5438 et

2371 5604 2393 5641 ἀ
2428 5603 2533 5653 Vox
2560 5609 2772 5671 quatuor
2794 5611 2899 5650 non
2923 5594 3150 5671 hahetur
3175 5593 3228 5645 in
3253 5591 3387 5645 libro
3412 5583 3812 5641 Bcllovacensi.

2374 5684 2393 5711 ε
2421 5664 2609 5734 ἰδίη-δεῖ,
2639 5671 2772 5724 sedis
2805 5676 2849 5720 ct
2880 5664 3192 5733 apostolum.
