4006 6190
651 349 716 404 6'7

2065 293 2250 401 VlGll.l

2349 339 2528 396 ’ΔΗΕ
3837 336 3898 391 68

661 472 822 524 αὐτῶν
847 464 1070 520 συνόδων
1096 466 1146 519 ἓν
1173 464 1335 520 ἅπασι
1359 462 1752 537 φυλαττομένου.
1774 458 1958 535 ’Ἠνπερ
1977 459 2242 546 ὁμολογίαν

2349 469 2464 523 qum
2493 454 2561 507 ab
2585 452 2787 507 eisdem
2809 462 3040 524 quatuor
3069 450 3269 506 sanctis
3295 447 3517 523 synodis
3535 446 3746 546 definita
3766 459 3899 515 sunt,

658 566 758 614 τῶν
794 564 1049 631 πατρικῶν
1085 554 1418 631 παραδόσεων
1454 554 1886 626 μνημονεύουσαν.
1926 555 2011 606 καὶ
2052 554 2238 610 αὐταῖς

659 649 1044 710 ἀκολουθοῦσαν,
1073 651 1224 700 τοῦτο
1264 646 1351 715 μὲν
1377 646 1427 698 ἄν
1459 652 1522 718 τῇ
1548 645 1690 712 ὑμῶν
1727 641 2049 714 ἀδελφότητι,
2085 646 2240 694 τοῦτο

661 735 714 795 δέ
744 739 790 790 ἔν
824 737 990 792 ἅπασι
1023 744 1126 796 τοῖς
1160 736 1226 790 τὰ
1255 732 1402 809 ὅμοια
1437 733 1782 806 ὁμολογὸσασί
1823 752 1899 797 τε,
1940 734 2024 786 καὶ
2063 730 2240 801 ὁμολο-

659 833 834 900 γοῦσι,
860 828 1053 885 παντὸς
1081 825 1283 880 ἐπαίνου
1312 825 1704 899 πεπληρωμένην
1731 822 1980 898 κρίνομεν.
2010 823 2094 874 καί
2120 823 2244 890 ἡμι-

660 919 839 990 τὲρους
881 918 929 980 ἐξ
967 918 1118 971 αὐτοῦ
1146 922 1238 971 τοῦ
1263 917 1562 991 πράγματος
1588 916 1780 978 ἀληθῶς
1815 914 2056 987 ἀδελφοὺς
2084 914 2246 985 ἐπιγι-

661 1011 935 1076 νώσκομιν.
965 1004 1106 1060 Ὀθιν
1131 1013 1220 1066 τήν
1257 1015 1346 1063 τοῦ
1373 1013 1499 1062 Θεοῦ
1529 1008 1896 1083 φιλανθρωπίαν
1931 1007 2242 1078 εκετιύομεν,

665 1101 796 1154 ὥστε
825 1099 1018 1157 πάντας
1046 1100 1179 1168 ἡμᾶς
1207 1100 1254 1154 ἐν
1293 1100 1456 1173 ταύτῃ
1482 1106 1545 1172 τῇ
1587 1098 1847 1172 ὁμολογίᾳ,
1877 1101 1964 1151 καὶ
1999 1105 2112 1156 ταῖς
2138 1118 2244 1150 πα-

663 1197 858 1266 τρικαῖς
899 1189 1248 1264 παραδόσισιν
1288 1191 1607 1261 ἐμῴνοντας,
1656 1190 1828 1254 ἀξίους
1860 1191 2118 1262 εὑρεθῆναι
2154 1194 2244 1243 τοῦ

663 1281 1046 1352 ἕπαγγέλματος
1084 1283 1243 1350 ἡμῶν.
1287 1287 1373 1336 καὶ
1399 1283 1448 1336 ἓν
1472 1291 1533 1356 τῇ
1561 1281 1725 1355 ἡμέρᾳ
1752 1289 1842 1342 τῆς
1867 1281 2005 1340 θείας
2030 1281 2246 1356 κρίσεως

667 1373 747 1427 ἐπ’
796 1371 1004 1444 οὐδεμιᾷ
1053 1375 1350 1448 παραϐάσει
1405 1383 1504 1430 τῶν
1556 1380 1818 1446 πατρικῶν
1879 1371 2246 1428 διατυπώσεων

667 1463 982 1522 ύπευθύν.υς
1033 1465 1313 1538 εὑρεθῆναι.
1361 1466 1563 1518 Τούτων
1609 1465 1770 1525 οὕτως
1813 1464 2104 1539 εἷρημένων,
2157 1471 2248 1522 τῆς·

667 1553 916 1627 ὑμετέρας
953 1555 1200 1613 αἰτήσεως
1235 1557 1320 1608 τὸν
1353 1554 1503 1608 πόθον
1537 1554 1834 1625 ἐγνωκότες.
1874 1555 2247 1620 ἱπενεύσαμεν,

664 1645 746 1696 ἵνα
781 1647 902 1720 περὶ
942 1652 1043 1699 τῶν
1069 1652 1218 1716 τριῶν
1251 1645 1551 1717 κεφαλαίων,
1609 1646 1659 1708 ἐξ
1685 1642 1751 1697 ὧν
1787 1647 1996 1706 ζήτησις
2037 1643 2248 1715 unseen,

666 1736 930 1806 γινομένης
976 1758 1064 1788 καν
1094 1744 1230 1794 νικῆς
1271 1733 1486 1788 συνόδου
1505 1776 1517 1796 ,
1547 1739 1632 1788 καὶ
1658 1741 1744 1789 τοῦ
1774 1733 1966 1788 δικαίου
2002 1733 2250 1803 φυλαττο-

2340 545 2655 598 inconcussa
2689 553 2990 607 serventur,
3036 540 3345 598 earumdem
3389 537 3718 611 synodorum
3757 553 3900 596 reve-

2341 636 2515 692 rentia
2543 635 2598 690 in
2627 635 2877 690 erunibus
2901 633 3187 690 custodita.
3218 631 3391 699 Quam
3414 630 3792 703 professionem
3821 646 3905 701 pa-

2341 737 2614 784 ternarum
2643 726 2988 782 traditionum
3029 739 3327 785 memorem
3367 732 3424 780 et
3471 737 3770 792 sequacem,
3800 729 3903 776 tam

2342 821 2396 875 in
2425 818 2761 874 fraternitate
2783 825 2960 872 vestra
2987 830 3149 886 quam
3188 815 3241 870 in
3269 814 3518 874 omnibus
3554 812 3744 869 simil-ia
3781 827 3909 867 con-

2337 910 2497 966 fessis
2539 918 2700 979 atqm
2727 907 3136 977 confitentibus,
3167 907 3313 963 omni
3361 907 3520 963 laude
3561 905 3910 976 plenissimam

2339 999 2730 1070 judicavimus‘
2757 1005 2814 1054 et
2842 1006 3057 1054 nostros
3075 1012 3142 1053 ex
3170 1012 3234 1053 ea
3260 1013 3320 1053 re
3345 995 3514 1053 vereb
3543 995 3734 1052 fratres
3752 1007 3910 1063 agno-

2344 1091 2563 1156 scimus.
2595 1089 2750 1146 Unde
2777 1089 2972 1146 divina:
2999 1090 3300 1146 clementia
3318 1089 3700 1161 supplicamus,
3727 1095 3783 1142 ut
3801 1101 3910 1140 om-

2345 1197 2443 1236 nes
2464 1197 2564 1237 nos
2582 1182 2643 1236 in
2675 1181 2776 1236 hac
2800 1179 3138 1236 confessione
3166 1189 3223 1234 et
3251 1179 3528 1250 paternise
3554 1176 3910 1234 traditionibus

2347 1278 2743 1343 permanentes,
2777 1280 2962 1325 nostro
2984 1269 3129 1339 digni
3155 1269 3494 1340 reperiantur
3530 1267 3724 1332 cilicio,
3768 1277 3825 1321 et
3868 1267 3910 1319 iu

2347 1361 2435 1417 die
2483 1359 2648 1417 divini
2694 1359 2882 1430 iudicii
2936 1360 3066 1414 nulli
3106 1357 3536 1430 praevaricationi
3583 1365 3910 1427 paternarum

2349 1451 2791 1508 constitutionum
2818 1450 3154 1505 inveniamur
3181 1449 3420 1505 obnoxii.
3455 1447 3659 1514 Quibus
3693 1446 3762 1500 ita
3790 1459 3910 1514 prte-

2349 1542 2507 1598 dictis
2534 1541 2983 1612 postulationibus
3009 1549 3246 1601 vestrum
3279 1537 3681 1610 [postulationis
3715 1534 3909 1592 vestrae

2350 1632 2673 1689 desiderium
2704 1638 3094 1701 cognoscentes
3123 1630 3434 1694 annuimus,
3466 1637 3526 1684 ut
3553 1629 3621 1683 de
3644 1629 3812 1683 tribus
3839 1640 3910 1681 can

2353 1726 2556 1796 pltulis,
2605 1741 2671 1780 ex
2700 1723 2894 1793 quibus
2922 1722 3149 1791 qumstio
3198 1728 3322 1776 nata
3372 1727 3474 1784 est,
3513 1718 3655 1776 facto
3701 1717 3910 1786 regular

669 1826 844 1893 μένου,
870 1827 919 1879 ἕν
941 1826 1080 1898 μέσῳ
1098 1826 1220 1892 (τῶν
1259 1825 1596 1900 προκειμένων
1621 1833 1720 1879 τῶν
1749 1824 1902 1897 ὰγῖων
1929 1821 2246 1894 εὐαγγελίων,

2354 1821 2656 1882 conventu,
2711 1819 2924 1868 servata
2976 1812 3263 1881 aequitate,
3315 1808 3508 1868 mediis
3573 1807 3903 1864 sacrosancti

671 1912 779 1983 ἅμα
829 1935 859 1967 τ
891 1921 935 1973 ἴς
976 1915 1230 1968 ἐνωθεῐσιν
1267 1918 1387 1986 ἡμῖν
1422 1913 1672 1986 ἀδελφοῖς,
1717 1911 1985 1985 σύγκρισιν
2025 1913 2249 1968 ποιησὼ-

670 2006 798 2073 μςθα
859 2008 944 2057 Li
980 2005 1064 2057 τί).
1096 2026 1120 2064 ς
1165 2003 1194 2059 δ
1224 2007 1284 2079 θῇ
1320 2013 1392 2076 τῷ
1428 2013 1539 2075 Θεῷ
1565 2006 1806 2079 ἀρέσκον,
1846 2007 1928 2057 καὶ
1971 2003 2249 2070 συμϐαῖνον

667 2102 777 2153 τοῖς
803 2096 942 2168 παρά
969 2103 1066 2148 τῶν
1097 2094 1252 2166 ἁγίων
1279 2098 1548 2169 τεσσάρων
1581 2093 1806 2150 συνόδων
1843 2095 2147 2169 ὀρισῗεῖσιιν
2177 2114 2198 2148 ε
2227 2123 2250 2132 -

669 2185 814 2244 δ,τες
840 2184 1050 2251 δηλαδή,
1079 2186 1303 2261 καθάπερ
1331 2190 1414 2240 καὶ
1439 2189 1468 2244 ἡ
1495 2196 1586 2246 τῆς
1623 2195 1791 2246 κοινῆς
1826 2186 2089 2256 ὁμολογίας
2123 2205 2254 2261 μαρ-

668 2279 824 2350 τυρία
852 2276 1120 2339 δείκνυσιν,
1153 2280 1221 2337 ὡς
1257 2285 1356 2332 τῶν
1381 2279 1806 2348 μνημονευθεισῶν
1831 2278 2100 2352 τεσσάρων
2131 2298 2252 2330 aw—

671 2370 798 2424 όδων
827 2372 874 2424 ἕν
901 2369 1068 2425 ἅπασι
1093 2375 1151 2426 τ²›
1177 2371 1333 2430 σέϐας
1357 2372 1686 2444 φυλάττεται.
1715 2376 2022 2445 Ὑπογραφὴ.
2051 2382 2104 2424 ‘0
2131 2371 2255 2432 Θεὸς

673 2483 732 2517 σε
761 2465 876 2535 ύγιῆ
905 2463 1220 2535 διαφυλάξοι,
1249 2463 1424 2532 ἀδελφέ
1463 2468 1759 2535 τιμιὼτατε.
1788 2460 1956 2520 Ἐδόθη
1990 2463 2091 2534 πρὸ
2128 2463 2256 2518 ἔπτὰ

673 2551 816 2607 εἰδῶν
841 2551 1184 2627 Ἰανουαρίων,
1225 2554 1486 2625 βασιλείας
1512 2559 1601 2608 τοῦ
1630 2551 1878 2607 δεσπότου
1905 2552 2253 2607 Ἰουστινιοινοῦ

674 2669 704 2701 τ
731 2653 760 2698 ὖ
789 2647 988 2700 αἰωνίου
1029 2647 1320 2718 Aﬁr/ouant:
1365 2643 1514 2704 ἔτους
1545 2643 1981 2716 εἰκοστοξϐδόμου,
2013 2645 2142 2712 μετὰ
2169 2648 2258 2701 τὴν

674 2738 913 2788 ὑπατείαν
941 2735 1199 2789 Βασιλείου
1227 2741 1317 2789 τοῦ
1344 2735 1732 2809 λαμπροτάτου,
1765 2733 1919 2793 ἔτους
1946 2731 2252 2792 δωδεκάτου.

744 2831 828 2893 Τῷ
856 2825 1002 2896 ,αὐτῷ
1045 2822 1192 2895 τύπῳ
1234 2823 1425 2902 ἔγραψε
1469 2829 1552 2880 καὶ
1595 2825 1724 2897 πρὸς
1780 2821 2120 2895 ’Δ-πολινείριον
2170 2825 2255 2880 τὸν

671 2914 950 2970 destinat.»
989 2917 1395 2992 ἀρχιεπίσκοπον
1431 2924 1522 2975 τῆς
1563 2913 1922 2989 ’Δλιξανδρέων
1971 2911 2256 2989 μεγαλοπό-

673 3003 827 3066 λεως,
875 3006 958 3058 καὶ
999 3006 1127 3078 πρὸς
1167 3013 1396 3076 Δυμνῖιον
1430 3009 1514 3059 τὸν
1541 3004 1818 3060 ὁσιώτατον
1852 3007 2257 3081 ἀρχιιπζσκοπον

675 3101 765 3154 τῆς
794 3095 1158 3160 Θιουπολιτῶν,
1185 3097 1271 3148 nni
1297 3099 1385 3153 τήν
1412 3095 1500 3149 ὑπ’
1525 3096 1707 3154 αὐτούς
1733 3093 1962 3150 σύνοδον.

977 3288 1459 3346 CONSTITUTUM
1488 3289 1720 3346 VlGlLIl
1757 3289 1962 3346 ΡΑΡΛΕ

1164 3397 1232 3435 DE
1261 3397 1446 3436 TRIBUS
1471 3397 1764 3436 CAPITULIS.

744 3468 1145 3526 Gloriosissimo
1205 3479 1259 3526 et
1304 3472 1724 3528 clementissimo
1780 3471 1892 3529 lilio
1954 3469 2252 3527 Iustiniano

675 3553 924 3631 Augusto
946 3560 1163 3632 Vigilius
1193 3564 1498 3633 episcopus.

748 3649 895 3706 Inter
923 3651 1235 3708 innumeras
1255 3655 1642 3711 sollicitudines
1668 3656 1860 3725 quibus
1887 3666 2144 3712 oneratur
2161 3656 2254 3710 im-

675 3741 876 3810 periale
900 3741 1188 3810 fastigium,
1225 3743 1488 3798 laudabile
1508 3745 1806 3800 clementiae
1830 3755 2020 3802 vestrae
2049 3761 2252 3816 cogno-

674 3830 850 3882 vimus
877 3843 995 3883 esse
1023 3829 1374 3898 propositum,
1408 3846 1504 3899 per
1539 3833 1682 3901 quod
1717 3835 1978 3890 submotis
2009 3837 2253 3892 omnibus

675 3917 958 3973 discordiae
993 3919 1306 3986 seminibus,
1356 3935 1476 3989 quae
1521 3923 1734 3992 inagro
1779 3924 1990 3980 Domini
2038 3927 2254 3982 humani

661 4008 888 4078 generis
915 4008 1161 4064 inimicus
1189 4016 1512 4080 asperserat,
1543 4013 1821 4071 universos
1841 4016 2049 4072 Domini
2071 4033 2254 4073 sacer-

676 4099 830 4154 dotes
851 4099 1138 4168 prtemissis
1157 4101 1223 4155 ad
1250 4103 1611 4159 testimonium
1633 4107 1973 4164 conscientia:
1995 4123 2104 4164 sua:
2124 4124 2253 4179 pro-

675 4190 1015 4255 fessionibus,
1045 4207 1144 4262 per
1169 4208 1302 4263 quas
1327 4207 1637 4251 sanctorum
1669 4197 1887 4254 Patrum
1925 4189 1980 4256 et
2025 4216 2254 4256 venera-

675 4279 860 4334 bilium
889 4289 1119 4349 quatuor
1143 4284 1466 4354 synndorum
1497 4302 1560 4341 ac
1604 4289 1886 4357 pnesulum
1936 4290 2078 4346 sedis
2123 4307 2256 4361 apo-

675 4370 877 4428 stolicae
907 4371 1168 4427 inhrerere
1193 4372 1594 4430 deﬁnitionibus
1627 4384 1792 4446 atque
1829 4379 2049 4447 judiciis
2098 4395 2253 4434 mon-

674 4470 990 4528 strarentur,
1023 4463 1088 4518 ad
1112 4465 1369 4520 unitatem
1398 4475 1560 4538 atque
1600 4470 1945 4524 concordiam
1971 4471 2254 4526 restituere

673 4552 1003 4619 properastis
1027 4570 1039 4605 :
1067 4567 1291 4622 quarum
1312 4557 1700 4625 professionum
1722 4558 1967 4625 formam,
1993 4571 2050 4615 ut
2073 4562 2252 4616 eccle-

2353 1905 2667 1976 evangeliis,
2700 1904 3047 1959 collationem
3086 1917 3206 1956 cum
3244 1900 3407 1954 unitis
3446 1898 3700 1958 fratribus
3735 1896 3905 1950 habea

2352 2013 2470 2052 mus
2513 1997 2636 2068 [fon
2679 1991 2970 2064 habeatis],
2993 2001 3050 2047 et
3096 1990 3216 2052 finis
3256 1991 3414 2046 detur
3451 1990 3682 2060 placitus
3709 1986 3844 2054 Deo,
3885 2003 3910 2041 ρ

2352 2087 2678 2142 conveniens
2701 2084 2784 2138 his
2813 2099 2934 2152 qua:
2969 2099 2997 2137 a
3039 2084 3244 2138 sanctis
3273 2091 3508 2151 quatuor
3553 2089 3677 2136 sunt
3719 2076 3902 2134 deﬁnit

2353 2179 2632 2235 conciliis:
2665 2179 2896 2233 scientes
2925 2176 3132 2246 utique,
3160 2176 3304 2231 sicut
3323 2183 3381 2230 et
3407 2174 3706 2230 communis
3733 2171 3910 2243 profcs

2355 2270 2522 2325 tionis
2563 2268 2870 2323 testimonio
2899 2266 3229 2332 declaratur,
3261 2274 3681 2321 memoratarum
3711 2265 3910 2335 synodi

2351 2376 2475 2415 rum
2503 2359 2556 2413 in
2578 2358 2826 2414 omnibus
2854 2357 3211 2412 reverentiam
3233 2356 3512 2413 custodiri.
3540 2354 3681 2412 Deus
3711 2364 3762 2410 te
3789 2356 3910 2410 ineo

2358 2453 2553 2506 lumcm
2581 2450 2870 2518 custodiat,
2903 2449 3066 2504 frater
3093 2449 3425 2505 charissime.
3459 2449 3650 2503 Datum
3680 2463 3768 2503 \‘lll
3825 2448 3910 2521 [vr

2359 2545 2476 2598 ilus
2516 2542 2817 2607 Januarias,
2853 2541 3064 2612 imperii
3112 2541 3312 2597 domini
3353 2540 3638 2596 Iustiniani
3689 2549 3910 2610 perpeti

2359 2633 2580 2703 Augusti
2609 2649 2750 2688 anno
2774 2631 3007 2703 27,post
3028 2632 3360 2688 consulatum
3396 2632 3578 2687 Basilii
3605 2632 3706 2687 viri
3747 2632 3910 2687 claris

2357 2728 2478 2785 simi
2506 2742 2648 2782 anno
2676 2725 2762 2781 l2.

2429 2817 2628 2875 Eadem
2657 2817 2824 2887 forma
2846 2816 3058 2886 scripsit
3085 2822 3134 2868 et
3162 2815 3232 2869 ad
3263 2814 3642 2886 Apollinarium
3670 2814 3908 2868 sanctiss

2357 2924 2515 2971 alunt,
2541 2905 2982 2974 archiepiscopum
3009 2919 3216 2974 magna:
3238 2904 3458 2957 civitatis
3482 2901 3858 2980 .Alexandrice,
3904 2930 3910 2952 ι

2356 2999 2426 3052 ad
2457 2996 2768 3052 Domninum
2793 2995 3194 3057 sanctissimum,
3224 2994 3665 3063 archiepiscopum
3709 2991 3910 3060 Theopr

2357 3090 2484 3156 (eos,
2513 3097 2561 3142 et
2591 3087 2661 3140 ad
2686 3085 2936 3157 synodum
2957 3085 3081 3155 ipsis
3111 3085 3413 3157 subjectum.

2287 3291 2333 3351 C
2365 3286 2784 3342 ecclesiasticam
2816 3299 3052 3353 servare,
3081 3291 3399 3353 praesentem
3431 3283 3651 3353 facimus
3678 3285 3910 3343 libellun

2356 3374 2621 3446 Imprimis
2643 3383 2877 3446 quatuor
2904 3382 3120 3430 sanctas
3147 3374 3401 3446 synodos,
3428 3375 3697 3429 Nicamam
3729 3384 3909 3432 trecer

2357 3475 2532 3521 torum
2565 3466 2750 3522 decem
2777 3473 2830 3520 et
2861 3475 3005 3530 octo,
3034 3464 3679 3536 Constantinopolitanam
3721 3477 3910 3522 centu]

2354 3557 2758 3628 quinquaginta,
2800 3555 3124 3626 Ephesinam
3175 3557 3404 3626 primam
3451 3556 3840 3626 ducentorum,
3901 3561 3910 3614 i

2353 3663 2458 3716 qua
2504 3648 2557 3701 in
2596 3648 2787 3719 legatis
2814 3647 2925 3701 suis
2953 3653 3116 3716 atque
3141 3647 3373 3713 vicariis,
3405 3649 3458 3703 id
3498 3655 3581 3702 est
3624 3648 3910 3704 beatissinz

2353 3738 2554 3811 Cyrillo
2584 3739 2961 3795 Alexandrina:
2990 3739 3138 3814 urbis
3164 3740 3437 3810 episcopo,
3463 3739 3692 3796 Arcadio
3722 3749 3781 3794 et
3819 3740 3910 3796 Pr«

2349 3829 2495 3899 jccto
2524 3831 2810 3902 episcopis,
2843 3838 2898 3886 et
2933 3829 3182 3901 Philippo
3219 3833 3554 3904 presbytero,
3596 3833 3910 3890 beatissimi

2352 3919 2676 3975 Coclestinus
2705 3935 2843 3992 papa
2872 3922 3103 3976 senioris
3127 3921 3311 3976 Romm
3335 3923 3573 3978 noscitur
3599 3926 3909 3994 praesediss

2354 4020 2409 4065 et
2447 4009 2940 4066 Chalcedonensem
2965 4021 3348 4068 sexcentarum
3382 4014 3595 4083 triginta
3624 4025 3902 4073 sanctoru

2355 4101 2572 4156 Patrum
2611 4101 2950 4172 suscipimus.
3000 4101 3068 4156 Et
3104 4119 3200 4172 per
3246 4103 3425 4159 omnia
3473 4112 3528 4158 et
3573 4105 3624 4160 in
3665 4108 3909 4162 omnibu

2353 4205 2688 4260 quaecunque
2719 4190 2772 4245 in
2799 4190 3046 4246 omnibus
3066 4192 3232 4261 gestis
3258 4191 3712 4249 Chalcedonensis
3753 4212 3910 4252 conc

2354 4279 2410 4334 lii
2462 4279 2800 4353 aliarumque
2851 4281 3228 4352 praedictarum
3283 4284 3630 4355 synodorum,
3687 4287 3842 4343 sicut

2354 4371 2543 4427 iisdem
2565 4381 2798 4445 quatuor
2825 4375 3042 4446 synodis
3061 4376 3321 4445 scriptum
3344 4377 3633 4446 invenitur,
3658 4394 3902 4437 commu

2355 4479 2621 4522 consensu
2645 4483 2765 4523 cum
2795 4468 2980 4537 legatis
3009 4477 3170 4538 atque
3191 4469 3406 4526 vicariis
3433 4471 3576 4527 sedis
3603 4474 3910 4542 apostolic:

2356 4559 2408 4613 in
2439 4559 2633 4629 quibus
2655 4560 2805 4629 juxta
2842 4568 3080 4630 tempora
3109 4577 3204 4617 sua
3232 4563 3656 4632 prmdecessores
3683 4568 3910 4621 sanctit

677 4644 908 4699 siastica:
934 4647 1080 4715 pacis
1108 4648 1534 4717 amplectendum
1559 4653 1787 4722 posteris
1813 4653 2052 4708 tradatur
2070 4670 2253 4709 exem-
2285 4673 2330 4730 ο
2359 4651 2426 4705 tis
2463 4659 2657 4706 vestrm
2682 4651 2975 4706 beatissimi
3004 4667 3154 4721 papa:
3179 4653 3408 4709 senioris
3452 4654 3638 4710 Roma:
3686 4655 3828 4725 ipsis
3886 4674 3910 4713 ε

675 4733 855 4802 plum,
909 4737 1175 4803 praesenti,
1217 4741 1668 4806 quemadmodum
1715 4757 1774 4798 se
1822 4744 2001 4809 habet,
2048 4746 2248 4801 inserta

682 4824 874 4892 pagina
903 4825 1254 4884 declaramus.

673 4980 986 5054 Exemplum
1227 4991 1567 5064 professionis
1607 5010 1759 5064 quam
1798 4996 1867 5049 ad
1895 4996 2106 5054 Sanctae
2140 4997 2252 5054 Eu-

1088 5057 1305 5126 phemiw
1325 5057 1571 5132 templum
1594 5057 1843 5135 fecerunt.
2041 5105 2044 5108 -

745 5164 945 5222 Omnes
971 5168 1186 5236 quidem
1210 5169 1412 5238 ﬁdeles,
1445 5175 1678 5232 maxime
1703 5194 1832 5234 vero
1863 5180 1958 5236 Dei
1997 5181 2251 5239 sacerdo-

675 5263 780 5318 tes,
824 5271 1011 5324 pacem
1051 5264 1107 5312 et
1134 5260 1613 5321 sanetilicationem
1662 5271 1813 5339 sequi
1843 5287 1963 5326 cum
2005 5274 2250 5330 omnibus

676 5355 908 5434 oportet,
958 5349 1076 5405 sine
1121 5352 1311 5420 quibus
1363 5370 1542 5424 nemo,
1589 5362 1880 5417 secundum
1934 5364 2249 5434 Apostolum

678 5430 733 5501 (Ι
761 5432 940 5490 Thess.
972 5441 1066 5510 IV),
1097 5441 1297 5497 videbit
1323 5443 1627 5504 Dominum.-
1661 5451 1769 5508 Nos
1798 5454 1958 5522 igitur
1981 5430 2252 5528 apostoli-

676 5536 795 5584 cam
823 5537 1109 5593 sequentes
1135 5531 1454 5604 doctrinam,
1486 5547 1542 5595 et
1568 5539 1881 5602 festinantes
1905 5551 2247 5607 concordiam

749 5708 773 5776 ξι
805 5696 1184 5776 Yetereslibri,
1210 5709 1523 5776 iudicamus.

749 5766 776 5806 ι»
803 5759 966 5824 Iidem
995 5771 1133 5840 nun,
1157 5759 1295 5833 ύεῖἀζ

2355 4740 2510 4797 nodis
2538 4740 2925 4810 przesederunt,
2959 4751 3068 4797 tam
3095 4743 3162 4799 de
3192 4742 3294 4799 fide
3321 4759 3481 4812 quam
3513 4745 3579 4799 de
3607 4746 3727 4800 aliis
3768 4761 3910 4802 omr

2351 4831 2452 4885 bus
2474 4830 2670 4895 causis,
2698 4829 2931 4900 judiciis,
2966 4834 3455 4899 constitutionibus,
3501 4843 3594 4888 aut
3623 4835 3910 4906 dispositi.

2351 4921 2508 4976 nibus
2527 4920 2747 4976 deﬁnita
2780 4931 2874 4977 aut
2897 4925 3154 4992 judicata,
3178 4926 3261 4979 vel
3287 4926 3598 4992 constituta,
3616 4928 3733 4982 sive
3756 4929 3910 5001 disp

2353 5013 2454 5066 sita
2484 5021 2629 5081 sunt,
2659 5014 2996 5082 inconcusse,
3023 5016 3418 5079 inviolabiliter,
3449 5017 3900 5087 irreprehensibi

2357 5112 2469 5173 ter,
2529 5113 2692 5174 atque
2748 5107 3238 5170 irretractahiliter,
3303 5109 3419 5165 sine
3489 5109 3807 5180 adjectione
3878 5131 3910 5168 ν

2355 5194 2730 5251 imminutione
2757 5197 2933 5266 aliqua
2962 5213 3061 5252 nos
3089 5200 3454 5268 promittimus
3487 5214 3811 5269 secuturos,
3857 5223 3909 5261 nt

2351 5284 2644 5355 quidquam
2667 5288 2992 5342 contrarium
3013 5289 3158 5358 quod
3171 5291 3237 5346 ad
3259 5307 3444 5348 earum
3463 5297 3910 5366 reprehensione

2353 5385 2408 5430 et
2433 5377 2869 5432 retractationem
2909 5379 2995 5433 vel
3040 5385 3491 5452 permutationem
3529 5387 3643 5441 sive
3686 5385 3910 5455 injuria

2352 5465 2452 5519 sub
2476 5465 2715 5534 qualibet
2739 5470 3024 5526 occasione
3051 5473 3135 5527 vel
3159 5476 3401 5532 novitate
3430 5477 3697 5548 pertineat
3735 5477 3910 5536 admi

2351 5569 2525 5623 suros,
2551 5566 2643 5612 aut
2671 5559 2777 5615 tale
2806 5561 3006 5632 aliquid
3043 5569 3489 5635 prmsumeutibus
3533 5585 3910 5632 consensuro'

2420 5737 2442 5768 ε
2468 5726 2631 5786 lidem
2652 5729 2790 5801 libri,
2809 5745 2858 5788 et
2881 5735 2933 5790 in
2967 5740 3220 5808 paternis.
