4006 6190
291 331 359 386 6')
1497 332 1849 391 EPISTOLIE
1889 337 1976 392 ΕΤ
2018 337 2354 393 DECRETA.
3493 351 3566 407 70

289 443 381 498 sed
409 453 743 508 utrocunque
765 442 1039 495 communi
1071 453 1337 497 consensu
1361 457 1483 497 cum
1512 443 1703 511 legatis
1721 454 1882 514 atque
1914 453 1957 505 Α
1987 445 2321 514 Suscipimus
2343 454 2522 502 autem
2544 456 2600 503 et
2623 457 2838 504 sanctos
2859 449 3118 507 ducentos
3130 453 3317 511 Patres
3334 455 3568 528 quphe-

289 537 506 590 vicariis
557 535 700 588 sedis
748 535 1063 604 apostolica:
1113 537 1432 590 orthodoxa:
1489 537 1686 591 ibidem
1733 537 1878 591 dicta

291 635 436 686 sunt,
465 639 530 678 ea
560 623 864 678 orthodoxa
898 639 1218 678 veneramur
1245 634 1408 693 atque
1435 625 1779 695 suscipimus.

359 714 706 782 Quaecunque
734 715 1330 770 anathematizaverunt
1355 716 1442 769 vel
1466 716 1880 782 damnaverunt,

292 806 810 862 anathematizamus
837 814 892 860 et
929 821 1030 863 nos
1071 816 1233 875 atque
1279 806 1624 871 damnamus;
1674 817 1726 862 et
1758 809 1880 861 uni-

291 913 479 957 versa,
542 899 682 951 sicut
733 899 802 950 ab
865 897 1055 952 iisdem
1117 897 1338 968 synodis
1402 899 1672 953 communi
1750 914 1883 954 con-

289 1006 450 1044 sensu
500 1005 624 1044 cum
669 989 885 1043 vicariis
933 988 1077 1044 sedis
1123 989 1435 1058 apostolicae
1478 989 1738 1056 iudicata,
1789 997 1883 1044 aut

289 1080 533 1142 deﬁnita,
557 1081 643 1135 vel
672 1081 987 1144 constituta;
1009 1081 1124 1137 sive
1147 1080 1406 1152 disposita
1441 1081 1575 1136 lecta
1608 1080 1886 1136 inveniun-

293 1180 395 1234 tur,
443 1171 913 1224 irretractabiliter
937 1179 1098 1238 atque
1136 1171 1636 1238 impermutabiliter
1664 1187 1887 1225 conser-

291 1278 497 1314 vamus.
525 1260 634 1315 Sed
657 1269 712 1315 et
739 1261 909 1315 beatae
931 1261 1322 1316 recordationis
1348 1276 1497 1330 papae
1547 1261 1742 1316 Leonis
1778 1263 1886 1330 opi-

292 1351 478 1415 stolas,
531 1360 587 1404 et
634 1351 778 1405 sedis
809 1351 1119 1419 apostolica:
1165 1353 1478 1415 constituta,
1529 1366 1646 1419 qua:
1682 1361 1788 1404 tam
1817 1352 1884 1406 de

294 1441 393 1495 ﬁde
414 1457 581 1511 quam
610 1441 678 1496 de
707 1441 959 1496 ﬁrmitate
995 1442 1421 1510 supradictarum
1454 1450 1685 1509 quatuor
1718 1458 1882 1513 syno-

291 1533 505 1591 dorum,
541 1540 942 1600 processerunt,
976 1546 1074 1585 nos
1103 1531 1154 1584 in
1186 1532 1434 1585 omnibus
1463 1541 1740 1586 secuturos
1764 1547 1883 1586 ser-

293 1633 628 1692 vaturosque
666 1624 1045 1692 promittimus.
1095 1623 1625 1678 Anathematizantes
1669 1639 1883 1679 omnem

290 1712 568 1768 hominem
599 1713 665 1766 ad
697 1712 914 1767 ordines
937 1720 991 1766 et
1017 1713 1305 1780 dignitates
1332 1712 1723 1768 ecclesiasticas
1750 1730 1879 1784 per-

1985 536 2100 589 sina
2142 538 2312 604 prima
2355 539 2562 608 synodo
2590 540 2866 606 collectos,
2917 545 3007 612 qui
3049 561 3146 614 per
3171 549 3351 602 omnia
3396 553 3568 604 secuti

1983 633 2109 678 sunt
2135 626 2270 680 idem
2299 637 2542 683 sanctum
2567 630 2868 700 symbolum
2891 633 3002 689 sive
3032 637 3319 704 anathema,
3349 648 3406 694 et
3431 657 3566 696 con-

1983 714 2372 770 demnaverunt
2420 717 2722 773 Nestorium
2774 721 2994 798 impium
3041 732 3097 778 et
3149 727 3411 782 scelerata
3451 729 3570 798 eius

1983 803 2254 870 dogmata,
2287 815 2342 858 et
2378 821 2472 860 eos
2508 807 2821 876 qni-similia
2843 794 3221 881 .ei‘aliquando
3267 794 3565 886 sapuernnt

1986 896 2066 948 vel
2095 896 2326 963 sapiunt.

2054 984 2134 1038 Ad
2165 987 2277 1041 haec
2305 995 2486 1041 autem
2511 988 2680 1042 etiam
2701 992 3025 1061 suscipimus
3045 1005 3331 1053 sexcentos
3352 999 3568 1066 triginta

1982 1086 2201 1133 sanctos
2247 1076 2436 1134 Patres
2460 1079 2803 1137 Chalcedone
2833 1096 3223 1155 congregatos;
3271 1091 3364 1159 qui
3405 1092 3570 1146 etiam

1985 1166 2087 1234 ipsi
2118 1183 2214 1235 per
2242 1169 2422 1223 omnia
2444 1181 2842 1227 consenserunt
2886 1177 3151 1244 pradictis
3171 1181 3374 1236 sanctis
3401 1182 3572 1237 tribus

1984 1255 2224 1323 synodis,
2265 1265 2326 1309 et
2377 1259 2547 1312 secuti
2585 1267 2711 1314 sunt
2757 1263 3067 1330 prmdictum
3116 1269 3418 1337 symbolum
3456 1271 3572 1327 sive

1985 1343 2255 1397 mathema
2285 1360 2315 1398 a
2340 1348 2594 1402 trecentis
2631 1349 2818 1404 decem
2847 1360 2902 1406 et
2930 1362 3057 1408 octo
3082 1348 3282 1410 sanctis
3322 1356 3572 1416 Patribus

1983 1435 2307 1501 expositum,
2340 1443 2394 1490 et
2422 1451 2453 1491 a
2483 1447 2697 1492 centum
2741 1440 3126 1510 quinquaginta
3155 1447 3356 1501 sanctis
3393 1447 3568 1505 Patri-

1984 1527 2084 1580 bus
2113 1529 2476 1597 explanatum,
2509 1540 2564 1584 et
2584 1533 3174 1591 anathematizaverunt
3203 1554 3298 1592 eos
3316 1543 3408 1608 qui
3429 1542 3573 1597 aliud

1979 1627 2182 1688 printer
2209 1621 2521 1689 prmdicttnn
2552 1623 2850 1693 symbolum
2881 1637 3210 1694 prtesumunt
3237 1629 3452 1698 docere,
3483 1642 3576 1688 aut

1986 1725 2279 1778 exponere,
2311 1719 2366 1765 et
2395 1713 2606 1768 tradere
2635 1715 2835 1770 sanctis
2865 1715 2959 1770 Dei
3004 1719 3249 1775 ecclesiis
3275 1739 3286 1773 :
3319 1721 3572 1777 condem-

287 1806 581 1871 tinentcm,
611 1803 917 1872 quicunque
938 1811 1126 1857 contra
1155 1817 1219 1856 ea
1243 1817 1361 1870 qum
1397 1803 1642 1872 superius
1683 1805 1880 1872 promi-
1916 1805 1958 1864 Β
1990 1809 2253 1853 naverunt
2289 1809 2469 1856 autem
2500 1811 2552 1857 et
2581 1805 3169 1864 anathematizaverunt
3213 1821 3268 1867 et
3307 1811 3576 1886 Eutyche-

287 1897 463 1951 simus
491 1897 589 1950 sub
617 1896 857 1964 qualibet
885 1897 1172 1952 occasione
1201 1897 1286 1950 vel
1323 1896 1675 1951 altercatione
1700 1896 1882 1951 venire

291 1984 610 2039 tentaverit.
637 1983 898 2038 Libellum
921 1993 1099 2038 autem
1132 1986 1184 2038 in
1214 2001 1378 2040 causa
1419 1985 1577 2038 trium
1621 1985 1883 2054 capitulo—

287 2091 441 2141 rnm,
467 2075 538 2128 de
563 2075 760 2144 quibus
788 2076 1014 2142 quaestio
1045 2085 1168 2129 nata
1191 2085 1292 2140 est,
1316 2084 1504 2131 contra
1532 2075 1881 2130 constitutum

286 2166 518 2234 piissimi
561 2165 818 2235 principis
846 2174 899 2219 et
920 2165 1263 2220 beatitudinis
1285 2175 1502 2233 vestrm,
1537 2181 1638 2234 ego
1666 2165 1882 2235 quidem

287 2253 501 2312 nullum
551 2257 677 2325 feci,
725 2259 822 2313 sed
875 2259 998 2313 volo
1048 2268 1210 2327 atque
1253 2259 1558 2326 consentio,
1600 2266 1658 2312 ut
1695 2274 1884 2314 omnes

289 2347 461 2402 libelli
485 2349 577 2415 qui
610 2347 733 2402 facti
759 2356 883 2402 sunt
903 2349 1002 2403 sub
1024 2349 1124 2403 hac
1152 2348 1321 2402 forma
1353 2348 1668 2402 beatitudini
1692 2358 1883 2403 vestrm

287 2439 611 2494 reddantur.
643 2440 717 2493 De
737 2441 944 2508 injuriis
968 2448 1168 2500 autem,
1200 2454 1535 2509 quaecunque
1564 2439 1882 2494 beatitudini

289 2531 377 2582 vel
408 2529 522 2584 sedi
554 2539 745 2584 vestrm
772 2531 926 2583 facta:
954 2537 1100 2595 sunt,
1131 2544 1224 2582 eas
1253 2529 1469 2597 quidem
1491 2545 1599 2583 non
1631 2528 1758 2592 feci;
1791 2529 1884 2582 sed

290 2619 422 2686 quia
450 2634 549 2687 pro
578 2634 712 2687 pace
742 2617 994 2672 Ecclesia:
1024 2618 1196 2673 modis
1225 2627 1308 2672 est
1332 2619 1582 2672 omnibus
1623 2617 1884 2673 festinan-

291 2709 446 2769 dum,
476 2709 625 2761 velut
668 2709 714 2762 si
757 2724 849 2762 eas
881 2709 1148 2772 fecissem,
1199 2711 1406 2785 veniam
1463 2709 1697 2778 postulo.
1747 2709 1881 2777 Quia

277 2797 430 2852 'vr-ro
479 2809 722 2868 tempore
765 2799 1050 2854 discordiae
1086 2801 1580 2854 excommunicatos
1622 2802 1706 2855 vel
1778 2818 1885 2856 non

295 2897 552 2956 receptos
613 2903 645 2941 a
711 2888 1044 2942 beatitudine
1110 2897 1285 2944 vestra
1341 2890 1395 2942 in
1447 2891 1886 2946 communionem

291 2981 534 3048 suscepi,
565 2981 770 3048 pariter
798 2980 1007 3034 veniam
1035 2980 1272 3049 postulo.

373 3070 430 3122 ln
479 3070 580 3124 hac
616 3070 788 3124 forma
829 3069 1072 3124 fecerunt
1117 3068 1342 3123 Mennas
1383 3068 1885 3139 Constantinopoli-

298 3168 462 3212 tanns
510 3159 824 3227 episcopus,
871 3157 1188 3212 Theodorus
1227 3157 1488 3212 Cmsarem
1528 3159 1882 3228 Cappadocia:

296 3252 620 3319 episcopus,
660 3250 900 3304 Andreas
937 3249 1238 3318 Ephesinus
1278 3250 1591 3320 episcopus,
1638 3249 1888 3304 Theodo»

298 3357 393 3394 rus
444 3341 742 3396 Antiochiae
785 3338 993 3398 Pisidiae
1031 3341 1331 3410 episcopus,
1378 3339 1568 3395 Petrus
1613 3339 1889 3396 Tarsensis

296 3431 618 3500 episcopus;
645 3429 740 3485 sed
769 3430 920 3484 multi
949 3430 1038 3484 alii
1059 3431 1294 3500 opisccpi
1322 3430 1462 3484 idem
1485 3429 1742 3486 fecerunt.

299 3541 591 3612 Exemplar
615 3543 951 3609 professionis
974 3557 1133 3612 quam,
1148 3542 1341 3595 residui
1363 3541 1588 3611 episcopi
1619 3541 1888 3612 Theopha-

709 3614 911 3667 niorum
938 3611 1022 3664 die
1048 3611 1196 3665 nobis
1226 3613 1473 3681 fecerunt.

369 3703 617 3757 Scientes
644 3711 968 3770 quantorum
1001 3703 1264 3755 bonorum
1303 3717 1464 3758 causa
1513 3711 1596 3758 est
1634 3701 1883 3771 paxDei,

302 3790 616 3844 custodiens
642 3789 805 3844 corda
833 3797 892 3844 et
913 3805 1106 3844 sensus
1131 3787 1386 3854 ﬁdelium,
1411 3798 1465 3846 et
1486 3791 1744 3857 colligens
1770 3805 1888 3857 eos,

306 3886 366 3931 ut
389 3894 552 3932 unum
585 3879 834 3945 idemque
862 3878 1075 3946 sapiant
1119 3878 1171 3932 in
1203 3887 1347 3932 recta
1379 3878 1498 3933 tidei
1527 3879 1885 3944 confessione,

306 3978 360 4022 et
389 3969 456 4023 ad
486 3967 810 4038 perﬁcienda
832 3969 1009 4023 divina
1035 3967 1308 4034 mandata,
1333 3979 1387 4024 et
1407 3969 1697 4038 propitium
1722 3969 1889 4025 Deum

309 4063 506 4118 faciens
537 4062 590 4115 in
633 4061 716 4114 his
740 4075 860 4129 quae
905 4068 1050 4115 recta
1087 4068 1213 4114 sunt
1257 4060 1732 4125 concordantibus,
1767 4060 1889 4115 ideo

310 4155 622 4208 testinantes
653 4153 914 4208 unitatem
943 4167 1288 4216 conservare,
1314 4152 1382 4207 ad
1407 4153 1762 4222 apostolicam
1797 4167 1888 4206 se-

306 4245 426 4297 dem
455 4251 646 4298 vestrae
686 4242 1034 4296 beatitudinis
1075 4241 1414 4296 mnifestum
1455 4240 1698 4306 facimus,
1744 4242 1889 4311 quod

307 4351 406 4390 nos
431 4350 648 4403 semper
675 4333 1115 4389 conservavimns
1144 4341 1200 4387 et
1227 4347 1608 4388 conservamus
1634 4331 1794 4388 ﬁdem
1819 4335 1888 4388 ab

309 4426 460 4479 initio
484 4427 732 4478 traditam
754 4440 783 4478 a
818 4438 1008 4491 magno
1031 4424 1142 4478 Deo
1170 4432 1226 4478 et
1247 4423 1528 4478 Salvatore
1551 4434 1737 4479 nostro
1760 4421 1888 4478 Jesu

1985 1895 2091 1941 tem
2123 1897 2179 1942 et
2205 1888 2531 1954 Nestorium,
2564 1901 2618 1946 et
2665 1895 2826 1963 impia
2873 1911 3060 1952 eorum
3088 1900 3357 1969 dogmata,
3393 1912 3450 1959 et
3477 1919 3574 1960 eos

1982 1977 2074 2044 qui
2102 1977 2293 2032 similia
2324 1981 2404 2035 eis
2432 1973 2728 2050 sapuert'mt
2756 1985 2844 2040 vel
2871 1988 3105 2056 sapiunt.
3138 1989 3232 2046 llis
3271 1993 3343 2046 ita
3372 2008 3434 2050 se
3473 1994 3573 2048 ha-

1984 2067 2256 2136 bentibus,
2286 2079 2492 2125 certum
2523 2070 2745 2128 facimus
2791 2077 2934 2143 quod
2963 2080 3140 2133 omnia
3181 2096 3300 2150 quae
3349 2099 3380 2137 a
3427 2099 3567 2152 prte-

1984 2158 2142 2212 dictis
2197 2162 2399 2214 sanctis
2443 2171 2676 2232 quatuor
2721 2166 2948 2235 synodis
2993 2167 3231 2234 judicata
3259 2180 3317 2225 et
3355 2173 3574 2228 deﬁnita

1983 2259 2110 2303 sunt
2131 2266 2444 2318 servamus;
2474 2253 2596 2322 quia
2627 2255 2727 2310 etsi
2783 2270 2880 2324 per
2903 2257 3112 2313 diversa
3143 2269 3384 2331 tempora
3434 2279 3573 2334 prm-

1985 2342 2141 2396 dicta:
2171 2352 2370 2398 sanctce
2393 2355 2624 2412 quatuor
2643 2350 2829 2416 synodi
2861 2349 3014 2404 factm
3040 2361 3187 2418 sunt,
3214 2361 3389 2409 tamen
3413 2372 3571 2410 uitam

1985 2435 2336 2503 eamdemque
2364 2435 2757 2492 confessionem
2801 2438 2922 2495 ﬁdei
2967 2453 3321 2498 servaverunt
3347 2455 3399 2501 et
3433 2463 3571 2516 prte-

1985 2523 2326 2578 dicaverunt.

2056 2611 2388 2683 Suscipimus
2417 2623 2596 2671 autem
2627 2625 2684 2671 et
2711 2619 3090 2687 amplectimur
3129 2623 3388 2692 epistolas
3434 2642 3574 2696 prm-

1987 2706 2160 2758 sufum
2192 2704 2450 2760 Romanae
2470 2707 2614 2762 sedis
2641 2711 2968 2777 apostolicae,
2995 2721 3102 2766 tam
3133 2715 3568 2787 aliorum,un

1988 2790 2188 2847 Leonis
2217 2804 2418 2850 sancta:
2448 2799 2722 2854 memoria:
2767 2798 2834 2854 de
2877 2810 3022 2855 recta
3068 2803 3174 2859 fide
3225 2809 3474 2876 scriptas,
3519 2822 3574 2865 et

1987 2881 2055 2935 de
2083 2891 2314 2949 quatuor
2339 2886 2541 2940 sanctis
2568 2889 2828 2952 conciliis,
2859 2890 2944 2946 vel
2981 2891 3048 2948 de
3069 2909 3184 2948 .unc
3212 2911 3420 2953 eorum.
3440 2900 3575 2956 Cum

1991 2971 2155 3038 igitur
2183 2973 2439 3042 praedicta
2467 2978 2723 3032 omnia‘et
2749 2983 3080 3037 servavimus
3113 2994 3178 3038 et.
3194 3001 3489 3055 servamus,
3521 3003 3577 3048 et

1980 3061 2043 3116 .in
2085 3063 2271 3118 iisdem
2315 3066 2472 3120 nobis
2509 3067 2734 3124 invicem
2765 3074 3165 3143 consentimus,
3217 3083 3574 3138 necessarium

1912 3170 1958 3230 ρ
1990 3161 2073 3207 est
2092 3154 2323 3208 conferri
2355 3156 2647 3229 [conﬁteri]
2677 3158 2747 3214 de
2775 3161 2946 3218 tribus
2975 3167 3242 3234 capitulis,
3274 3171 3419 3234 uirile
3458 3174 3574 3241 qui-

1989 3244 2213 3297 husdam
2262 3247 2486 3313 qumstio
2524 3257 2646 3302 nata
2682 3260 2784 3305 est.
2836 3251 2902 3305 Et
2947 3253 3068 3310 ideo
3095 3259 3348 3325 petimus,
3393 3264 3575 3330 prasi-

1988 3331 2149 3389 dente
2173 3336 2330 3389 nobis
2357 3346 2535 3392 vestra
2575 3339 2929 3412 beatitudine,
2975 3347 3074 3401 sub
3105 3353 3492 3420 tranquillitate
3521 3365 3578 3409 et

1988 3425 2308 3479 sacerdotali
2350 3431 2780 3497 mansuetudine,
2821 3437 3022 3491 sanctis
3064 3442 3354 3509 propositis
3395 3441 3576 3499 Evan-

1988 3511 2162 3579 geliis,
2194 3515 2467 3568 communi
2511 3526 2741 3572 tractatu
2783 3521 2971 3577 eadem
3023 3527 3257 3594 capitula
3299 3531 3352 3584 in
3397 3533 3576 3586 medio

1990 3601 2338 3670 proponenda
2383 3605 2548 3671 qumri
2596 3614 2652 3662 et
2696 3608 2949 3674 conferri,
2994 3622 3051 3666 et
3091 3615 3249 3670 tinem
3295 3623 3575 3688 qumstioai

1992 3691 2191 3760 imponi
2240 3691 2348 3746 Deo
2379 3694 2634 3761 placitum
2681 3705 2738 3751 et
2779 3700 3187 3756 convenientem
3243 3705 3326 3761 his
3370 3725 3490 3778 quae
3535 3728 3567 3765 a

1990 3783 2189 3838 sanctis
2220 3791 2452 3853 Quatuor
2478 3788 2720 3843 conciliis
2747 3789 2964 3845 deﬁnita
2994 3801 3118 3847 sunt
3149 3811 3164 3860 ;
3209 3799 3464 3865 quoniam
3505 3803 3574 3856 ad

1991 3883 2334 3940 augmentum
2364 3877 2534 3945 pacis,
2568 3889 2622 3933 et
2645 3881 2987 3936 concordiam
3020 3882 3376 3943 Ecclesiarum
3407 3893 3575 3960 perti-

1991 3972 2102 4028 net,
2137 3972 2216 4032 nt,
2245 3967 2392 4020 omni
2433 3966 2502 4021 de
2531 3969 2710 4024 medio
2749 3971 3086 4029 dissensione
3119 3977 3351 4044 sublata,
3379 3995 3500 4050 qua:
3535 3999 3570 4038 a

1996 4055 2264 4125 praedictis
2309 4059 2512 4114 sanctis
2539 4069 2772 4128 quatuor
2803 4066 3046 4122 conciliis
3071 4067 3294 4125 deﬁnita
3335 4082 3462 4128 sunt
3501 4075 3576 4131 ἰηο

1991 4161 2256 4202 concussa
2283 4157 2586 4213 serventur,
2619 4160 2926 4209 sanctarum
2954 4158 3284 4227 synodorum
3331 4178 3577 4221 reveren-

1993 4237 2065 4289 tia
2097 4237 2149 4290 in
2179 4238 2430 4293 omnibus
2456 4241 2746 4298 custodita.
2774 4241 2868 4299 llis
2887 4253 3070 4301 autem
3089 4256 3146 4302 et
3167 4251 3578 4324 subscripsimus

1992 4330 2044 4383 in
2075 4329 2216 4386 hunc
2244 4331 2462 4386 modum
2490 4332 2688 4390 fratres
2713 4345 2768 4390 et
2793 4339 3108 4409 coepiscOpi.
3123 4347 3314 4400 nostri.

2060 4418 2350 4491 Eutychius
2378 4423 2662 4494 episcopus
2683 4425 3334 4502 Constantinopolitanus,
3367 4437 3574 4508 Apolli-

307 4517 542 4576 (Ihristo,
572 4516 772 4570 sanctis
798 4515 1076 4584 apcstolis,
1108 4522 1164 4568 et
1191 4513 1392 4567 abillis
1419 4514 1474 4567 in
1500 4515 1647 4568 omni
1689 4515 1888 4570 mundo
1919 4549 1967 4606 ο
1992 4513 2137 4566 naris
2175 4514 2459 4583 episcopus
2488 4515 2904 4585 Alexandrinus,
2946 4520 3242 4578 Domninus
3288 4527 3568 4599 [-Domnus]

309 4607 673 4675 prtedicatam,
717 4615 772 4660 et
825 4621 854 4658 a
894 4606 1092 4660 sanctis
1138 4603 1386 4658 Patribus
1423 4603 1788 4673 explanatam,
1836 4614 1893 4660 et

311 4698 541 4751 maxime
567 4697 636 4749 ab
664 4696 748 4749 his
774 4695 864 4764 qui
906 4696 958 4748 in
1001 4696 1200 4748 sanctis
1228 4703 1458 4764 quatuor
1507 4695 1725 4765 synodis
1761 4711 1895 4750 con-

310 4789 510 4855 gregati
553 4795 699 4848 sunt,
730 4801 866 4854 quos
894 4802 990 4855 per
1019 4786 1197 4840 omnia
1244 4795 1298 4840 et
1329 4786 1380 4838 in
1420 4786 1672 4842 omnibus
1712 4786 1891 4856 sequi-

313 4895 430 4934 mur
455 4890 511 4934 et
538 4880 878 4948 suscipimus,
911 4879 962 4932 id
1005 4885 1086 4931 est
1134 4886 1405 4934 trecentos
1432 4877 1620 4931 decem
1671 4885 1727 4930 et
1765 4885 1890 4931 octo

312 4980 523 5024 sanctos
554 4967 760 5035 Patres,
795 4970 882 5038 qui
911 4968 1094 5022 Nicma:
1120 4969 1430 5035 congregati
1475 4976 1621 5034 sunt,
1672 4976 1727 5021 et
1767 4982 1892 5020 san-

310 5071 454 5116 etum
482 5059 784 5130 symbolum
815 5060 927 5112 sive
953 5058 1223 5111 mathema
1266 5058 1384 5112 tidei
1418 5066 1806 5126 exposuerunt,
1837 5067 1892 5111 et

312 5153 563 5206 Arianam
592 5151 919 5219 impietatem
950 5150 1565 5214 anathematizavcrunt,
1596 5158 1652 5202 ct
1679 5165 1773 5205 eos
1800 5151 1891 5218 qui

310 5242 500 5295 eadem
527 5249 818 5309 sapucrunt
851 5240 931 5292 vel
981 5240 1214 5308 sapiunt.
1270 5240 1602 5307 Suscipimus
1629 5247 1808 5294 autem
1837 5250 1892 5296 et

317 5340 535 5385 centum
563 5329 947 5399 quinquaginta
975 5337 1189 5382 sanctos
1216 5339 1396 5398 patres
1425 5328 1889 5398 Constantinopoli

311 5429 684 5490 congregatos,
712 5421 802 5487 qui
832 5421 971 5474 idem
1001 5428 1240 5473 sanctum
1272 5420 1538 5473 mathema
1567 5419 1890 5488 explanave-

312 5518 458 5570 runt,
485 5517 540 5563 et
567 5508 634 5563 de
662 5509 862 5563 deitate
896 5509 1131 5578 Spiritus
1157 5509 1328 5562 sancti
1355 5509 1807 5576 dilucidavcrunt,
1838 5518 1894 5564 et

312 5601 556 5655 hmresim
612 5599 1053 5654 Macedonianam
1103 5599 1362 5668 Spiritum
1428 5608 1672 5655 sanctum
1721 5600 1894 5670 impu-

316 5700 587 5759 gnantem,
617 5701 671 5746 et
700 5691 920 5761 impium
960 5691 1347 5761 Apollinarium
1378 5691 1892 5758 condemnaverunt,

319 5798 437 5839 cum
466 5784 548 5839 his
572 5784 663 5853 qui
690 5783 878 5840 eadem
906 5797 1029 5839 cum
1058 5782 1161 5839 illis
1201 5793 1493 5853 sapucrunt
1527 5783 1614 5841 vel
1660 5784 1892 5853 sapiunt.

1999 4602 2297 4657 Antiochia:
2327 4603 2494 4676 Syria:
2519 4607 2824 4676 episcopus,
2876 4607 3017 4665 Elias
3042 4613 3324 4686 episcopus
3350 4617 3576 4677 Thessa-

1995 4691 2314 4757 lonicensis;
2343 4691 2438 4747 sed
2469 4701 2526 4748 et
2555 4695 2735 4749 cmteri
2775 4697 2868 4764 qui
2916 4698 3141 4767 primam
3187 4706 3575 4773 pro'essionem

1997 4797 2102 4835 non
2133 4780 2391 4848 fecerunt,
2412 4791 2475 4836 et
2498 4783 2551 4838 in
2578 4783 2680 4839 hac
2706 4788 2937 4844 secunda
2975 4790 3308 4858 professione
3332 4811 3425 4850 aut
3450 4799 3576 4853 sub-

1995 4875 2345 4944 scripserunt,
2373 4885 2468 4930 aut
2493 4892 2737 4934 seorsum
2763 4880 3004 4937 eamdem
3029 4883 3287 4940 fecerunt.

2067 4965 2160 5020 llis
2201 4967 2362 5035 igitur
2387 4967 2679 5038 dispositis,
2712 4973 3018 5040 optavimus
3057 4977 3291 5045 quidem,
3344 4996 3572 5036 venera-

1993 5058 2115 5112 bilis
2143 5059 2436 5128 impcrator
2465 5061 2625 5128 (sicut
2676 5060 3105 5131 frequentissime
3149 5070 3376 5138 supplici
3415 5087 3575 5140 prece

1993 5150 2355 5218 poposrimus)
2398 5151 2630 5206 eundum
2681 5152 2748 5206 ad
2809 5147 3101 5222 quemlibet
3146 5155 3309 5211 Italia:
3373 5160 3570 5227 locum,

1993 5248 2086 5294 aut
2113 5248 2261 5293 certe
2290 5239 2356 5294 ad
2383 5239 2642 5308 Siciliam,
2669 5253 2724 5298 et
2750 5245 3065 5300 convocatis
3092 5245 3156 5297 ad
3189 5261 3286 5300 nos
3312 5247 3574 5306 Africanae

1994 5338 2048 5384 et
2073 5331 2295 5385 aliarum
2323 5333 2717 5400 provinciarum
2747 5333 2950 5389 Latina:
2973 5336 3162 5402 linguae
3183 5341 3570 5407 sacerdotibus.

1993 5420 2077 5473 vel
2128 5419 2380 5475 Ecclesia:
2420 5431 2618 5477 nostrae
2663 5425 2888 5478 sacratis
2934 5423 3229 5491 ordinibus,
3277 5431 3572 5489 secundum

1992 5508 2434 5564 consuetudinem
2491 5518 2867 5573 tractaremus,
2930 5517 2986 5564 et
3041 5511 3110 5566 de
3187 5519 3575 5584 questionibus

1997 5601 2155 5652 trium
2187 5599 2539 5668 capitulorum
2582 5600 2766 5669 pietati
2795 5609 2985 5656 vestra:
3034 5602 3379 5662 redderemus
3415 5609 3574 5678 plena

1997 5689 2382 5744 deliberatione
2428 5702 2784 5758 responsum;
2813 5691 2955 5761 quod
2984 5693 3107 5762 quia
3148 5694 3260 5748 fieri
3309 5701 3578 5760 serenitas

2001 5790 2177 5838 vestra
2201 5795 2312 5837 non
2339 5780 2546 5850 annuit,
2578 5783 2680 5840 hoc
2705 5784 2900 5841 iterum
2929 5786 3170 5842 noscitur
3197 5787 3573 5860 constitutum,
