4006 6190
596 412 658 466 Ἠ
1983 405 2184 463 "lC-ll]

2284 409 2449 465 ἈΡιΕ
3787 415 3851 466 '73

597 534 657 576 ut
683 521 878 576 oblatis
905 535 934 575 a
963 520 1115 575 nobis
1136 518 1530 574 mansuetudini
1562 529 1752 574 vestrm
1775 519 2077 575 nominibus
2105 523 2173 576 de
2204 528 2248 585 Λ
2279 525 2447 592 psisse
2478 525 2786 597 [resedissr-J
2819 537 3211 595 monstrantur,
3243 524 3590 601 synodalibus
3619 532 3857 600 epistolis

594 610 971 680 suprascriptis
995 609 1302 678 provinciis,
1334 609 1422 677 qui
1444 610 1718 664 nobiscum
1740 610 1804 664 ad
1837 612 2171 665 tractandum

597 701 977 755 adhiberentur
1002 699 1287 763 antistites,
1320 699 1604 754 clementia
1640 707 1818 753 vestra
1849 699 2052 754 faceret
2081 701 2173 753 ad-

595 792 804 857 venire;
829 791 914 846 cui
934 789 1269 859 dispositioni
1297 790 1425 844 item
1448 789 1774 858 pnebuimus
1792 791 2176 845 ecclesiastica:

600 881 748 950 pacis
775 894 960 934 amore
985 893 1325 933 consensum.
1356 875 1550 932 Postea
1578 892 1709 932 vero
1728 879 1832 933 hoc
1856 879 2026 946 magis
2053 893 2175 932 cum

598 987 864 1026 consensu
920 969 1144 1024 fratrum
1200 976 1543 1033 nostrorum,
1593 977 1899 1023 nostrarum
1942 969 2175 1037 partium

597 1060 998 1131 episcoporum,
1024 1073 1197 1128 nuper
1223 1067 1348 1113 ante
1371 1064 1615 1112 sanctum
1643 1056 1862 1114 Pascha:
1891 1058 2032 1112 diem
2065 1059 2178 1128 pie-

599 1160 682 1206 tas
709 1161 885 1206 vestra
917 1151 1216 1215 constituit,
1240 1157 1298 1204 ut
1319 1157 1600 1218 estequato
1630 1165 1856 1205 numero
1888 1151 1972 1206 his
1998 1151 2179 1221 ponti-

599 1242 810 1303 ﬁcibus,
839 1242 930 1309 qui
971 1241 1025 1294 in
1077 1239 1670 1310 Constantinopolitana
1708 1241 1841 1295 urbe
1889 1251 2181 1311 prtesentes

598 1339 745 1394 sunt,
773 1330 841 1384 de
872 1329 1040 1384 tribus
1067 1329 1333 1398 capitulis,
1368 1345 1434 1384 ex
1456 1330 1647 1398 quibus
1676 1331 1900 1398 quaestio
1933 1333 2180 1400 vertitur,

597 1421 888 1474 secundum
935 1417 1178 1486 superius
1208 1417 1542 1486 designatam
1600 1417 1822 1473 fratrum
1874 1430 2178 1478 nostrorum

601 1511 979 1581 episcoporum
1038 1511 1426 1580 professionem
1473 1511 1796 1570 deberemus
1868 1515 2004 1570 inire
2072 1524 2183 1570 tra-

600 1609 824 1655 ctatunz.

671 1689 778 1744 Sed
802 1690 946 1760 quia,
980 1690 1107 1744 dum
1135 1705 1198 1745 ea
1228 1706 1346 1760 qurc
1389 1707 1487 1762 pro
1515 1695 1882 1749 conservanda
1921 1695 2185 1753 Ecclesia-

599 1795 718 1835 rum
751 1796 881 1850 pace
907 1796 1026 1835 cum
1057 1781 1309 1837 fratribus
1347 1785 1544 1839 nostris
1572 1785 1706 1849 ﬁeri,
1750 1796 1924 1842 vestra
1955 1789 2185 1858 disposi-

2279 615 2563 688 inspectis,
2621 615 2966 672 nihilominus
3030 621 3487 688 praedecessorum
3551 633 3853 678 nostrorum

2275 687 2419 759 sedis
2447 706 2755 773 apostolicze
2784 687 3071 775 praesulum
3099 712 3435 776 constitutis,
3475 712 3700 782 aliisque
3738 731 3849 783 pro-

2277 795 2522 849 batorum
2553 794 2769 850 Patrum
2815 800 3130 855 necessariis
3167 801 3604 860 instructionibus
3645 814 3854 874 pertra-

2278 885 2437 939 ctatis
2469 902 2483 938 :
2515 886 2559 939 si
2587 901 2692 956 qua
2721 887 2789 942 de
2833 888 2913 943 his
2960 903 3079 958 qua:
3124 891 3176 945 in
3223 894 3573 962 quaestionem
3627 896 3852 950 deducta

2277 982 2424 1040 sunt,
2454 975 2593 1044 apud
2634 986 2814 1045 patres
2847 986 3059 1034 nostros
3091 983 3396 1039 examinata
3439 983 3668 1053 fuerint,
3710 985 3855 1041 ﬁnita

2279 1074 2442 1133 atque
2493 1067 2747 1137 disposita
2775 1111 2791 1137 ,
2848 1085 3120 1127 memores
3167 1074 3414 1142 superius
3462 1074 3860 1144 designatarum

2279 1159 2692 1228 professionum,
2743 1162 3068 1232 investigare
3117 1166 3422 1220 curavimus
3465 1184 3478 1220 :
3521 1167 3862 1238 inspicientes

2281 1250 2531 1319 dogmata
2559 1252 2803 1321 quazdam
2835 1254 2888 1309 in
2916 1256 3087 1324 prima
3115 1257 3382 1312 chartacei
3406 1259 3690 1316 voluminis
3711 1270 3864 1331 parte

2282 1359 2380 1412 per
2408 1342 2628 1398 fratrem
2660 1355 2898 1400 nostrum
2928 1347 3222 1416 Benignum
3253 1350 3561 1420 episc0pum
3593 1350 3862 1407 Heracleae

2283 1431 2658 1501 Paphlagoniae
2685 1450 2715 1489 a
2742 1445 2920 1491 vestra
2948 1447 3100 1505 parte
3128 1440 3423 1494 transmissi
3448 1441 3700 1508 jacentia,
3729 1457 3865 1510 quo-

2283 1539 2403 1576 rum
2454 1532 2610 1578 tenor
2644 1528 2938 1581 secundum
2987 1529 3318 1585 intellectum
3347 1532 3534 1587 subter
3561 1535 3861 1602 expositum

2285 1613 2351 1667 ad
2377 1614 2764 1670 excludendum
2789 1618 2952 1672 totius
2976 1619 3334 1688 ambiguitatis
3355 1637 3592 1677 errorem
3617 1625 3865 1692 przesenti

2286 1701 2585 1758 deﬁnitioni
2619 1713 2816 1759 nostra:
2848 1713 3061 1761 tenetur
3090 1708 3340 1775 insertus,
3375 1711 3531 1779 plena
3560 1713 3865 1767 exsecrabi-

2287 1791 2426 1846 libus
2451 1793 2820 1864 blasphemiis,
2845 1805 2900 1852 et
2927 1798 3244 1854 orthodoxa:
3271 1799 3392 1855 fidei
3415 1801 3554 1874 (qute
3572 1803 3865 1858 secundum

600 1870 748 1925 tione
768 1880 1152 1936 convenerant,
1178 1871 1554 1929 festiuaremus
1587 1876 1826 1944 implere,
1861 1885 1920 1930 ut
1947 1879 2184 1934 adhibita
2220 1897 2262 1956 Β
2287 1884 2652 1951 evangelicum
2706 1888 3164 1958 apostolicamque
3226 1870 3526 1946 doctrinam
3581 1909 3610 1947 a
3667 1896 3868 1949 sanctis

514 1964 519 1969 '
598 1959 798 2014 salubri
827 1960 1217 2016 deliberatione
1247 1965 1628 2031 communiter,
1661 1975 1716 2019 et
1753 1977 1975 2036 pr0pter
2011 1969 2183 2024 infor-

598 2049 846 2102 mandam
878 2050 1234 2108 universalem
1267 2039 1586 2118 Ecclesium,
1632 2058 1838 2112 cunctis
1882 2072 2002 2126 quas
2045 2059 2185 2114 inter

600 2154 701 2194 nos
728 2147 988 2207 geruntur
1032 2141 1082 2194 in
1122 2142 1336 2211 scriptis
1384 2144 1628 2202 deductis
1656 2154 1816 2216 atque
1860 2149 2184 2218 jacentihus,

598 2237 841 2284 nostrum
872 2245 938 2284 ex
970 2231 1051 2284 his
1081 2233 1368 2287 collectum
1392 2234 1460 2288 de
1493 2237 1662 2290 tribus
1689 2240 1938 2308 capitulis
1966 2242 2016 2295 in
2046 2258 2188 2311 qua:-

598 2320 831 2374 stionem
895 2321 1138 2377 deductis
1191 2322 1450 2392 judicium
1509 2329 1876 2394 proveniret:
1931 2334 2186 2400 continuo

599 2415 774 2486 pietas
806 2424 982 2471 vestra
1014 2427 1036 2453 ’ί
1067 2427 1193 2486 post
1217 2418 1344 2473 illud
1373 2420 1650 2490 volumen,
1679 2424 1821 2492 quod
1865 2425 2020 2481 nobis
2059 2435 2186 2483 ante

601 2508 800 2562 multos
840 2506 1059 2563 Paschac
1085 2509 1201 2565 dies
1230 2526 1327 2578 per
1355 2512 1529 2566 virum
1565 2514 1907 2582 magniﬁcum
1938 2516 2187 2574 Theodo-

599 2612 718 2650 rum
739 2597 1083 2661 decurionem
1115 2599 1294 2667 palatii
1315 2599 1620 2668 destinavit,
1648 2604 1700 2656 in
1722 2619 1830 2673 quo
1853 2621 1951 2662 vos
1974 2607 2187 2663 interim

599 2687 727 2758 quid
747 2687 813 2743 de
826 2689 994 2743 tribus
1015 2689 1286 2745 sentiretis
1302 2692 1548 2761 capitulis
1569 2705 1922 2765 exponentes,
1944 2708 2185 2754 nostrum

601 2777 821 2847 poscitis
852 2776 972 2832 dari
999 2793 1067 2833 ex
1097 2779 1282 2834 eadem
1309 2797 1471 2837 causa
1501 2799 1842 2854 responsum.

686 2866 921 2936 Ideoque
948 2883 1070 2922 cum
1100 2867 1290 2926 fratres
1333 2873 1525 2942 nostri,
1565 2890 1740 2944 neque
1779 2890 2062 2949 exaequato
2091 2897 2188 2938 no-

602 2958 807 3014 biscum
864 2975 1088 3015 nurnero
1141 2962 1395 3028 residere,
1443 2980 1618 3035 neque
1665 2969 1717 3023 in
1765 2972 2022 3042 scriptum
2069 2989 2187 3044 qua:

601 3061 880 3117 ageremus
901 3048 986 3104 vel
1008 3057 1358 3107 tractaremus
1379 3054 1546 3124 redigi
1571 3066 1903 3126 paterentur,
1932 3071 2186 3135 tanquam

607 3139 776 3211 (quod
818 3140 979 3211 absit)
1019 3156 1126 3197 non
1157 3145 1535 3201 convenientia
1579 3151 1889 3207 rectitudini
1933 3155 2185 3224 loquere-

2285 1986 2518 2045 quatuor
2543 1980 2781 2050 synodis,
2812 1981 3043 2046 Nictena,
3067 1981 3677 2054 Constantinopolitana,
3702 1985 3871 2056 Ephe-

2285 2064 2419 2130 sina,
2453 2075 2613 2135 atque
2656 2065 3079 2126 Chalcedonensi
3126 2073 3478 2141 probabiliter
3519 2083 3680 2144 atque
3730 2077 3869 2131 irre-

2286 2155 2734 2222 prehensibiliter,
2769 2161 2940 2213 sancti
2990 2159 3219 2230 Spiritus
3266 2174 3593 2233 cooperante
3632 2181 3869 2235 prasscu-

2287 2246 2382 2310 tia,
2415 2243 2608 2313 legitur
2635 2246 2875 2318 deﬁnita)
2900 2250 3057 2306 valde
3086 2252 3298 2307 inimica
3329 2269 3446 2308 esse
3476 2257 3868 2324 perspeximus,

2286 2339 2342 2385 et
2371 2333 2556 2402 procul
2584 2349 2614 2387 a
2635 2333 2953 2392 Christianis
2979 2339 3226 2397 sensibus
3246 2342 3574 2412 repellenda.
3609 2343 3869 2414 Propter-

2287 2434 2350 2475 ea
2381 2435 2527 2491 ergo,
2564 2432 2623 2476 ut
2649 2432 2774 2492 pote
2803 2428 3172 2494 exsecrabilis,
3198 2437 3360 2499 atque
3397 2445 3427 2484 a
3464 2432 3665 2488 sanctis
3691 2433 3870 2488 Patri-

2287 2510 2387 2565 bus
2433 2512 2561 2566 olim
2601 2514 2717 2568 sine
2767 2513 3100 2573 dubitatione
3142 2518 3412 2586 damnata,
3443 2530 3624 2576 nostra
3653 2537 3872 2592 quoque

2287 2602 2553 2657 sententia
2601 2605 3118 2664 anathematizamus
3166 2619 3328 2679 atque
3356 2611 3696 2677 damnamus,
3725 2629 3869 2684 quo-

2287 2707 2404 2745 rum
2434 2691 2664 2760 primum
2690 2696 2977 2766 capitulum
3008 2698 3080 2753 ita
3109 2714 3169 2756 se
3199 2700 3359 2755 habet
3391 2719 3404 2753 :

2739 2870 3009 2912 THEODORI
3047 2873 3345 2915 CAPITULULI
3387 2879 3422 2916 Ι.

2358 2960 2385 2999 δ
2417 2959 2684 3026 Quomodo
2725 2967 2884 3037 igitur
2929 2975 3002 3032 tu,
3053 2986 3198 3040 quem
3237 2988 3390 3043 super
3425 2991 3602 3029 omnes
3638 2979 3867 3030 maxime

2285 3050 2430 3106 decet
2449 3054 2735 3107 animarum
2758 3058 3003 3126 regimen,
3028 3059 3173 3112 illum
3196 3062 3448 3130 eumdem,
3471 3066 3557 3135 qui
3575 3082 3640 3120 ex
3661 3069 3866 3139 virgine

2285 3150 2440 3195 natus
2467 3152 2564 3208 est,
2594 3143 2759 3198 Deum
2781 3163 2909 3211 esse,
2934 3156 2983 3200 et
3009 3165 3072 3201 ex
3103 3149 3210 3203 Deo
3240 3153 3726 3210 consubstantialem
3757 3157 3872 3211 1³η-

601 3245 743 3298 mur,
771 3245 892 3301 quas
918 3232 1156 3287 scribere
1186 3233 1498 3292 timeremus
1528 3254 1542 3303 ;
1574 3247 1630 3293 et
1670 3241 1886 3313 insuper
1913 3246 2187 3312 gloriosis.
2212 3258 2255 3318 ε
2288 3231 2357 3284 tri
2385 3233 2674 3286 existimari
2700 3235 2849 3302 dicis,
2881 3237 2985 3290 nisi
3014 3240 3146 3308 forte
3171 3250 3348 3294 sancto
3379 3241 3598 3313 Spiritui
3618 3247 3874 3316 imputari

600 3320 750 3375 simis
789 3319 857 3375 ad
901 3335 1002 3376 nos
1045 3322 1361 3392 proceribus
1401 3324 1681 3382 destinatis
1708 3329 1981 3387 insisteret
2009 3343 2185 3390 vestra

601 3407 908 3477 clementia,
949 3417 1194 3466 nostrum
1241 3411 1310 3468 de
1358 3415 1519 3469 trium
1568 3418 1924 3487 capitulorum
1968 3426 2185 3492 negotio

600 3511 763 3569 quam
792 3499 1074 3556 celerrime
1101 3502 1345 3571 proferre
1373 3502 1573 3561 debere
1599 3521 1936 3578 responsum,
1968 3528 2070 3569 nec
2108 3515 2187 3570 sic

599 3589 904 3646 destitimus
932 3603 1123 3648 vestrae
1148 3593 1370 3651 obedire
1410 3597 1548 3653 velle
1597 3599 1896 3659 clementiae
1930 3622 1943 3656 :
1977 3606 2078 3662 hoc
2105 3623 2188 3663 so-

603 3682 882 3739 lummodo
935 3686 1291 3754 postulantes,
1346 3694 1405 3742 ut
1443 3704 1542 3758 pro
1593 3689 1903 3748 inﬁrmitate
1943 3698 2187 3765 corporis

601 3774 792 3839 nostri,
824 3788 943 3844 qute
973 3775 1104 3830 nulli
1143 3775 1371 3830 habetur
1399 3778 1690 3847 incognita,
1740 3782 1927 3850 viginti
1976 3784 2183 3840 dierum

601 3866 758 3920 nobis
801 3865 1004 3940 daretis
1045 3866 1306 3931 inducias,
1353 3876 1619 3936 quatenus
1667 3871 1851 3927 habito
1881 3875 2182 3945 nobiscum,

601 3952 716 4009 Deo
744 3954 1056 4020 auxiliante,
1091 3963 1338 4018 tractatu,
1382 3955 1708 4015 deﬁnitionis
1736 3972 1952 4031 nostrte,
1985 3968 2184 4022 consti-

603 4051 721 4098 tuto
767 4043 854 4098 die
899 4044 1120 4112 scripto,
1163 4047 1484 4121 sententiam
1513 4049 1814 4107 diceremus
1847 4072 1860 4107 :
1890 4055 1956 4110 ad
1997 4057 2186 4116 fratres

599 4143 658 4191 et
685 4136 1038 4206 coepiscopos
1065 4147 1308 4204 nostros,
1341 4154 1371 4193 a
1400 4141 1594 4208 quibus
1623 4143 1872 4201 similiter
1896 4147 1965 4202 de
1994 4150 2182 4206 eadem

598 4241 761 4281 causa
784 4241 1102 4296 responsum
1128 4243 1224 4283 vos
1249 4227 1487 4299 flagitare
1507 4233 1735 4300 dixistis,
1754 4237 2184 4310 liliummostrum

599 4315 887 4370 diaconum
918 4315 1188 4386 Pelagium
1216 4335 1338 4375 cum
1379 4322 1683 4391 hujusmodi
1713 4328 1966 4385 mandato
1995 4332 2188 4389 direxi-

599 4422 739 4472 mus,
785 4407 1046 4465 dicentes.
1095 4409 1166 4465 Ut
1215 4413 1340 4480 quia
1389 4417 1712 4474 constitutus
1761 4421 2069 4479 collationis
2114 4426 2187 4481 fa-

600 4497 805 4554 ciendae
850 4499 1044 4555 modus
1096 4499 1271 4556 fuerat
1315 4507 1726 4574 prmtermissus,
1761 4511 1948 4566 saltem
1996 4516 2182 4584 viginti

601 4589 718 4644 dies
744 4605 842 4658 pro
863 4591 1132 4646 antedicta
1156 4596 1323 4649 nostri
1348 4597 1590 4667 corporis
1613 4599 1997 4668 imbecillitate,
2021 4621 2183 4674 quam
2217 4625 2258 4678 ο

600 4684 818 4741 norunt,
849 4686 1092 4733 nostrum
1131 4681 1390 4737 deberent
1427 4683 1702 4740 deﬁnitum
1743 4688 1809 4743 de
1848 4692 2015 4746 tribus
2043 4696 2183 4764 capi-

603 4763 729 4818 tulis
775 4764 1040 4821 sustinere
1079 4783 1416 4839 responsum,
1460 4773 1737 4841 antiquum
1780 4786 1834 4831 et
1880 4763 2181 4848 regularem

601 4852 964 4910 custodientes
991 4856 1232 4912 ordinem
1249 4897 1263 4921 ,
1293 4875 1361 4914 ne
1389 4873 1513 4917 ante
1539 4873 1766 4931 nostrai,
1800 4867 1904 4923 hoc
1932 4879 2016 4924 est
2041 4873 2183 4928 sedis

601 4943 933 5014 apostolicm,
960 4946 1046 5000 cui
1068 4961 1165 5016 per
1193 4948 1287 5005 Dei
1317 4953 1540 5019 gratiam
1565 4956 1929 5024 praesidemus,
1953 4963 2185 5030 promul-

602 5034 870 5104 gationem
918 5039 1218 5106 sententiae,
1261 5041 1552 5111 quidquam
1604 5045 1846 5114 proferre
1893 5058 2177 5114 tentarent,

603 5123 746 5180 unde
771 5125 1010 5182 seandali
1041 5143 1392 5210 rursus,Aqu:c
1424 5133 1598 5202 sopita
1625 5135 1818 5202 fuerat,
1850 5139 1977 5194 oriri
2002 5152 2184 5210 posset

603 5216 838 5272 occasio.
1253 5207 1268 5216 “

677 5302 972 5375 Propositis
1002 5309 1182 5378 itaque
1208 5312 1362 5367 nobis
1401 5323 1456 5368 et
1493 5315 1778 5386 diligenter
1804 5319 2077 5390 inspectis,
2111 5324 2191 5378 in-

605 5401 863 5460 quantum
904 5397 1317 5469 uniuscujusque
1364 5404 1582 5472 capituli
1621 5408 1673 5460 in
1716 5410 2067 5475 quaestionem
2098 5411 2187 5467 de-

605 5479 756 5536 ducti
784 5485 922 5538 ratio
951 5489 1274 5555 postulabat,
1306 5493 1653 5562 synodalibus
1699 5497 1971 5555 codicibus
2023 5509 2184 5570 atque

604 5570 771 5638 gestis
809 5573 1051 5641 prolatis,
1093 5591 1214 5645 quae
1263 5580 1384 5635 aliis
1426 5585 1736 5642 eorumdem
1768 5585 1986 5644 Patrum
2012 5591 2097 5646 vel
2130 5593 2180 5646 in

605 5661 804 5717 sanctis
843 5672 1075 5731 quatuor
1112 5669 1349 5737 synodis,
1400 5682 1494 5728 aut
1539 5674 1590 5728 in
1622 5691 1725 5732 una
1756 5693 1940 5734 earum
1993 5685 2182 5741 rescri-

678 5855 704 5884 ι
731 5846 915 5916 Forte,
945 5850 1158 5920 protulit
1178 5851 1325 5908 illud.
1359 5853 1686 5914 llsusumus.

2285 3320 2428 3374 illius
2448 3325 2761 3378 creationem
2784 3343 2884 3380 nun
2907 3326 3094 3397 jubes?
3123 3329 3230 3384 Sed
3258 3332 3370 3402 quis
3389 3337 3466 3386 est
3494 3332 3631 3388 Deus
3655 3351 3721 3390 ex
3755 3335 3870 3392 Deo

2285 3419 2338 3466 et
2357 3413 2810 3472 consubstantialis
2825 3417 3012 3472 Patri?
3035 3419 3093 3473 Is
3121 3421 3255 3475 idem
3284 3423 3371 3494 qui
3399 3439 3464 3478 ea:
3490 3426 3683 3496 virgine
3709 3437 3870 3483 natus

2284 3513 2398 3558 erat
2427 3503 2478 3572 (ο
2517 3505 2886 3575 mirandum!),
2944 3518 2994 3562 et
3039 3511 3125 3582 qui
3174 3529 3265 3581 per
3318 3513 3572 3582 Spiritum
3625 3526 3870 3571 sanctum

2285 3595 2566 3649 secundum
2593 3596 2796 3650 divinas
2825 3597 3124 3668 Scripturas
3152 3601 3434 3669 plasmatus
3473 3612 3570 3670 est,
3611 3614 3661 3658 et
3699 3607 3875 3676 confi-

2285 3688 2505 3742 ctionem
2547 3689 2603 3742 in
2651 3688 2891 3743 muliebri
2938 3694 3135 3761 accepit
3177 3694 3389 3746 ventre?
3417 3693 3600 3749 Inerat
3640 3698 3872 3768 forsitan

2285 3778 2408 3846 quia
2456 3794 2577 3832 mea:
2623 3795 2779 3850 quam
2814 3781 3100 3850 plasmatus
3147 3791 3239 3848 est,
3291 3792 3340 3836 et
3379 3794 3435 3838 ut
3477 3789 3719 3857 templum
3764 3789 3877 3845 Dei

2285 3875 2438 3932 esset,
2479 3871 2676 3938 accepit
2717 3887 2735 3922 :
2777 3887 2882 3924 non
2923 3879 3092 3925 tamen
3133 3875 3530 3931 existimandum
3577 3882 3721 3934 nobis
3766 3895 3873 3948 est,

2286 3954 2450 4010 Deum
2481 3958 2544 4011 de
2572 3959 2767 4030 virgine
2793 3970 2970 4014 natum
3014 3977 3144 4030 esse,
3183 3963 3286 4017 nisi
3327 3967 3461 4035 forte
3499 3968 3635 4022 idem
3679 3971 3872 4024 existi-

2287 4047 2531 4100 mundum
2561 4049 2707 4102 nobis
2734 4059 2878 4104 estet
2906 4051 3040 4122 quod
3069 4061 3246 4107 natum
3285 4065 3381 4119 est,
3425 4063 3474 4108 et
3512 4064 3646 4127 quod
3685 4069 3762 4114 est
3809 4063 3872 4116 in

2287 4144 2411 4190 nato
2453 4139 2671 4206 templo,
2690 4146 2738 4192 et
2769 4139 2857 4208 qui
2886 4141 2938 4194 in
2969 4143 3156 4212 templo
3182 4152 3258 4196 est
3287 4143 3429 4198 Deus
3468 4145 3684 4201 Verbum
3711 4165 3728 4202 :
3760 4166 3873 4204 non

2287 4233 2460 4280 tamen
2491 4243 2582 4280 nec
2608 4229 2887 4283 secundum
2925 4239 3064 4285 tuam
3102 4250 3271 4287 vocem
3311 4238 3751 4304 pronuntiandum
3789 4251 3876 4294 est

2287 4317 2516 4378 omnino,
2549 4335 2613 4371 ea:
2640 4319 2836 4389 virgine
2862 4333 3041 4374 natum
3069 4322 3235 4377 Deum
3271 4343 3382 4379 esse
3417 4337 3466 4380 et
3493 4343 3558 4381 es:
3598 4327 3704 4382 Deo
3740 4347 3877 4385 con-

2287 4408 2674 4463 substantialem
2726 4411 2896 4466 Patri.
2953 4412 3096 4468 Nam
3148 4417 3194 4469 si
3244 4434 3344 4471 non
3396 4421 3547 4473 homo
3593 4431 3666 4474 est
3709 4423 3876 4494 (sicut

2285 4502 2438 4572 dicis)
2471 4513 2786 4572 assumptus,
2828 4506 2914 4574 qui
2953 4516 3105 4560 natus
3147 4518 3312 4562 estex
3344 4512 3554 4580 virgine,
3589 4511 3725 4566 Deus
3748 4532 3876 4570 vero

2287 4595 2619 4670 incarnatus;
2650 4595 2901 4665 quomodo
2930 4598 3016 4666 qui
3056 4607 3210 4652 natus
3254 4609 3348 4666 est,
3396 4600 3535 4654 Deus
3573 4619 3637 4655 ea:
3673 4604 3784 4658 Deo
3816 4616 3875 4658 ct

2233 4737 2241 4744 ,
2285 4683 2738 4739 consubstantiatis
2768 4686 2964 4739 dicetur
2997 4687 3161 4752 Patri,
3195 4706 3350 4743 carne
3375 4708 3475 4744 non
3506 4703 3709 4762 potente
3729 4695 3877 4749 lianc

2284 4794 2454 4832 vocem
2485 4779 2782 4849 suscipere?
2807 4778 2951 4833 Nam
2979 4791 3056 4834 est
3084 4784 3287 4852 quidem
3319 4785 3573 4840 dementia
3603 4787 3767 4840 Deum
3798 4805 3874 4841 ea:

2284 4871 2483 4940 virgine
2512 4879 2689 4923 natum
2717 4886 2829 4924 esse
2856 4871 3056 4937 dicere;
3101 4875 3196 4927 hoc
3239 4877 3372 4929 enim
3419 4878 3552 4931 nihil
3600 4879 3745 4931 aliud
3788 4890 3880 4933 est

2285 4976 2440 5029 quam
2463 4977 2530 5014 ex
2557 4963 2750 5015 semine
2778 4978 2892 5015 eum
2913 4963 3083 5018 dicere
3112 4964 3279 5018 David
3305 4967 3366 5019 de
3389 4969 3674 5022 substantia
3703 4971 3879 5040 virgi-

2286 5053 2368 5104 nis
2387 5054 2614 5122 genitum
2634 5062 2682 5107 et
2705 5055 2758 5108 in
2783 5056 2898 5125 ipsa
2928 5056 3256 5125 plasmatum,
3284 5061 3403 5128 quia
3432 5062 3568 5130 quod
3586 5077 3649 5114 ea:
3669 5065 3881 5116 semine

2287 5139 2460 5195 David
2486 5152 2536 5196 et
2562 5143 2625 5197 de
2650 5143 2942 5199 substantia
2969 5148 3180 5216 virginis
3208 5157 3284 5201 est
3306 5187 3319 5209 ,
3349 5150 3402 5201 in
3435 5158 3664 5204 materno
3693 5163 3881 5206 ventre

2287 5233 2538 5298 consistit,
2572 5245 2618 5286 et
2641 5235 2806 5287 sancti
2837 5235 3063 5303 Spiritus
3092 5237 3402 5305 plasmatum
3440 5238 3642 5304 virtute,
3684 5249 3879 5293 natum

2289 5325 2448 5392 fuisse
2477 5324 2691 5378 dicimus
2725 5326 2786 5378 de
2825 5325 3044 5394 virgine.
3103 5325 3170 5378 Ut
3215 5337 3384 5379 autem
3430 5329 3616 5399 aliquis
3664 5346 3728 5383 ea:
3768 5331 3882 5384 hoc

2288 5414 2536 5467 concedat
2561 5414 2729 5467 dicere
2748 5414 2892 5483 ipsis,
2922 5414 3058 5483 quod
3081 5413 3215 5467 Deus
3237 5431 3300 5467 ea:
3331 5414 3436 5471 Dee
3459 5427 3509 5470 et
3529 5417 3884 5472 consubstan-

2287 5502 2429 5556 tialis
2459 5501 2609 5555 Patri
2633 5513 2785 5556 natus
2806 5513 2882 5556 est
2910 5519 2975 5557 ea:
3002 5505 3214 5575 virgine,
3247 5522 3305 5560 eo
3327 5508 3463 5578 quod
3491 5518 3567 5562 est
3592 5510 3646 5562 in
3677 5512 3882 5577 templo

2286 5603 2427 5660 nato,
2456 5595 2546 5648 sed
2575 5612 2676 5649 non
2699 5612 2788 5665 per
2816 5611 2871 5649 se
2900 5605 3050 5649 nutus
3069 5607 3146 5649 est
3168 5597 3304 5652 Deus
3337 5600 3588 5664 Verbum;
3619 5603 3885 5654 incarna-

2287 5695 2368 5741 tus
2389 5703 2526 5751 vero,
2558 5689 2688 5740 sicut
2716 5688 2839 5741 dicit
2868 5688 2964 5740 iste
2992 5689 3216 5758 sapiens.
3251 5691 3311 5746 Si
3353 5694 3510 5764 igitur
3547 5709 3659 5746 cum
3707 5709 3885 5750 σανντο

2366 5865 2392 5907 lt
2423 5865 2492 5924 Ut
2519 5866 2571 5924 in
2601 5871 2796 5927 concil.
2833 5871 2896 5942 Υ,
2927 5874 3106 5931 collat.
3134 5873 3194 5928 4.
