4006 6190
324 339 395 389 73
1524 348 1871 406 EPISTOLJS
1912 354 1996 408 ET
2036 357 2362 416 DECRETA.
3492 386 3559 441 Ἠ

315 467 435 504 cum
460 460 639 507 natum
658 462 771 509 exse
795 457 1005 521 dicunt;
1045 460 1181 529 quod
1207 468 1374 516 autem
1404 473 1583 519 natum
1612 477 1706 529 est,
1752 466 1890 523 Deus
1924 473 1967 531 Λ

313 556 384 594 ει
413 540 542 607 Deo,
571 552 623 597 ct
648 546 1110 602 consubstantialis
1138 549 1287 603 Patri
1313 561 1391 607 est
1415 569 1434 606 :
1464 570 1668 610 necesse
1695 568 1772 612 est
1799 559 1892 614 hoc

314 639 369 683 et
393 647 600 685 carnem
628 633 817 698 dicere,
860 637 996 707 quod
1035 640 1080 691 si
1122 655 1224 692 non
1262 641 1456 697 idcirco
1492 660 1612 698 caro
1637 655 1731 711 est,
1764 664 1890 719 quo-

316 724 458 776 niam
482 739 576 776 nec
596 723 737 779 Deus
756 743 824 780 ea:
852 726 981 794 Deo,
1005 745 1097 782 nec
1115 730 1572 788 consubstantialis
1600 735 1773 806 Patri,
1803 745 1895 793 sed

314 829 384 866 ea:
427 816 622 869 semine
667 816 863 882 David,
909 829 959 872 et
998 821 1454 877 consubstantialis
1482 826 1529 878 ei
1552 826 1698 896 cujus
1722 844 1892 883 semen

313 912 411 967 est,
456 914 507 958 et
541 923 642 960 non
669 908 727 960 id
753 909 890 978 quod
932 920 1109 966 natum
1133 922 1210 967 est
1235 930 1299 967 ea:
1326 917 1521 985 virgine
1549 916 1687 973 Deus
1714 930 1813 988 est,
1843 931 1892 975 et

312 1010 379 1045 ea:
427 992 565 1060 Deo,
614 1006 664 1049 et
703 997 1158 1056 consubstantialis
1204 1001 1390 1070 Patri;
1440 1007 1544 1060 nisi
1591 1010 1724 1077 forte
1766 1028 1889 1079 pars

311 1080 461 1147 Nati,
485 1096 639 1154 prout
667 1088 777 1157 ipse
804 1089 857 1141 in
879 1090 1208 1160 inferioribus
1228 1105 1426 1165 partem
1447 1095 1637 1153 Christi
1659 1101 1890 1155 nominat

310 1173 591 1236 deitatem;
621 1178 715 1230 sed
743 1196 847 1233 non
876 1182 1049 1236 dirina
1077 1193 1266 1240 natura
1292 1203 1357 1242 ea:
1385 1189 1581 1259 virgine
1614 1201 1740 1245 nata
1777 1203 1886 1258 est;

309 1273 463 1316 natus
491 1276 663 1319 autem
692 1281 767 1320 est
793 1285 859 1322 ea:
898 1272 1119 1342 rirgine,
1149 1276 1235 1345 qui
1264 1293 1329 1331 ea:
1355 1276 1643 1334 substantia
1676 1283 1889 1352 virginis

308 1367 533 1423 constat,
565 1374 669 1412 non
697 1357 835 1414 Deus
866 1362 1070 1418 verbum
1109 1383 1173 1421 ea:
1196 1368 1372 1423 Maria
1399 1382 1551 1427 natus
1589 1382 1706 1427 est:
1736 1386 1889 1432 natus

308 1455 388 1497 est
414 1456 585 1500 autem
613 1464 681 1503 ea:
718 1449 909 1517 Maria,
955 1455 1042 1523 qui
1078 1473 1145 1510 ea:
1184 1461 1377 1515 semine
1423 1472 1500 1517 est
1546 1463 1732 1533 David,
1784 1485 1886 1524 non

314 1532 451 1589 Deus
480 1536 686 1592 verbum
711 1557 776 1593 ea:
804 1542 1016 1599 muliere
1036 1556 1188 1601 natus
1217 1558 1310 1613 est,
1355 1552 1447 1605 sed
1487 1563 1637 1608 natus
1672 1573 1733 1609 ra:
1769 1574 1884 1612 mu-

307 1627 454 1690 liere,
486 1630 573 1700 qui
600 1631 784 1686 rirtute
821 1637 988 1689 sancti
1030 1636 1256 1707 Spiritus
1282 1642 1569 1711 plasmatus
1597 1656 1671 1699 est
1706 1649 1761 1701 in
1788 1666 1883 1715 ea;

306 1734 413 1771 non
454 1736 519 1772 ea:
548 1730 714 1775 matre
757 1733 911 1778 natus
957 1730 1525 1789 est.consubstantialis
1561 1734 1710 1791 Patri
1752 1741 1885 1805 (sine

305 1818 477 1863 matre
495 1813 632 1865 enim
661 1822 758 1879 est,
788 1816 1066 1871 secundum
1093 1818 1230 1874 beati
1263 1821 1415 1877 Pauli
1443 1828 1651 1893 uocem),
1676 1829 1768 1882 sed
1796 1831 1882 1900 qui
1914 1837 1957 1896 Β
2056 1843 2219 1899 suam
2274 1858 2359 1901 aut

302 1902 358 1953 in
391 1904 761 1970 posterioribus
804 1909 1112 1977 temporibus
1150 1912 1203 1966 in
1233 1923 1465 1971 materno
1506 1928 1678 1973 ventre

2539 481 2712 553 Vigilii
2741 490 3020 555 responsio.

2064 563 2121 619 in
2167 570 2539 641 suprascriptis
2580 576 2815 632 secundo
2861 588 2915 633 et
2964 582 3121 638 tertio
3168 587 3414 658 capitulis
3461 594 3562 651 hoc

1993 654 2202 710 videtur
2231 661 2426 726 astrui,
2469 664 2592 731 quia
2633 664 2772 721 Deus
2799 670 3018 726 verbum
3058 674 3259 733 homini
3297 681 3560 750 plasmato

1993 743 2163 799 inerat
2208 755 2459 817 tanquam
2498 753 2635 808 alter
2679 755 2731 809 in
2773 757 2964 815 altero.
3012 760 3244 822 Dicendo
3285 743 3448 839 enim,
3502 784 3560 830 ut

1990 838 2345 906 particulatim
2375 842 2793 915 dispensationi,
2825 865 2942 919 qua:
2969 854 3107 911 circa
3137 873 3256 913 eum
3286 838 3439 931 erat,
3465 882 3556 922 or-

1991 927 2166 984 dinem
2201 932 2473 990 videretur
2512 937 2810 1008 imponere,
2856 951 2912 998 et
2945 960 3069 1001 eum
3105 959 3326 1020 propter
3361 955 3556 1013 bonam

1991 1017 2340 1089 voluntatem,
2369 1040 2527 1093 quam
2557 1028 2696 1084 circa
2739 1030 2909 1100 ipsum
2938 1017 3220 1103 habebat;
3243 1050 3297 1095 et
3335 1048 3558 1112 parabat

1990 1120 2111 1160 eum
2152 1109 2244 1177 qui
2294 1122 2596 1183 assumptus
2644 1128 2726 1173 est
2769 1120 2835 1175 ad
2876 1134 3185 1197 provectum
3214 1109 3557 1200 perfectionis

1989 1194 2287 1281 adducere,
2346 1200 2540 1259 talibus
2586 1208 2763 1263 verbis
2807 1194 3036 1270 daal-itas
3101 1194 3444 1287 personarum
3501 1229 3554 1282 in

1988 1283 2214 1342 Domino
2235 1304 2342 1346 uno
2365 1299 2421 1348 et
2448 1292 2558 1349 Deo
2581 1306 2763 1354 nostro
2784 1298 2908 1357 Jesu
2930 1283 3141 1362 Christo
3161 1315 3557 1374 exsecrabiliter

1989 1374 2199 1430 videtur
2228 1379 2423 1451 induci,
2455 1392 2511 1438 et
2535 1392 2787 1457 tanquam
2827 1395 3118 1460 quemlibet
3163 1399 3430 1460 hominem
3460 1408 3554 1464 Dei

1990 1463 2148 1520 Verbi
2176 1471 2344 1536 gratia
2368 1486 2466 1542 per
2483 1476 2651 1545 spatia
2676 1486 2973 1551 temporum
2995 1488 3300 1556 profecisse.
3324 1493 3555 1567 Ideoque

1986 1555 2291 1627 quicunque
2337 1577 2403 1617 eo
2446 1564 2721 1623 intellectu
2775 1574 2933 1644 sapit,
2989 1555 3164 1645 docet,
3220 1585 3410 1653 credit,
3461 1555 3555 1644 aut

1986 1644 2262 1715 praedicat,
2293 1652 2574 1709 anathema
2601 1657 2689 1711 sit.

2414 1780 2680 1823 THEODOR!
2717 1785 3014 1831 εΑΡιτυιυιι
3052 1793 3124 1833 ιν.

2363 1868 2443 1906 em
2493 1860 2903 1925 coeperationem
2965 1867 3035 1921 ad
3084 1876 3351 1942 proposito
3398 1895 3555 1950 opera

1719 1923 1887 1976 sancti
1983 1936 2264 2004 prwstabat
2290 1941 2336 1993 ei
2362 1943 2448 2012 qui
2477 1923 2799 2017 assumptus;
2827 1953 2912 2007 ubi
2939 1956 3035 2010 hoc
3060 1923 3266 2030 fbeitrin
3294 1966 3405 2023 loco
3430 1923 3554 2026 ζειτ-

1983 1988 1995 2004 ,
2054 1988 2079 1989 η
2102 1988 2133 1990 ρ
2292 1988 2333 1993 νγ
2398 1988 2447 1995 νη
2477 1988 2649 1999 -ννυ---σ
2689 1988 2768 2003 που
2828 1988 2911 2007 mu
2939 1988 3033 2010 uuv
3083 1988 3186 2015 aut
3212 1988 3266 2019 1η
3294 1988 3405 2023 loco
3460 1989 3488 2024 e
3529 2001 3553 2014 ο

301 1988 539 2059 Spiritus
558 1996 740 2049 virtute
757 1996 1042 2067 plasmatus
1056 2011 1151 2069 est,
1168 2014 1222 2059 ut
1238 2014 1354 2073 pote
1373 2008 1484 2063 sine
1501 2006 1663 2065 Patre
1679 2022 1887 2083 propter
1981 2040 2067 2078 sus
2090 2027 2253 2095 fuisse
2280 1988 2557 2087 dislantem
2579 1988 2796 2109 illirqui,
2817 1988 3107 2115 assumptbs
3140 2061 3215 2106 est
3226 2070 3245 2118 ;
3290 2072 3383 2111 nec

301 2080 401 2118 Ima-
431 2082 597 2118 (liniue
2018 2115 2027 2118 “
2180 2115 2188 2118 Α

300 2080 401 2135 hoc
430 2082 616 2138 dictus.

849 2197 1028 2271 Vigilii
1055 2208 1342 2271 responsio.

362 2282 429 2340 In
454 2286 824 2357 suprascripto
865 2292 1041 2358 primo
1080 2296 1315 2365 capitulo
1357 2301 1609 2369 quoniam
1639 2318 1737 2373 per
1774 2307 1881 2363 cir-

290 2377 477 2433 cuitus
502 2376 554 2432 id
582 2377 794 2433 videtur
819 2382 1016 2448 astuti,
1044 2384 1168 2453 quia
1209 2386 1372 2443 homo
1404 2405 1570 2460 purus
1596 2408 1663 2448 ex
1693 2404 1879 2451 sancta

289 2467 507 2535 virgine
535 2469 702 2525 Maria
731 2480 887 2529 natus
913 2471 1016 2539 sit,
1047 2472 1273 2532 dicendo
1306 2495 1319 2530 :
1351 2478 1407 2534 Si
1445 2480 1677 2537 fatemur
1708 2484 1877 2540 Deum

289 2556 544 2619 verbm,
599 2559 694 2627 qui
747 2562 1217 2621 consubstantialis
1265 2574 1350 2625 est
1397 2567 1564 2635 Patri,
1602 2584 1764 2627 carne
1808 2587 1877 2629 ex

288 2646 487 2700 eadem
516 2648 722 2716 virgine
769 2661 973 2720 natum,
1001 2670 1226 2712 necesse
1261 2670 1348 2715 est
1384 2669 1443 2715 ut
1481 2675 1701 2718 carnem
1746 2677 1876 2719 con-

286 2735 704 2794 substantialem
768 2739 910 2796 Patri
970 2757 1365 2816 consequenter
1427 2765 1547 2806 esse
1610 2754 1868 2811 dicamus.

289 2823 533 2896 Ideoque
573 2830 879 2901 quicunque
917 2832 1223 2903 hujusmodi
1254 2840 1555 2899 intellectus
1584 2845 1742 2913 sapit,
1774 2846 1871 2900 do-

287 2922 406 2980 cet,
430 2916 624 2982 credit,
653 2927 749 2974 aut
783 2922 1059 2992 praedicat,
1102 2934 1158 2980 et
1195 2943 1304 2982 non
1353 2931 1595 2987 eumdem
1635 2932 1870 2993 Verbum

287 3020 355 3061 ac
383 3006 576 3065 Filium
613 3009 712 3066 Dei
749 3028 848 3083 per
885 3017 1174 3072 secundam
1218 3021 1548 3078 nativitatem
1578 3019 1644 3079 e'x
1682 3034 1867 3084 sancta

289 3095 459 3154 laris
485 3100 819 3157 incarnatum
846 3112 902 3159 et
927 3114 1112 3162 natum
1141 3111 1332 3177 credit,
1362 3116 1649 3171 anathema
1676 3116 1767 3172 sit.

725 3230 992 3273 THEODORI
1029 3234 1327 3277 CAPITULUM
1368 3239 1423 3278 11.

360 3312 387 3338 ⁸
421 3301 551 3356 Hea:
579 3313 747 3358 autem
771 3307 827 3359 in
855 3308 967 3378 ipso
994 3311 1247 3379 plasmato
1278 3313 1417 3370 Deus
1452 3316 1669 3375 Verbum
1696 3323 1866 3395 factus

286 3400 399 3453 est;
437 3408 532 3444 nec
568 3395 705 3448 enim
739 3396 795 3449 in
840 3400 1020 3452 caelum
1050 3404 1344 3459 ascendenti
1368 3409 1530 3463 solum
1558 3413 1748 3484 inerat,
1775 3417 1865 3469 sed

284 3480 441 3531 etiam
469 3479 536 3533 εἰ
562 3484 778 3536 mortuis
803 3490 1108 3557 resurgenti,
1128 3500 1186 3543 ut
1211 3503 1326 3559 pote
1353 3503 1400 3548 et
1421 3501 1729 3555 resuscitans
1748 3520 1862 3557 eum

283 3570 565 3623 secundant
602 3588 749 3626 mam
781 3578 1205 3644 promissionem;
1237 3600 1331 3637 nec
1371 3591 1657 3659 resurgenti
1696 3594 1860 3646 solum

282 3658 477 3727 inerat,
502 3661 595 3714 sed
616 3665 771 3716 etiam
794 3668 1041 3737 cruciﬁxo
1067 3677 1117 3722 et
1138 3670 1418 3742 baptizato,
1448 3687 1498 3730 et
1515 3658 1859 3752 evangelicum

284 3758 399 3817 post
426 3748 681 3819 baptisma
704 3758 1095 3811 conversionem‘
1109 3766 1373 3834 peragenti
1390 3807 1404 3829 ,
1442 3783 1534 3820 nec
1574 3784 1675 3823 non
1704 3773 1857 3841 etiam

284 3841 351 3893 de
399 3840 653 3910 baptismo
698 3845 913 3916 legalem
964 3851 1271 3922 adimplenti
1320 3860 1763 3927 constitutionem,
1802 3840 1859 3917 et

282 3942 594 3999 prasentan
638 3936 913 3991 secundum
963 3939 1141 4011 legem,
1187 3953 1237 3996 et
1274 3947 1591 4014 circumciso,
1636 3960 1685 4003 et
1730 3954 1855 4021 fetui

284 4024 472 4089 patinis
498 4024 764 4089 obroluto;
792 4036 906 4081 erat
934 4040 1106 4085 autem
1128 4035 1262 4105 forte
1301 4038 1351 4090 in
1374 4039 1487 4106 ipso
1516 4050 1565 4093 et
1592 4053 1853 4111 nascente,

281 4123 334 4164 ct
377 4129 491 4165 cum
530 4115 583 4166 in
631 4124 775 4169 utero
816 4128 945 4170 esset
995 4136 1028 4172 a
1072 4126 1239 4192 prima
1276 4129 1450 4181 statim
1478 4129 1851 4198 plasmatione;

283 4205 656 4274 dispensationi
683 4208 817 4261 enim
848 4226 962 4280 qua:
986 4214 1123 4266 circa
1149 4232 1262 4269 eum
1291 4228 1400 4271 erat
1429 4220 1661 4274 ordinem
1690 4223 1853 4293 impo-

282 4293 462 4357 nebat,
500 4306 553 4349 et
591 4299 939 4367 particulatim
968 4303 1134 4371 ipsum
1172 4308 1243 4359 ad
1274 4312 1636 4380 perfectionem
1666 4314 1852 4382 perdu-

279 4398 418 4437 σευ.

707 4520 973 4561 ἹΠΕΟΒΟΙΠ
1012 4523 1307 4564 CAPITULL'M
1347 4529 1396 4565 ΙΙΙ
1408 4552 1419 4564 .

349 4585 418 4640 Et
443 4608 536 4659 per
563 4600 757 4664 tempus
784 4599 853 4649 ad
880 4598 1133 4668 baptisma
1157 4602 1367 4671 ducens,
1393 4616 1507 4673 post
1533 4606 1660 4658 illud
1680 4618 1848 4662 autem

279 4681 347 4729 ad
380 4688 625 4747 mortem,
670 4685 854 4739 deinde
888 4690 1164 4742 secundum
1202 4707 1349 4745 suam
1378 4696 1845 4761 pronuntiationem

278 4771 606 4835 resuscitans,
636 4774 825 4829 ducens
854 4780 907 4829 in
937 4779 1139 4846 (celum,
1171 4782 1427 4835 mlloeans
1455 4799 1567 4837 eum
1590 4784 1657 4836 ad
1680 4786 1850 4839 dexte-

278 4875 385 4912 ram
438 4860 537 4914 Dei
579 4882 671 4933 per
714 4883 858 4920 suam
906 4871 1335 4939 conjunctiouem,
1382 4890 1446 4926 ea:
1484 4891 1582 4944 qua
1623 4876 1761 4929 scdct
1800 4888 1848 4931 et

204 4946 222 4953 “
275 4950 522 5005 adoretur
566 4952 632 5005 ab
679 4956 934 5026 omnibus,
984 4969 1034 5011 et
1079 4978 1253 5014 omnes
1289 4962 1562 5031 judieabit.
1618 4962 1844 5018 Istorum

272 5047 439 5091 autem
465 5044 693 5095 omnium
719 5045 875 5112 ﬁnem
905 5047 1046 5114 apud
1069 5065 1123 5101 se
1151 5050 1363 5103 habebat
1413 5050 1547 5106 Deus
1596 5052 1834 5118 Verbum,

269 5144 384 5181 cum
434 5130 489 5183 in
534 5147 595 5186 eo
641 5144 773 5197 erat,
822 5144 871 5189 et
906 5138 1083 5192 omnia
1118 5157 1209 5209 per
1252 5142 1484 5196 ordinem
1515 5145 1835 5215 complebat;

270 5237 413 5289 quem
441 5222 673 5279 ordinem
701 5228 812 5297 ipse
840 5228 1188 5285 arbitrabatur
1213 5233 1338 5287 bene
1360 5234 1548 5288 habere
1584 5252 1674 5305 per
1712 5237 1837 5305 ﬁni-

270 5312 453 5367 tionem
491 5316 694 5385 quidem
731 5326 781 5371 et
809 5320 1117 5376 uoluntatem
1135 5361 1150 5387 ,
1180 5340 1331 5394 quam
1357 5334 1511 5378 antea
1537 5327 1714 5379 statuit
1742 5342 1835 5395 pro

267 5398 342 5453 bis
371 5420 484 5472 qua:
508 5418 750 5460 eventura
781 5418 945 5472 erant,
977 5419 1026 5464 et
1053 5413 1187 5466 bona
1216 5415 1490 5477 voluntate,
1522 5432 1670 5485 quant
1696 5418 1833 5470 circa

268 5506 379 5543 eam
406 5493 641 5559 habebat,
673 5496 737 5549 ab
765 5499 913 5554 initio
942 5501 1177 5555 similiter
1204 5504 1370 5557 inerat
1389 5506 1455 5567 ei,
1485 5523 1576 5575 per
1602 5508 1830 5561 ordinem

268 5592 428 5633 u'm
458 5584 701 5643 placitum
726 5588 797 5641 ad
821 5593 1183 5658 perfectionem
1202 5595 1417 5649 ducebat
1442 5598 1625 5664 ipsum.

1980 2115 2054 2169 eis
2081 2115 2460 2193 quibuseunque
2479 2125 2688 2182 donavit
2709 2136 3147 2204 eooperationem;
3175 2158 3355 2199 sensus
3383 2147 3550 2204 locum

1979 2207 2090 2279 ejus
2112 2210 2401 2279 obtinebat;
2423 2217 2656 2272 siautem
2680 2229 2732 2274 et
2757 2224 2909 2279 modo
2934 2231 3248 2300 prwcipuam
3275 2241 3551 2306 quamdam

1977 2301 2385 2366 cooperationem
2409 2304 2617 2359 donavit
2637 2307 2716 2362 illi
2745 2311 2830 2380 qui
2869 2325 3159 2387 assumptus
3197 2301 3297 2387 est,
3326 2337 3428 2379 non
3457 2328 3552 2383 hoc

1978 2386 2199 2456 faciebat
2218 2389 2384 2444 locum
2410 2409 2590 2447 sensus
2619 2396 2859 2452 deitatem
2880 2386 3121 2461 obtinere.
3168 2386 3287 2464 Sed?
3308 2416 3353 2467 si
3386 2416 3550 2473 deitas

1976 2492 2070 2543 pro
2110 2494 2261 2532 sensu
2306 2480 2464 2549 ﬁebat
2510 2485 2589 2538 illi
2636 2490 2722 2555 qui
2770 2502 3062 2563 assumptus
3108 2509 3217 2568 est,
3270 2507 3549 2563 secundum

1976 2574 2143 2619 vestra
2164 2567 2335 2638 verba,
2368 2575 2619 2640 quomodo
2650 2580 2882 2635 timorem
2920 2583 2975 2637 in
3020 2590 3262 2655 passione
3300 2598 3549 2668 suscipie-

1976 2655 2102 2711 bat?
2129 2655 2266 2722 Quid
2286 2662 2735 2724 vehementioribus
2764 2676 3083 2732 orationibus
3110 2680 3182 2734 ad
3199 2655 3547 2747 imminentem

1974 2751 2323 2806 necessitatem
2365 2755 2645 2827 indigebat,
2693 2777 2822 2832 quas
2864 2779 2977 2820 cum
3020 2784 3209 2842 magna
3256 2777 3457 2846 quidem
3494 2791 3546 2836 et

1972 2835 2261 2894 clamorosa
2278 2857 2416 2909 voce,
2442 2842 2555 2899 etim
2575 2847 2815 2916 plurimis
2831 2854 2986 2909 etiam
3005 2857 3247 2931 laergmis
3266 2835 3543 2926 secundum

1971 2927 2175 2983 beatum
2213 2930 2434 2989 Paulum
2465 2936 2622 3007 (Heb.
2652 2941 2712 3011 ν)
2740 2945 2992 3015 referebat
3037 2927 3181 3020 Deo,
3230 2966 3541 3031 evangelista

1970 3026 2147 3087 aperte
2172 3020 2372 3077 dicente
2399 3023 2549 3093 (Luc.
2581 3030 2738 3099 nn),
2768 3036 2906 3103 quod
2926 3039 3091 3108 globis
3111 3020 3379 3117 sanguinis
3401 3054 3538 3108 sinti-

1968 3106 2041 3161 lis-
2076 3108 2235 3164 sudor
2269 3113 2644 3174 descendebat?
2685 3119 2823 3185 Quid
2857 3106 3024 3182 autem
3048 3106 3230 3203 angeli
3244 3106 3537 3198 adventuet

1893 3187 1939 3247 C
1971 3198 2258 3255 visitatione
2294 3203 2490 3272 egebat,
2533 3210 2759 3265 animam
2789 3216 3064 3284 reﬁcientis
3104 3223 3158 3276 in
3189 3231 3536 3297 experimento

1965 3289 2239 3358 malorum,
2279 3295 2618 3364 confortantis
2661 3302 2772 3372 ejus
2811 3305 3150 3375 alacritatem,
3203 3323 3535 3378 exercitantis

1963 3394 2076 3433 eum
2105 3383 2175 3435 ad
2211 3385 2559 3441 imminentem
2600 3394 2860 3460 passionis
2899 3403 3270 3472 necessitatem,
3316 3411 3536 3469 tolerare

1964 3470 2167 3539 fortiter
2194 3473 2331 3527 mala
2353 3477 2638 3547 suadentis,
2664 3486 2891 3552 urgentis
2918 3489 2989 3540 ad
3010 3470 3311 3559 patientiam
3337 3512 3386 3554 et
3410 3506 3535 3558 tole-

1960 3561 2212 3616 rationem
2258 3565 2533 3634 malorum,
2570 3572 2881 3628 ostendentis
2925 3589 3253 3643 prementium
3282 3592 3531 3649 malorum

1962 3645 2182 3714 fructum
2227 3665 2293 3702 ea;
2337 3652 2596 3718 passione,
2645 3660 2978 3714 mutationem
3007 3664 3060 3717 in
3081 3669 3300 3735 gloriam
3347 3674 3531 3732 bonam

1959 3733 2097 3788 circa
2133 3752 2245 3791 eum
2285 3748 2401 3809 post
2444 3743 2732 3809 passionem
2769 3747 3035 3816 futuram?
3068 3756 3157 3824 qui
3182 3762 3317 3814 enim
3356 3780 3533 3821 secun-

1959 3824 2079 3877 dum
2123 3828 2447 3898 evangelista?
2493 3845 2663 3884 uocem
2711 3832 2955 3909 (Ibidem)
3006 3845 3331 3914 confortabat
3382 3870 3527 3919 eum,

1957 3916 2169 3986 angelus
2206 3918 2418 3984 scilicet,
2461 3921 2626 3975 verbis
2663 3924 2779 3977 istis
2818 3927 3002 3996 fortem
3048 3948 3159 3986 cum
3196 3938 3438 4007 faciebat,
3482 3916 3530 3999 et

1955 4006 2252 4075 infirmitati
2271 4018 2472 4064 natura:
2498 4014 2809 4082 superiorem
2837 4018 2955 4087 ﬁeri
2983 4020 3303 4091 hortabatur,
3334 4041 3380 4083 et
3409 4051 3528 4088 cor-

1954 4096 2247 4152 roborando
2273 4101 2610 4171 cogitationes
2631 4105 2743 4175 ejus
2762 4108 2947 4178 fortem
2969 4127 3083 4166 eum
3109 4116 3350 4186 faciebat.

2486 4209 2664 4284 Vigilii
2693 4218 2975 4285 responsio.

2023 4294 2078 4348 in
2102 4297 2461 4367 suprascripto
2483 4309 2675 4367 quarto
2703 4304 2959 4373 capitulo,
2990 4309 3113 4377 quia
3137 4310 3241 4366 dici
3272 4314 3525 4387 intelligi-

1954 4394 2058 4448 tur,
2090 4386 2231 4454 quod
2261 4387 2396 4442 sicut
2427 4389 2544 4445 aliis
2572 4391 2879 4449 hominibus
2900 4396 3118 4453 donavit
3146 4417 3296 4456 suam
3327 4422 3527 4475 coepe-

1958 4476 2217 4531 rationem
2259 4477 2417 4543 Deus,
2466 4479 2537 4533 ita
2579 4489 2635 4534 et
2676 4483 2724 4535 ei
2771 4484 2862 4553 qui
2904 4498 3204 4559 assumptus
3248 4503 3354 4560 est,
3401 4498 3525 4553 lict

1883 4564 1927 4621 υ
1954 4569 2292 4638 pnncipuam,
2318 4577 2495 4625 tamen
2526 4572 2772 4628 similiter
2793 4584 2850 4629 ut
2873 4577 2991 4633 aliis
3010 4580 3311 4639 hominibus
3332 4588 3524 4644 dicitur

1951 4674 2069 4715 esse
2110 4659 2382 4725 donatam,
2430 4670 2487 4716 ct
2520 4664 2593 4716 ita
2633 4679 2824 4732 purum
2868 4676 3027 4738 atque
3058 4672 3319 4729 inﬁrmum
3352 4679 3524 4733 homi-

1950 4765 2071 4805 nem
2099 4752 2242 4807 cirea
2272 4754 2573 4822 passionem
2613 4757 2789 4824 angeli
2828 4763 3037 4827 eguisse
3072 4766 3352 4834 praesidio,
3387 4781 3437 4822 ut
3470 4773 3518 4825 ei

1950 4854 2048 4908 pro
2092 4841 2503 4897 corroborandis
2551 4844 2967 4914 cogitationibus
3001 4849 3115 4918 ejus
3144 4855 3317 4909 futura
3348 4858 3516 4925 gloria

1949 4931 2350 4999 promitteretur
2389 4932 2455 4989 de
2494 4935 2780 4992 tolerantia
2819 4941 3114 5010 passionis;
3157 4961 3276 5015 quze
3316 4950 3357 5001 si
3398 4952 3518 5015 quis

1948 5020 2019 5074 ita
2050 5021 2212 5090 sapit,
2243 5022 2419 5090 docet,
2450 5025 2637 5090 credit,
2664 5040 2756 5080 aut
2776 5030 3047 5097 praedicat,
3078 5037 3358 5089 anathema
3387 5038 3473 5091 sit.

2387 5155 2655 5195 τηεουοιιι
2689 5156 2986 5199 οΑιητυιυιι
3025 5161 3077 5199 ν.

2018 5229 2165 5285 Vade
2192 5236 2313 5299 post
2340 5243 2453 5292 me,
2485 5229 2711 5295 Satana,
2741 5233 3052 5287 scandalum
3080 5236 3205 5288 mihi
3234 5249 3326 5295 es.
3367 5240 3511 5307 quod

1944 5338 2049 5375 non
2085 5323 2229 5391 sapis
2270 5336 2332 5375 ea
2374 5336 2494 5389 qua:
2534 5322 2626 5376 Dei
2666 5333 2807 5389 sunt,
2852 5324 2944 5379 sed
2980 5341 3042 5379 ea
3080 5340 3197 5393 qum
3236 5327 3510 5383 hominum

1942 5412 2157 5483 (Matth.
2192 5430 2311 5475 xw;
2344 5412 2513 5467 Mare.
2544 5416 2679 5481 vm),
2710 5432 2813 5469 non
2842 5424 2918 5470 est
2938 5418 3171 5487 confusio
3198 5419 3324 5473 mihi
3350 5437 3505 5481 mors,

1938 5525 2044 5562 non
2080 5509 2222 5578 fugio
2260 5508 2427 5577 ipsam
2459 5514 2516 5557 ut
2550 5506 2862 5558 indecentem
2892 5505 2961 5558 ad
2988 5507 3264 5563 humanam
3291 5511 3507 5582 gloriam

1939 5599 2234 5668 respiciens.
2269 5595 2541 5652 Sustinebo
2570 5602 2741 5646 autem
2769 5596 2965 5651 meliori
2994 5599 3165 5655 animo
3186 5604 3507 5672 experimen-

330 5698 357 5725 ι
393 5684 448 5742 in
479 5688 696 5747 Concil.
726 5690 792 5758 V,
827 5695 1011 5751 collat.
1048 5700 1101 5758 4.
1127 5700 1318 5755 eadem
1347 5686 1629 5763 Theodori
1651 5725 1907 5784 excerpta
1936 5713 2109 5784 legas,
2140 5732 2259 5787 quae
2292 5716 2379 5773 hic
2410 5724 2538 5770 sunt
2577 5734 2750 5792 usque
2782 5721 2848 5777 ad
2876 5723 3176 5793 capitulum
3210 5746 3325 5784 xm.

578 5789 850 5854 ΡΑτῐιοι.
891 5782 1115 5855 LXlX.

3172 5826 3203 5883 3
