4006 6190
566 321 647 377 '75

1953 315 2180 371 WGlLll
2220 315 2420 370 PAPJE

3751 314 3818 364 76

479 413 485 456 Τ
574 459 679 496 tum
707 436 884 492 ntortis
910 453 1002 508 pro
1043 437 1276 507 plurimis
1320 436 1465 490 bonis
1515 435 1720 504 futuris,
1771 434 1824 486 in
1863 431 2042 503 quibus
2088 439 2136 483 et
2167 432 2212 492 Α
2239 435 2426 501 posita,
2458 440 2506 487 et
2534 433 2821 489 doctrinam
2846 435 2964 489 inde
3003 436 3170 506 ipsum
3199 437 3454 506 accepisse
3481 443 3529 491 et
3560 438 3808 502 virtutem.

565 531 650 602 ips
701 530 866 600 fuero,
897 537 948 580 et
971 542 1063 594 per
1086 541 1282 590 omnes,
1315 541 1378 578 ne
1401 525 1523 578 mihi
1549 526 1776 578 animum
1806 523 1968 577 laedas
1993 531 2142 591 atque

578 613 762 677 turbes,
805 625 1048 686 tanquam
1086 617 1384 685 confusione
1427 615 1640 686 dignum
1682 617 1857 686 fugere
1897 611 2142 665 admones

571 692 753 755 Titanis
781 706 1200 772 experimentum.

1115 839 1290 913 Vigilii
1320 847 1602 914 responsio.

645 949 700 1004 In
741 952 1044 1023 supradicto
1077 955 1262 1023 quinto
1297 956 1531 1026 capitulo
1570 956 1794 1022 dicitur,
1835 951 1978 1024 quod
2019 950 2140 1006 ideo

575 1042 724 1096 lesus
760 1043 1001 1097 Christus
1039 1046 1200 1100 verba
1233 1048 1373 1101 Petri
1413 1047 1642 1117 apostoli
1678 1045 1851 1100 fuerat
1883 1057 2139 1113 asperna-

576 1141 678 1194 tus,
708 1131 918 1198 quando
949 1132 998 1186 ei
1027 1132 1160 1188 dixit
1187 1153 1199 1187 :
1241 1133 1385 1188 Vade
1411 1144 1523 1206 post
1547 1152 1643 1200 me,
1675 1134 1898 1198 Satana,
1925 1132 2142 1186 scanda-

572 1222 678 1273 tum
704 1222 828 1274 mihi
852 1239 923 1286 es,
948 1225 1066 1294 quia
1087 1241 1188 1278 non
1223 1227 1365 1294 sapis
1397 1243 1458 1280 ea
1496 1242 1608 1298 qua:
1636 1225 1734 1280 Dci
1779 1233 1896 1278 sunt
1923 1221 2135 1295 (Matth.

569 1326 684 1374 xvr;
718 1309 886 1364 Marc.
920 1315 1038 1382 vui)
1065 1332 1077 1365 :
1109 1329 1176 1368 ne
1212 1315 1546 1371 dissuasione
1583 1316 1702 1386 ejus
1739 1315 1947 1370 animus
1974 1313 2138 1384 ipsius

571 1403 909 1468 perturbatus
964 1403 1233 1472 refugeret
1277 1409 1613 1477 passionem,
1651 1417 1705 1464 et
1733 1409 1854 1478 quia
1891 1409 2139 1478 passione

566 1509 662 1546 sua
696 1493 1002 1563 proliceret,
1035 1503 1091 1551 et
1130 1513 1226 1567 pro
1267 1499 1508 1568 pluribus
1550 1499 1704 1555 bonis
1727 1499 1918 1554 exinde
1943 1498 2138 1568 adipis-

577 1584 766 1637 cendis.
802 1583 901 1650 Qui
940 1585 1099 1653 igitur
1128 1589 1242 1643 htec
1283 1589 1354 1642 ita
1393 1590 1560 1658 sapit,
1602 1589 1780 1652 docet,
1815 1589 2012 1653 credit,
2046 1595 2137 1641 aut

575 1673 840 1740 praedicat,
870 1685 923 1728 et
959 1691 1065 1730 non
1107 1679 1274 1746 magis
1315 1680 1466 1734 nobis
1495 1688 1722 1735 mortem
1764 1679 1946 1750 ipsius,
1977 1694 2134 1749 quam

571 1764 785 1834 pmpria
817 1781 978 1820 carne
1003 1770 1267 1836 suscepit,
1297 1777 1508 1825 mternm
1556 1771 1727 1826 credit
1773 1771 1890 1824 vita:
1918 1770 2134 1841 praemia
2171 1791 2209 1844 η

561 1855 856 1912 contulisse
875 1898 890 1925 ,
921 1859 1200 1913 anathema
1221 1861 1309 1916 sit.

988 2013 1254 2054 TIIEODORI
1292 2015 1590 2056 CAPITULUM
1629 2019 1698 2058 Vl.

639 2093 789 2156 Quod
815 2094 948 2148 enim
974 2095 1166 2149 dictant
1192 2107 1266 2152 est
1283 2115 1301 2152 :
1326 2098 1625 2155 Ducebatur
1645 2117 1674 2155 a
1695 2101 1894 2170 Spiritu
1917 2091 2130 2172 (Matth.

567 2185 664 2251 tv),
696 2193 871 2253 aperte
900 2185 996 2239 hoc
1024 2187 1304 2258 significat,
1333 2189 1468 2256 quod
1494 2190 1556 2244 ab
1579 2207 1639 2245 eo
1669 2194 1956 2262 regebatur,
1986 2192 2049 2245 ab
2077 2209 2136 2247 eo

567 2274 636 2326 ad
683 2276 917 2329 virtutem
964 2280 1344 2346 propos'torum
1399 2281 1806 2351 confortabatur,
1855 2281 1919 2335 ab
1965 2300 2024 2337 eo
2069 2283 2138 2336 ad

567 2363 676 2416 lucc
722 2380 834 2434 qua:
881 2364 1144 2436 oportebat
1193 2367 1497 2434 ducebatur,
1548 2370 1612 2423 ab
1658 2389 1718 2426 eo
1754 2374 1888 2443 quod
1933 2373 2138 2427 decebat

562 2453 875 2518 docebatur,
927 2455 991 2507 ab
1037 2473 1096 2509 eo
1146 2460 1540 2526 cogitationibus
1587 2461 2034 2527 corroborabatur,
2082 2470 2138 2515 ut

567 2539 821 2593 intantum
851 2551 1106 2596 certamen
1136 2545 1407 2612 sufﬁceret,
1439 2549 1572 2599 sicut
1598 2559 1647 2600 et
1667 2549 1842 2602 beatus
1861 2551 1982 2604 dicit
2003 2551 2140 2604 Pau-

569 2632 646 2682 lus
686 2646 703 2683 :
741 2628 1055 2699 Quicunque
1101 2631 1301 2701 Spiritu
1349 2634 1443 2688 Dei
1493 2643 1740 2702 aguntur,
1786 2637 1841 2689 hi
1882 2645 2008 2690 sunt
2046 2632 2136 2693 lilii

569 2716 661 2770 Dei
694 2716 867 2786 (Rom.
901 2718 1045 2790 Vill);
1089 2719 1205 2772 duci
1238 2719 1436 2789 Spiritu
1484 2721 1655 2774 dicens
1701 2721 1818 2776 illos
1855 2725 1938 2794 qui
1982 2723 2046 2776 ab
2077 2742 2136 2778 eo

566 2803 932 2875 gubernantur,
964 2805 1026 2859 ab
1061 2822 1120 2860 eo
1158 2806 1426 2870 docentur,
1458 2807 1522 2861 ab
1555 2825 1614 2862 eo
1643 2809 1711 2861 ad
1739 2810 1917 2864 melius
1953 2814 2139 2865 consti-

568 2904 804 2964 tuuntur,
851 2899 916 2950 ab
965 2915 1024 2952 eo
1077 2901 1465 2969 competentiam
1518 2899 1805 2956 doctrinam
1853 2904 2133 2973 accipiunt.

565 2986 691 3041 Cum
719 2989 932 3043 dixisset
961 2997 1128 3044 autem
1168 2991 1501 3067 evangelista,
1543 2992 1679 3062 quod
1717 2993 1916 3064 Spiritu
1955 3005 2134 3050 sancto

563 3079 742 3148 plenus
768 3096 1027 3150 regressus
1055 3092 1129 3134 est
1158 3081 1222 3133 ab
1253 3081 1507 3148 Iordane,
1552 3092 1726 3152 aperte
1766 3083 2135 3140 demonstravit
2160 3153 2197 3168 η

2241 531 2290 575 et
2325 523 2443 576 inde
2470 524 2771 594 impetrasse
2792 526 3248 596 justi/icationem,
3279 535 3326 578 et
3359 526 3479 580 inde
3511 527 3809 582 immacula-

2241 623 2346 668 tum
2373 617 2565 685 factum
2592 631 2720 669 esse.

2790 757 2964 827 't'igilii
2995 757 3277 826 responsio.

2309 852 2364 908 In
2382 857 2744 927 suprascripto
2761 858 2987 927 septimo
3002 857 3232 927 capitulo
3244 857 3347 912 hoc
3358 855 3460 912 dici
3477 854 3810 925 intelligitur,

2239 943 2361 1013 quia
2383 961 2440 999 υι
2468 947 2646 1002 caeteri
2677 948 2918 1002 homines
2944 947 3008 1002 ad
3029 946 3462 1015 justiﬁcationem
3491 962 3639 1002 suam
3662 955 3716 1002 et
3742 948 3809 1002 ad

2239 1033 2554 1087 vincendum
2583 1035 2872 1102 diabolum,
2898 1044 2952 1091 et
2974 1037 3039 1090 ad
3063 1037 3330 1106 operanda
3361 1036 3636 1102 miracula,
3667 1047 3722 1091 et
3751 1043 3811 1091 ut

2238 1121 2526 1176 doceretur
2549 1138 2610 1177 ea
2637 1139 2754 1192 quze
2775 1125 3000 1179 decebat
3027 1132 3147 1179 e‘um
3175 1141 3351 1195 agere,
3383 1134 3438 1178 et
3469 1133 3525 1178 ut
3553 1127 3807 1180 immacu-

2239 1211 2376 1265 latus
2405 1221 2710 1282 appareret,
2743 1214 3073 1269 habitatione
3111 1215 3282 1270 sancti
3323 1214 3549 1283 Spiritus
3576 1214 3784 1283 eguig

2239 1253 2376 1265 ...ηε
2405 1253 2710 1282 “prmum,
2743 1253 3073 1269 ...ωημωυην
3112 1253 3282 1270 mm“.
3325 1253 3549 1283 υ,,......ο
3576 1253 3784 1282 ea...”

2225 1295 2291 1354 et
2319 1301 2434 1369 ipso
2462 1299 2660 1371 Spiritu
2689 1319 2811 1358 cum
2841 1305 2908 1358 ad
2937 1305 3118 1359 omnia
3146 1304 3385 1373 adjutum
3415 1302 3575 1359 fuisse
3595 1253 3834 1374 pr“:

2236 1391 2359 1445 sita.
2391 1390 2700 1462 Quicunque
2725 1393 2839 1448 haec
2867 1393 2938 1448 ita
2965 1395 3122 1463 sapit,
3153 1394 3330 1461 docet,
3360 1393 3528 1448 credit
3554 1400 3647 1446 aut
3672 1408 3808 1462 prae-
3837 1413 3842 1416 ·

2237 1481 2396 1548 dicat,
2429 1491 2619 1538 etnon
2661 1499 2757 1538 sua
2796 1484 2996 1540 deitate
3022 1485 3324 1549 Christum,
3360 1495 3417 1539 ut
3465 1495 3590 1563 pote
3617 1500 3824 1539 verum-

2238 1572 2423 1637 Deum,
2455 1574 2632 1627 omnia
2663 1583 2937 1643 operatum
2966 1575 3126 1630 fuisse
3151 1591 3268 1644 quae
3293 1576 3479 1640 voluit,
3510 1583 3565 1630 et
3591 1574 3804 1645 operari

2236 1677 2354 1731 qua:
2382 1664 2544 1730 volet,
2567 1665 2661 1719 sed
2693 1673 2944 1734 tanquam
2970 1681 3156 1736 purqu
3187 1666 3455 1721 hominem
3484 1665 3654 1720 sancti
3683 1663 3803 1734 Spi-

2237 1754 2369 1809 ritus
2397 1755 2606 1823 eguisse
2634 1756 2856 1820 solatio,
2889 1757 3170 1811 anathema
3198 1757 3285 1811 sit.
3717 1750 3734 1756 ”

2651 1911 2918 1951 τηεουοῐιι
2948 1911 3243 1951 (ιΑΡιτυιωι
3271 1912 3380 1950 VIII.

2309 2001 2426 2058 Hoc
2450 2003 2586 2073 quod
2610 2013 2729 2058 ante
2751 2009 2939 2059 swcula
2969 2013 3106 2070 erat,
3137 2005 3261 2058 dicit
3295 2006 3349 2059 in
3391 2005 3585 2059 ultimis
3612 2006 3802 2076 factum

2237 2107 2346 2145 esse
2370 2092 2694 2163 temporibus,
2727 2104 2783 2148 ut
2816 2104 2932 2165 pote
2959 2093 3260 2167 quibusdam
3290 2097 3383 2149 hoc
3413 2095 3798 2166 conﬁtentibus;

2239 2200 2353 2238 cum
2375 2200 2522 2240 nemo
2551 2202 2615 2240 ex
2643 2187 2722 2240 his
2751 2189 2837 2258 qui
2867 2188 3069 2257 pietatis
3097 2203 3276 2241 atram
3303 2187 3506 2250 habent,
3539 2189 3691 2241 istum
3709 2205 3805 2258 pa-

2239 2277 2364 2331 titur
2394 2278 2625 2332 morbum
2659 2278 2844 2333 habere
2871 2281 3157 2344 dementire,
3183 2289 3238 2333 ut
3267 2280 3404 2333 dicat
3431 2296 3542 2333 eum
3573 2280 3659 2351 qui
3686 2288 3804 2334 ante

2240 2368 2428 2421 sazcula
2477 2379 2588 2434 est,
2616 2370 2670 2423 in
2698 2370 2892 2424 ultimis
2932 2372 3122 2441 factum
3161 2387 3289 2424 esse.
3347 2369 3414 2423 Et
3441 2387 3507 2424 ea:
3533 2371 3610 2424 his
3648 2372 3803 2441 infert

2237 2456 2369 2523 quod
2392 2473 2592 2511 necesse
2614 2467 2710 2522 est,
2737 2459 2901 2514 ethoc
2923 2460 3055 2530 quod
3075 2461 3128 2514 in
3148 2461 3340 2514 ultimis
3363 2470 3456 2526 est,
3476 2468 3595 2514 ante
3614 2463 3804 2516 stecula

2238 2562 2366 2609 esse,
2394 2556 2441 2600 rt
2463 2557 2672 2603 accusat
2695 2567 2778 2604 eos
2807 2551 2892 2622 qui
2918 2568 3019 2605 non
3049 2552 3220 2606 omnia
3242 2553 3475 2605 similiter
3497 2568 3612 2605 cum
3638 2551 3806 2607 obver-

2238 2637 2380 2689 sione
2397 2639 2603 2704 dicunt;
2631 2642 2778 2711 quasi
2792 2642 2844 2694 hi
2859 2643 2942 2713 qui
2958 2659 3113 2696 unum
3134 2659 3246 2697 esse
3264 2642 3455 2697 Filium
3474 2645 3799 2714 conﬁtentur,

2238 2731 2588 2784 necessitatem
2620 2733 2838 2787 habeant
2865 2751 2977 2788 cum
3001 2734 3292 2790 obversione
3320 2737 3490 2789 omnia
3519 2736 3701 2790 dicere.
3735 2734 3802 2789 Et

2237 2821 2348 2888 quis
2380 2837 2483 2874 non
2511 2821 2768 2892 beati/icet
2796 2834 3011 2878 vestram
3057 2821 3412 2880 dementiam?
3468 2824 3594 2890 Quis
3633 2835 3800 2880 autem

2237 2922 2338 2960 mn
2365 2917 2500 2978 optet
2518 2911 2644 2963 tales
2667 2912 2941 2981 impetrare
2955 2913 3205 2980 doctores,
3233 2923 3427 2968 tantam
3455 2918 3801 2986 confusionem

2237 2999 2426 3052 rationi
2463 3001 2668 3069 pietatis
2704 3003 3081 3059 introducentes
3103 3046 3117 3068 ,
3157 3015 3213 3059 ut
3237 3007 3462 3060 dicerent
3493 3049 3507 3076 ,
3549 3009 3642 3062 hoc
3670 3011 3801 3079 quod

2238 3098 2356 3141 ante
2382 3091 2572 3144 swcula
2597 3099 2701 3157 est,
2731 3095 2922 3162 factum
2951 3103 3026 3148 est
3063 3096 3115 3147 in
3154 3097 3370 3160 ultimis,
3405 3105 3452 3149 et
3482 3098 3576 3151 hoc
3605 3099 3802 3152 aliena-

555 3169 696 3239 quod
741 3169 893 3240 hujus
946 3187 1102 3224 causa
1148 3173 1312 3225 sancti
1376 3172 1604 3240 Spiritus
1659 3172 2024 3230 habitationem
2073 3180 2128 3232 in
2157 3158 2208 3238 (ᾖ
2232 3185 2344 3230 rent
2375 3195 2467 3232 sua
2495 3189 2703 3249 natura,
2731 3158 2779 3234 et
2805 3183 2871 3235 ad
2897 3183 3121 3238 deterius
3151 3184 3481 3250 deducerent,
3509 3186 3694 3240 deinde
3720 3187 3804 3242 ob-

555 3257 868 3328 ‘baptismate
895 3263 1136 3330 suscepit,
1168 3271 1223 3314 ut
1249 3261 1370 3316 inde
1396 3264 1716 3332 propositam
1745 3274 1947 3334 caperet
1979 3267 2132 3321 virtu-

552 3356 692 3411 ‘tem;
715 3347 850 3401 unde
877 3358 927 3402 et
953 3349 1022 3402 ad
1041 3360 1296 3404 certamen
1325 3349 1453 3404 illud
1477 3350 1610 3421 quod
1637 3367 1731 3418 pro
1761 3349 1905 3406 nobis
1931 3365 2043 3407 erat
2060 3355 2130 3408 ad

550 3438 819 3493 udiabolum
844 3440 1137 3509 e/fecturus,
1163 3441 1360 3512 Spiritu
1391 3441 1684 3496 ducebatur.

1123 3579 1297 3652 Vigilii
1321 3585 1603 3652 responsio.

625 3691 681 3746 ln
711 3693 1073 3764 suprascripto
1097 3703 1252 3749 sexto
1279 3695 1512 3764 capitulo
1541 3713 1723 3755 rursus
1750 3707 2002 3770 tanquam
2031 3718 2129 3772 pu-

555 3798 644 3837 rus
673 3783 834 3838 homo
864 3801 893 3837 a
923 3783 1144 3854 Spiritu,
1174 3787 1325 3855 cujus
1353 3791 1689 3857 prtesentiam
1720 3800 1840 3860 post
1864 3792 2125 3864 baptisma

552 3874 850 3937 suscepisse.
878 3874 1089 3940 dicitur,
1123 3875 1188 3928 ad
1218 3877 1395 3931 omnia
1424 3877 1612 3935 ductus
1637 3881 1966 3950 perhibetur,
1997 3900 2125 3940 con-

552 3961 779 4015 fortatus
807 3970 862 4016 et
887 3963 1126 4030 edoctus,
1158 3965 1295 4019 sicut
1323 3968 1498 4021 ueteri
1529 3969 1792 4033 homines,
1817 3971 1883 4026 de
1909 3972 2119 4041 quibus,

553 4061 611 4105 ut
639 4053 724 4106 hic
752 4053 961 4108 videtur
987 4054 1111 4120 dici,
1144 4055 1430 4125 Apostolus
1458 4059 1533 4114 ait
1561 4077 1572 4112 :
1600 4059 1897 4132 Quicunque
1923 4063 2121 4133 Spiritu

553 4140 649 4200 Dei
679 4151 900 4212 aguntur
927 4143 978 4196 hi
1004 4154 1123 4198 sunt
1151 4146 1250 4215 ﬁlii
1279 4145 1376 4200 Dei
1409 4147 1581 4218 (Rom.
1609 4151 1742 4219 VIII).
1775 4150 1831 4206 Si
1860 4154 1978 4221 quis
2009 4154 2121 4209 lucc

551 4235 624 4288 ita
649 4249 728 4304 sa,
748 4235 789 4288 it
811 4277 828 4302 ,
865 4235 1022 4291 docet
1045 4275 1062 4302 ,
1100 4237 1268 4291 credit
1296 4246 1388 4291 aut
1411 4238 1660 4308 praedicat
1683 4279 1698 4302 ,
1739 4249 1794 4296 et
1822 4259 1926 4297 non
1957 4243 2119 4299 Deum

555 4324 785 4380 Verbum
815 4327 1148 4382 incarnatum
1178 4343 1342 4382 unum
1371 4343 1488 4384 esse
1512 4329 1698 4396 credit,
1731 4339 1786 4386 et
1812 4331 2116 4404 conlitetur,

551 4425 602 4470 et
633 4416 882 4486 prmdicat
911 4416 1209 4485 Christum,
1242 4419 1523 4475 anathema
1557 4419 1645 4474 sit.

972 4572 1238 4613 'I'IIEODOIH
1276 4574 1572 4615 CAPITULUI
1601 4578 1689 4616 VII.

621 4654 809 4709 Dicant
848 4658 1004 4727 igitur
1045 4657 1190 4711 nobis
1230 4661 1456 4713 omnium
1499 4663 1898 4730 sapientissimi,
1934 4667 1979 4719 si
2022 4683 2116 4733 pro

548 4764 697 4800 sensu
731 4746 948 4801 Domino
976 4747 1198 4814 Christo,
1229 4752 1313 4820 qui
1342 4761 1419 4804 est
1445 4753 1721 4806 secundum
1749 4772 1973 4824 carnem,
2006 4761 2116 4812 dei-

549 4846 628 4888 tas
658 4837 794 4905 facta
823 4845 975 4900 esset,
1007 4837 1137 4890 sicut
1166 4838 1358 4902 dicunt,
1390 4842 1513 4910 quid
1539 4845 1704 4897 sancti
1734 4844 1960 4913 Spiritus
1987 4865 2110 4918 ope-

550 4927 746 4979 ratione
775 4926 841 4977 ad
869 4927 978 4979 haec
1006 4924 1235 4979 Christus
1264 4927 1525 4997 indigebat
1553 4931 1577 4982 1’
1619 4929 1731 4986 Nec
1757 4934 1892 4987 enim
1923 4933 2112 5006 Unige-

548 5015 642 5068 niti
673 5015 833 5068 deitas
856 5013 1053 5082 Spiritu
1083 5016 1342 5086 indigebat
1364 5019 1432 5070 ad
1447 5020 1890 5090 justi/icationem,
1915 5023 2115 5095 Spiritu

549 5105 804 5176 indigebat
853 5105 921 5158 ad
964 5105 1268 5160 vincendum
1316 5106 1596 5177 diabolum,
1627 5110 1826 5180 Spiritu
1855 5115 2115 5184 indigebat

547 5198 611 5248 ad
641 5197 902 5266 operanda
931 5195 1198 5261 miracula,
1232 5197 1431 5265 Spiritu
1479 5199 1739 5270 indigebat
1764 5211 1819 5254 ut
1849 5203 2114 5259 doceretur

545 5301 602 5336 ca
632 5304 743 5353 qua:
768 5289 975 5342 decebat
1014 5304 1252 5357 peragere
1274 5328 1288 5353 ,
1331 5289 1529 5358 Spiritu
1559 5291 1819 5364 indigebat
1847 5305 1900 5348 ut
1928 5297 2112 5351 imma-

545 5377 742 5427 culatus
783 5388 1073 5446 appareret.
1106 5377 1167 5433 Si
1193 5379 1327 5433 enim
1371 5397 1463 5447 pro
1511 5397 1662 5436 sensu
1700 5384 1902 5454 quidem
1944 5387 2107 5443 dcitas

543 5462 850 5531 sufﬁciebat,
889 5468 957 5518 ad
995 5471 1167 5522 omnia
1209 5481 1374 5524 autem
1404 5474 1513 5542 cjus
1547 5475 1701 5529 virtus
1723 5516 1735 5536 ,
1767 5493 1966 5531 necesse
1998 5473 2110 5532 erat

543 5551 661 5620 inde
689 5552 862 5604 omnia
888 5554 1022 5621 ﬁeri,
1054 5567 1107 5608 ut
1133 5560 1389 5627 superflua
1413 5570 1540 5614 esset
1566 5565 1729 5615 sancti
1759 5564 1986 5634 Spiritus
2015 5567 2109 5620 ha-

542 5639 721 5693 bitatio
751 5642 882 5695 :sed
910 5659 1044 5697 nunc
1076 5655 1283 5700 unctum
1315 5665 1424 5702 esse
1450 5650 1573 5703 dicit
1599 5654 1761 5721 ipsum
1797 5655 2026 5725 Spiritu,
2061 5667 2109 5712 et

540 5731 797 5789 pubitassc
831 5735 881 5786 in
911 5750 970 5789 re
1002 5736 1287 5806 Spiritum,
1313 5748 1362 5792 et
1391 5741 1460 5796 ad
1505 5744 1676 5797 omnia
1705 5745 1959 5815 adjurisse
1987 5766 2107 5818 pro-

2144 4504 2192 4562 D

2230 3278 2497 3335 verterent,
2529 3272 2662 3342 quod
2691 3282 2740 3327 et
2765 3274 2860 3328 hoc
2885 3275 3020 3346 quod
3044 3285 3118 3330 est
3145 3278 3194 3329 in
3224 3277 3436 3340 ultimis,
3465 3289 3584 3332 ante
3613 3280 3801 3335 saecula

2230 3375 2324 3423 est,
2350 3378 2462 3416 cum
2491 3375 2744 3434 oporteret
2773 3367 2906 3437 forte
2941 3367 3130 3434 dicere,
3159 3370 3276 3439 quia
3305 3369 3438 3439 quod
3467 3378 3587 3423 ante
3614 3371 3800 3425 stecula

2229 3461 2358 3514 erat,
2382 3457 2656 3525 assumpsit
2678 3456 2810 3510 hunc
2830 3457 2916 3528 qui
2939 3458 2990 3511 in
3011 3458 3204 3511 ultimis
3224 3469 3335 3512 erat
3363 3460 3640 3514 secundum
3665 3462 3800 3516 beati

2228 3540 2383 3597 Pauli
2413 3560 2581 3598 vocem
2612 3544 2668 3616 (Ι
2690 3545 2820 3599 Tim.
2845 3547 2943 3616 IV).
2995 3546 3203 3602 Vestras
3229 3549 3388 3618 igitur
3414 3550 3548 3621 leges
3585 3567 3797 3622 sequen-

2229 3643 2320 3698 tes,
2352 3643 2402 3687 et
2439 3651 2471 3688 a
2511 3644 2597 3688 tua
2633 3637 2886 3706 sapientia
2922 3641 3250 3694 constitutam
3285 3643 3662 3709 obversionem,
3693 3646 3796 3701 imo

2225 3723 2390 3794 magis
2418 3721 2786 3780 subversionem
2812 3727 3140 3797 suscipientes
3166 3746 3262 3801 age
3287 3734 3463 3786 omnia
3488 3734 3640 3788 simul
3664 3751 3791 3790 con-

2225 3815 2504 3886 fundamus
2523 3857 2537 3881 ,
2567 3827 2616 3870 et
2647 3819 2788 3872 nulla
2810 3819 2924 3890 jam
2953 3821 3018 3873 sit
3044 3821 3282 3876 discretio
3301 3864 3316 3890 ,
3348 3840 3439 3878 nec
3470 3825 3565 3879 Dei
3592 3828 3791 3898 format,

2225 3925 2318 3962 nec
2352 3910 2484 3964 servi
2512 3912 2692 3980 forma:
2717 3953 2731 3978 ,
2761 3927 2853 3965 nec
2881 3912 3056 3982 templi
3083 3915 3306 3984 sumpti,
3339 3931 3432 3970 nec
3470 3917 3580 3988 ejus
3625 3920 3710 3989 qui
3739 3921 3794 3976 in

2224 3998 2408 4067 templo
2437 3998 2702 4067 habitavit,
2731 4015 2824 4055 nec
2848 4004 2958 4072 ejus
2987 4003 3073 4074 qui
3101 4004 3297 4058 solutus
3323 4014 3419 4070 est,
3445 4022 3537 4060 nec
3567 4008 3678 4078 ejus
3707 4010 3795 4079 qui

2221 4089 2518 4152 suscitavit,
2570 4107 2660 4143 nec
2707 4092 2817 4162 ejus
2859 4094 2945 4164 qui
2981 4097 3236 4164 perfectus
3263 4106 3341 4150 est
3365 4099 3418 4151 in
3446 4097 3790 4166 passionibus,

2221 4194 2313 4242 nec
2337 4179 2447 4249 ejus
2489 4182 2574 4250 qui
2601 4184 2852 4252 perfecit,
2885 4200 2976 4238 nec
2998 4186 3106 4255 ejus
3137 4188 3221 4256 qui
3259 4189 3552 4242 memoriam
3583 4193 3791 4247 meritus

2217 4275 2310 4331 est,
2342 4283 2430 4319 nec
2466 4269 2578 4337 ejus
2604 4270 2688 4339 qui
2726 4286 2917 4324 memor
2953 4274 3119 4343 factus
3148 4282 3251 4339 est,
3285 4291 3378 4328 nec
3416 4277 3525 4346 ejus
3554 4279 3639 4348 qui
3665 4281 3791 4335 visi-

2219 4362 2354 4410 tatus
2393 4366 2502 4423 est,
2536 4375 2626 4412 nec
2666 4360 2776 4428 ejus
2821 4363 2905 4430 qui
2949 4363 3195 4426 visitavit,
3237 4381 3329 4418 nec
3369 4365 3478 4435 ejus
3516 4369 3602 4438 qui
3636 4371 3791 4440 paulo

2218 4449 2387 4501 minus
2414 4447 2475 4501 ab
2504 4452 2700 4520 angelis
2737 4453 3018 4505 minoratus
3051 4461 3158 4520 est,
3188 4470 3277 4506 nec
3306 4456 3417 4526 ejus
3445 4458 3528 4527 qui
3557 4459 3792 4513 minora-

2219 4539 2305 4602 vit,
2330 4554 2420 4592 nec
2439 4541 2550 4610 ejus
2575 4541 2658 4611 qui
2683 4540 2848 4610 gloria
2869 4550 2917 4594 et
2935 4541 3126 4596 honore
3146 4556 3418 4598 coronatus
3440 4557 3535 4608 est,
3562 4564 3652 4601 nec
3678 4549 3793 4620 ejus

2217 4631 2302 4700 qui
2331 4631 2610 4692 coronavit,
2644 4647 2733 4684 nec
2761 4631 2872 4700 ejus
2905 4635 2989 4702 qui
3026 4635 3330 4688 constitutus
3357 4647 3431 4688 est
3455 4654 3607 4705 super
3629 4656 3793 4708 opera

2215 4737 2458 4773 manuum
2494 4719 2611 4786 Dei,
2643 4736 2732 4773 nec
2761 4721 2871 4789 ejus
2898 4723 2984 4792 qui
3011 4724 3298 4788 constituit,
3330 4741 3420 4777 nec
3447 4726 3557 4795 ejus
3582 4728 3667 4797 qui
3693 4745 3790 4781 ac-

2215 4811 2347 4878 cepit
2375 4810 2474 4862 ista
2503 4808 2571 4860 ad
2599 4809 2990 4864 sublevationem
3009 4849 3025 4876 ,
3055 4828 3146 4864 nec
3185 4813 3296 4882 ejus
3326 4815 3411 4884 qui
3448 4814 3586 4868 dedit
3612 4816 3787 4872 suble-

2213 4901 2486 4953 rationem.

2770 5006 2942 5084 Vigilii
2973 5017 3251 5084 responsio.

2288 5121 2342 5175 In
2372 5123 2730 5192 suprascripto
2759 5133 2950 5180 octavo
2988 5126 3221 5194 capitulo
3258 5128 3482 5183 diversis
3509 5133 3685 5190 modis
3707 5153 3787 5191 vr-

2211 5211 2368 5266 detur
2396 5213 2571 5269 induci
2597 5216 2824 5272 dualitas
2853 5232 3198 5286 personarum
3231 5236 3324 5290 per
3353 5222 3454 5279 hec
3479 5227 3620 5294 quod
3645 5228 3785 5284 dici-

2212 5313 2299 5359 tur
2325 5324 2336 5358 :
2362 5307 2476 5362 Non
2501 5309 2614 5377 ipse
2640 5310 2727 5378 qui
2757 5320 2883 5366 ante
2909 5313 3099 5367 satcula
3129 5322 3261 5379 erat,
3295 5317 3347 5372 in
3379 5320 3576 5374 ultimis
3600 5320 3786 5376 dicen-

2211 5394 2310 5447 dus
2354 5405 2438 5449 est
2478 5398 2691 5452 venisse
2739 5402 3098 5470 temporibus;
3155 5405 3251 5459 sed
3297 5410 3448 5477 quasi
3501 5410 3668 5465 altera
3711 5414 3788 5468 sit

2210 5488 2531 5543 assumentis
2572 5489 2987 5560 humanitatem,
3031 5495 3196 5550 altera
3235 5500 3489 5568 assumpti
3527 5515 3780 5569 persona.

2209 5575 2264 5629 Si
2290 5577 2408 5644 quis
2437 5578 2596 5646 igitur
2624 5579 2738 5636 haec
2767 5582 2839 5637 ita
2869 5585 3035 5652 sapit,
3067 5585 3248 5654 docet,
3277 5588 3444 5642 credit
3467 5597 3559 5642 aut
3586 5590 3782 5660 przedi-

2210 5673 2316 5730 cat,
2348 5673 2402 5720 et
2429 5682 2534 5722 non
2563 5669 2808 5725 eumdem
2844 5672 3008 5728 Deum
3038 5673 3288 5742 Verbum,
3319 5677 3557 5746 quiante
3584 5680 3778 5735 sutcola

2209 5769 2277 5810 ex
2306 5753 2462 5814 Patre
2502 5767 2657 5816 natus
2697 5769 2810 5830 et,
2854 5763 2905 5818 in
2935 5763 3134 5822 ultimis
3167 5767 3495 5838 temporibus
3522 5784 3586 5826 ex
3618 5770 3779 5826 beata
