4006 6190
258 323 324 377 77
1470 324 1819 381 EPISTULAE
1862 327 1946 381 ΕΤ
1986 328 2317 384 DECRETA.
3447 333 3515 386 78

264 452 480 522 Virgine
507 452 672 506 “alia
703 452 1034 508 imm-mlum
1064 463 1118 510 ει
1157 463 1340 511 nam,“
1381 471 1500 513 esse
1534 457 1744 521 fatetur,
1778 466 1836 510 ut
1865 441 1909 499 Α
1941 440 2376 494 scandalizantem
2395 459 2412 505 ;
2449 453 2497 495 et
2533 443 2583 495 in
2617 459 2806 513 magna
2839 444 3178 514 trepidatione
3203 463 3292 516 per
3319 455 3514 516 tempus

257 557 403 596 unus
439 539 684 611 idemque
722 528 800 596 sit
818 540 1061 598 Christus
1100 544 1156 598 in
1187 555 1414 614 utraque
1457 554 1674 610 natura,
1708 560 1840 600 ana-

261 631 446 684 thema
476 629 565 684 sit.

686 757 955 797 THEODORI
1000 759 1297 799 οΑΡιτηυη
1338 761 1387 799 IX
1398 787 1409 797 .

334 833 503 889 Istum
542 835 700 904 igitur
741 835 936 899 virum,
966 836 1021 889 in
1063 853 1161 906 quo
1203 838 1382 890 statuit
1419 838 1644 890 omnium
1673 838 1844 907 facere

256 928 511 1000 judicium
549 926 618 978 ad
645 925 803 995 [idem
834 927 1155 996 futurorum,
1197 944 1310 980 cum
1347 930 1700 982 resuscitasset
1727 945 1843 982 eum

259 1033 327 1070 επ
354 1015 600 1076 mortuis,
631 1023 679 1066 et
701 1014 930 1084 judicem
959 1016 1186 1068 omnium
1213 1015 1633 1080 demonstrasset,
1665 1032 1843 1069 secun-

259 1108 384 1158 dum
409 1103 541 1157 beati
573 1103 726 1156 Pauli
754 1119 924 1157 vocem
955 1104 1090 1174 (Act.
1123 1106 1276 1172 xvn),
1306 1105 1476 1158 meriti
1500 1114 1523 1141 ⁸
1548 1106 1744 1158 unitate
1775 1105 1842 1156 ad

261 1197 485 1264 seipsum
528 1194 770 1264 dignatus
795 1202 873 1247 est
901 1209 918 1247 :
949 1204 996 1246 et
1027 1211 1119 1263 per
1145 1195 1556 1264 conjunctionem
1584 1194 1651 1245 ad
1677 1211 1732 1247 se
1761 1197 1842 1263 fa-

215 1337 238 1348 _,
261 1293 426 1347 ctam,
457 1283 639 1336 talium
669 1283 969 1353 participem
999 1284 1148 1354 fecit,
1179 1293 1234 1336 ut
1273 1293 1321 1337 et
1352 1283 1671 1338 adorationis
1700 1301 1840 1337 com-

262 1359 557 1426 munionem
607 1371 849 1436 haberet;
904 1371 1138 1426 omnibus
1171 1373 1373 1444 quidem
1417 1373 1604 1426 divina:
1644 1382 1843 1427 natura:

261 1471 486 1522 debitam
521 1466 877 1519 adorationem
915 1464 1273 1529 reddentibus,
1306 1463 1842 1533 comprehendentibus

261 1568 434 1610 autem
459 1556 764 1608 adoratione
783 1562 831 1608 et
853 1554 998 1608 illum
1019 1570 1163 1624 quem
1188 1552 1597 1621 inseparabiliter
1619 1553 1715 1605 scit
1737 1569 1845 1606 esse

263 1647 614 1716 conjunctum.
657 1641 738 1696 Ea:
777 1660 875 1713 quo
903 1644 1231 1714 manifestum
1259 1651 1354 1705 est,
1384 1642 1519 1711 quod
1548 1641 1614 1694 ad
1643 1643 1844 1713 majora

261 1755 381 1792 eum
417 1735 736 1807 perduxerit.

827 1842 1000 1914 Vigilii
1030 1843 1312 1912 responsio.
1378 1887 1381 1890 ι

336 1952 396 2009 ln
448 1933 813 2022 suprascripto
874 1966 1016 2006 nono
1068 1951 1304 2021 capitulo
1345 1951 1734 2020 coniunctionis
1790 1960 1844 2006 et

265 2029 690 2113 participationis
716 2041 992 2110 cujusdam
1027 2042 1310 2105 vocabulo,
1344 2042 1494 2111 quasi
1523 2042 1619 2097 Dei
1647 2043 1714 2097 ad
1741 2043 1842 2098 lio--

258 2139 468 2191 minem
503 2133 772 2189 Christum
824 2133 1012 2199 factae,
1060 2131 1256 2188 divinis
1299 2131 1544 2188 Christus
1590 2134 1845 2189 asseritur

255 2227 521 2296 operibus
544 2223 825 2288 decorari;
857 2239 954 2293 per
981 2238 1100 2292 qua:
1139 2237 1330 2278 rursus
1377 2223 1604 2278 dualitas
1641 2223 1844 2279 induci-

257 2323 348 2369 tur
377 2323 756 2384 personarum.
813 2309 870 2366 Si
897 2312 1016 2380 quis
1041 2311 1202 2379 igitur
1229 2312 1301 2365 ita
1329 2311 1486 2381 sapit,
1519 2311 1696 2378 docet,
1728 2328 1845 2368 cre-

263 2408 338 2462 dit
367 2415 466 2460 aut
488 2389 763 2484 przedigtt,
789 2410 844 2458 et
869 2418 977 2456 non
1001 2418 1164 2456 unum
1193 2401 1548 2473 eumdemque
1573 2401 1845 2459 Christum

259 2496 436 2552 Deum
457 2510 523 2548 ac
547 2493 833 2549 Dominum
862 2499 1103 2546 nostrum
1131 2493 1469 2547 manentibus
1493 2493 1546 2546 in
1575 2491 1688 2547 suis
1714 2507 1842 2561 pro-

257 2584 588 2654 prietatibus
610 2579 924 2636 diﬁcrentiis
946 2588 1279 2648 naturarum,
1299 2580 1544 2649 agnoscit
1569 2587 1625 2635 et
1651 2579 1842 2645 credit,

254 2675 552 2729 anathema
580 2672 673 2728 sit.
1365 2677 1370 2680 ’

721 2797 990 2838 TIIEODORI
1019 2791 1313 2835 CAPITULUII
1341 2797 1394 2835 Χ.

332 2893 451 2966 Ego
480 2893 709 2963 quidem,
739 2908 884 2964 quem
908 2891 1106 2954 videtis,
1140 2891 1270 2944 nihil
1296 2889 1499 2959 quidem
1527 2891 1696 2961 facere
1721 2907 1840 2961 pos-

257 3004 374 3040 sunt
403 2985 684 3040 sectmdum
710 2999 876 3037 meam
907 2991 1166 3046 naturam,
1198 2997 1312 3034 cum
1339 2981 1488 3035 homo
1516 2983 1633 3048 sim,
1662 2999 1846 3052 operor

260 3089 433 3131 autent
455 3117 470 3140 ,
505 3078 627 3145 quia
666 3077 721 3128 in
747 3090 829 3128 me
855 3089 1069 3128 manens
1104 3071 1260 3125 Pater
1288 3072 1461 3126 omnia
1501 3074 1664 3143 facit;
1714 3089 1844 3142 quo-

1944 531 2200 598 passionis
2240 533 2542 585 constitutus
2562 575 2577 598 ,
2616 534 2942 601 apparitione
2970 535 3140 604 angeli
3168 536 3365 606 indiget
3393 553 3516 591 con-

1943 619 2183 688 fortantis
2210 635 2324 673 eum
2367 622 2437 674 ad
2474 623 2771 691 patientiam
2807 631 2855 676 et
2883 625 3211 678 tolerantiam
3243 626 3516 681 imminen-

1944 708 2068 760 tium
2096 708 2367 763 malorum.
2399 709 2520 762 Post
2549 713 2970 766 resurrectionem
2999 723 3171 768 autent
3198 730 3261 768 ea:
3282 717 3511 782 mortuis,

1941 805 1992 850 et
2026 799 2080 850 in
2109 797 2260 852 caelos
2289 816 2553 854 ascensum
2572 842 2585 866 ,
2623 802 2955 872 impossibilis
2989 807 3157 875 factus
3195 814 3245 859 et
3272 807 3515 861 immuta-

1943 886 2058 942 bilis
2089 890 2296 943 omnino
2320 930 2333 953 ,
2367 899 2415 943 et
2440 891 2510 943 ad
2539 891 2801 945 dexteram
2830 893 2926 947 Dei
2954 895 3139 950 sedens
3164 933 3178 957 ,
3203 896 3368 965 judea:
3396 897 3517 950 uni-

1942 981 2072 1032 versi
2108 991 2183 1034 est
2222 981 2358 1036 orbis
2400 991 2651 1036 terrarum
2675 1024 2689 1048 ,
2722 993 2777 1037 ut
2814 993 2930 1055 pote
2957 988 3010 1040 in
3038 1003 3098 1041 eo
3127 988 3302 1042 divina
3330 998 3544 1042 παραυ-ου

1945 1073 2164 1141 faciente
2185 1074 2457 1144 judicium.

2501 1185 2679 1257 Vigilii
2707 1188 2988 1256 responsio.

2018 1295 2073 1350 In
2103 1298 2465 1368 suprascripto
2517 1299 2798 1353 undecimo
2828 1299 3060 1368 capitulo
3111 1300 3297 1354 eadem
3349 1303 3519 1372 repeti

1947 1386 2193 1441 videntur
2237 1403 2356 1456 quae
2403 1389 2645 1456 superius
2693 1389 2746 1442 in
2793 1397 2985 1458 quarto
3027 1389 3138 1455 jam
3183 1390 3323 1444 dicta
3372 1399 3511 1456 sunt,

1945 1476 2089 1544 quod
2120 1489 2245 1530 ante
2271 1478 2573 1547 passionem
2603 1479 2675 1531 ita
2707 1478 2948 1532 inﬁrmus
2984 1478 3139 1532 fuerit
3169 1478 3430 1545 Christus,
3458 1488 3516 1533 ut

1946 1570 1996 1623 in
2028 1585 2217 1638 magna
2248 1568 2604 1637 trepidatione
2633 1568 2896 1640 passionis
2934 1575 3171 1638 tempore
3199 1569 3522 1624 constitutus

1945 1661 2119 1729 angeli
2147 1659 2414 1714 videretur
2437 1659 2645 1727 eguisse
2672 1658 2886 1712 solatio.
2919 1657 3068 1725 Quod
3098 1659 3221 1727 quia
3249 1659 3395 1714 velut
3418 1675 3520 1727 pu-

1875 1791 1920 1849 Β
1947 1768 2065 1807 rum
2091 1753 2384 1812 hominem,
2423 1753 2513 1820 qui
2543 1750 2842 1818 huiusmodi
2869 1751 3080 1804 auxiliis
3109 1758 3283 1818 egeat,
3313 1750 3518 1818 signili-

1948 1857 2072 1896 care
2101 1842 2325 1922 videtur,
2357 1841 2400 1896 si
2424 1840 2542 1909 quis
2571 1841 2641 1894 ita
2671 1840 2826 1909 sapit,
2860 1838 3036 1905 docet,
3063 1839 3233 1894 credit
3259 1848 3351 1894 aut
3380 1854 3517 1908 pra!-

1945 1931 2116 1999 dicat,
2147 1933 2428 1986 anathema
2458 1932 2548 1986 sit.

2370 2057 2637 2096 TlIEODORl
2666 2058 2727 2097 CA
2736 2058 2964 2097 Ριτυιωί
2997 2059 3086 2097 XII.

2005 2153 2096 2209 Sic
2108 2155 2264 2224 igitur
2273 2162 2321 2206 et
2333 2153 2413 2205 hic
2424 2153 2850 2223 sapientissimum
2866 2151 3281 2226 [sapientissime]
3293 2154 3518 2206 omnium

1947 2243 2235 2297 haberenos
2247 2243 2395 2297 doces
2411 2241 2597 2296 Christi
2610 2259 2834 2305 sensum,
2847 2250 3145 2295 utsanctum
3161 2242 3410 2312 Spiritum
3424 2242 3518 2294 ha-

1947 2330 2139 2386 bentem
2165 2332 2310 2386 illum
2327 2333 2411 2403 qui
2431 2333 2602 2386 sensui
2622 2330 2808 2384 Christi
2832 2330 3092 2403 [habentes
3120 2332 3264 2385 illum
3287 2333 3371 2401 qui
3393 2348 3514 2385 sen-

1945 2437 2032 2474 sus
2053 2419 2299 2490 Christo],
2326 2421 2551 2492 aliquam
2581 2421 2815 2473 virtutem
2841 2419 3170 2490 adimplebat,
3192 2421 3539 2490 prudentiam.

1945 2513 2057 2582 ejus
2085 2510 2177 2584 [ei]
2207 2521 2463 2580 prtestans
2502 2511 2570 2562 ad
2611 2511 2784 2568 omnia
2812 2501 2924 2580 qua:
2948 2511 3149 2580 agenda
3174 2519 3350 2582 erant,
3385 2512 3518 2564 sicut

1945 2609 1992 2657 et
2032 2602 2086 2656 in
2137 2599 2537 2677 praecedentibus
2582 2600 3074 2664 demonstravimus,
3115 2601 3250 2672 quod
3294 2599 3358 2652 ab
3403 2601 3517 2670 ipso

1944 2693 2146 2763 quidem
2168 2693 2223 2746 in
2249 2709 2471 2746 eremum
2496 2691 2564 2744 ad
2592 2693 2876 2745 certamina
2913 2707 3026 2762 qua:
3050 2699 3230 2744 contra
3260 2689 3516 2744 diabolum

1945 2791 2094 2836 erant
2119 2780 2432 2844 ducebatur;
2469 2781 2761 2834 unctionem
2797 2790 2966 2834 autem
2995 2780 3132 2833 illius
3173 2789 3222 2833 et
3251 2781 3516 2834 scientiam

1944 2878 1995 2926 et
2030 2873 2129 2926 vim
2167 2887 2340 2925 eorum
2378 2887 2490 2942 qua:
2525 2871 2728 2942 agenda
2766 2880 2914 2924 erant
2942 2870 3251 2941 accipiebat;
3290 2880 3340 2924 et
3375 2870 3516 2925 illius

1946 2963 2203 3032 particeps
2247 2963 2447 3031 factus,
2488 2976 2590 3015 non
2628 2961 2793 3015 solum
2839 2949 3091 3013 miracula
3133 2958 3385 3031 faciebat,
3425 2960 3516 3012 sed

1946 3053 2101 3105 etiam
2128 3053 2379 3122 quomodo
2407 3052 2482 3104 uti
2511 3051 2774 3111 oportebat
2801 3050 3063 3103 miraculis
3086 3087 3102 3112 ,
3133 3049 3322 3103 sciebat
3351 3049 3510 3102 subti-

261 3170 406 3222 niam
432 3140 642 3243 enimet
663 3181 754 3235 ego
781 3165 834 3218 in
864 3162 1036 3229 Patre,
1060 3171 1110 3216 et
1135 3161 1292 3215 Pater
1314 3163 1364 3214 in
1387 3177 1468 3215 me
1497 3140 1678 3231 (Joan.
1700 3140 1840 3231 xiv);

1948 3141 2094 3205 liter,
2125 3152 2180 3193 ut
2209 3150 2382 3195 notam
2411 3141 2614 3212 quidem
2642 3143 2834 3212 faceret
2862 3140 3091 3210 gentibus
3125 3141 3392 3210 pietatem,
3421 3158 3516 3210 pa-

263 3258 406 3313 Dcus
435 3247 609 3311 autem
641 3255 861 3310 Verbum
896 3255 1187 3336 unigenitus
1215 3255 1269 3306 in
1297 3271 1375 3307 me
1402 3263 1510 3319 est;
1551 3261 1742 3308 certum
1767 3265 1843 3308 est

265 3349 401 3420 quod
429 3356 482 3401 et
513 3347 672 3400 Pater
699 3363 812 3400 cum
841 3347 951 3415 ipso
997 3345 1050 3397 in
1084 3361 1164 3398 me
1190 3351 1357 3397 manet
1383 3384 1400 3412 ,
1436 3351 1485 3397 et
1512 3360 1667 3412 opera
1693 3345 1838 3415 facit.

265 3437 336 3492 Et
365 3454 470 3492 non
499 3445 575 3490 est
604 3435 898 3489 mirandum
923 3434 987 3488 de
1012 3432 1213 3488 Christo
1245 3433 1353 3488 haec
1380 3432 1698 3498 existimari,
1730 3449 1844 3486 cum

264 3527 528 3582 evidenter
562 3527 672 3594 ipse
704 3526 769 3577 de
792 3524 987 3578 caeteris
1016 3520 1304 3576 hominibus
1333 3521 1472 3574 dicat
1499 3536 1520 3575 :
1547 3519 1646 3586 Qui
1673 3520 1844 3589 diligit

265 3633 352 3672 me
378 3617 602 3672 verbum
632 3630 811 3670 meum
840 3613 1144 3669 observabit
1162 3653 1176 3678 ,
1208 3620 1263 3668 et
1287 3611 1448 3666 Pater
1482 3627 1632 3668 meus
1660 3611 1845 3681 diliget

265 3724 407 3774 eum,
440 3716 495 3762 et
523 3707 589 3761 ad
617 3723 741 3762 eum
769 3708 1078 3770 veniemus,
1111 3714 1166 3761 et
1192 3705 1522 3760 mansionem
1552 3705 1692 3774 apud
1720 3720 1843 3761 eum

264 3797 516 3853 faciemus
540 3801 558 3865 (
569 3783 819 3866 Ibidem):
842 3796 903 3852 Si
928 3798 1064 3852 enim
1085 3795 1225 3867 apud
1247 3811 1648 3866 unumquemque
1667 3796 1845 3866 hujus-

268 3890 406 3944 modi
435 3891 697 3943 hominum
724 3898 773 3943 et
801 3888 960 3944 Pater
987 3897 1036 3943 et
1067 3887 1238 3942 Filius
1263 3888 1581 3942 mansionem
1612 3888 1842 3958 faciunt,

265 3981 387 4049 quid
413 3980 814 4033 existimandum
841 3989 956 4044 est,
987 3989 1042 4033 ut
1071 3981 1125 4033 in
1154 3978 1376 4032 Domino
1417 3977 1696 4032 secundum
1724 3993 1842 4031 car-

267 4091 382 4126 nem
415 4073 608 4127 Christi
652 4073 799 4127 ambo
836 4073 989 4127 simul
1018 4080 1321 4144 putarentur
1357 4086 1582 4135 manere,
1612 4085 1842 4124 commu-

266 4186 469 4222 manem
510 4186 686 4224 eorum
728 4169 1008 4224 secundum
1044 4170 1407 4235 substantiam,
1435 4167 1844 4222 communionem

266 4261 419 4312 crium
448 4261 728 4314 mansionis
751 4261 970 4331 forsitan
991 4260 1348 4329 suscipientem
1362 4257 1388 4310 ?

808 4371 981 4443 Vigilii
1018 4371 1302 4441 responsio.

337 4481 393 4534 ln
442 4483 804 4551 suprascripto
860 4483 1070 4537 decimo
1117 4480 1353 4550 capitulo
1402 4479 1474 4533 ita
1521 4479 1575 4533 iu
1626 4479 1841 4534 homine

267 4573 480 4626 Christo
529 4570 666 4626 Deus
715 4571 948 4626 Verbum
1000 4573 1174 4627 inesse
1201 4571 1413 4635 dicitur,
1447 4569 1587 4625 sicut
1639 4568 1836 4637 Pater,

269 4671 323 4714 ut
350 4677 445 4731 per
465 4662 568 4716 hoc
595 4670 688 4716 aut
706 4671 760 4716 et
789 4661 948 4716 Pater
975 4662 1280 4716 incarnatus
1309 4675 1427 4714 esse
1451 4660 1708 4724 videatur,
1733 4661 1839 4730 sic-

271 4761 326 4804 ut
351 4759 406 4806 et
432 4751 472 4805 F
475 4752 596 4806 ilius
607 4769 632 4819 ;
657 4760 749 4806 aut
778 4767 879 4806 nec
905 4751 1067 4806 Filius
1107 4752 1176 4805 sit
1205 4752 1529 4814 incarnatus,
1577 4751 1717 4804 sicut
1742 4765 1842 4804 nec

273 4838 450 4908 Pater,
481 4851 574 4895 aut
601 4843 770 4909 magis
799 4850 1022 4910 uterque
1053 4841 1102 4894 in
1137 4843 1290 4894 tertia
1335 4855 1562 4910 persona
1611 4841 1839 4894 hominis

271 4931 527 4985 habitare.
561 4932 658 4996 Qui
686 4932 844 5000 igitur
871 4931 944 4985 ita
972 4933 1143 5000 sapit,
1175 4932 1361 4995 docet,
1394 4933 1566 4987 credit
1594 4939 1682 4985 aut
1715 4948 1843 5000 pruna

269 5021 427 5087 dicat,
458 5022 742 5076 anathema
769 5023 857 5076 sit.

704 5149 970 5189 τωοιδοιιι
998 5149 1294 5188 CAPITULUH
1328 5150 1399 5188 ΣΙ.

339 5245 422 5302 Ita
458 5257 510 5301 et
553 5250 779 5300 animum
802 5286 817 5310 ,
851 5256 905 5298 ut
933 5255 1049 5312 pote
1087 5246 1364 5298 humanam
1410 5255 1458 5297 et
1497 5244 1832 5297 immortalem

267 5342 623 5403 constitutam,
653 5349 702 5393 et
729 5356 909 5393 sensus
954 5339 1252 5408 participem
1281 5350 1422 5407 prius
1462 5337 1719 5403 accipiens
1738 5375 1750 5397 ,
1785 5345 1835 5387 et

267 5449 355 5499 per
382 5433 802 5485 resurrectionem
827 5434 879 5484 in
911 5431 1373 5504 immutabilitatem
1403 5431 1735 5488 constituens,
1763 5428 1836 5481 sic

265 5536 310 5576 et
341 5525 483 5577 nobis
504 5525 796 5578 earumdem
824 5525 1036 5577 istorum
1061 5539 1150 5588 per
1169 5522 1595 5575 resurrectionem
1623 5517 1836 5587 prazbuit

265 5618 691 5667 communionem.
755 5611 878 5665 Ideo
929 5623 1093 5664 mitem
1140 5621 1258 5662 ante
1301 5609 1722 5662 resurrertimem
1772 5623 1836 5658 ea:

266 5709 475 5759 mortuis
503 5708 733 5774 increpat
761 5705 963 5774 quidem
1000 5701 1232 5769 Petrum,
1261 5711 1314 5753 ut
1354 5703 1458 5754 suis
1487 5715 1599 5751 cum
1633 5697 1834 5751 vocibus

245 5877 252 5884 ’
337 5887 361 5915 ⁸
399 5878 456 5932 ln
485 5880 662 5932 collat.
704 5878 745 5943 ι,
778 5880 976 5932 merito.
1011 5875 1174 5930 llsno.

1949 3240 2137 3286 teretur
2165 3243 2334 3286 autem
2372 3232 2716 3286 laborantium
2744 3232 3092 3302 inﬁrmitates,
3122 3241 3171 3284 et
3197 3232 3271 3285 sic
3293 3231 3360 3284 ad
3386 3231 3514 3300 effe-

1946 3334 2082 3380 ctum
2109 3341 2257 3380 suam
2283 3325 2596 3380 voluntatem
2632 3323 2862 3388 duceret,
2890 3330 2940 3377 et
2961 3321 3347 3395 justiﬁcabatur
3373 3323 3514 3388 inde,

1945 3425 1994 3470 et
2017 3416 2373 3470 immaculatus
2395 3415 2771 3477 ostendebatur,
2795 3415 2898 3467 sive
2917 3413 3242 3482 reparatione
3261 3427 3512 3482 pejorum,

1945 3509 2050 3561 sive
2077 3506 2310 3562 custodia
2335 3505 2621 3568 meliorum,
2644 3503 2746 3557 sive
2767 3503 2920 3557 etiam
2943 3502 3194 3573 paulatim
3214 3503 3284 3555 ad
3301 3501 3516 3556 meliora

1945 3596 2277 3669 profectibus.

2492 3714 2669 3787 Vigilii
2700 3713 2980 3784 responsio.

2015 3830 2072 3884 In
2101 3827 2464 3900 suprascripto
2491 3824 2808 3881 duodecimo
2836 3822 3071 3894 capitulo
3098 3821 3285 3878 eadem
3313 3834 3433 3890 qua:
3462 3821 3514 3875 in

1944 3919 2173 3989 septimo
2201 3915 2437 3987 capitulo
2467 3913 2713 3970 videntur
2751 3913 2946 3984 esponi
2969 3952 2986 3978 ,
3017 3909 3308 3966 asserendo
3337 3909 3518 3965 Domi-

1944 4027 2070 4066 num
2101 4017 2341 4066 nostrum
2369 4008 2548 4063 Jesum
2575 4005 2846 4062 Christum
2875 4019 2970 4074 per
2991 4002 3376 4057 habitationem
3400 4016 3519 4056 san-

1945 4102 2017 4157 cti
2037 4100 2268 4170 Spiritus
2289 4097 2358 4153 ad
2380 4097 2558 4154 omnia
2586 4095 2948 4157 informatum,
2973 4101 3030 4149 et
3056 4108 3152 4164 per
3180 4101 3420 4163 tempora
3451 4092 3517 4146 ad

1945 4190 2332 4261 perfectionem
2378 4188 2649 4244 unctionis
2690 4184 2804 4255 ejus
2849 4184 3046 4239 auxilio
3090 4184 3416 4254 pervenisse.
3461 4181 3517 4236 Si

1944 4281 2064 4350 quis
2095 4281 2255 4348 igitur
2281 4294 2404 4335 eum
2434 4293 2540 4334 non
2569 4292 2666 4332 sua
2705 4275 2904 4332 deitate
2932 4273 3224 4353 perfectum
3253 4289 3372 4329 esse
3409 4288 3519 4328 cre-

1945 4373 2077 4427 dens
2096 4413 2111 4438 ,
2141 4371 2234 4426 sed
2266 4378 2515 4438 tanquam
2545 4382 2737 4439 purum
2767 4366 3038 4420 hominem
3066 4364 3319 4419 unctione
3345 4366 3516 4418 sancti

1949 4461 2180 4532 Spiritus
2226 4457 2547 4528 indigentem
2593 4457 2756 4512 fuisse
2815 4456 3056 4525 adiutum
3108 4456 3290 4525 sapit,
3335 4454 3518 4526 docet,

1943 4552 2116 4608 credit
2144 4559 2235 4605 aut
2263 4551 2535 4620 prardicat,
2567 4548 2850 4603 anathema
2879 4547 2968 4601 sit.

2366 4687 2632 4730 TIIBODORI
2657 4685 2952 4726 οΑῐνιτυιυιι
2982 4686 3093 4733 XIII.

2017 4785 2282 4851 Quomodo
2319 4785 2477 4855 igitur
2516 4783 2829 4850 sequentium
2868 4781 3059 4847 habet,
3097 4796 3156 4836 eo
3192 4781 3326 4850 quod
3369 4782 3516 4834 homo

1944 4885 2110 4954 factus
2140 4888 2213 4934 est
2243 4878 2402 4943 Deus,
2424 4876 2626 4948 justum
2664 4875 2918 4928 hominem
2958 4873 3120 4928 Deum
3159 4873 3379 4927 Verbum
3407 4889 3518 4926 esse

1942 4974 2150 5024 dicere:
2175 4971 2220 5024 si
2249 4970 2383 5021 enim
2412 4967 2562 5021 homo
2583 4974 2657 5020 est
2684 4965 2817 5018 Deus
2854 4963 3095 5026 Verbum,
3139 4975 3190 5017 ut
3230 4967 3340 5034 ipse
3364 4965 3514 5028 dicis,

1943 5059 2231 5114 omnimode
2275 5058 2338 5110 de
2367 5057 2569 5110 homine
2606 5055 2828 5107 dicemus
2871 5070 2931 5106 ea
2958 5070 3072 5124 qua:
3101 5053 3164 5107 de
3203 5051 3312 5105 Deo
3353 5051 3517 5104 Verbo

1940 5149 2251 5220 evangelista
2277 5147 2420 5199 dicit.
2461 5142 2598 5208 Quid
2627 5151 2796 5196 autem
2824 5143 2986 5196 dicit?
3027 5141 3083 5195 In
3111 5140 3371 5212 principio
3400 5150 3516 5192 erat

1945 5239 2174 5293 Verbum
2203 5275 2217 5298 ,
2263 5245 2316 5289 et
2356 5233 2588 5288 Verbum
2633 5241 2747 5286 erat
2774 5229 2913 5299 apud
2943 5229 3110 5283 Deum
3135 5269 3150 5294 ,
3192 5229 3290 5280 iste
3319 5235 3434 5280 erat
3461 5229 3518 5281 in

1940 5328 2202 5398 principio
2241 5325 2380 5396 apud
2417 5323 2580 5378 Deum
2615 5340 2626 5374 :
2661 5321 2838 5375 omnia
2877 5335 2975 5390 per
3002 5319 3170 5374 irsum
3202 5317 3339 5372 facta
3369 5328 3512 5379 sunt,

1941 5431 1994 5476 et
2015 5422 2129 5475 sine
2154 5420 2268 5487 ipso
2291 5417 2484 5471 iactum
2505 5423 2586 5469 est
2608 5412 2738 5467 nihil
2758 5410 2900 5480 quod
2923 5409 3119 5462 factum
3141 5417 3223 5464 est
3246 5408 3421 5479 (Joan.
3447 5410 3506 5475 ι).

1942 5512 2083 5584 Ergo
2114 5513 2156 5565 si
2193 5513 2340 5565 homo
2374 5519 2448 5562 est
2482 5505 2617 5558 Deus
2653 5503 2892 5560 Verbum,
2923 5498 3148 5553 dicemus
3176 5499 3238 5552 de
3262 5501 3414 5569 ipso:
3447 5498 3512 5551 In

1939 5601 2190 5670 principio
2213 5609 2322 5654 erat
2353 5598 2522 5655 homo,
2548 5604 2596 5646 et
2617 5593 2765 5646 homo
2787 5597 2897 5643 erat
2925 5589 3062 5660 apud
3092 5587 3274 5654 Deum,
3303 5599 3351 5643 et
3375 5588 3512 5641 Deus

1938 5701 2046 5746 erat
2079 5693 2244 5755 homo,
2273 5697 2381 5742 erat
2413 5687 2559 5740 homo
2587 5685 2639 5737 in
2669 5681 2920 5754 principio
2948 5682 3086 5753 apud
3118 5682 3308 5748 Deum;
3337 5683 3510 5737 omnia
