4006 6190
518 287 599 339 :29
1906 277 2134 335 Ἥρωι
2170 278 2370 337 eam
3714 291 3782 346 εο

530 414 624 469 per
667 398 832 469 ipsum
883 397 1023 468 facta
1051 403 1200 460 sunt,
1229 403 1276 449 et
1317 396 1425 449 sine
1465 394 1574 464 ipso
1616 394 1807 464 factum
1852 401 1930 447 est
1975 391 2103 446 nihil
2136 399 2177 455 Α
2207 394 2292 448 die
2318 397 2724 463 resurrectionis,
2752 409 2873 468 post
2894 416 3180 479 ascensum.
3212 401 3288 458 Et
3311 402 3443 458 illud
3472 413 3641 461 tamen
3665 378 3803 461 ani:

530 488 673 557 quod
688 489 880 559 factum
904 495 999 540 est.
1030 485 1092 540 Si
1113 486 1248 541 enim
1273 486 1422 539 homo
1450 496 1525 537 est
1547 483 1682 537 Deus
1714 481 1954 549 Verbum,
1977 483 2108 537 sicut
2211 486 2628 541 madvertendam
2666 499 2763 554 est,
2804 491 2940 562 quod
2968 494 3013 547 si
3040 492 3106 547 ab
3144 495 3408 565 insuﬂlatu
3437 488 3819 571 suscepissen't‘v

532 578 692 643 dicis,
723 577 1019 632 convenient
1060 575 1236 629 omnia
1272 575 1371 645 ipsi
1398 591 1512 645 qua:
1541 575 1603 627 de
1642 573 1745 628 Deo
1790 572 1955 628 Verbo
1984 574 2108 626 dicit

530 667 870 739 evangelista.

1089 779 1207 851 Vig.’
1211 780 1266 833 lii
1293 779 1576 848 responsio.
1630 808 1637 823 κ

604 872 666 927 ιιι
693 872 1057 943 suprascripto
1084 870 1295 933 decimo
1317 870 1476 923 tertio
1504 869 1740 938 capitulo
1761 868 1944 935 negari
1966 866 2110 921 vide-

528 973 624 1021 tur
652 964 819 1019 Deum
845 962 1077 1018 Verbum
1105 961 1375 1015 hominem
1406 960 1625 1027 factum,
1647 966 1702 1013 et
1727 973 1910 1014 rursus
1936 957 2109 1012 homi-

538 1074 662 1114 nem
695 1057 924 1113 Verbum
952 1054 1119 1110 Deum
1149 1069 1287 1120 esse,
1316 1061 1374 1108 ut
1402 1068 1497 1122 per
1518 1052 1621 1106 hoe
1649 1051 1949 1119 inducatur,
1977 1052 2115 1107 sicut

522 1150 783 1221 superius
829 1148 1031 1204 dictum
1078 1155 1201 1214 est,
1232 1147 1463 1202 dualitas
1492 1159 1860 1215 personarum.
1909 1142 1966 1198 Si
1994 1143 2114 1212 quis

518 1243 700 1311 igitur
726 1241 798 1295 ita
840 1239 1012 1309 sapit,
1043 1237 1231 1302 docet,
1263 1234 1436 1292 credit
1464 1242 1557 1290 aut
1586 1235 1840 1304 prcedicat
1863 1272 1879 1297 ,
1917 1241 1972 1288 et
2004 1249 2114 1288 non

536 1330 736 1401 potius,
769 1337 1021 1386 manente
1055 1328 1109 1383 in
1136 1327 1361 1382 Domino
1392 1325 1504 1380 Deo
1532 1332 1719 1380 nostro
1746 1322 1871 1379 Jesu
1900 1321 2114 1379 Christo

541 1421 1015 1485 inconvertibiliter
1033 1428 1194 1490 atque
1214 1418 1436 1473 indivise
1460 1416 1757 1472 diderentia
1778 1426 2110 1481 naturarum,

538 1512 618 1569 sic
644 1527 749 1568 una
780 1526 1028 1582 persona,
1056 1511 1170 1565 sive
1197 1509 1540 1565 subsistentia
1569 1507 1685 1576 ejus
1713 1521 1831 1562 esse
1859 1505 2113 1573 creditur,

542 1616 602 1664 ut
620 1616 676 1662 et
695 1607 833 1663 Deus
856 1605 1089 1660 Verbum
1116 1604 1232 1659 sine
1262 1602 1369 1658 ulla
1396 1601 1590 1656 divinae
1617 1607 1822 1655 natura:
1850 1613 1960 1654 suae
1988 1613 2114 1653 con-

544 1696 889 1753 vertibilitate
915 1694 1078 1749 homo
1108 1706 1257 1757 esse,
1289 1700 1344 1745 et
1372 1698 1642 1758 assumpta
1669 1687 1975 1743 humanitas
1999 1700 2119 1756 pro-

541 1796 662 1859 pter
697 1786 1121 1855 singularitatem
1168 1754 1410 1855 persona:
1456 1754 1932 1837 inconvertibiliter
1975 1754 2116 1834 Deus
2148 1754 2188 1812 ⁸

528 1891 663 1932 esse
690 1875 958 1940 credatur,
992 1873 1273 1927 anathema
1300 1872 1388 1926 sit.

955 1996 1224 2040 ἸΊῙΕΟΒΟΒΙ
1251 1996 1553 2037 εΑΡιτυιωί
1579 1994 1689 2034 XIV.

614 2081 640 2109 ι
670 2070 787 2125 Hoc
811 2070 1013 2143 quidem
1038 2070 1160 2141 quid
1179 2077 1275 2135 est,
1302 2069 1375 2123 Ad
1401 2069 1611 2124 Patrem
1632 2083 1809 2122 meum
1834 2077 1888 2122 et
1909 2066 2119 2123 Patrem

544 2174 784 2224 vestrum
809 2207 824 2231 ,
855 2173 910 2221 et
946 2165 1111 2219 Deum
1141 2180 1317 2218 meum
1348 2171 1403 2218 et
1437 2163 1603 2218 Deum
1638 2170 1874 2236 vestrum
1927 2160 2116 2231 (Joan.

549 2257 684 2329 xx)?
715 2255 883 2311 Nemo
910 2257 982 2309 sic
1014 2255 1220 2308 demens
1250 2266 1324 2308 est
1347 2296 1360 2319 ,
1399 2263 1454 2307 ut
1488 2253 1825 2307 alii‘cuidam
1854 2238 2121 2306 conrenire

546 2346 770 2410 diceret,
810 2345 910 2398 nisi
957 2344 1140 2413 templo
1185 2342 1282 2396 Dei
1322 2343 1471 2397 Verbi
1510 2350 1770 2414 assumpto
1814 2359 1909 2412 pro
1942 2351 2121 2396 nostra

546 2437 712 2490 salute
739 2435 949 2499 homini,
973 2435 1058 2503 qui
1086 2443 1162 2487 est
1192 2443 1440 2501 mortuus,
1463 2443 1512 2487 et
1539 2434 1839 2499 resurrexit,
1865 2441 1914 2486 et
1942 2449 2122 2489 ascen-

532 2541 694 2581 surus
724 2533 853 2577 esset
881 2526 932 2577 in
963 2522 1134 2588 caelos,
1173 2529 1221 2575 et
1245 2533 1441 2592 patrem
1471 2522 1569 2576 sibi
1602 2523 1812 2577 ascribit
1839 2540 1952 2575 cum
1975 2522 2124 2576 disci-

542 2616 681 2686 pulis
700 2616 807 2670 suis
837 2615 1022 2683 Deum,
1050 2625 1098 2668 et
1126 2617 1234 2684 ipse
1259 2616 1429 2687 gratia
1449 2615 1774 2685 adoptionem
1802 2618 2010 2669 meritas
2033 2632 2049 2669 :
2073 2624 2122 2669 et

462 2708 475 2713 “
549 2705 713 2759 Deum
743 2723 889 2760 suum
919 2706 1178 2777 appellat,
1210 2709 1329 2776 quia
1359 2722 1474 2759 cum
1511 2708 1707 2759 ca’teris
1737 2705 2021 2761 hominibus
2046 2708 2119 2761 si-

548 2796 737 2850 militer
764 2805 819 2849 ut
846 2806 976 2850 esset
1018 2798 1231 2867 accepit.
1285 2796 1432 2850 Unde
1472 2806 1680 2868 propter
1709 2801 2121 2853 communitatem

544 2887 746 2958 quidem
781 2894 1008 2955 naturce,
1046 2886 1254 2941 Patrem
1286 2905 1447 2941 meum
1477 2896 1524 2941 et
1552 2884 1761 2941 Patrem
1788 2898 2007 2943 restrum
2034 2889 2120 2943 di-

546 2975 642 3041 cit,
675 2985 723 3029 et
752 2973 918 3029 Deum
956 2993 1121 3030 meum
1161 2987 1210 3029 et
1254 2975 1416 3029 Deum
1460 2986 1699 3031 vestrum.
1738 2976 1922 3032 Dii‘isit
1954 2987 2122 3032 autem

536 3069 732 3121 iterum
760 3084 906 3121 suam
943 3085 1216 3137 personam
1243 3069 1367 3138 ipsis
1385 3108 1399 3132 ,
1429 3069 1736 3139 principium
1760 3070 1944 3139 gratia'
1968 3070 2122 3139 signi-

546 3156 742 3226 ﬁcans,
771 3168 975 3227 prapter
1002 3175 1154 3229 quam
1194 3158 1261 3211 ad
1292 3156 1454 3211 Deum
1496 3157 1713 3212 Verbum
1758 3159 2120 3228 conjunctione

545 3247 599 3300 in
627 3247 739 3302 loco
764 3249 869 3301 veri
898 3245 1026 3301 Filii
1060 3246 1124 3300 ab
1161 3247 1394 3301 omnibus
1426 3248 1708 3302 honoratur
1738 3247 2042 3301 hominibus.

1084 3356 1257 3428 Vigilii
1282 3362 1565 3428 responsio.

618 3447 677 3501 ιιι
722 3448 1085 3519 suprascripto
1133 3456 1325 3518 quarto
1355 3448 1563 3504 decimo
1609 3451 1842 3519 capitulo
1893 3464 1988 3520 per
2017 3450 2119 3505 hoc

544 3536 687 3604 quod
716 3536 907 3605 legitur
934 3537 984 3589 in
1012 3535 1301 3604 Evangelia
1327 3554 1338 3587 :
1371 3537 1603 3590 Aseendo
1624 3539 1693 3590 ad
1727 3537 1931 3593 Patrem
1953 3555 2118 3593 meum

542 3636 593 3679 et
629 3627 834 3681 Patrem
863 3638 1109 3690 vestrum,
1164 3627 1327 3680 Deum
1372 3645 1537 3681 meum
1587 3637 1635 3681 et
1689 3627 1854 3681 Deum
1902 3639 2119 3683 uestrum

548 3716 724 3785 (Joan.
755 3722 879 3787 xx),
912 3718 984 3771 ita
1033 3717 1357 3785 intelligitur,
1388 3718 1532 3785 quod
1559 3717 1711 3773 Jcsus
1738 3718 1983 3773 Christus
2010 3718 2118 3774 Do-

538 3807 719 3860 minus
747 3817 801 3858 et
832 3806 969 3859 Deus
998 3814 1199 3867 noster,
1232 3806 1370 3860 sicut
1390 3807 1567 3861 ueteri
1591 3808 1853 3869 homines,
1887 3808 2116 3876 gratiam

547 3893 877 3963 adoptionis,
926 3903 986 3946 ut
1026 3892 1210 3950 Filius
1227 3895 1321 3949 Dei
1350 3896 1656 3961 diceretur,
1710 3898 2013 3967 acceperit,
2065 3909 2120 3953 et

543 3983 695 4051 quasi
721 3997 817 4051 per
842 3982 1272 4051 coniunctionem
1304 3985 1370 4038 ad
1402 3985 1566 4043 Deum
1593 3986 1828 4041 Verbum
1859 3988 1911 4040 in
1943 3988 2118 4042 locum

545 4070 656 4124 veri
672 4069 790 4124 Filii
813 4071 881 4124 ab
904 4072 1154 4126 omnibus
1181 4072 1624 4140 adoretur.Quod
1655 4077 1696 4131 si
1723 4077 1843 4145 quis
1870 4077 1940 4130 ita
1957 4079 2115 4146 sapit,

544 4161 720 4223 docet,
751 4161 919 4215 credit
956 4171 1050 4217 aut
1082 4165 1366 4233 praedicat,
1398 4174 1452 4219 et
1494 4182 1601 4219 non
1649 4168 1816 4233 magis
1842 4181 2004 4220 unum
2031 4166 2118 4221 Je-

546 4266 663 4303 eum
711 4251 980 4307 Christum
1026 4254 1217 4308 Filium
1264 4254 1358 4310 Dei
1388 4264 1443 4311 et
1470 4257 1749 4311 Dominum
1790 4267 2035 4313 nostrum
2065 4260 2116 4313 in

544 4339 751 4395 intubus
779 4340 1072 4398 inconfusis
1094 4352 1151 4397 et
1176 4344 1621 4414 inseparabilibus
1648 4346 1895 4413 intelligit
1923 4355 1976 4400 ct
2000 4361 2118 4400 cre-

544 4432 623 4485 dit
649 4448 767 4487 esse
791 4436 1014 4500 naturis,
1045 4436 1333 4490 anathema
1363 4436 1450 4490 sit.

981 4565 1244 4605 TIIEODORI
1276 4566 1572 4605 CAPITUle
1598 4566 1683 4604 XV.

616 4631 730 4687 [loc
751 4636 884 4705 quod
906 4638 1095 4691 dictum
1121 4647 1230 4692 est:
1257 4640 1515 4709 Accipite,
1549 4657 1642 4710 pro
1663 4641 1943 4708 accipietis,
1966 4642 2111 4694 dicit.

545 4720 607 4775 Si
633 4724 767 4775 enim
796 4741 910 4777 cum
956 4726 1296 4797 insuﬂlassct,
1329 4728 1579 4799 Spiritum
1611 4728 1828 4782 dedisset
1855 4729 2117 4796 discipulis

549 4815 706 4882 (quod
730 4816 877 4868 valde
904 4818 1106 4887 quidem
1129 4818 1282 4872 stulte
1308 4821 1770 4887 eaistimaverunt),
1803 4819 2115 4889 superﬂuum

541 4916 653 4958 erat
675 4908 843 4961 dicere
871 4921 1045 4975 postea
1074 4911 1171 4976 his,
1197 4922 1245 4965 et
1273 4913 1495 4965 maxime
1524 4920 1749 4980 tempore
1778 4926 2021 4964 ascensus
2060 4912 2115 4965 in

546 4996 695 5049 rtelos
736 5015 837 5051 non
867 5002 1098 5068 separari
1139 4999 1201 5054 ab
1248 5000 1577 5063 Jerusalem,
1627 4999 1717 5052 sed
1758 5006 2115 5068 exspectarent

546 5089 889 5164 (exspectare)
911 5094 1301 5163 promissionem
1332 5094 1591 5164 Spiritus;
1620 5105 1668 5148 et
1683 5096 1737 5148 in
1758 5095 2078 5165 sequentibus
2099 5111 2114 5147 :

544 5178 650 5232 Sed
680 5183 954 5251 accipietis
974 5184 1249 5251 virtutem,
1271 5185 1684 5253 superveniente
1704 5183 1906 5254 Spiritu
1929 5192 2117 5238 sancto

542 5269 595 5324 in
629 5286 723 5325 vos
753 5274 889 5344 (Act.
916 5274 977 5345 ι).
1007 5275 1292 5329 Adventum
1316 5284 1485 5330 autem
1512 5278 1681 5347 ipsum
1705 5278 1875 5331 sancti
1892 5276 2120 5347 Spiritus

540 5357 693 5431 super
708 5364 987 5437 discipulos
1013 5365 1178 5423 Lucas
1197 5370 1392 5439 factum
1411 5385 1521 5423 esse
1550 5369 1674 5423 dicit
1693 5369 2116 5440 quinquagesimo

613 5530 636 5555 ιι
668 5518 867 5574 Eadem
900 5532 1148 5591 excerpta
1180 5522 1463 5581 Theodori.
1499 5538 1664 5590 usque
1691 5522 1757 5575 ad
1785 5539 1900 5591 cap.
1935 5520 2002 5576 00
2033 5520 2115 5573 in-

542 5588 775 5711 clusivﬁ,
836 5591 981 5658 legas
1027 5588 1079 5646 et
1134 5593 1184 5646 in
1234 5593 1397 5649 Cone.
1434 5592 1472 5646 ν
1505 5588 1683 5648 cnllat.
1718 5591 1769 5659 4,
1805 5588 1990 5648 eodem
2024 5604 2115 5644 ra-

542 5669 673 5713 nitc.
756 5675 875 5713 san.

540 5669 673 5726 pne.
706 5669 875 5713 υΑιω.

2212 575 2488 643 Spiritum,
2519 593 2623 632 non
2646 579 2874 634 diceret:
2898 582 3156 653 Accipite,
3187 587 3298 652 sed,
3327 590 3565 657 quoniam
3587 594 3783 661 accepi-

2210 667 2334 728 stis;
2366 665 2460 719 hoc
2480 666 2616 720 enim
2638 668 2773 751 quod
2798 669 2991 725 dictum
3016 680 3127 726 est:
3153 673 3413 743 Accipite,
3439 677 3519 731 his
3545 680 3777 734 convenit

2212 756 2297 825 qui
2318 755 2546 810 nondum
2573 769 2899 830 acceperunt.

2744 869 2921 942 Vigilii
2959 876 3250 943 responsio.

2281 958 2340 1013 In
2389 961 2753 1032 suprascripto
2799 963 3008 1020 decimo
3054 967 3244 1037 quinto
3285 970 3521 1039 capitulo
3564 972 3782 1039 dicitur,

2212 1052 2338 1117 quia
2385 1050 2664 1106 insufﬂans
2692 1051 2948 1109 Dominus
2975 1065 3160 1110 noster
3183 1056 3338 1112 Jesus
3377 1060 3621 1116 Christus
3660 1071 3785 1133 post

2213 1141 2661 1196 resurrectionem
2693 1157 2846 1199 suam
2874 1144 2929 1199 in
2960 1145 3120 1200 {acies
3153 1147 3533 1219 discipulorum
3560 1165 3784 1207 suorum

2213 1248 2323 1289 non
2351 1233 2557 1289 dederit
2580 1234 2659 1290 eis
2677 1233 2936 1304 Spiritum
2958 1245 3227 1304 sanctum,
3250 1240 3344 1294 sed
3363 1241 3594 1295 dandum
3622 1244 3787 1311 signi-

2212 1321 2451 1378 ﬁcaverit
2482 1340 2494 1376 :
2528 1331 2587 1378 ut
2612 1340 2709 1394 per
2736 1326 2841 1381 hoc
2877 1334 2970 1380 aut
3010 1329 3210 1384 veritas
3237 1330 3352 1400 ipsa
3384 1332 3565 1402 (quod
3605 1335 3785 1405 absit)

2213 1421 2432 1482 putetur
2458 1429 2578 1471 esse
2600 1417 2844 1481 mentita,
2877 1426 2968 1472 aut
2998 1427 3251 1488 tanquam
3294 1438 3484 1491 purum
3513 1425 3787 1481 hominem

2214 1502 2309 1558 illo
2338 1502 2469 1557 ﬂatu
2498 1520 2607 1559 non
2632 1505 2881 1562 habuisse
2909 1508 3053 1574 quod
3076 1508 3264 1576 daret,
3290 1518 3383 1564 aut
3410 1511 3540 1567 dare
3568 1510 3788 1572 minime

2216 1594 2471 1664 potuisse.
2504 1594 2560 1651 Si
2585 1597 2707 1665 quis
2726 1597 2888 1668 igitur
2907 1598 3021 1654 haec
3045 1599 3119 1653 ita
3145 1592 3302 1670 sapit,
3327 1601 3487 1659 docet
3529 1614 3623 1661 aut
3649 1623 3788 1677 prte-

2215 1684 2378 1749 dicat,
2406 1686 2692 1740 anathema
2722 1688 2809 1742 sit.
2831 1702 2837 1709 ’

2634 1815 2901 1855 TBEODOBI
2928 1817 3229 1858 CAPITULUI
3252 1819 3358 1858 XVI.

2290 1885 2425 1940 Dicit
2453 1886 2522 1940 ad
2570 1885 2860 1942 Thomam:
2897 1888 3035 1943 lnl'er
3071 1891 3296 1959 digitum
3344 1899 3491 1947 tuum
3539 1891 3685 1956 huc,
3730 1899 3790 1949 et

2217 1977 2340 2032 vide
2368 1991 2556 2032 manus
2581 1992 2764 2044 meas;
2796 1986 2853 2033 et
2878 1980 3091 2048 porrige
3112 1996 3330 2036 manum
3358 1988 3523 2047 tuam,
3556 1992 3611 2037 et
3634 1976 3788 2037 initte

2217 2067 2270 2121 in
2298 2067 2437 2121 latus
2469 2082 2647 2122 meum
2666 2109 2679 2131 ,
2724 2076 2780 2122 et
2804 2070 2915 2123 noli
2943 2085 3063 2124 esse
3106 2070 3411 2125 incredulus
3430 2112 3448 2137 ,
3493 2071 3587 2126 sed
3616 2072 3786 2127 ﬁdelis

2222 2160 2398 2231 (Joan.
2434 2176 2501 2215 xx
2527 2161 2545 2229 )
2671 2157 2952 2230 Quoniam,
2981 2163 3128 2230 dicit,
3170 2179 3271 2217 non
3298 2164 3484 2231 credis,
3514 2174 3565 2218 et
3578 2172 3783 2218 tactum

2220 2253 2383 2305 solun:
2418 2252 2647 2321 sufficere
2690 2251 2783 2305 tibi
2823 2254 2893 2307 ad
2926 2254 3236 2308 credendum
3272 2263 3421 2325 putas
3462 2256 3612 2324 (haec
3647 2258 3785 2311 enim

2220 2342 2393 2396 dicens
2423 2357 2526 2395 non
2552 2358 2632 2396 me
2658 2343 2911 2411 latuisti),
2953 2353 3107 2414 tange
3133 2360 3317 2409 manu,
3345 2353 3393 2397 et
3432 2362 3556 2416 cape
3583 2347 3787 2416 experi-

2220 2440 2473 2494 mentum,
2505 2440 2555 2485 et
2583 2432 2721 2487 disce
2750 2433 2987 2499 credere,
3029 2443 3079 2488 et
3118 2452 3222 2489 non
3268 2434 3513 2504 difﬁdere.
3566 2434 3786 2489 Thomas

2221 2524 2424 2593 quidem
2465 2538 2581 2577 cum
2617 2525 2692 2578 sic
2732 2524 3065 2591 credidisset,
3106 2525 3361 2579 Dominus
3387 2539 3539 2581 meus
3568 2533 3625 2581 et
3646 2523 3787 2580 Deus

2222 2629 2390 2677 meus,
2421 2614 2547 2666 dicit
2582 2631 2600 2667 :
2640 2612 2767 2668 Non
2808 2615 2975 2685 ipsum
3015 2614 3291 2668 Dominum
3318 2624 3367 2669 et
3401 2613 3566 2668 Deum
3587 2614 3782 2668 dicens.

2223 2702 2346 2762 Non
2372 2706 2509 2757 enim
2538 2706 2926 2760 resurrectionis
2951 2706 3163 2759 scientia
3192 2704 3405 2760 docebat
3428 2707 3581 2759 etiam
3627 2705 3787 2758 Deum

2222 2812 2330 2849 esse
2355 2812 2469 2849 eum
2496 2799 2581 2868 qui
2610 2799 2920 2862 resurrexit,
2952 2797 3041 2851 sed
3069 2798 3215 2867 quasi
3253 2814 3346 2863 pro
3374 2797 3622 2852 miraculo
3651 2798 3786 2867 facto

2226 2883 2387 2939 Deum
2418 2884 2697 2939 collaudat.

2759 2994 2935 3066 Vigilii
2972 2992 3257 3064 responsio.

2296 3084 2351 3139 ln
2386 3086 2748 3155 suprascripto
2775 3084 2983 3141 decimo
3008 3094 3161 3140 sexto
3188 3084 3420 3156 capitulo
3454 3083 3521 3140 de
3548 3084 3639 3138 illo
3668 3084 3788 3140 loco

2224 3171 2494 3242 Evangelii
2543 3174 2632 3228 ubi
2681 3173 2913 3228 Thomas
2953 3176 3228 3244 apostolus
3275 3174 3499 3244 palpans
3540 3174 3734 3242 ﬁguras
3760 3179 3789 3220 δ

2221 3266 2492 3320 clavorum
2514 3264 2645 3320 dixit
2664 3284 2675 3318 :
2693 3264 2941 3321 Dominus
2962 3284 3104 3320 meus
3125 3277 3171 3321 et
3187 3265 3326 3320 Deus
3353 3282 3493 3320 meus
3518 3264 3786 3335 (Ibidem),

2222 3357 2476 3410 asseritur
2503 3356 2645 3426 quod
2675 3355 2906 3411 Thomas
2935 3356 3214 3426 apostolus
3250 3371 3358 3411 non
3400 3355 3571 3425 ipsum
3609 3352 3790 3409 Jesum

2220 3445 2489 3502 Christum
2532 3446 2815 3505 Dominum
2844 3446 3118 3516 Deumque
3144 3445 3420 3502 confessus
3448 3446 3548 3509 sit,
3586 3453 3638 3499 et
3664 3444 3787 3513 quia

2222 3536 2627 3592 resurrectionis
2655 3536 2932 3591 scientiam
2964 3553 3070 3592 non
3096 3536 3337 3601 doceret,
3374 3535 3462 3589 vel
3494 3535 3618 3603 quia
3649 3534 3790 3590 Deus

2220 3637 2361 3681 esset
2401 3626 2491 3697 qui
2522 3628 2843 3691 resurrexit,
2892 3627 2986 3682 sed
3010 3628 3135 3696 quia
3170 3628 3338 3695 magis
3382 3643 3480 3697 pro
3526 3626 3786 3681 miraculo

2220 3714 2360 3771 facto
2400 3715 2630 3772 Thomas
2669 3717 2943 3787 apostolus
2989 3717 3157 3771 Deum
3204 3716 3516 3771 laudaverit.
3566 3716 3619 3770 Si
3665 3716 3791 3786 quis

2221 3807 2380 3877 igitur
2404 3807 2517 3862 haec
2546 3807 2617 3861 ita
2655 3808 2833 3876 sapit,
2879 3807 3066 3872 docet,
3101 3807 3271 3862 credit
3300 3815 3393 3861 aut
3432 3806 3703 3877 praedicat,
3737 3817 3794 3861 et

2223 3914 2326 3953 non
2353 3899 2528 3968 potius
2557 3897 2775 3953 Thema:
2801 3897 3139 3954 confessione
3170 3908 3224 3954 ct
3256 3914 3442 3954 verum
3474 3898 3637 3952 Deum
3667 3912 3793 3953 esse

2218 3984 2399 4042 Jcsum
2439 3985 2707 4042 Christum
2746 3997 2802 4043 Ci.
2841 3989 2893 4043 in
2932 4005 3056 4044 vera
3081 4006 3243 4045 carne
3282 4006 3403 4043 Clllll
3430 3991 3789 4045 I‘CSUPI‘CXlSSC

2221 4076 2545 4132 declaratum
2577 4079 2769 4146 credit,
2795 4080 3077 4134 anathema
3103 4082 3190 4135 sit.

2622 4206 2893 4247 THEODOBI
2922 4208 3219 4246 CAPITULUM
3254 4209 3375 4246 XVII.

2292 4278 2391 4331 Ille
2410 4288 2579 4332 autem
2607 4280 2737 4333 dixit
2766 4292 3000 4351 oportere
3029 4283 3379 4350 paenitentiam
3403 4298 3555 4351 agere
3584 4299 3673 4335 ecs
3692 4299 3791 4350 pro

2219 4369 2382 4421 crucis
2403 4370 2692 4439 iniquitate,
2706 4380 2753 4423 et
2767 4381 3098 4441 agnoscentes
3119 4369 3439 4424 Salvatorem
3461 4379 3509 4423 et
3530 4381 3792 4425 auctorem

2143 4490 2192 4549 Β
2220 4456 2463 4513 bonorum
2505 4462 2732 4515 omnium
2760 4461 2936 4514 Jesum
2965 4460 3260 4526 Christum,
3308 4462 3546 4533 quoniam
3583 4468 3794 4531 propter

2216 4552 2319 4601 ista
2360 4553 2586 4619 pervenit
2627 4562 2675 4605 et
2715 4561 3006 4622 assumptus
3036 4552 3205 4606 estde
3239 4553 3412 4606 divina
3454 4562 3643 4605 natura
3667 4593 3683 4619 ,
3733 4553 3791 4606 in

2217 4644 2385 4712 ipsum
2415 4644 2571 4713 ﬁdem
2600 4648 2874 4715 suscipere,
2923 4655 2973 4700 et
3015 4647 3126 4718 ejus
3156 4646 3435 4716 discipulos
3474 4648 3620 4716 ﬁeri,
3671 4655 3794 4700 ante

2218 4734 2391 4786 omnia
2413 4744 2583 4787 autem
2605 4735 2675 4787 ad
2695 4736 2949 4803 baptisma
2978 4737 3304 4800 accedentes;
3327 4720 3461 4806 quod
3490 4737 3596 4802 ipse
3624 4734 3793 4786 tradi-

2220 4823 2292 4875 dit
2318 4823 2484 4885 nobis,
2516 4826 2988 4894 prtcformationem
3018 4826 3221 4897 quidem
3261 4825 3451 4878 habens
3478 4825 3793 4894 sperationis

2218 4915 2525 4983 futurorum,
2567 4915 2622 4967 in
2663 4916 2868 4969 nomine
2909 4927 3079 4969 autem
3118 4915 3474 4969 celebrandum
3502 4915 3710 4980 Patris,
3744 4927 3794 4969 et

2223 5002 2270 5053 F
2275 5002 2371 5068 itii,
2403 5013 2451 5057 et
2482 5004 2707 5072 Spiritus
2738 5007 2904 5058 sancti
2935 5022 2953 5058 :
2986 5007 3081 5059 hoc
3117 5006 3251 5058 enim
3292 5004 3427 5075 quod
3455 5013 3550 5060 est.
3594 5003 3666 5058 Ut
3695 5005 3760 5058 ba
3780 5035 3792 5045 -

2223 5094 2451 5162 ptizctur
2472 5095 2834 5163 unusquisque
2855 5095 2907 5149 in
2937 5096 3152 5150 nomine
3173 5094 3301 5150 Jesu
3328 5094 3524 5151 Christi
3547 5096 3684 5165 (Act.
3709 5095 3790 5163 η),

2221 5202 2325 5238 non
2373 5185 2465 5239 hoc
2495 5185 2619 5237 dicit
2659 5195 2714 5238 ut
2742 5188 3052 5240 rocationem
3072 5201 3184 5256 qua
3210 5186 3266 5239 in
3289 5187 3495 5240 nomine
3522 5185 3722 5247 Patris,
3745 5191 3793 5237 et

2222 5276 2369 5337 Filii,
2400 5287 2447 5330 et
2478 5276 2704 5345 Spiritus
2726 5279 2891 5331 sancti
2916 5286 3012 5341 est,
3041 5278 3400 5349 relinquentes,
3428 5277 3610 5332 Iesum
3636 5276 3792 5330 Chri-

2220 5377 2352 5419 stum
2380 5369 2432 5420 in
2463 5367 2766 5435 lmptismate
2787 5378 2959 5421 vocent
2978 5412 2992 5437 ,
3024 5370 3113 5424 sed
3140 5370 3290 5439 quale
3315 5370 3408 5425 hoc
3436 5379 3540 5436 est,
3571 5369 3705 5439 quod
3732 5368 3789 5421 in

2225 5589 2264 5642 Η
2296 5518 2321 5556 ιι
2361 5519 2409 5571 in
2443 5522 2651 5589 vulgata
2693 5520 2942 5584 editione,
2979 5524 3198 5592 ﬁxurus,
3227 5533 3278 5579 et
3311 5524 3447 5594 apud
3480 5525 3688 5577 Duroni:
3714 5541 3786 5581 In.

2276 5607 2389 5642 ΑΜ).

2276 5607 2389 5643 ΗΠ).
