4006 6190
203 396 218 413 ο
279 328 341 383 ει
1451 322 1805 379 EPISTOLAB
1847 324 1849 376 :

1974 321 2310 378 DECRETA.
3454 326 3533 386 8!

280 442 452 516 Moyse
476 444 722 514 baptisati
753 451 870 496 sunt
906 444 957 495 in
985 441 1115 496 nube
1142 450 1191 496 et
1230 441 1284 495 in
1320 439 1483 501 mari,
1530 448 1585 491 ut
1632 439 1839 504 diceret,
1872 444 1917 499 Α
1946 456 2003 492 eo
2026 446 2101 490 est
2123 453 2321 506 semper
2341 439 2427 508 qui
2450 448 2741 508 assumptus
2765 448 2873 504 est;
2901 448 3073 495 etnon
3104 444 3397 497 mirandum
3423 453 3523 507 est,

275 539 390 607 quia
410 535 499 588 sub
522 534 655 587 nube
681 543 730 587 et
752 536 883 587 mari
916 532 988 585 1E
996 533 1285 602 gyptiorum
1307 529 1533 599 separati
1554 537 1692 593 sunt,
1723 527 1847 582 libe-

275 625 377 677 rati
402 639 576 678 eorum
598 623 856 685 servitute,
889 632 944 674 ut
979 621 1171 689 Moysis
1194 619 1327 689 leges
1350 618 1669 670 attenderem
1699 633 1715 670 :
1749 615 1850 669 tale

276 715 369 767 hoc
395 721 492 773 est,
514 723 569 764 ut
592 727 707 764 cum
735 711 807 763 ad
833 714 1000 780 ipsum
1030 710 1366 762 accessissent
1393 717 1637 777 tanquam
1662 706 1848 761 Salva-

278 814 434 859 torem
461 813 508 857 et
533 805 759 857 omnium
784 802 1032 856 bonorum
1068 810 1325 854 auctorem
1356 808 1404 853 et
1431 800 1689 853 doctorem
1712 799 1847 851 veri-

275 895 428 959 tatis,
474 895 535 947 ab
576 896 718 963 ipso,
770 902 973 960 utpote
1018 901 1228 945 auctore
1271 888 1518 943 bonorum
1547 897 1596 941 et
1642 889 1849 942 doctore

275 983 522 1047 ueritatis,
544 989 866 1047 vocarentur,
889 978 1265 1034 sicutomnibus
1284 978 1574 1032 hominibus
1599 993 1849 1050 quamque

271 1082 464 1123 sectam
510 1071 836 1141 sequentibus
869 1069 1181 1123 consuetudo
1221 1077 1298 1121 est
1337 1068 1400 1122 ab
1444 1069 1556 1138 ipso
1594 1067 1848 1137 dogmatis

270 1155 532 1213 inventore
562 1161 752 1223 uocari,
782 1170 837 1211 ut
866 1158 1143 1223 Platonici,
1181 1157 1436 1226 Epicurei,
1472 1158 1766 1221 Manichwi,
1798 1166 1846 1211 et

273 1249 647 1313 Marcionistte,
671 1260 718 1302 et
743 1251 787 1303 si
809 1250 1013 1322 quidam
1045 1250 1173 1303 tales
1200 1249 1475 1302 dicuntur:
1507 1248 1681 1302 eodem
1710 1250 1846 1302 enim

271 1342 420 1393 modo
438 1348 482 1391 et
505 1357 600 1392 nos
620 1341 876 1392 nominari
889 1337 1210 1393 Christianos
1221 1338 1581 1408 judicaverunt
1603 1339 1843 1408 apostoli,

273 1442 513 1503 tanquam
544 1448 637 1501 per
664 1432 757 1484 hoc
785 1442 977 1484 certum
1008 1431 1271 1501 facientes,
1304 1429 1440 1500 quod
1468 1430 1617 1482 istius
1658 1429 1849 1481 doctri-

270 1542 387 1576 nam
415 1532 617 1593 oportet
646 1523 910 1575 attendere
936 1538 952 1576 :
979 1522 1055 1577 sic
1083 1531 1129 1574 et
1155 1522 1291 1593 quod
1322 1520 1384 1573 ab
1414 1523 1524 1590 ipso
1555 1520 1731 1573 datum
1772 1529 1847 1573 est

268 1613 581 1677 susci;erent
612 1612 899 1681 baptisma,
931 1610 983 1663 in
1014 1612 1126 1680 ipso
1154 1610 1355 1678 quidem
1396 1611 1564 1679 primo
1595 1611 1844 1663 constitu-

270 1711 404 1764 tum,
437 1702 522 1773 qui
553 1709 599 1754 et
626 1702 821 1771 primus
860 1701 1147 1772 baptizatus
1177 1708 1251 1755 est
1271 1741 1284 1763 ,
1333 1701 1396 1754 ab
1425 1702 1537 1771 ipso
1583 1711 1752 1755 autem
1800 1708 1848 1753 et

267 1793 466 1845 ca’teris
498 1791 773 1851 traditum.
807 1800 861 1845 ut
899 1790 1178 1845 secundum
1204 1792 1677 1862 prwformationem
1708 1793 1833 1860 {utu-
1877 1819 1924 1878 Β
1950 1790 2265 1884 άώῷξέίὦ
2290 1790 2406 1884 ’ἐῶ
2434 1790 2607 1884 ησνη
2638 1790 2715 1814 “'I
2736 1790 2750 1807 τ

2268 1870 2284 1896 ,
2471 1848 2537 1885 οη
2565 1847 2776 1902 compar

2268 1870 2284 1896 ἳ

267 1897 444 1936 rarum
468 1881 764 1935 celebretur.

816 1991 995 2062 Vigilii
1022 1993 1309 2062 responsio.

335 2110 397 2164 In
424 2107 731 2177 supradicto
752 2108 959 2163 decimo
979 2109 1209 2177 septimo
1232 2108 1468 2177 capitulo
1493 2124 1561 2163 ex
1584 2109 1760 2163 verbis
1782 2108 1841 2162 Β.

266 2201 438 2266 Petri,
465 2202 661 2271 quibus
690 2202 742 2255 in
771 2200 919 2254 Actis
947 2200 1312 2268 apostolorum
1343 2199 1467 2254 dicit
1498 2217 1510 2251 :
1544 2198 1848 2270 Baptizatur

264 2295 616 2363 unusquisque
636 2302 854 2345 vestrum
874 2293 929 2344 in
951 2292 1158 2345 nomine
1174 2289 1295 2345 Iesu
1311 2289 1524 2359 Christi,
1539 2290 1642 2344 hoc
1664 2291 1849 2345 astrui-

267 2393 375 2450 tur,
410 2384 538 2452 quia
562 2383 613 2436 in
640 2398 704 2437 ea
736 2382 1093 2443 invocatione,
1125 2397 1245 2451 qua:
1266 2382 1320 2435 in
1350 2383 1566 2437 nomine
1593 2380 1769 2435 Patris
1794 2390 1849 2436 et

266 2474 389 2528 Filii
418 2483 472 2528 et
497 2473 727 2542 Spiritus
748 2472 920 2526 sancti
944 2472 1021 2539 iit,
1046 2488 1151 2525 non
1173 2472 1513 2526 contineatur
1532 2478 1586 2525 et
1606 2469 1849 2527 Christus

265 2575 319 2621 et
336 2564 493 2634 quod
518 2564 652 2618 dixit
677 2561 867 2618 Petrus
889 2563 1187 2632 apostolus,
1229 2562 1426 2616 debere
1452 2576 1547 2615 eos
1574 2560 1628 2613 in
1652 2558 1848 2613 Christi

266 2656 490 2711 nomine
514 2654 796 2724 baptizari,
821 2662 882 2707 ut
908 2652 1198 2710 secundum
1229 2653 1372 2708 hunc
1400 2651 1728 2706 intellectum
1754 2665 1848 2718 ap-

265 2755 458 2817 pareat
488 2743 794 2799 introducta
816 2743 1167 2811 quaternitas.
1196 2741 1458 2809 Adjicitur
1478 2740 1642 2793 etiam
1673 2738 1727 2792 in
1756 2752 1848 2792 eo-

267 2835 389 2890 dem
415 2834 679 2904 capitulo,
709 2834 832 2904 quia
858 2834 935 2888 sic
958 2849 987 2886 a
1016 2832 1229 2887 Christo
1258 2830 1548 2885 Christiani
1570 2844 1845 2893 vocemur,

268 2925 726 2995 quemadmodum
755 2926 1085 2979 diversarum
1115 2930 1378 2978 sectarum
1408 2930 1462 2977 et
1489 2936 1730 2976 errorum
1759 2934 1847 2973 se-

269 3033 472 3087 quaces
500 3017 566 3071 ab
597 3016 965 3072 inventoribus
994 3023 1046 3068 et
1072 3013 1342 3082 magistris
1380 3013 1488 3066 suis
1524 3019 1644 3064 sunt
1674 3008 1849 3063 sortiti

270 3107 558 3172 vocabula,
594 3114 707 3158 uta
739 3103 963 3158 Platone
997 3102 1278 3162 Platonici.
1329 3116 1360 3154 a
1397 3100 1666 3155 Marciane
1704 3096 1846 3150 Marv

1948 543 2063 581 cum
2082 527 2237 581 etiam
2266 529 2320 581 in
2344 527 2649 599 quibuslibet
2676 530 2966 585 hominibus
2995 533 3230 587 virtutem
3262 538 3518 605 sequenti-

1951 616 2040 671 bus
2063 633 2176 670 cum
2209 616 2348 671 Filio
2384 627 2433 671 et
2474 618 2632 672 Patre
2660 637 2770 673 esse
2799 621 3026 674 dicitur:
3051 622 3343 678 Veniemus
3375 627 3520 680 enim

1950 714 2005 760 ct
2032 721 2160 776 ego,
2193 715 2247 760 et
2278 709 2454 774 l‘ater,
2488 717 2543 762 et
2582 710 2914 764 mansionem
2942 711 3080 781 apud
3109 727 3231 767 eum
3261 712 3523 769 faciemus

1952 795 2128 865 (Joan.
2164 799 2295 866 xw).
2322 796 2471 861 Quod
2501 809 2669 852 autem
2695 808 2743 853 et
2769 800 2994 870 Spiritus
3036 802 3326 873 hujusmodi
3352 806 3539 861 hami--

1950 903 2070 939 num
2098 887 2459 957 inseparabilis
2487 899 2583 953 est,
2606 901 2801 944 certum
2826 900 2900 945 est
2922 892 3175 949 omnibus.

2490 996 2551 1050 Vi
2554 996 2667 1067 gilii
2704 1000 2994 1068 responsio.

2019 1083 2079 1137 in
2106 1086 2470 1154 suprascripto
2498 1085 2706 1143 decimo
2735 1098 2928 1144 octavo
2958 1091 3191 1160 capitulo
3221 1093 3295 1148 ita
3338 1094 3519 1151 invisi-

1948 1177 2068 1230 bilis
2109 1175 2202 1229 Dci
2248 1177 2421 1243 imago
2452 1179 2708 1233 asseritur
2732 1194 2853 1234 esse
2890 1178 3161 1251 Christus,
3193 1193 3445 1252 tanquam
3474 1186 3523 1241 si

1949 1266 2246 1319 absentium
2277 1267 2575 1335 principum
2618 1268 2875 1337 imagines
2917 1287 3014 1339 pro
3043 1287 3231 1327 eorum
3272 1275 3521 1330 colantur

1951 1355 2262 1411 honoribus.
2293 1356 2420 1421 Quae
2449 1357 2493 1410 si
2521 1359 2640 1425 quis
2683 1360 2754 1413 ita
2780 1360 2949 1429 sapit,
2981 1361 3169 1429 docet,
3221 1365 3391 1419 credit
3428 1374 3523 1420 aut

1948 1445 2219 1515 praedicat,
2251 1448 2533 1501 anathema
2562 1448 2652 1501 sit.

2363 1574 2630 1613 THEODORI
2662 1574 2960 1617 εΑῬιτυιωι
2990 1580 3100 1618 ἰΙΧ.

2022 1647 2137 1701 Hoc
2165 1650 2303 1702 enim
2321 1648 2474 1719 quod,
2501 1649 2597 1704 Hic
2625 1660 2708 1704 est
2732 1650 2895 1707 Filius
2909 1668 3061 1709 meus
3079 1654 3308 1711 dilectus
3330 1658 3379 1712 in
3409 1674 3531 1727 quo

1957 1739 2078 1792 mihi
2108 1740 2405 1809 complacui
2458 1740 2608 1811 (Luc.
2638 1739 2750 1814 ιιι),
2780 1744 2834 1795 in
2862 1742 3165 1815 baptismate
3191 1748 3517 1816 adaptionem

2778 1835 2950 1889 atione
2977 1836 3276 1908 [secundum
3303 1857 3517 1910 compa-

1946 1920 2222 1990 rationemj
2246 1921 2483 1976 Judaicaz
2508 1924 2799 1993 adoptionis
2826 1942 2843 1979 :
2867 1928 2987 1991 quia
3014 1938 3064 1981 et
3088 1929 3158 1982 ad
3183 1930 3301 1984 illos
3326 1931 3518 1987 dictum

1939 2011 2053 2055 erat
2074 2016 2088 2055 :
2108 2001 2220 2071 Ego
2247 2005 2359 2059 dixi
2381 2021 2397 2058 :
2419 2006 2502 2060 Dii
2530 2010 2684 2072 estis,
2704 2009 2864 2062 etlilii
2892 2013 3086 2065 excelsi
3118 2028 3307 2070 omnes
3357 2015 3529 2085 (Pent,

1936 2094 2146 2164 unus
2166 2107 2215 2149 et
2246 2097 2447 2153 :Filios
2470 2101 2629 2167 genui
2660 2111 2711 2155 et
2730 2103 2966 2156 exaltavi
2996 2104 3137 2172 (lsa,
3156 2107 3195 2175 ι)
3222 2124 3238 2161 ς
3261 2108 3375 2175 ejus
3396 2108 3530 2161 ado-

1938 2187 2135 2254 ptionis
2172 2188 2518 2256 prtecipuunt,
2569 2208 2627 2245 eo
2674 2195 2813 2261 quod
2849 2193 2987 2247 dixit
3031 2213 3048 2249 :
3092 2194 3356 2261 Dilectus,
3389 2202 3527 2255 etin

1943 2291 2007 2331 eo
2062 2281 2192 2332 mihi
2238 2282 2541 2349 complacui
2587 2285 2883 2338 ostendens.
2938 2285 3165 2354 PrOpIer
3211 2288 3307 2343 hoc
3347 2301 3396 2345 et
3432 2308 3528 2347 vos

1951 2371 2128 2427 Patris
2157 2373 2311 2442 [iebat
2338 2374 2667 2445 adoptionem
2697 2378 3012 2446 conﬁrmans
3032 2417 3045 2439 ,
3094 2387 3141 2430 et
3187 2378 3316 2432 Filii
3355 2383 3522 2435 norni-

1950 2465 2159 2517 natione
2197 2481 2290 2533 per
2317 2465 2643 2534 adoptionem
2689 2468 2967 2521 secundum
3008 2470 3231 2539 gratiam
3274 2487 3388 2524 eum
3434 2472 3523 2542 qui

1948 2570 2062 2607 uere
2084 2552 2250 2607 Filius
2270 2564 2346 2607 est
2384 2553 2768 2634 demonstrabat
2794 2574 2810 2609 :
2841 2556 2986 2627 cujus
3017 2559 3306 2629 conjunctio
3332 2561 3402 2612 ad
3440 2576 3521 2613 ve-

1950 2662 2061 2698 ram
2082 2656 2132 2699 et
2153 2646 2359 2716 [inuam
2389 2648 2714 2719 adoptionem
2741 2650 2895 2702 istum
2919 2649 3256 2704 consliuebat
3279 2669 3296 2705 :
3326 2661 3373 2705 et
3399 2652 3524 2722 Spi-

1950 2736 2078 2788 ritus
2098 2747 2305 2790 sanctus
2344 2740 2398 2791 in
2428 2739 2594 2807 specie
2621 2740 2866 2793 columba:
2895 2740 3206 2795 descendens
3233 2745 3518 2812 permansit

1949 2843 2100 2895 super
2130 2843 2262 2893 eum,
2302 2839 2549 2900 quatenus
2574 2832 2627 2883 in
2664 2831 3022 2901 conjunctione
3051 2832 3118 2887 ad
3146 2849 3259 2885 eum
3289 2836 3373 2903 qui
3405 2850 3521 2888 rere

1951 2914 2120 2971 Filius
2149 2929 2243 2985 est,
2288 2922 2399 2990 ejus
2435 2924 2784 2991 cooperationi
2810 2924 3034 2976 intentus
3063 2934 3284 2989 maneat,
3313 2925 3519 2994 [irmam

1952 3007 2246 3077 adoptionis
2287 3009 2478 3064 habens
2517 3012 2838 3080 dignitatem.
2892 3011 2998 3067 Per
3038 3018 3212 3067 omnia
3248 3026 3415 3068 autem
3466 3018 3525 3070 in

1952 3114 2050 3169 quo
2088 3100 2253 3168 primo
2290 3098 2581 3171 adoptionis
2623 3103 3040 3174 performabatur
3078 3104 3367 3177 baptisma,
3406 3107 3523 3165 dico

270 3199 538 3261 cinuistm,
572 3203 628 3250 et
664 3210 694 3249 a
714 3193 1006 3248 Manichuzo
1036 3191 1293 3267 [Manete]
1322 3189 1614 3245 Manichaei.
1643 3188 1699 3243 Si
1729 3186 1848 3255 quis
1874 3181 1918 3244 C
1950 3196 2120 3241 autem
2147 3187 2361 3245 Domini
2400 3189 2589 3248 Christi
2629 3210 2692 3248 ea:
2721 3193 2899 3260 Patre,
2934 3204 2982 3249 et
3024 3193 3187 3265 Filio,
3228 3207 3277 3251 et
3322 3197 3522 3270 Spiritu

272 3286 388 3341 haec
417 3286 495 3339 ita
524 3284 683 3353 sapit,
710 3282 888 3346 docet,
920 3282 1092 3336 credit
1141 3289 1230 3334 aut
1259 3278 1536 3349 praedicat,
1564 3277 1849 3331 anathema

271 3380 362 3433 sit.
392 3378 507 3432 Nos
532 3377 676 3430 enim
702 3374 827 3430 ideo
839 3373 1121 3429 Christiani
1145 3386 1400 3427 vocamur
1421 3380 1477 3427 et
1505 3386 1706 3433 sumus,
1724 3367 1847 3437 quia

274 3469 450 3540 ipsum
466 3468 749 3523 Dominum
763 3475 1003 3521 nostrum
1016 3464 1201 3520 Jesum
1213 3463 1485 3517 Christum
1509 3462 1559 3515 in
1588 3460 1849 3529 baptisma

276 3561 640 3629 percipientes
682 3558 983 3624 induimus,
1014 3557 1149 3626 ipso
1191 3555 1343 3609 nobis
1373 3555 1635 3609 existente
1676 3551 1851 3622 capite

277 3664 472 3703 omnes
494 3648 549 3703 in
574 3646 768 3703 eodem
800 3660 962 3701 unum
982 3661 1176 3714 corpus
1201 3644 1477 3699 eﬂicimur.

678 3773 947 3817 τηεοῡοω
967 3772 1265 3813 CAPITULO]
1294 3771 1439 3811 XVIII.

351 3870 421 3924 Et
440 3872 719 3925 secundum
747 3870 877 3923 duas
902 3871 1128 3923 rationes
1156 3867 1322 3923 locum
1352 3870 1594 3939 imaginis
1616 3870 1851 3923 obtinet:

277 3963 366 4033 qui
390 3964 526 4015 enim
556 3970 737 4014 amant
764 3962 1035 4031 quosdam,
1066 3970 1178 4031 post
1218 3970 1429 4014 mortem
1460 3978 1632 4015 eorum
1662 3962 1853 4031 swpius

278 4052 529 4122 irnagines
572 4059 888 4117 statuentes,
938 4051 1032 4105 hoc
1075 4050 1326 4121 sufﬁciens
1384 4052 1563 4104 mortis
1610 4052 1848 4104 solatium

278 4140 469 4194 habere
496 4139 815 4194 arbitrantur
844 4156 862 4194 :
891 4149 941 4194 et
967 4157 1080 4194 eum
1108 4142 1193 4211 qui
1222 4158 1323 4194 non
1351 4141 1565 4206 videtur,
1596 4156 1687 4194 nec
1713 4157 1853 4212 pra:-

276 4246 395 4283 sens
417 4238 514 4293 est,
540 4241 781 4301 tanquam
800 4230 852 4282 in
876 4231 1101 4300 imagine
1120 4230 1440 4299 aspicientes,
1459 4238 1642 4300 putant
1661 4230 1848 4297 videre,

277 4320 353 4372 ita
375 4320 640 4388 ﬂammam
671 4321 911 4374 desiderii
927 4330 975 4374 et
1003 4322 1225 4390 ligarem
1246 4322 1510 4391 placantes
1541 4336 1558 4373 :
1587 4320 1677 4373 sed
1697 4322 1853 4374 etiam

273 4411 357 4464 illi
379 4413 462 4482 qui
484 4428 575 4481 per
595 4413 824 4465 civitates
851 4413 1039 4467 habent
1056 4414 1423 4484 imperatorum
1436 4414 1709 4483 imagines,
1738 4423 1853 4467 tan-

275 4519 431 4571 quam
459 4512 738 4573 prmentcs
763 4511 812 4555 et
844 4503 1072 4556 videntes
1104 4503 1357 4557 honorare
1383 4501 1617 4555 videmur
1653 4518 1740 4555 eos
1767 4503 1851 4573 qui

276 4609 383 4645 non
424 4602 544 4645 sunt
572 4601 884 4662 presentes,
932 4594 1071 4645 cultu
1108 4600 1158 4645 ct
1198 4592 1503 4646 adoratione
1540 4593 1847 4663 imaginum.

281 4680 397 4734 Ista
442 4692 613 4735 autem
653 4691 868 4753 utraque
909 4699 999 4752 per
1039 4683 1186 4735 illum
1231 4682 1580 4752 adimplentur
1620 4698 1637 4735 :
1678 4697 1853 4735 omnes

279 4771 419 4822 enim
447 4771 532 4839 qui
555 4786 667 4823 cum
696 4770 787 4823 illo
816 4778 953 4833 sunt,
985 4779 1033 4823 et
1062 4772 1296 4823 virtutem
1324 4780 1624 4840 sequuntur,
1651 4780 1698 4822 et
1722 4769 1856 4823 debi-

282 4870 451 4915 torum
484 4860 582 4915 Dei
601 4863 768 4932 parati
790 4862 1097 4925 redditores,
1128 4861 1350 4931 diligunt
1370 4877 1483 4915 eum
1510 4871 1559 4914 et
1586 4860 1734 4915 ualde
1758 4862 1854 4914 ho-

280 4962 497 5019 norant,
518 4962 565 5005 et
582 4953 885 5006 charitatem
906 4951 1108 5023 quidem
1129 4954 1196 5015 ei,
1217 4952 1391 5005 divina
1412 4960 1599 5005 natura
1622 4952 1737 5006 licet
1752 4968 1856 5006 non

281 5045 602 5109 aspicietur,
648 5043 931 5112 adimplcnt
960 5045 1011 5095 in
1043 5043 1131 5095 illo
1160 5044 1245 5111 qui
1274 5042 1337 5095 ab
1366 5042 1600 5097 omnibus
1637 5044 1854 5111 videtur,

280 5134 358 5185 sic
394 5131 623 5186 omnibus
650 5133 1096 5195 existimantibus,
1139 5141 1194 5185 ut
1236 5133 1401 5203 ipsum
1445 5130 1728 5186 videntibus
1768 5150 1857 5202 per

276 5225 456 5287 illium
505 5233 557 5276 et
584 5225 661 5277 illi
702 5240 901 5293 semper
940 5222 1310 5293 pra’sentibus,
1358 5232 1407 5277 et
1453 5222 1697 5277 honorem
1742 5239 1856 5279 vero

276 5329 484 5368 omnem
511 5315 588 5367 sic
616 5314 899 5368 attribuunt
930 5322 1175 5384 tanquam
1201 5313 1413 5384 imagini
1435 5313 1709 5385 imperiali,
1741 5329 1858 5367 cum

277 5405 432 5470 quasi
457 5407 568 5476 ipso
592 5407 661 5458 sit
687 5405 858 5459 divina
896 5414 1109 5472 natura,
1152 5414 1201 5459 et
1239 5406 1294 5458 in
1322 5406 1434 5474 ipso
1475 5414 1746 5474 spectetur.
1793 5404 1856 5459 Si

275 5496 422 5549 enim
446 5506 496 5549 et
532 5493 704 5550 Filius
732 5504 809 5549 est
836 5496 920 5568 qui
950 5495 1242 5550 inhabitare
1270 5495 1458 5548 dicitur
1477 5534 1491 5558 ,
1538 5494 1627 5548 sed
1656 5511 1769 5548 cum
1795 5512 1854 5551 eo

277 5592 361 5637 est
383 5584 531 5637 etiam
548 5584 729 5648 Pater,
759 5593 809 5638 et
828 5584 1243 5653 inseparabiliter
1263 5584 1555 5639 omnimodo
1577 5584 1646 5636 ad
1662 5582 1854 5638 Filium

277 5689 398 5726 esse
416 5675 479 5727 ab
505 5676 643 5728 omni
673 5675 897 5729 creditur
925 5682 1161 5728 creatura
1177 5712 1193 5738 ,
1219 5682 1268 5728 et
1299 5673 1527 5744 Spiritus
1553 5682 1725 5727 autent
1750 5690 1853 5727 non

280 5764 448 5832 abest,
479 5776 533 5820 ut
556 5777 674 5838 pote
695 5769 849 5822 etiam
878 5767 931 5821 in
960 5767 1072 5822 loco
1092 5767 1351 5820 unctionis
1373 5768 1538 5837 {actus
1558 5766 1635 5832 ei,
1666 5773 1714 5820 et
1738 5782 1851 5821 cum

1953 3286 2153 3348 sancto,
2184 3280 2278 3336 hoc
2305 3283 2443 3352 quod
2469 3283 2625 3355 ﬁebat
2655 3288 3023 3356 complebatur.

2495 3395 2666 3466 Vigilii
2706 3400 2993 3468 responsio.

2022 3482 2080 3537 In
2110 3484 2472 3554 suprascripto
2495 3485 2702 3541 decimo
2722 3502 2866 3542 nono
2891 3489 3146 3558 capitulo,
3172 3491 3261 3546 ubi
3282 3490 3525 3561 Evange-

1953 3571 2081 3626 lium
2110 3571 2401 3627 secundum
2432 3571 2630 3628 Lucam
2660 3574 2727 3630 de
2775 3576 3041 3645 baptismo
3071 3576 3268 3634 Christi
3313 3580 3527 3636 videtur

1953 3662 2169 3731 exponi,
2200 3662 2317 3716 dote
2344 3670 2469 3717 sunt
2488 3664 2932 3733 reprehensiones
2963 3684 2975 3719 :
3010 3682 3116 3722 una
3145 3669 3268 3740 quia
3295 3669 3529 3727 dualitas

1953 3751 2219 3808 inducitur
2247 3751 2498 3819 ﬁliorum,
2530 3770 2648 3809 cum
2689 3773 2785 3828 per
2811 3757 3155 3828 adoptionem
3182 3760 3392 3819 videtur
3419 3763 3525 3820 dici

1953 3841 2198 3899 Chrislus
2222 3843 2388 3899 Filius
2415 3844 2512 3899 Dei
2538 3862 2552 3911 ;
2603 3847 2726 3911 alia,
2758 3848 2882 3918 quia
2921 3848 2981 3903 in
3004 3851 3219 3906 nomine
3250 3850 3528 3910 Trinitatis

1954 3932 2068 4003 ipse
2090 3948 2304 4002 quoque
2326 3935 2583 3989 asseritur
2610 3936 2911 4005 baptizatus
2935 3954 2948 4003 ;
2980 3955 3076 4009 per
3098 3941 3239 4011 quod
3262 3944 3526 4012 quaterni-

1956 4032 2037 4079 tas
2059 4024 2174 4080 sine
2204 4026 2534 4082 dubitatione
2575 4036 2924 4084 monstratur.
2965 4029 3021 4086 Si
3068 4034 3188 4101 quis
3217 4033 3375 4102 igitur
3412 4035 3527 4092 hmc

1958 4114 2028 4168 ita
2079 4116 2236 4186 sapit,
2282 4116 2464 4185 docet,
2494 4120 2662 4172 credit
2691 4128 2784 4173 aut
2810 4120 3085 4191 praedicat,
3119 4125 3403 4180 anathema
3431 4126 3523 4182 sit.

2379 4241 2643 4281 THEODOBI
2680 4242 2980 4284 ελριτυιωι
3010 4247 3039 4284 Σ
3049 4247 3100 4285 Χ.

2027 4315 2155 4371 Ideo
2182 4333 2305 4390 ergo
2333 4318 2915 4391 differentianrquidem
2954 4320 3050 4375 Dei
3087 4320 3241 4377 Verbi
3260 4332 3309 4376 et
3337 4324 3530 4396 recepti

1959 4406 2179 4461 hominis
2223 4415 2425 4461 tantum
2456 4408 2601 4462 nobis
2639 4410 2863 4463 ostendit
2900 4411 3128 4480 psalmus
3155 4429 3174 4467 :
3205 4413 3369 4469 diuisa
3411 4432 3541 4473 vero

1959 4495 2065 4548 hac
2086 4496 2138 4548 in
2167 4493 2315 4549 Novo
2346 4494 2670 4550 Testamento
2701 4498 3043 4568 reperiuntur,
3076 4499 3296 4556 Domino
3325 4504 3528 4573 quidem

1956 4588 2008 4641 in
2040 4604 2095 4641 se
2122 4587 2403 4657 accipiente
2429 4589 2714 4657 primordia
2740 4589 2962 4659 psalmi,
2989 4592 3043 4645 in
3072 4593 3251 4661 quibus
3277 4596 3533 4666 [actorem

1955 4693 2068 4730 eum
2083 4676 2209 4729 dicit
2228 4692 2338 4730 esse
2365 4684 2632 4742 creaturae,
2656 4684 2705 4730 et
2733 4675 2979 4731 clevatam
3000 4679 3185 4734 habere
3205 4698 3356 4753 super
3377 4683 3532 4740 caelos

1958 4768 2429 4839 magniﬁcentiam,
2472 4777 2520 4822 et
2547 4769 2816 4838 miri/icari
2846 4769 2898 4824 in
2928 4772 3069 4825 omni
3099 4783 3254 4827 terra.
3283 4774 3529 4844 Apostolo

1958 4866 2125 4910 autem
2155 4858 2449 4928 supradicta
2478 4874 2591 4927 qua:
2610 4858 2673 4912 de
2694 4858 2896 4912 homine
2923 4859 3183 4925 dicuntur,
3216 4864 3300 4934 qui
3332 4873 3529 4917 tantum

1961 4945 2318 5017 beneﬁciorum
2348 4948 2550 5010 meruit,
2582 4954 2831 5018 quomodo
2861 4964 2963 5003 non
3003 4951 3355 5022 manifestum,
3395 4954 3530 5024 quod

1960 5042 2179 5094 alterum
2204 5039 2405 5111 quidem
2436 5057 2529 5095 nos
2568 5041 2741 5094 dirina
2781 5040 3053 5113 Scriptura
3084 5044 3227 5098 docet
3272 5044 3565 5105 evidenter.

1958 5149 2068 5187 esse
2088 5131 2250 5186 Dcum
2282 5131 2521 5197 Verbum,
2547 5132 2765 5185 alterum
2788 5149 2902 5186 vero
2930 5134 3203 5199 hominem,
3238 5143 3285 5186 et
3314 5135 3531 5191 multam

1959 5240 2133 5278 eorum
2165 5223 2523 5279 esseostendit
2562 5223 2707 5276 nobis
2731 5222 3072 5291 cli/ferentium
3102 5228 3269 5283 tnam
3295 5226 3393 5281 iste
3417 5230 3532 5299 qui-

1961 5313 2075 5367 dem
2098 5321 2368 5378 memorat,
2397 5313 2483 5366 ille
2511 5322 2683 5366 autent
2712 5313 3009 5367 memoriam
3040 5324 3259 5368 uteretur
3298 5332 3317 5371 :
3356 5327 3406 5372 et
3436 5318 3533 5373 istc

1946 5403 2163 5475 \quidem
2193 5402 2364 5455 visitat
2384 5443 2400 5467 ,
2430 5402 2561 5456 alter
2583 5414 2751 5456 autem
2778 5418 2891 5455 cum
2920 5401 3259 5458 visitationem
3286 5418 3527 5472 meretur,

1962 5492 2138 5546 beatus
2166 5493 2353 5546 dicitur
2382 5508 2398 5544 :
2440 5503 2487 5544 et
2517 5492 2613 5545 iste
2650 5492 2851 5561 quidem
2892 5490 3191 5563 beneﬁcium
3227 5497 3399 5553 dando
3430 5500 3527 5551 mi—

1962 5582 2072 5634 nuit
2098 5581 2249 5650 paulo
2277 5581 2444 5634 minus
2467 5578 2531 5631 ab
2575 5580 2802 5649 (trzgtlis,
2834 5580 2920 5632 ille
2946 5591 3115 5635 autem
3153 5594 3201 5638 et
3246 5603 3337 5654 per
3376 5586 3531 5640 talem

1960 5670 2291 5724 minutionem
2317 5668 2617 5737 beneﬁcium
2647 5671 2841 5739 accepit
2872 5685 2891 5723 ι
2919 5680 2967 5723 et
2996 5674 3091 5725 iste
3121 5676 3325 5744 quidem
3353 5676 3524 5746 gloria

1959 5772 2008 5817 et
2031 5762 2225 5818 honore
2252 5767 2491 5823 coronat,
2528 5758 2659 5817 alter
2683 5768 2851 5816 autem
2881 5773 3176 5829 coronatur,
3223 5776 3271 5819 et
3317 5782 3410 5837 pro
3451 5768 3531 5820 his
