4074 6188
522 304 592 359 83

519 517 692 569 omnia
716 532 874 586 opera
903 532 1145 570 manuum
1167 516 1297 585 ejus,
1324 522 1371 568 et
1398 515 1569 570 omnia
1598 514 1812 584 subjecit
1831 511 1922 566 sub
1952 512 2093 582 pedi-

520 603 610 658 bus
631 607 741 675 ejus
765 622 782 658 :
805 606 937 659 alter
958 615 1124 658 autem
1146 606 1353 658 meritus
1375 612 1449 658 est
1477 605 1734 659 dominari
1758 604 1852 666 eis,
1877 618 2088 679 quorum

519 707 672 750 antea
702 714 802 750 non
835 695 1048 750 habebat
1073 705 1395 767 potestatem.

1064 811 1242 880 Vigilii
1282 815 1564 880 responsio.

589 921 646 976 In
670 923 1035 991 suprascripto
1055 921 1312 988 vigesimo
1333 921 1584 990 capitulo,
1604 921 1690 975 ubi
1714 931 1932 976 octavus
1954 922 2093 991 psal-

520 1027 640 1067 mus
665 1012 876 1065 videtur
903 1011 1119 1078 exponi,
1151 1021 1206 1064 et
1234 1011 1408 1066 nudus
1436 1011 1600 1065 homo
1631 1011 1791 1080 (sicut
1820 1020 1877 1066 et
1900 1012 1950 1065 in
1973 1011 2090 1065 aliis

517 1101 627 1168 jam
647 1102 845 1156 dictum
870 1101 972 1170 est)
1003 1099 1246 1156 Christus
1272 1102 1550 1169 asseritur,
1573 1109 1628 1155 et
1648 1101 1850 1156 divisus
1869 1118 1899 1157 a
1916 1102 2089 1157 Verbo

519 1200 870 1256 monstratur,
901 1199 956 1246 et
981 1191 1209 1245 dualitas
1239 1191 1506 1246 inducitur
1542 1207 1910 1262 personarum.
1960 1193 2088 1259 Quze

520 1283 564 1336 si
594 1283 714 1350 quis
746 1283 817 1336 ita
848 1283 1015 1352 sapit,
1049 1282 1241 1347 docet,
1273 1283 1443 1337 credit
1484 1292 1575 1337 aut
1599 1284 1871 1353 prmdicat,
1895 1293 1950 1338 et
1981 1301 2084 1339 non

520 1373 592 1426 ita
623 1374 675 1426 in
715 1371 932 1427 Christo
970 1373 1199 1427 Domino
1242 1373 1372 1429 duas
1400 1380 1619 1427 naturas
1662 1373 1996 1427 invisibiliter
2034 1385 2088 1428 et

518 1463 795 1518 inconfuse
823 1463 1001 1518 unitas
1030 1463 1327 1532 intelligat,
1379 1471 1438 1518 ut
1482 1452 1732 1517 manente
1779 1463 2086 1518 earumdem

517 1557 814 1612 dill'erentia
843 1565 1154 1612 naturarum
1176 1597 1191 1621 ,
1245 1557 1358 1626 ipse
1387 1572 1524 1611 unus
1559 1565 1720 1625 atque
1762 1556 1900 1610 idem
1931 1571 2089 1612 verus

515 1650 587 1706 sit
613 1650 705 1705 Dei
736 1660 789 1705 et
814 1665 974 1705 verus
997 1650 1230 1706 hominis
1257 1650 1442 1714 Filius,
1475 1649 1758 1704 anathema
1785 1649 1872 1703 sit.

940 1777 1208 1817 THEODORI
1235 1777 1533 1816 CAPITULUI
1551 1777 1661 1816 XXI.

589 1851 694 1906 Sed
723 1869 824 1906 non
854 1852 1077 1906 colentes
1104 1853 1206 1905 ista
1235 1852 1585 1918 considerare,
1609 1867 1752 1906 voces
1773 1867 1946 1906 omnes
1978 1861 2083 1904 tra-

517 1945 637 1996 here
665 1943 732 1996 ad
760 1941 1036 1996 Dominum
1069 1951 1266 1996 tentant
1288 1941 1565 2005 Christum,
1598 1952 1654 1994 ut
1681 1959 1740 1995 ea
1769 1958 1880 2013 qua:
1906 1941 1969 1994 de
1988 1958 2082 2011 po-

517 2032 637 2100 pulo
679 2033 818 2102 facta
861 2043 981 2086 sunt
1009 2033 1168 2086 simili
1207 2034 1359 2087 modo
1405 2033 1784 2103 intelligerent,
1835 2043 1885 2086 et
1925 2034 2084 2086 risum

515 2131 820 2192 praestarent
866 2123 1084 2186 Iudaeis,
1129 2124 1335 2195 quando
1374 2140 1438 2177 ea:
1479 2125 1787 2194 scriptorum
1825 2125 2085 2194 sequentia

513 2213 647 2267 nihil
699 2213 768 2266 ad
823 2211 1099 2268 Dominum
1149 2211 1407 2267 Christum
1455 2215 1762 2282 pertinentes
1811 2213 2086 2268 ostendant

514 2318 678 2357 10688.

917 2430 1180 2469 τιιεουοῐιι
1220 2430 1516 2468 ολνιτυιυκ
1554 2431 1682 2468 XXII.

493 2534 495 2536 -
587 2503 711 2557 Tale
763 2514 859 2569 est,
889 2514 944 2558 et
981 2504 1124 2574 quod
1155 2519 1262 2558 non
1292 2503 1545 2558 derelicta
1577 2512 1659 2557 est
1687 2505 1859 2558 anima
1889 2505 2002 2571 ejus
2033 2506 2084 2559 in

513 2592 742 2662 inferno,
776 2610 874 2650 nec
901 2611 1027 2648 caro
1049 2595 1164 2663 ejus
1183 2594 1319 2649 vidit
1339 2597 1734 2665 corruptionem
1763 2596 1931 2665 (Psal.
1953 2597 2040 2666 xv)
2069 2616 2080 2651 :

511 2701 633 2738 nam
659 2685 908 2755 propheta
933 2685 1136 2756 quidem
1165 2701 1322 2754 supra
1350 2685 1558 2740 modum
1582 2687 1749 2756 ipsam
1775 2687 1922 2755 ponit
1949 2688 2086 2740 circa

510 2775 752 2845 papulum
799 2775 1191 2845 providentiam,
1244 2776 1416 2831 volens
1444 2776 1636 2842 dicere,
1667 2779 1908 2849 quoniam
1953 2778 2086 2833 inter

511 2867 778 2922 tentabiles
819 2886 904 2923 eos
933 2868 996 2922 ab
1026 2869 1258 2924 omnibus
1288 2871 1600 2925 conservavit
1622 2874 1792 2926 malis.
1828 2871 2085 2937 Quoniam

510 2967 678 3012 autem
708 2959 801 3012 hoc
843 2975 1013 3012 verum
1040 2970 1089 3012 et
1116 2975 1180 3013 ea:
1209 2959 1334 3030 ipsis
1379 2959 1527 3013 rebus
1558 2970 1788 3014 eventum
1817 2963 2009 3030 accepit
2029 2963 2082 3015 in

510 3047 731 3103 Domino
770 3048 994 3115 Christo,
1041 3051 1445 3122 frequentissime
1482 3050 1546 3103 de
1573 3068 1632 3104 eo
1675 3050 1883 3122 loquens
1909 3051 2084 3106 beatus

1923 302 2143 357 VIGILII
2187 302 2386 356 ΡΑΡᾸΞ

415 445 432 461 ~
521 423 694 476 beatus
736 423 922 476 dicitur
949 439 965 476 :
995 433 1043 476 et
1071 424 1164 476 iste
1193 422 1394 493 quidem
1431 423 1694 476 constituit
1733 423 1898 491 ipsum
1940 437 2090 488 super
2125 422 2160 476 Α
2193 427 2246 472 et
2275 434 2438 488 super
2475 420 2850 475 vestimentum
2880 437 3054 476 meum
3088 423 3344 476 miserunt
3372 429 3571 478 sortem
3597 423 3769 495 (Psal.

3699 307 3771 359 S-I

2194 508 2328 576 XXI),
2353 510 2422 562 ad
2439 527 2551 564 eum
2572 518 2840 565 traxerunt
2863 515 3132 582 manifeste
3155 530 3172 565 :
3195 515 3435 584 quoniam
3464 514 3598 584 quod
3613 532 3770 584 supra

2192 598 2398 651 modum
2427 599 2617 653 dictum
2645 602 2813 671 fuerat
2858 603 3001 668 prius
3035 618 3066 654 a
3101 601 3286 670 David,
3317 611 3525 673 propter
3549 605 3694 658 illata
3719 606 3771 659 ei

2192 691 2352 754 mala,
2382 692 2476 746 hoc
2503 709 2568 746 ex
2605 694 2838 763 operibus
2865 695 3027 748 evenit
3057 697 3109 748 in
3133 694 3353 749 Domino
3375 694 3596 759 Christo,
3621 698 3769 767 cujus

2190 791 2238 834 et
2269 783 2564 836 vestimenta
2593 783 2889 850 diviserunt,
2921 794 2971 838 et
2998 795 3122 839 sorti
3154 787 3381 839 tunicam
3419 785 3766 858 subjecerunt.

2742 917 2914 989 Vigilii
2938 919 3218 988 responsio.

2262 1030 2316 1083 ln
2346 1035 2706 1103 suprascripto
2737 1035 2991 1102 vigesimo
3008 1035 3165 1089 tertio
3188 1036 3422 1105 capitulo
3442 1038 3767 1106 exponendo

2189 1120 2428 1187 qumdam
2459 1122 2696 1192 vigesimi
2725 1125 2882 1195 primi
2905 1123 3092 1193 psalmi
3117 1125 3298 1190 verba,
3321 1127 3512 1194 quibus
3539 1127 3761 1186 dicitur:

2190 1207 2486 1264 Diviserunt
2514 1212 2610 1267 sibi
2637 1215 2932 1267 vestimenta
2972 1229 3106 1277 mea,
3139 1223 3187 1266 et
3212 1230 3363 1283 super
3390 1224 3571 1269 vestem
3596 1235 3766 1273 meam

2189 1301 2436 1355 miserunt
2457 1313 2665 1368 sortem,
2698 1313 2957 1372 negantur
2982 1303 3106 1358 Jesu
3136 1305 3352 1360 Christo
3381 1305 3608 1363 Domino
3632 1326 3768 1366 eon-

2189 1390 2405 1457 venire;
2452 1392 2546 1446 sed
2575 1393 2717 1462 quod
2759 1394 2923 1448 David
2962 1404 3182 1464 propter
3209 1397 3448 1466 quaedam
3479 1399 3614 1453 mala
3643 1417 3767 1470 quze

2190 1494 2476 1549 perpessus
2504 1489 2604 1547 est,
2636 1482 2702 1536 de
2730 1498 2788 1538 se
2816 1483 3027 1548 dixerit,
3059 1487 3439 1554 evangelistam
3469 1504 3532 1543 ex
3563 1502 3764 1546 eventu

2188 1571 2256 1626 ad
2279 1571 2549 1628 Christum
2577 1575 2823 1641 traxisse,
2870 1583 2924 1632 et
2953 1576 3216 1647 adjicitur,
3263 1579 3386 1648 quia
3418 1596 3522 1634 non
3552 1592 3767 1649 poti-rat

2186 1661 2368 1717 dicere
2395 1662 2652 1719 Dominus
2679 1664 2850 1729 Iesus,
2879 1667 2965 1738 qui
2999 1676 3258 1737 peccatum
3288 1686 3391 1724 non
3417 1675 3536 1742 fecit
3552 1693 3562 1724 .·
3583 1673 3768 1746 Longe

2116 1771 2159 1831 Β
2188 1769 2220 1806 a
2245 1753 2410 1808 salute
2453 1771 2566 1808 mea
2603 1754 2755 1809 verba
2797 1755 3097 1812 delictorum
3135 1774 3359 1814 meorum
3390 1759 3672 1832 (Ibidem):
3707 1773 3766 1821 et

2187 1841 2310 1897 ideo
2353 1843 2443 1911 qui
2473 1844 2586 1899 lucc
2615 1845 2770 1914 sapit,
2814 1845 2992 1914 docet,
3048 1848 3220 1902 credit
3264 1858 3356 1903 aut
3401 1853 3672 1922 praedicat,
3707 1865 3766 1912 et

2187 1947 2294 1987 non
2341 1949 2406 1989 ea
2449 1935 2501 1988 in
2542 1935 2738 2003 quibus
2783 1936 3096 1991 delictorum
3145 1940 3404 2006 meminit,
3455 1942 3521 1995 ad
3561 1960 3767 2014 corpus

2186 2023 2370 2092 ipsius,
2419 2026 2562 2093 quod
2605 2035 2688 2081 est
2728 2026 2990 2096 Ecclesia,
3021 2043 3138 2097 qum
3168 2030 3218 2084 in
3266 2032 3370 2087 hoc
3399 2037 3598 2090 mundo
3641 2039 3766 2094 sine

2185 2114 2380 2170 delicto
2409 2132 2528 2171 esse
2573 2134 2679 2172 non
2703 2127 2899 2189 potest,
2932 2120 3182 2188 intelligit
3221 2124 3514 2192 pertinere;
3549 2127 3633 2183 illa
3658 2145 3763 2185 au-

2188 2216 2293 2262 tem
2323 2202 2390 2264 dé
2427 2208 2691 2265 divisione
2726 2210 3192 2278 vestimentorum,
3237 2229 3342 2271 non
3364 2219 3668 2286 specialiter
3698 2221 3767 2277 de

2187 2296 2303 2366 ipso
2329 2298 2526 2367 capite,
2568 2297 2622 2353 id
2650 2307 2732 2354 est
2760 2299 2988 2356 Domino
3017 2301 3129 2359 Deo
3172 2313 3357 2362 nostro
3395 2307 3518 2363 Iesu
3547 2309 3768 2368 Christo

2187 2387 2458 2458 prmdicta,
2490 2395 2545 2444 et
2587 2387 2638 2442 in
2686 2389 2801 2462 ipso
2847 2393 3017 2448 credit
3061 2408 3182 2450 esse
3217 2395 3502 2466 completa,
3535 2399 3768 2455 anathe-

2187 2496 2276 2534 ma
2300 2482 2388 2536 sit.

2585 2612 2848 2653 rusonom
2885 2602 3183 2653 annumin
3224 2615 3365 2655 xxrv.

2257 2683 2525 2738 Foderunt
2551 2701 2738 2739 manus
2766 2702 2914 2743 meas
2943 2695 2996 2742 et
3019 2688 3179 2757 pedes
3207 2688 3376 2759 (Psal.
3409 2690 3541 2760 XXI),
3573 2703 3622 2745 et
3647 2709 3767 2747 om-

2186 2774 2275 2824 nia
2304 2773 2775 2841 perscrutabantur,
2820 2784 2870 2829 et
2895 2792 3009 2846 qua:
3036 2778 3267 2848 agebant,
3297 2789 3346 2832 et
3371 2797 3484 2851 qua:
3509 2783 3764 2840 conabar.

2188 2861 2327 2915 Nam
2351 2863 2607 2934 foderunt,
2640 2881 2706 2918 ea:
2735 2867 3075 2922 translatione
3095 2869 3219 2921 dicit
3237 2887 3413 2924 eorum
3441 2874 3526 2942 qui
3546 2890 3636 2942 per
3659 2866 3767 2942 fos-

2185 2957 2377 3008 sionem
2407 2957 2626 3009 scrutari
2655 2974 2767 3026 quae
2793 2958 2847 3011 in
2894 2960 3151 3026 profundo
3181 2972 3298 3015 sunt
3341 2973 3557 3020 tentant.
3594 2967 3763 3022 Dinu-

2185 3057 2524 3100 meravcrunt
2569 3048 2744 3101 omnia
2789 3064 2912 3104 ossa
2961 3066 3078 3104 mea
3113 3051 3356 3123 (Ibidem)
3389 3072 3401 3107 :
3437 3057 3588 3110 totius
3629 3075 3764 3113 mea:

513 3137 717 3204 Petrus,
749 3140 908 3193 utitur
929 3156 1076 3204 voce;
1105 3141 1376 3194 ostendens
1398 3141 1640 3210 quoniam
1660 3141 1794 3213 quod
1815 3142 1878 3196 de
1896 3143 2082 3212 populo
2109 3132 2152 3192 C
2187 3137 2505 3206 fortitudinis
2553 3147 2601 3190 et
2645 3141 2798 3193 totius
2824 3156 2951 3194 mea:
2979 3141 3280 3197 substantia:
3321 3145 3603 3200 detentores
3633 3148 3762 3219 facti

506 3245 666 3297 supra
705 3228 912 3283 modum
959 3229 1151 3283 dictum
1199 3239 1296 3294 est,
1335 3247 1400 3284 ea:
1436 3230 1657 3300 quadam
1688 3234 1887 3286 ratione
1913 3241 2082 3287 utente

505 3334 624 3372 voce
651 3320 918 3388 propheta,
943 3319 1037 3374 hoc
1063 3337 1234 3374 verum
1261 3331 1492 3376 eventum
1529 3321 1582 3375 in
1611 3322 1738 3392 ipsis
1766 3322 1912 3378 rebus
1935 3341 2081 3380 acce-

505 3410 578 3478 pit
599 3424 735 3463 nunc
758 3410 813 3463 in
839 3408 1062 3464 Domino
1083 3408 1304 3466 Christo.

1055 3521 1233 3593 Vigilii
1262 3526 1547 3594 responsio.

572 3609 628 3663 In
673 3611 1048 3682 suprascriptis
1077 3612 1334 3679 vigesimo
1381 3613 1553 3681 primo
1601 3623 1656 3668 et
1702 3614 1960 3682 vigesimo
1987 3630 2075 3670 se-

500 3701 677 3758 cundo
705 3703 951 3772 capitulis
981 3704 1083 3757 hoc
1110 3703 1323 3756 videtur
1349 3703 1472 3767 dici,
1528 3704 1673 3774 quod
1720 3707 2075 3776 prophetiam,

499 3807 618 3862 quae
639 3808 704 3847 ex
734 3808 962 3862 persona
988 3793 1184 3846 Christi
1212 3793 1436 3863 loquens
1466 3794 1540 3848 ait
1565 3813 1576 3847 :
1610 3794 1733 3849 Non
1758 3796 2075 3868 derelinques

498 3884 728 3936 animam
753 3900 917 3937 meum
946 3885 999 3937 in
1027 3884 1304 3954 infernum,
1351 3901 1442 3938 nec
1470 3884 1615 3940 dabis
1657 3886 1905 3940 Sanctum
1935 3897 2073 3942 tuum

496 3973 668 4026 videre
709 3975 1084 4043 corruptionem
1111 3973 1280 4044 (Psal.
1313 3975 1432 4041 xv),
1486 3991 1590 4029 non
1621 3974 1688 4030 de
1718 3976 1834 4045 ipso
1861 3975 2072 4033 Christo

494 4063 802 4133 praulictam
832 4063 1016 4131 fuisse,
1055 4065 1146 4119 sed
1177 4065 1243 4120 de
1271 4065 1470 4135 populo
1498 4065 1799 4121 Israelitica
1844 4081 2070 4135 genera-

495 4152 692 4206 tionis:
749 4153 966 4208 beatum
1013 4169 1141 4208 vero
1193 4153 1408 4208 Petrum
1456 4156 1759 4224 apostolum
1817 4155 1886 4209 ad
1915 4156 2070 4211 Chri-

490 4257 631 4302 stum
661 4247 799 4302 hanc
828 4249 1165 4318 prophetiam
1206 4265 1304 4320 per
1343 4258 1591 4304 eventum
1621 4257 1806 4318 aptare
1835 4251 2068 4306 voluisse

492 4338 629 4407 (Act.
661 4338 744 4404 ιι).
777 4337 842 4391 Et
866 4338 985 4393 ideo
1005 4339 1094 4408 qui
1125 4340 1240 4394 haec
1267 4340 1338 4394 ita
1369 4341 1525 4410 sapit,
1556 4340 1733 4406 docet,
1766 4341 1933 4396 credit
1975 4353 2067 4398 aut

488 4427 760 4495 pradicet,
790 4429 1072 4483 anathema
1103 4431 1190 4484 sit.

884 4555 1147 4594 TIIEODOI’J
1185 4555 1480 4594 CAPITCLIIM
1525 4557 1670 4595 XXIII.

557 4625 809 4681 Eumdem
833 4630 1141 4682 intellectum
1173 4629 1322 4684 habet
1360 4640 1408 4682 et
1435 4631 1564 4683 illud
1587 4648 1604 4684 :
1629 4631 1933 4685 Diviserunt
1960 4632 2061 4686 sibi

482 4718 800 4772 vestimenta
831 4733 969 4781 mea,
1020 4726 1074 4772 et
1102 4735 1261 4788 super
1290 4721 1666 4774 vestimentum
1698 4735 1872 4773 meum
1903 4722 2060 4775 misc-

481 4815 608 4862 ruut
632 4816 833 4862 sortem
867 4809 1040 4878 (Psal.
1073 4811 1202 4880 xxi).
1236 4806 1384 4872 Quod
1409 4811 1593 4862 etenim
1634 4809 1862 4878 psalmus
1889 4811 2058 4864 nulla—

482 4909 626 4953 tenus
656 4899 889 4952 convenit
919 4897 1162 4964 Domino,
1211 4907 1402 4952 certum
1449 4907 1524 4952 est
1549 4914 1566 4952 :
1598 4915 1756 4969 neque
1783 4900 1921 4953 enim
1948 4910 2058 4954 erat

482 4989 696 5044 Domini
724 4988 932 5053 Christi,
961 4989 1050 5056 qui
1079 4996 1356 5058 peccatum
1389 5004 1492 5041 non
1520 4987 1662 5051 fecit,
1689 5003 1786 5043 nec
1811 4989 2057 5046 inventus

483 5088 564 5132 est
589 5079 744 5133 dolus
773 5078 825 5132 in
849 5093 945 5133 ore
971 5077 1087 5144 ejus
1115 5075 1166 5148 (I
1199 5076 1341 5131 Petr.
1371 5082 1452 5144 ιι),
1481 5077 1688 5132 dicere:
1720 5075 1899 5146 Longe
1927 5093 1957 5132 a
1978 5094 2059 5134 sa-

483 5168 594 5222 lute
621 5184 736 5223 mea
763 5168 925 5223 verba
954 5168 1268 5222 delictorum
1301 5183 1540 5222 meorum
1581 5165 1751 5238 (Psal.
1785 5167 1914 5237 nl).
1950 5167 2055 5222 Sed

401 5270 410 5282 ·
481 5265 532 5308 et
554 5256 663 5326 ipse
683 5256 950 5323 Dominus,
1000 5272 1114 5310 cum
1141 5256 1418 5310 secundum
1445 5273 1764 5311 communem
1793 5258 2052 5311 hominum

480 5346 644 5416 legem
681 5346 735 5400 in
779 5349 1017 5416 passione
1061 5348 1452 5418 opprimeretur,
1501 5345 1642 5400 Deus
1689 5361 1859 5410 meus,
1912 5347 2052 5402 Deus

480 5448 651 5497 meus,
700 5448 864 5501 quare
909 5449 996 5490 me
1043 5435 1372 5503 dereliquisti
1413 5433 1625 5506 (Matth.
1667 5433 1866 5503 xxvii)?
1915 5435 2053 5488 misit

477 5541 680 5590 vocem;
715 5535 764 5578 et
797 5527 1014 5580 aoostoli
1057 5543 1076 5578 :
1108 5527 1410 5582 Diviserunt
1434 5527 1533 5581 sibi
1566 5528 1879 5581 vestimenta
1907 5542 2045 5592 mea,

558 5757 580 5783 η
612 5746 701 5802 Sic
731 5745 889 5800 etiam
918 5744 1108 5815 legitur
1137 5746 1190 5800 in
1215 5746 1394 5801 collat.
1429 5745 1480 5800 4.
1513 5744 1843 5800 ῐῐλιωυιδυε.

439 5838 481 5864 ’-

2181 3235 2316 3286 sunt.
2363 3237 2419 3281 ut
2453 3230 2605 3283 etiam
2635 3246 2847 3285 numero
2875 3247 2989 3284 mea
3020 3233 3349 3302 subjicerent.
3397 3233 3546 3289 Istud
3587 3249 3760 3292 autem
3830 3232 3848 3254 '

2180 3334 2246 3370 ea:
2273 3313 2635 3373 consuetudine
2663 3337 2815 3391 quam
2837 3319 3022 3373 habent
3052 3319 3220 3375 hostes
3249 3323 3396 3387 dixit,
3441 3327 3524 3396 qui
3552 3329 3760 3398 quando

2179 3405 2511 3475 obtinuerint,
2551 3425 2762 3464 numero
2794 3419 2816 3445 ει
2840 3419 2889 3462 et
2914 3409 3034 3463 talis
3060 3410 3292 3466 subtilem
3321 3416 3558 3469 notitiam
3580 3416 3733 3474 inven

2181 3505 2344 3549 torum
2365 3499 2562 3565 faciunt
2584 3496 2780 3569 [Locus
2805 3498 3134 3570 corruptus].
3163 3499 3446 3579 Pr0pterea
3474 3514 3522 3558 et
3542 3522 3742 3577 sequen-

2179 3598 2254 3640 ter
2293 3587 2506 3640 dicens:
2532 3585 2635 3656 Ipsi
2676 3603 2806 3642 vero
2835 3588 3331 3653 consideraverunt,
3371 3599 3428 3646 et
3453 3608 3753 3664 conspexe-

2178 3685 2299 3732 runt
2332 3694 2438 3745 me,
2466 3679 2642 3732 intulit
2669 3695 2686 3733 :
2719 3679 3022 3734 Diviserunt
3048 3681 3149 3736 sibi
3180 3683 3498 3738 vestimenta
3527 3702 3670 3754 mea,
3702 3703 3759 3746 et

2175 3781 2338 3834 super
2366 3767 2740 3822 vestimentum
2763 3782 2940 3821 meum
2971 3769 3231 3824 miserunt
3249 3779 3468 3825 sortem.
3501 3771 3762 3829 Conside-

2173 3866 2345 3910 rantes
2373 3858 2511 3910 enim
2549 3873 2650 3924 me,
2681 3858 2772 3922 ait,
2819 3865 2868 3910 et
2893 3860 3261 3928 conspicientes
3301 3861 3436 3927 quod
3461 3866 3635 3916 omnia
3677 3869 3748 3919 eis

2172 3956 2440 4000 evenerunt
2458 3947 2512 4000 in
2530 3963 2609 4000 me
2629 3945 2917 4000 desiderata
2942 3946 3259 4017 (conspicere
3277 3952 3413 4004 enim
3441 3953 3512 4004 ita
3533 3963 3587 4005 ut
3609 3954 3750 4024 apud

2171 4055 2266 4092 nos
2294 4038 2480 4091 dicitur
2505 4056 2600 4108 pro
2625 4055 2684 4092 eo
2714 4037 2848 4107 quod
2871 4049 2947 4092 est
2971 4054 2988 4091 :
3031 4037 3169 4092 Vidit
3194 4041 3246 4094 in
3269 4057 3382 4095 eum
3411 4060 3523 4114 qua:
3549 4045 3746 4098 volebat

2169 4128 2278 4194 pati
2298 4128 2434 4194 eum)
2449 4129 2580 4197 jam,
2611 4135 2852 4198 tanquam
2879 4145 2960 4181 me
2986 4131 3194 4184 omnino
3223 4131 3374 4186 malis
3401 4133 3594 4200 dedito,
3611 4137 3744 4189 sicut

2169 4218 2356 4283 hostes,
2388 4234 2502 4271 mea
2522 4226 2634 4288 post
2665 4219 2998 4273 vastationem
3025 4228 3074 4274 et
3101 4221 3443 4289 captivitatem
3463 4223 3746 4278 diviserunt

2165 4308 2626 4370 sortedivisionem
2655 4323 2828 4362 eorum
2870 4311 3135 4380 facientes.
3178 4309 3248 4362 Et
3287 4315 3597 4382 evangelista
3625 4319 3741 4386 qui-

2168 4400 2280 4454 dem
2309 4400 2360 4453 in
2395 4399 2612 4454 Domino
2642 4399 2793 4454 verba
2813 4415 2878 4454 ea:
2907 4401 3054 4455 rebus
3076 4417 3360 4465 assumens,
3395 4405 3468 4457 eis
3496 4390 3626 4459 usus
3641 4416 3742 4471 est,

2095 4485 2139 4542 D
2167 4492 2296 4544 sicut
2324 4501 2372 4544 et
2398 4493 2453 4544 in
2496 4491 2614 4544 aliis
2642 4491 2886 4545 diximus.
2930 4489 3072 4544 Nam
3109 4491 3243 4561 quod
3270 4508 3371 4546 non
3398 4494 3650 4560 pertineat
3672 4495 3742 4548 ad

2168 4583 2450 4638 Dominum
2476 4585 2726 4656 psalmus,
2774 4585 2827 4637 in
2856 4583 3200 4653 superioribus
3230 4585 3483 4639 evidenter
3507 4589 3737 4641 ostendi—

2165 4691 2296 4727 mus.
2329 4675 2393 4725 At
2420 4690 2534 4727 vero
2564 4674 2740 4727 beatus
2761 4671 2931 4726 David
2960 4689 3116 4742 supra
3137 4674 3343 4728 modum
3370 4676 3470 4727 ista
3497 4676 3662 4745 magis
3683 4677 3736 4730 in

2164 4764 2242 4818 his
2271 4779 2382 4834 qua:
2417 4762 2480 4816 ab
2508 4762 2748 4816 Absalom
2790 4763 2928 4832 facta
2956 4771 3096 4827 sunt,
3138 4763 3310 4815 dixit:
3344 4781 3377 4831 q
3413 4764 3585 4816 oniam
3615 4763 3735 4817 dum

2162 4855 2448 4907 recessisset
2470 4853 2648 4915 David,
2654 4853 2773 4922 jure
2783 4853 2900 4907 belli
2925 4853 3240 4922 metropolim
3269 4853 3545 4923 ingressus,
3559 4871 3733 4909 omnes

2161 4941 2361 5013 quidem
2389 4941 2604 4996 obtinuit
2647 4957 2728 4996 res
2769 4943 2986 5014 regales,
3020 4959 3124 4996 non
3163 4942 3328 5012 piguit
3365 4955 3533 4999 autem
3569 4945 3731 5015 patris

2159 5033 2321 5087 cubile
2347 5034 2636 5103 inquinare.

2692 5143 2869 5216 Vigilii
2911 5145 3192 5213 responsio.

2227 5253 2283 5308 ln
2311 5254 2673 5324 suprascripto
2704 5254 2962 5322 vigesimo
2990 5263 3182 5322 quarto
3220 5253 3457 5323 capitulo
3503 5253 3572 5308 de
3613 5271 3717 5309 mc-

2156 5353 2368 5400 morato
2415 5344 2605 5399 eodem
2651 5345 2908 5412 vigesimo
2957 5344 3132 5413 primo
3175 5343 3381 5412 psalmo
3427 5344 3514 5397 illa
3565 5345 3725 5398 verba

2127 5478 2130 5481 .
2157 5434 2247 5489 ubi
2277 5432 2404 5488 dicit
2438 5452 2463 5486 :'
2484 5431 2749 5488 Foderunt
2795 5450 2979 5487 manus
3008 5449 3145 5487 meas
3172 5444 3220 5487 et
3257 5434 3407 5504 pedes
3453 5451 3610 5498 meos,
3641 5436 3722 5486 di-

2157 5533 2545 5580 numeraverunt
2569 5525 2742 5580 omnia
2771 5541 2888 5579 ossa
2917 5541 3030 5578 mea
3054 5540 3071 5578 :
3101 5525 3199 5593 ipsi
3225 5541 3341 5580 vero
3371 5525 3720 5580 considerans-
