4006 6190
323 319 396 375 85
1525 315 1876 374 EPISTOLE
1917 317 2002 372 ET
2040 315 2373 375 DECRETA.
3507 318 3595 375 86·-

320 437 446 485 mt
471 441 520 486 et
544 431 879 501 inspexerunt
903 433 954 485 in
1000 447 1081 484 me
1110 430 1283 502 (Psal.
1314 431 1426 501 xxi)
1446 473 1460 496 ,
1491 432 1747 486 asseritnr
1790 447 1896 484 non
1932 435 1974 492 Α
2004 436 2117 482 trus
2140 428 2390 484 habuisse
2411 436 2652 498 negatur,
2685 429 3022 500 phantasiam
3061 445 3190 486 vero
3213 429 3575 500 intelligentiae

319 521 391 575 de
411 519 623 575 Christo
645 536 764 576 esse
792 522 1062 590 prmdicta,
1094 520 1189 577 sed
1219 520 1384 576 David
1413 521 1516 575 hoc
1536 520 1601 575 de
1625 536 1682 576 se
1703 521 1898 576 dixisse

322 618 542 678 propter
572 609 905 680 tyrannidem
936 611 1206 676 Absalom,
1233 610 1324 680 qui
1348 611 1547 678 regiam
1568 609 1752 664 urbem
1773 611 1897 665 sub-

320 700 678 766 stantiamque
716 710 1042 769 pervaserat,
1074 710 1236 770 atque
1267 701 1319 755 in
1368 709 1510 756 terra
1539 701 1718 754 omnia
1738 700 1896 754 dinu-

320 799 624 844 meraverat
651 791 852 858 patris;
902 791 996 845 sed
1025 791 1408 859 evangelistam
1460 793 1571 848 haec
1606 807 1672 846 ex
1701 802 1896 848 eventu

321 876 390 931 ad
411 876 604 931 Christi
637 881 864 932 traxisse
889 895 1194 948 personam.
1231 879 1331 946 Qui
1362 882 1520 950 igitur
1549 883 1661 936 haec
1687 882 1759 936 ita
1783 897 1898 937 cre.

322 969 423 1036 dit,
450 969 608 1039 sapit,
639 970 796 1024 docet
825 978 918 1023 aut
943 971 1214 1040 praedicat,
1245 973 1528 1028 anathema
1557 973 1647 1027 sit.

730 1098 993 1138 TﬂBODOI-il
1026 1099 1178 1139 CAPIT
1187 1101 1325 1139 ULUI
1364 1100 1488 1140 XXV.

393 1171 651 1240 Quoniam
681 1181 707 1209 ⁸
729 1173 828 1226 cibi
855 1183 903 1226 et
934 1183 1082 1244 potus
1109 1191 1288 1228 suares
1313 1175 1515 1244 quidem
1542 1175 1677 1243 ﬁunt
1694 1175 1749 1229 in
1771 1184 1896 1230 tem-

317 1281 442 1333 pore
472 1265 669 1336 gaudii,
698 1266 934 1319 insuavia
960 1276 1130 1320 autem
1150 1278 1200 1319 et
1221 1283 1402 1320 amara
1425 1268 1479 1320 in
1501 1268 1744 1332 tristitia;
1769 1268 1896 1321 talia

316 1366 470 1409 eram
496 1355 702 1424 (inquit)
731 1373 846 1428 qua:
872 1356 936 1410 ab
965 1358 1071 1410 illis
1100 1357 1312 1426 ﬂebunt,
1345 1367 1398 1410 ut
1427 1375 1491 1411 ea:
1513 1359 1722 1412 tristitia
1739 1366 1786 1411 et
1816 1359 1896 1412 ira

316 1454 452 1497 esset
470 1445 676 1514 quidem
705 1446 834 1498 mihi
859 1447 910 1499 in
935 1448 1101 1500 locum
1145 1447 1280 1517 fellis
1308 1447 1466 1513 cibus,
1499 1459 1628 1503 esset
1657 1459 1825 1502 autem
1847 1459 1894 1504 et

316 1537 460 1602 potio
493 1545 640 1589 aceto
679 1536 809 1588 nihil
855 1535 1117 1603 diﬂ'erens.
1151 1535 1382 1590 Maxime
1424 1547 1592 1591 autem
1622 1540 1715 1593 hoc
1753 1541 1812 1609 fit
1839 1542 1894 1594 in

316 1625 602 1678 iracundiis
640 1641 754 1696 quce
780 1641 892 1678 cum
923 1625 1246 1680 tribulatione
1271 1628 1423 1696 fiunt,
1465 1630 1602 1698 quod
1627 1632 1896 1686 verisimile

311 1723 430 1766 erat
457 1715 567 1784 pati
593 1731 679 1768 eos
707 1724 888 1768 contra
925 1732 1064 1769 suos.
1113 1716 1246 1770 Usus
1273 1726 1349 1772 est
1377 1727 1547 1773 autem
1581 1723 1895 1792 evangelista

311 1805 412 1857 hoc
462 1805 829 1859 testimonioin
853 1804 1098 1871 Domino,
1149 1817 1196 1861 et
1243 1809 1350 1878 ipse
1390 1818 1560 1864 autem
1597 1810 1890 1868 Dominus:
1923 1847 1970 1905 Β

309 1893 476 1947 Zelus
503 1893 694 1948 domus
735 1903 837 1949 tute
884 1898 1116 1952 comedit
1153 1897 1461 1968 me.(.loan.
1492 1901 1574 1971 ιι),
1622 1903 1685 1956 de
1724 1905 1892 1974 seipse

309 1987 512 2039 dicens.
554 1985 625 2039 Et
668 1987 844 2041 beatus
894 1986 1090 2043 Paulus
1137 1989 1202 2043 de
1246 1989 1447 2045 Iudaeis
1493 1992 1747 2062 loquens:
1777 1993 1893 2049 Fiat

310 2091 501 2130 mensa
533 2093 716 2132 eorum
743 2077 919 2148 (Rom.
952 2079 1059 2149 χι),
1086 2089 1216 2144 etc.;
1248 2077 1419 2134 beatus
1445 2082 1628 2135 Petrus
1650 2083 1711 2136 de
1723 2083 1891 2137 Juda:

310 2164 436 2218 Fiat
463 2165 723 2219 habitatio
751 2165 868 2236 ejus
890 2166 1102 2221 deserta
1136 2168 1272 2238 (Act.
1304 2168 1366 2238 ι).
1401 2168 1468 2222 Et
1505 2180 1638 2225 certe
1685 2172 1894 2226 diversis

308 2255 605 2308 constitutis
627 2259 794 2324 rebus,
826 2273 926 2310 non
952 2258 1096 2327 quasi
1123 2257 1322 2324 psalmo
1346 2258 1495 2311 modo
1516 2276 1607 2328 pro
1629 2259 1706 2313 his
1737 2259 1891 2325 dicto,

307 2344 500 2397 iterum
531 2355 700 2398 autem
749 2347 814 2400 de
839 2347 949 2411 illo,
997 2355 1046 2399 et
1072 2347 1258 2400 iterum
1287 2349 1350 2402 de
1391 2349 1494 2402 alio
1517 2365 1535 2402 :
1566 2349 1656 2403 sed
1685 2350 1806 2420 quia
1831 2350 1896 2404 de

308 2434 516 2489 luditis
545 2437 683 2490 dicta
704 2447 821 2491 sunt
849 2438 1022 2508 plura,
1045 2439 1130 2507 qui
1160 2455 1214 2491 se
1245 2449 1606 2508 separaverunt
1626 2439 1690 2493 de
1710 2439 1819 2494 Deo
1845 2450 1895 2494 et

309 2529 445 2599 lege,
496 2529 846 2582 conrincentia
874 2530 1078 2583 illorum
1107 2529 1442 2592 derationem,
1481 2532 1799 2585 necessarius
1819 2539 1895 2584 est

308 2620 736 2672 testimoniorum
753 2636 872 2673 usus
909 2619 1063 2672 simul
1089 2636 1153 2673 ea:
1183 2620 1328 2673 rebus
1352 2628 1550 2684 captus,
1591 2619 1755 2690 qualis
1776 2631 1852 2675 est
1873 2637 1894 2676 .'

312 2707 593 2763 Dederunt
622 2709 676 2762 in
702 2723 1085 2788 escamgmeam
1113 2710 1203 2775 fel,
1246 2710 1383 2788 etin
1405 2709 1496 2766 siti
1522 2724 1640 2764 mea
1667 2720 1893 2780 potave-

310 2806 444 2852 runt
470 2813 556 2852 me
586 2806 739 2852 aceto
767 2786 1166 2867 (Matth.xxvtt.

597 2885 648 2900 λ

869 2907 979 2980 γεμί
985 2909 1040 2962 lii
1075 2910 1358 2980 responsio.

390 2995 446 3049 In
496 2997 858 3066 suprascripto
903 2999 1160 3066 vigesimo
1190 3000 1376 3066 quinto
1437 2999 1670 3070 capitulo
1715 3001 1782 3056 de
1826 3015 1894 3057 eo

314 3085 441 3141 loco
473 3087 662 3156 psalmi
686 3086 775 3140 ubi
802 3088 965 3142 dicit:
994 3088 1259 3144 Dederunt
1304 3089 1359 3143 in
1400 3104 1568 3146 escam
1591 3109 1757 3147 meum
1795 3095 1887 3164 fel.

315 3189 367 3230 et
387 3179 440 3230 in
469 3180 555 3231 siti
585 3195 696 3231 mea
717 3188 1017 3249 putaverunt
1041 3196 1120 3234 me
1147 3189 1322 3248 aceto;
1361 3191 1549 3237 contra
1591 3185 1891 3240 evidentem

316 3265 596 3336 Evangelii
643 3269 924 3324 veritatem
969 3271 1285 3341 exponitur,
1336 3273 1747 3344 dicendorquia
1794 3292 1898 3332 nec

315 3377 450 3416 vero
481 3371 632 3417 aceto
662 3373 877 3433 potatus
904 3373 986 3421 est
1007 3365 1282 3430 Dominus,
1329 3367 1421 3422 sed
1452 3367 1518 3420 ad
1546 3369 1811 3423 tristitiam
1840 3375 1900 3424 et

319 3453 651 3509 iracundiam
682 3457 1018 3512 ollerentium
1049 3458 1296 3514 habuerit
1317 3461 1646 3530 putationem
1674 3461 1727 3516 in
1755 3462 1896 3517 aceti

319 3542 442 3598 loco
471 3552 526 3598 et
553 3559 730 3598 escam
762 3545 814 3599 in
847 3545 1013 3612 fellis;
1061 3562 1161 3603 nec
1181 3547 1247 3601 de
1277 3547 1393 3617 ipso
1420 3549 1750 3618 pmdictum,
1799 3550 1898 3605 sed

319 3633 703 3699 evangelistam
749 3635 854 3690 hoc
888 3636 1196 3691 testimonio
1225 3653 1376 3692 usum
1416 3635 1578 3692 fuisse
1605 3653 1671 3692 ex
1699 3647 1899 3695 eventu

323 3722 379 3777 in
408 3722 654 3780 Domino.
688 3721 976 3794 Propterea
1007 3726 1097 3795 qui
1120 3725 1234 3781 Laec
1267 3727 1338 3781 ita
1367 3727 1527 3798 sapit,
1571 3727 1751 3798 docet,
1777 3743 1897 3786 cre-

323 3814 402 3870 dit
427 3825 518 3871 aut
547 3817 819 3888 pmdicat,
848 3820 1130 3874 anathema
1157 3819 1246 3876 sit.

721 3945 984 3992 I'ﬂEODORI
1021 3946 1318 3987 αΑΡιτυιωι
1357 3948 1502 3989 XXVI.

396 4016 543 4071 Sicut
563 4018 721 4089 igitur
748 4035 840 4088 per
859 4020 1150 4091 hujusmodi
1173 4024 1544 4094 confessionem
1569 4040 1670 4079 non
1691 4025 1900 4080 deitatis

328 4103 628 4162 Nathanael
657 4110 847 4164 habens
875 4113 1143 4166 scientiam
1181 4113 1464 4168 ostenditur
1493 4114 1690 4186 (Judaei
1715 4126 1765 4170 et
1790 4113 1899 4171 Sa-

327 4200 526 4252 marin
554 4199 681 4252 talia
712 4209 972 4270 sperantes
1000 4202 1294 4271 plurimum,
1345 4213 1590 4275 quantum
1638 4205 1735 4259 Dei
1764 4205 1901 4261 verbi

326 4303 358 4338 a
381 4288 596 4340 scientia
625 4288 775 4358 longe
815 4291 1041 4361 erant?),
1075 4292 1148 4344 sic
1175 4301 1225 4345 et
1245 4291 1456 4347 Martha
1485 4311 1576 4364 per
1613 4298 1900 4365 confessio-

325 4393 439 4429 nem
461 4378 627 4444 illam,
669 4395 771 4432 non
812 4379 1017 4433 deitatis
1038 4381 1231 4435 habens
1273 4393 1390 4436 tunc
1411 4383 1677 4438 scientiam
1705 4386 1899 4456 proba-

327 4476 444 4519 tur:
469 4470 743 4536 manifeste
767 4481 931 4523 autem
963 4488 1052 4525 nec
1073 4472 1248 4526 beatus
1279 4473 1461 4528 Petrus
1483 4491 1501 4528 :
1523 4477 1688 4530 adhuc
1713 4477 1902 4532 etenim

325 4559 448 4625 ipsis
477 4561 758 4629 sufficiebat
797 4572 916 4615 tunc
951 4565 1306 4618 reuelationem
1336 4567 1478 4620 illam
1507 4568 1897 4639 suscipientibus
1931 4567 1974 4622 D

325 4649 638 4719 prtzcipuum
679 4652 874 4722 aliquid
917 4653 1086 4722 majus
1127 4653 1188 4706 de
1231 4657 1340 4724 ipso
1375 4665 1562 4725 praeter
1600 4668 1902 4712 creterorum

327 4739 586 4793 hominum
628 4741 956 4811 phantasiam
993 4745 1222 4820 accipere
1263 4762 1280 4799 :
1326 4755 1442 4816 post
1479 4749 1903 4802 resurrectionem

328 4839 494 4883 autem
523 4831 722 4900 Spiritu
752 4834 981 4903 perducti
1011 4835 1078 4886 ad
1117 4835 1402 4901 scientiam,
1449 4847 1566 4890 tunc
1613 4848 1662 4890 et
1709 4839 1904 4891 rerelu-

330 4922 481 4976 tionis
506 4923 784 4993 perfectam
811 4926 1077 4978 scientiam
1101 4925 1459 4995 suscipiebant,
1485 4939 1539 4981 ut
1567 4931 1751 4984 scirent
1781 4933 1906 5001 quia

329 5013 640 5079 prccipuum
689 5013 787 5076 ipsi
834 5025 1021 5081 preter
1059 5025 1266 5070 cwteros
1313 5018 1542 5071 homines
1583 5035 1685 5074 non
1729 5021 1903 5094 aliqua

327 5118 455 5169 puro
484 5103 675 5156 honore
695 5121 760 5158 ea:
791 5103 896 5159 Deo
917 5107 1158 5176 pervenit,
1192 5109 1320 5162 sicut
1359 5110 1412 5162 in
1453 5113 1650 5164 caeteris
1674 5113 1903 5167 homini-

328 5190 440 5250 bus,
472 5193 562 5244 sed
598 5209 690 5261 per
716 5195 964 5248 unitatem
1003 5196 1074 5249 ad
1111 5195 1276 5250 Deum
1325 5197 1566 5262 Verbum,
1615 5218 1706 5271 per
1750 5220 1905 5273 quam

329 5283 495 5336 arenis
523 5283 732 5338 honoris
750 5285 798 5338 ei
825 5288 1082 5357 particeps
1110 5298 1186 5341 est
1210 5299 1324 5358 post
1349 5290 1402 5343 in
1431 5292 1582 5345 caelos
1611 5309 1900 5348 ascensum.

872 5397 1044 5470 Vigilii
1087 5402 1370 5470 responsio.

405 5489 460 5544 In
494 5493 857 5562 suprascripto
902 5494 1157 5563 vigesimo
1194 5504 1347 5550 sexto
1376 5496 1612 5566 capitulo
1651 5508 1704 5552 ct
1748 5499 1901 5566 agni-

335 5579 532 5634 tionem
560 5581 776 5636 deitatis
799 5581 995 5637 Christi
1025 5591 1147 5637 ante
1178 5585 1620 5641 resurrectionem
1651 5586 1765 5656 ejus
1800 5589 1902 5645 l’c-

408 5768 432 5798 ⁸
463 5759 567 5826 AL,
601 5758 888 5827 Quomodo.
919 5763 1244 5825 iisnncivcs.

2000 531 2109 585 pne
2135 517 2342 570 caeteris
2388 517 2691 572 hominibus
2724 519 2998 588 accepisse
3039 517 3270 573 dicitur:
3303 528 3357 572 et
3391 533 3580 574 rursus

2000 607 2226 661 dualitas
2273 607 2501 663 liliorum
2550 608 2850 665 inducitur:
2883 609 3010 664 dum
3039 610 3317 664 hominem
3351 610 3573 679 partici-

2001 711 2123 765 pem
2153 697 2281 751 dicit
2305 696 2374 750 ad
2419 697 2649 751 Verbum
2694 705 2975 768 postquam
3006 699 3057 752 in
3087 698 3254 753 coelos
3293 698 3570 753 ascendit:

1999 786 2102 853 Qui
2124 802 2252 856 ergo
2282 788 2352 842 ita
2375 789 2530 858 sapit,
2559 789 2733 852 docet,
2763 789 2932 844 credit
2976 797 3066 842 aut
3095 788 3364 858 prtedicat,
3389 797 3444 843 et
3465 803 3574 843 non

1998 890 2163 930 unum
2187 876 2541 944 eumdemque
2570 891 2686 931 esse
2727 877 2980 944 intelligit
2999 876 3269 933 Christum
3308 884 3363 931 et
3390 876 3574 931 Domi-

1997 981 2124 1020 num
2157 974 2396 1020 nostrum
2418 965 2515 1020 Dei
2537 975 2590 1021 et
2617 967 2846 1022 hominis
2866 965 3081 1035 Filium,
3101 977 3352 1023 manente
3381 967 3434 1023 in
3454 968 3574 1038 ipso

1998 1056 2265 1110 unitarum
2293 1056 2591 1111 dill'erentia
2623 1064 2950 1120 naturarum,
2974 1059 3255 1112 anathema
3283 1059 3370 1112 sit.

2389 1162 2653 1202 ΤΗΙ-3000111
2690 1131 2987 1203 CAI’ITULDH
3025 1165 3189 1203 XXVII.

2067 1235 2345 1291 Hatthteus
2372 1237 2574 1308 quidem
2596 1237 2908 1306 evangelista
2935 1249 3047 1305 post
3076 1239 3377 1293 tentationes
3405 1239 3530 1293 dicit
3553 1256 3571 1294 :

1997 1329 2134 1397 quod
2162 1329 2478 1384 accedentes
2525 1329 2700 1396 angeli
2750 1329 3123 1382 ministrabant
3150 1329 3200 1382 ei
3231 1329 3441 1398 (Matth.
3474 1329 3572 1399 iv),

1996 1419 2186 1472 scilicet
2209 1435 2323 1470 cum
2342 1435 2401 1472 eo
2430 1419 2693 1472 constituti
2722 1428 3069 1488 cooperantes,
3101 1429 3149 1473 et
3177 1419 3410 1474 omnibus
3436 1422 3572 1473 circa

1996 1523 2108 1561 eum
2133 1506 2242 1561 Deo
2265 1508 2635 1572 ministrantes,
2664 1507 2799 1579 quod
2813 1510 2927 1578 jam
2947 1524 3038 1577 per
3060 1509 3340 1561 certamina
3363 1509 3431 1560 ad
3460 1509 3572 1562 dia-

1997 1595 2170 1652 bolum
2198 1607 2429 1651 ostensus
2452 1605 2528 1651 est
2547 1598 2772 1661 clarior;
2800 1598 2890 1651 sed
2915 1608 2964 1652 et
2983 1599 3120 1670 quod
3141 1614 3356 1668 passuro
3380 1600 3426 1652 ei
3449 1599 3571 1652 ade-

1995 1699 2116 1744 rant
2147 1690 2339 1761 angeli,
2381 1706 2447 1743 επ
2473 1688 2769 1761 Evangeliis
2798 1691 3062 1744 discimus.
3094 1691 3162 1744 Et
3189 1707 3309 1746 cum
3330 1707 3572 1746 resurre-

1998 1780 2112 1841 xit,
2151 1779 2202 1834 in
2252 1788 2599 1835 monumento
2640 1779 2740 1835 visi
2785 1788 2907 1834 sunt
2949 1780 3159 1854 (Matth.
3201 1798 3392 1843 xxvnt;
3444 1781 3567 1835 Luc.

1996 1867 2127 1937 xxn)
2154 1885 2278 1940 :per
2302 1871 2474 1924 omnia
2487 1871 2622 1924 enim
2642 1871 2742 1925 ista
2771 1879 3087 1924 monstratur
3113 1871 3337 1942 dignitas
3359 1868 3571 1937 Christi,

1993 1957 2130 2028 quod
2157 1959 2450 2028 inseparate
2472 1959 2520 2012 ei
2541 1958 2710 2030 angeli
2739 1959 2978 2024 aderant,
3010 1959 3243 2014 omnibus
3283 1961 3420 2013 circa
3455 1977 3570 2014 eum

1991 2045 2391 2101 ministrabant:
2417 2049 2546 2102 sicut
2566 2050 2702 2102 enim
2729 2065 2761 2101 a
2781 2049 3108 2118 peccantibus
3136 2061 3463 2118 separantur,
3497 2053 3572 2104 sic

1993 2144 2043 2188 et
2081 2152 2174 2205 per
2215 2137 2452 2189 meritum
2493 2137 2761 2190 honoratis
2799 2136 3122 2191 subveniunt.
3174 2137 3391 2207 Propter
3435 2140 3570 2208 quod

1993 2222 2120 2278 bene
2145 2223 2402 2279 Dominus
2449 2225 2524 2278 ait
2553 2241 2570 2278 :
2603 2224 2755 2290 Quod
2803 2225 2975 2294 majus
3015 2227 3284 2294 videbitis,
3327 2235 3382 2282 et
3427 2230 3584 2297 quod

1993 2313 2188 2369 coelum
2234 2315 2508 2384 aperietur
2539 2316 2788 2371 omnibus
2817 2331 2912 2386 per
2940 2333 3046 2382 me,
3097 2326 3153 2373 et
3181 2335 3368 2375 omnes
3394 2321 3569 2390 angeli

1992 2418 2207 2473 semper
2220 2419 2428 2460 mecum
2442 2408 2775 2473 erunt,‘nunc
2801 2407 3016 2476 quidem
3044 2409 3411 2477 ascendentes,
3427 2426 3570 2467 nunc

1995 2508 2124 2549 vero
2156 2494 2559 2561 descendentes,
2591 2495 2728 2552 sicut
2749 2496 2816 2551 ad
2843 2495 3193 2554 domesticum
3221 2498 3317 2555 Dei
3346 2509 3400 2555 et
3428 2501 3564 2556 ami-

1993 2601 2118 2642 cum
2141 2585 2195 2658 (1
2197 2603 2318 2642 oun.
2351 2588 2415 2659 ι).

2542 2677 2719 2751 Vigilii
2749 2681 3036 2751 responsio.

2065 2765 2122 2820 In
2151 2767 2514 2838 suprascripto
2556 2768 2812 2837 vigesimo
2837 2771 3066 2841 septimo
3091 2771 3344 2842 capitulo,
3385 2771 3474 2827 ubi
3501 2773 3569 2830 de

1993 2857 2244 2914 Μαιώωο
2288 2860 2614 2928 evangelista
2661 2863 2974 2930 exponitur,
3019 2863 3143 2932 quia
3187 2867 3570 2921 consummatis

1994 2949 2378 3006 tentationibus
2397 2958 2736 3006 accesserunt
2751 2950 2948 3020 angeli,
2967 2961 3022 3006 ut
3044 2953 3406 3008 ministrarent
3421 2954 3568 3009 Chri-

1993 3047 2098 3105 sto,
2130 3039 2322 3095 dicitur
2349 3057 2362 3093 :
2395 3039 2529 3107 Quia
2559 3041 2697 3097 sicut
2718 3048 2774 3096 et
2801 3042 2890 3096 alii
2912 3057 3010 3114 per
3030 3044 3276 3100 meritum
3306 3045 3570 3103 honorato

1994 3128 2208 3186 Christo
2236 3129 2582 3186 subvenerint
2608 3133 2805 3202 angeli,
2854 3143 2911 3188 et
2951 3136 3074 3203 quia
3102 3137 3180 3192 sic
3204 3137 3269 3190 ad
3297 3136 3568 3193 Christum

1920 3203 1966 3265 ο
1998 3221 2050 3274 in
2081 3221 2246 3277 caelos
2266 3221 2603 3277 ascenderint
2627 3233 2682 3278 et
2704 3224 3079 3279 descenderint
3099 3226 3290 3293 angeli,
3316 3235 3570 3294 tanquam

2000 3311 2065 3364 ad
2095 3312 2325 3366 altricum
2355 3321 2409 3366 et
2433 3313 2786 3368 domesticum
2816 3314 2932 3369 Dei.
2962 3313 3063 3380 Qui
3093 3329 3220 3384 ergo
3249 3316 3364 3371 haec
3391 3316 3462 3370 ita
3488 3331 3570 3371 sa-

1997 3402 2098 3471 pit,
2128 3403 2300 3466 docet,
2335 3402 2504 3457 credit
2530 3413 2621 3457 aut
2667 3405 2939 3473 prtedicat,
2971 3414 3026 3460 et
3055 3421 3159 3460 non
3189 3414 3247 3460 ut
3275 3421 3402 3460 vero
3431 3406 3564 3471 Deo,

1999 3493 2110 3546 veri
2138 3492 2230 3546 Dei
2254 3491 2408 3557 Filio,
2433 3493 2525 3546 uni
2555 3493 2836 3561 eidemque
2867 3511 2986 3549 cum
3015 3506 3286 3566 a~sumpta
3309 3513 3376 3551 ex
3415 3506 3570 3552 utero

1996 3581 2229 3650 Virginis
2258 3579 2494 3650 perfecta
2539 3583 2890 3649 humanitate,
2923 3586 3096 3652 angeli
3137 3593 3196 3639 ut
3240 3595 3365 3656 pote
3401 3586 3568 3642 Crea-

1999 3673 2102 3727 tori
2130 3681 2185 3726 et
2211 3672 2438 3728 Domino
2483 3672 2838 3729 deservierint
2881 3683 3041 3744 atque
3085 3675 3407 3741 deserviant,
3439 3692 3570 3734 ana-

1996 3764 2176 3820 thema
2203 3765 2289 3820 sit.

2388 3891 2654 3932 THBODORI
2682 3892 2978 3932 εΑιιιτυιωι
3009 3893 3074 3932 XX
3084 3893 3188 3931 Vlll.

2071 3968 2198 4022 Plus
2235 3968 2616 4040 inquietabatur
2642 3967 2916 4034 Dominus,
2966 3978 3014 4022 et
3053 3978 3310 4022 certamen
3355 3970 3576 4026 habebat

1999 4057 2068 4110 ad
2098 4057 2286 4110 animos
2311 4057 2576 4126 passiones
2604 4071 2757 4126 quam
2797 4058 3046 4127 corporis,
3089 4067 3137 4110 et
3166 4059 3372 4113 meliore
3399 4061 3577 4115 animo

2001 4146 2234 4200 libidines
2261 4145 2510 4208 vincebat,
2537 4145 2795 4199 mediante
2819 4147 2866 4198 ei
2884 4146 3072 4199 deitate
3093 4147 3162 4199 ad
3182 4150 3572 4218 perfectionem;

1999 4240 2135 4295 unde
2155 4248 2203 4293 et
2225 4237 2474 4293 Dominus
2496 4238 2563 4292 ad
2585 4239 2692 4293 ltazc
2715 4240 2937 4293 maxime
2957 4240 3224 4294 instituens
3249 4240 3443 4295 videtur
3466 4258 3576 4295 cer-

2003 4342 2170 4385 tamen
2195 4347 2213 4385 :
2245 4331 2524 4401 cupiditate
2551 4333 2688 4384 enim
2742 4332 3070 4400 pecuniarum
3111 4347 3213 4384 non
3243 4331 3503 4399 deceptus,
3526 4339 3576 4385 et

2001 4423 2180 4494 gloriae
2207 4421 2460 4475 desiderio
2490 4436 2592 4473 non
2624 4430 2808 4483 tentus,
2841 4422 2986 4473 carni
3012 4419 3214 4490 quidem
3252 4419 3468 4488 prabuit
3495 4420 3580 4474 ni-

2004 4513 2094 4576 hil,
2132 4528 2222 4565 nec
2248 4513 2383 4565 enim
2424 4511 2563 4564 illius
2589 4517 2701 4564 erat
2733 4509 2920 4563 talibus
2958 4510 3089 4564 vinci
3111 4526 3127 4562 :
3152 4511 3378 4563 animum
3407 4521 3578 4564 autem

2002 4603 2048 4657 si
2075 4620 2176 4657 non
2206 4602 2496 4672 recepisset,
2521 4600 2612 4656 sed
2636 4599 2800 4662 deitas
2825 4611 2900 4654 est
2926 4616 3040 4672 qua:
3065 4617 3126 4654 ea
3173 4603 3414 4666 vinceret,
3457 4604 3577 4654 nul-

2001 4695 2202 4747 latenus
2222 4708 2397 4746 eorum
2425 4707 2537 4762 qua
2558 4693 2699 4762 facta
2724 4701 2865 4759 sunt,
2897 4690 2966 4744 ad
2994 4708 3089 4744 nos
3117 4693 3319 4761 respicit
3350 4694 3594 4744 lucrum;

2001 4801 2115 4855 qua:
2158 4786 2290 4838 enim
2333 4783 2400 4835 ad
2446 4782 2845 4836 conversationis
2892 4783 3253 4853 perfectionem
3299 4781 3580 4834 similitudo

2003 4875 2208 4929 deitatis
2249 4883 2296 4927 et
2337 4874 2527 4926 anima:
2572 4873 2844 4926 humanae?
2889 4871 3062 4926 Etiam
3099 4873 3330 4925 videntur
3374 4868 3594 4923 Domini.

2004 4964 2287 5018 certamina
2315 4979 2420 5017 non
2461 4963 2530 5016 ad
2576 4978 2670 5016 nos
2716 4961 2992 5032 respiciens
3024 4961 3208 5014 habere
3245 4961 3460 5022 lucrum,
3491 4957 3594 5010 sed.

2004 5053 2360 5108 ostentationis
2398 5052 2669 5124 cujusdam
2707 5054 2876 5124 gratia
2913 5053 3072 5121 fuisse
3093 5067 3112 5104 :
3137 5048 3273 5118 quod
3295 5049 3338 5101 si
3367 5048 3462 5100 hoc
3502 5045 3581 5099 di-

1943 5171 1949 5176 -
2004 5159 2117 5196 cere
2144 5158 2245 5196 non
2268 5151 2344 5194 est
2372 5140 2614 5212 possibile
2639 5139 2855 5210 (certum
2875 5141 3063 5194 etenim
3092 5146 3166 5190 est
3192 5135 3326 5204 quod
3356 5135 3446 5187 illa
3469 5152 3592 5204 pru-

2006 5243 2117 5302 pter
2137 5249 2229 5286 nos
2259 5233 2399 5302 facta
2420 5240 2560 5294 sunt,
2579 5239 2625 5284 et
2655 5230 2823 5300 majus
2849 5239 3105 5284 certamen
3134 5226 3351 5280 instituit
3380 5225 3448 5278 ad
3468 5230 3580 5279 aui-

2006 5337 2104 5373 ma:
2127 5321 2412 5388 passiones,
2447 5321 2616 5373 minus
2655 5329 2822 5373 autem
2853 5318 2923 5371 ad
2948 5316 3144 5383 carnis)
3173 5325 3366 5384 quanto
3395 5324 3443 5369 ct
3471 5333 3584 5368 am-

2009 5410 2143 5479 plius
2182 5417 2230 5462 et
2274 5409 2436 5478 magis
2481 5409 2765 5476 inquietare
2792 5409 2908 5461 illos
2936 5404 3281 5477 contingebat,
3324 5413 3375 5460 et
3420 5405 3584 5475 magis

2010 5499 2100 5551 illa
2131 5508 2297 5561 erant,
2338 5513 2450 5566 qua:
2477 5507 2525 5550 et
2552 5499 2790 5567 ampliori
2813 5495 3114 5568 indigebant
3140 5497 3420 5562 medicina,
3447 5496 3586 5550 uide-

2009 5590 2125 5642 licet
2153 5587 2287 5658 quod
2313 5597 2361 5641 et
2389 5601 2596 5638 carnem
2624 5595 2672 5640 et
2695 5587 2922 5640 animum
2963 5602 3229 5641 assumens
3255 5603 3348 5658 pro
3374 5592 3587 5654 utroque
