4006 6190
455 272 521 327 ετ
1832 259 2039 317 VlGlLI

2144 260 2298 315 ΑΡίΕ
3632 273 3693 326 88

449 383 699 448 certabat,
744 382 1059 453 morti/imus
1102 383 1303 450 quidem
1342 382 1394 433 in
1436 394 1590 432 carne
1637 384 1928 449 peccatum,
1979 384 2027 428 et
2056 380 2099 436 Α
2131 376 2284 428 minis
2306 385 2543 428 naturam
2569 384 2617 429 et
2635 378 3174 444 personamsimilitcr.
3199 378 3418 444 Quando
3447 393 3613 438 autent
3635 386 3697 437 ad

448 482 783 526 mansuetans
810 471 917 543 ejus
948 471 1206 535 libidines,
1252 479 1303 522 et
1341 468 1494 537 facile
1520 464 1795 537 capiendas
1823 463 2022 517 meliori

448 552 650 614 ratione
696 561 884 615 anima:
925 560 1141 629 faciens,
1184 557 1427 610 erudiens
1468 565 1636 608 autem
1682 553 1927 614 animam,
1978 560 2027 603 et

447 658 738 702 exercitatis
759 656 807 701 et
829 664 949 701 suas
972 647 1235 716 passiones
1258 647 1476 707 uincere,
1501 652 1551 697 et
1570 643 1741 697 carnis
1765 642 2027 713 refrenare

450 734 708 803 libidines,
727 736 835 789 haec
856 745 1025 787 autem
1054 734 1218 788 deitas
1247 731 1543 786 inhabitans
1564 729 1891 802 operabatur,
1918 729 2027 783 haec

449 825 746 879 inhabitans
775 823 1071 878 medebatur
1094 826 1293 894 utrique
1314 840 1507 877 eorum.

1001 937 1175 1008 Vigilii
1201 939 1484 1005 responsio.

520 1027 579 1080 In
627 1014 987 1097 suprascripto
1037 1027 1290 1095 vigesimo
1329 1037 1521 1083 octavo
1559 1026 1793 1097 capitulo
1837 1027 2028 1080 iterum

451 1133 615 1187 purus
651 1117 812 1171 homo
840 1116 1407 1181 Christus'inJucitur,
1446 1118 1537 1187 qui
1582 1118 1791 1172 ratione
1817 1116 2025 1180 animae,

453 1207 693 1276 corporis
722 1205 914 1262 dicitur
941 1217 1248 1264 mansuetas
1282 1207 1479 1263 fecisse
1508 1207 1773 1271 libidines,
1810 1213 1865 1261 et
1903 1220 2028 1261 eru-

454 1298 595 1352 disse
622 1298 873 1363 animam,
907 1309 961 1353 et
984 1299 1309 1353 exercitasse
1337 1314 1479 1366 eam,
1511 1309 1567 1352 ut
1595 1298 1871 1369 passiones
1907 1311 2032 1351 suas

454 1389 713 1456 vinceret,
759 1395 816 1444 et
862 1390 1039 1443 carnis
1068 1389 1121 1443 in
1153 1404 1212 1444 se
1258 1388 1505 1445 libidines
1548 1389 1881 1445 refrenarct:
1912 1403 2032 1457 qua:

456 1486 634 1532 tamen
680 1485 935 1547 utraque,
980 1477 1246 1533 mediante
1287 1478 1504 1544 deitate,
1551 1487 1825 1548 operatam
1873 1476 2033 1533 fuisse

454 1567 585 1621 dicit
607 1568 838 1622 animam
865 1585 877 1620 :
902 1548 969 1622 ui
976 1568 1267 1624 secundum
1289 1568 1403 1623 haec
1421 1567 1534 1636 jam
1553 1582 1653 1623 nec
1674 1568 1846 1637 ipsum
1868 1582 2030 1622 unum

360 1660 371 1677 ⁸
458 1657 812 1728 eunulemque
840 1656 1018 1713 Jesum
1048 1656 1316 1712 Christum
1350 1656 1696 1711 mediatorem
1729 1657 1820 1710 Dei
1849 1663 1901 1711 et
1931 1656 2029 1711 ho-

2128 466 2537 535 conjunctionem
2604 467 2935 536 respiciamus
2960 509 2974 533 ,
3033 484 3189 523 unam
3258 488 3532 541 personam
3588 483 3698 528 tunc

2128 557 2365 611 dicimus.

2671 671 2845 743 Vigilii
2883 675 3163 742 responsio.

2198 783 2256 835 In
2285 783 2648 852 suprascripto
2678 784 2951 852 trigesimo
2994 785 3229 853 capitulo
3258 787 3490 855 pessimo
3518 802 3700 843 exem-

2130 873 2221 942 plo
2250 881 2486 928 tentatur
2531 875 2776 939 ostendi,
2808 876 3080 944 quomodo
3109 892 3214 931 una
3246 893 3474 947 persona
3504 880 3700 935 Christi

2132 962 2300 1033 possit
2340 964 2579 1031 intelligi,
2634 964 2685 1017 id
2726 975 2829 1029 est,
2860 967 3000 1020 sicut
3043 965 3110 1023 de
3137 966 3251 1021 viro
3279 976 3334 1022 et
3376 969 3445 1023 de
3484 969 3702 1026 muliere

2132 1051 2576 1106 convenientibus
2604 1053 2817 1121 legitur,
2848 1055 2925 1109 sic
2951 1062 3008 1109 et
3034 1055 3087 1110 in
3108 1055 3322 1111 Christo
3349 1058 3592 1113 discretis
3620 1075 3704 1113 na-

2134 1141 2264 1198 turis
2286 1141 2443 1210 quasi
2490 1157 2648 1197 unam
2687 1157 2807 1197 esse
2836 1158 3118 1212 personam
3150 1161 3165 1198 :
3207 1154 3265 1199 et
3297 1147 3538 1215 sequitur
3579 1164 3706 1218 pen

2131 1229 2328 1305 fectum
2355 1245 2476 1286 esse
2498 1237 2771 1285 ‘naturam
2818 1232 2912 1286 Dei
2942 1232 3129 1298 Verbi,
3173 1244 3228 1289 et
3255 1233 3543 1304 perlectam
3580 1253 3698 1306 per-

2133 1335 2320 1375 sonam
2363 1357 2377 1379 .
2448 1328 2504 1374 et
2564 1319 2855 1390 perfectam
2934 1322 3163 1377 hominis
3239 1332 3486 1378 naturam
3548 1337 3705 1395 atque

2134 1422 2441 1479 personam,
2495 1414 2551 1463 et
2590 1408 2878 1463 similiter:
2925 1410 3067 1465 unde
3113 1421 3335 1481 apparet
3372 1413 3497 1482 quia
3550 1424 3607 1469 et
3642 1415 3707 1470 de

2134 1497 2381 1565 exemplo
2408 1498 2506 1553 viri
2535 1512 2599 1552 ac
2625 1498 2862 1554 mulieris
2885 1537 2899 1564 ,
2933 1500 3020 1554 ubi
3068 1500 3187 1556 duae
3213 1516 3456 1570 persona:
3480 1513 3623 1570 sunt,
3654 1515 3707 1562 et

2134 1586 2201 1641 de
2228 1586 2312 1663 his
2334 1602 2449 1657 que
2476 1596 2792 1657 sequuntur,
2822 1591 3032 1645 tametsi
3057 1599 3260 1647 tacetur
3282 1608 3538 1649 numerus
3554 1633 3570 1660 ,
3592 1594 3707 1649 dua:

2136 1687 2315 1735 autem
2358 1678 2687 1735 inducuntur
2735 1681 2891 1737 unius
2919 1679 3115 1739 Christi
3145 1698 3406 1751 personae.
3437 1684 3591 1751 Quod
3618 1686 3706 1753 qui

458 1750 656 1803 minnm
683 1749 994 1817 habeamus,
1020 1750 1117 1804 sed
1144 1750 1294 1805 carni
1318 1758 1373 1804 et
1399 1749 1589 1804 anima:
1614 1746 1893 1843 mediatria
1914 1746 2032 1802 dei-
2064 1740 2110 1798 B
2137 1769 2210 1824 ita
2248 1770 2405 1842 sapit,
2447 1770 2632 1838 docet,
2663 1771 2835 1826 cred“
2876 1779 2968 1826 aut
2995 1740 3267 1843 praedicat,
3298 1740 3586 1831 ωηιιῇηιέ
3616 1740 3701 1831 εξι,

460 1851 541 1894 tas
564 1841 725 1897 fuisse
754 1841 1016 1896 videatur.
1049 1841 1150 1908 Qui
1182 1842 1342 1910 igitur
1384 1841 1499 1896 haec
1546 1840 1618 1893 ita
1657 1840 1813 1909 sapit,
1853 1838 2032 1906 docet,

457 1931 629 1986 credit
657 1940 750 1985 aut
772 1930 1042 2000 praedicat,
1076 1931 1362 1987 anathema
1396 1930 1484 1985 sit.

862 2056 1127 2097 τιιιιςοοοιι
1155 2057 1454 2097 CAPITULO!
1486 2058 1630 2096 XXII.
1710 2088 1717 2097 ,

532 2133 638 2188 Sed
665 2136 710 2188 si
738 2149 859 2191 caro
883 2142 1012 2195 erat,
1044 2134 1229 2203 inquit,
1257 2133 1529 2202 cruci/iu,
1561 2132 1812 2201 quomodo
1842 2134 1920 2187 sol
1949 2149 2034 2186 ra-

461 2226 572 2279 dios
594 2224 794 2290 avertit,
815 2231 864 2276 et
888 2221 1106 2277 tenebrae
1130 2233 1500 2294 occupauerunt
1524 2231 1715 2277 terram
1736 2239 1953 2288 omnem,
1985 2231 2037 2276 et

460 2326 799 2380 terminatus,
854 2324 907 2369 et
945 2325 1103 2386 petrae
1129 2314 1568 2386 dirumpebantur,
1618 2324 1668 2367 et
1706 2316 1892 2369 mortui
1920 2331 2037 2368 sur-

460 2406 742 2461 rexerunt?
763 2404 901 2469 Quid
920 2407 1077 2477 igitur
1102 2406 1279 2459 dicant
1304 2414 1352 2460 et
1393 2407 1455 2459 de
1483 2404 1699 2460 tenebris
1720 2408 1773 2460 in
1804 2405 2035 2477 zEgypto

462 2497 614 2567 factis
644 2494 956 2565 temporibus
981 2493 1201 2566 Moysis,
1242 2512 1345 2549 non
1375 2512 1465 2565 per
1492 2506 1598 2549 tres
1627 2497 1800 2560 horas,
1831 2498 1921 2550 sed
1947 2513 2038 2567 per

462 2595 565 2642 tres
592 2585 743 2639 dies?
787 2585 911 2656 quid
936 2596 1106 2639 autem
1144 2594 1353 2656 propter
1376 2585 1483 2639 alia
1518 2602 1609 2657 per
1636 2585 1870 2657 Mogsem
1896 2588 2038 2657 facta

461 2676 752 2729 miracula?
788 2684 839 2728 et
876 2691 989 2746 qua:
1016 2692 1107 2744 per
1153 2674 1333 2730 Jesum
1363 2673 1530 2741 Nave,
1572 2676 1659 2746 qui
1695 2679 1854 2729 solem
1898 2685 2040 2730 stare

464 2766 623 2836 fecit?
651 2767 736 2836 qui
761 2766 841 2821 sol
864 2774 915 2819 et
940 2766 994 2820 in
1018 2765 1325 2837 temporibus
1352 2764 1589 2819 Ezechite
1620 2766 1754 2836 regis
1783 2775 1834 2819 et
1857 2774 2039 2820 contra

462 2864 702 2911 naturam
728 2865 982 2911 retrorsus
1001 2857 1115 2910 est?
1135 2855 1206 2909 Et
1230 2856 1293 2909 de
1314 2854 1495 2910 Ε’ιὶδωὶ
1515 2856 1745 2926 reliquiis
1768 2871 1881 2927 qua!
1901 2872 2040 2910 mor-

466 2955 605 2999 tuum
635 2946 986 3000 suscitarunt?
1014 2945 1076 3000 Si
1101 2947 1238 3001 enim
1274 2945 1493 3000 Verbum
1520 2945 1686 3001 Deum
1709 2963 1917 3017 passum
1945 2946 2039 3001 de-

466 3045 759 3093 monstrant
785 3051 899 3106 quae
922 3038 978 3092 in
1008 3053 1158 3090 cruce
1199 3039 1341 3108 facta
1368 3046 1507 3105 sunt,
1546 3046 1597 3092 et
1633 3046 1842 3109 propter
1869 3037 2036 3092 homi-

467 3144 583 3181 nem
611 3144 715 3182 non
741 3129 1027 3184 concedunt
1064 3131 1204 3201 facta
1232 3145 1372 3194 esse;
1402 3115 1467 3183 'et
1495 3146 1609 3200 quas
1646 3132 1700 3185 in
1729 3129 2041 3202 temporibus

466 3218 685 3290 Moysis,
719 3229 926 3291 propter
953 3237 1110 3291 genus
1145 3220 1405 3274 Abraham
1430 3237 1533 3275 non
1572 3230 1739 3287 erant,
1770 3231 1819 3276 et
1845 3238 1960 3294 qua:
1985 3224 2041 3277 in

467 3312 778 3385 temporibus
804 3310 929 3365 Iesu
954 3308 1121 3376 Nave,
1145 3319 1195 3364 et
1221 3327 1335 3381 qua:
1357 3312 1412 3365 in
1435 3310 1675 3366 Ezechiae
1703 3314 1839 3384 regis
1865 3328 1882 3366 :
1907 3312 2043 3384 quod

466 3401 513 3455 si
556 3400 647 3454 illa
692 3411 902 3471 propter
934 3398 1235 3455 Judteorum
1282 3403 1525 3471 populum
1570 3402 1874 3456 mirabiliter
1902 3405 2044 3473 facta

465 3500 608 3556 sunt,
655 3490 905 3559 quomodo
935 3506 1037 3544 non
1065 3492 1230 3561 magis
1274 3506 1388 3561 quae
1432 3493 1486 3544 in
1528 3506 1678 3546 cruce
1716 3493 1858 3563 facta
1901 3501 2039 3560 sunt,

469 3586 680 3649 prapter
702 3578 799 3633 Dei
830 3578 979 3634 Verbi
1003 3580 1247 3649 templum
1262 3581 1288 3633 ?

1019 3690 1194 3761 Vigilii
1232 3694 1514 3762 responsio.

542 3777 598 3832 In
627 3780 985 3848 suprascripto
1013 3779 1272 3847 vigesimo
1296 3794 1439 3835 nono
1462 3780 1715 3850 capitulo,
1746 3781 1869 3836 dum
1891 3783 2045 3851 quasi

472 3868 786 3938 Apollinari,
812 3869 900 3938 qui
924 3868 1158 3923 divinam
1182 3877 1425 3924 naturam
1449 3870 1786 3940 passionibus
1812 3871 2047 3943 implica-

473 3962 583 4022 bat,
617 3959 1018 4026 contradicitur,
1044 3976 1073 4015 a
1102 3972 1251 4016 recto
1274 3963 1485 4017 tramite
1511 3963 1829 4030 declinatur,
1854 3972 1910 4019 et
1928 3979 2047 4020 mo-

473 4052 572 4107 dus
593 4051 901 4106 assertionis
925 4049 1196 4105 excuditur
1212 4091 1228 4115 ,
1272 4059 1328 4105 ut
1357 4068 1520 4120 purus
1547 4053 1708 4108 homo
1730 4052 2048 4124 pependisse

472 4149 690 4209 piantur
735 4140 786 4194 in
835 4154 1014 4194 cruce.
1046 4138 1111 4192 Et
1150 4140 1273 4195 ideo
1312 4140 1403 4209 qui
1450 4142 1554 4196 hoc
1574 4142 1646 4195 ita
1670 4142 2043 4213 sapit,docet,

472 4229 642 4285 credit
687 4236 780 4283 aut
831 4228 1079 4297 praedicat
1106 4269 1120 4292 ,
1153 4237 1208 4283 et
1247 4245 1352 4283 non
1382 4228 1651 4286 Christum
1675 4231 1839 4287 Deum
1862 4248 2045 4287 verum

472 4321 718 4384 credens,
741 4327 996 4375 manente
1023 4319 1337 4389 impassibili
1359 4320 1581 4387 deitate,
1604 4322 1853 4378 eumdem
1881 4338 2046 4378 carne

472 4411 687 4482 propria
714 4426 927 4481 passum
951 4424 1072 4466 esse
1100 4408 1406 4477 conﬁtetur,
1429 4412 1710 4466 anathema
1732 4413 1817 4467 sit.

875 4538 1138 4578 TIEODORI
1177 4538 1473 4577 εΑΡιτυιωι
1512 4540 1580 4577 XX
1590 4539 1636 4577 Χ.

544 4612 878 4685 Hanifestum
931 4624 1007 4668 est
1054 4625 1221 4668 autem
1261 4616 1395 4686 quod
1435 4616 1609 4670 unitas
1652 4619 1925 4671 conuenit:
1957 4635 2048 4688 per

470 4722 583 4758 eam
609 4706 743 4758 enim
772 4711 973 4757 natura:
1002 4704 1228 4759 collecta:
1266 4721 1423 4758 unam
1469 4721 1738 4774 personam
1766 4708 2045 4760 secundum

469 4795 719 4846 unitatem
741 4792 1033 4861 effecerunt.
1070 4793 1214 4848 Sicut
1236 4795 1372 4848 enim
1394 4795 1460 4847 de
1487 4796 1653 4849 viroet
1681 4795 1893 4849 muliere
1912 4797 2045 4851 dici-

471 4895 570 4949 tur,
596 4884 728 4956 quod
743 4884 860 4955 jam
882 4901 983 4939 non
1000 4893 1117 4938 sunt
1146 4885 1268 4950 duo,
1292 4886 1382 4939 sed
1399 4902 1502 4939 una
1523 4903 1643 4939 caro
1660 4885 1870 4957 (Matth.
1896 4885 2043 4958 xxx);

470 4977 703 5029 dicamus
728 4986 774 5028 et
803 4991 898 5029 nos
926 4975 1301 5029 rationabiliter
1324 4977 1600 5030 secundum
1642 4978 1855 5031 unitatis
1880 4980 2045 5032 ratio—

469 5082 606 5122 nem.
632 5067 874 5137 quoniam
898 5082 1000 5120 non
1025 5076 1141 5120 sunt
1164 5067 1282 5121 duce
1308 5083 1564 5137 personae,
1594 5068 1683 5121 sed
1711 5084 1833 5133 una,
1855 5069 2046 5123 scilicet

472 5158 672 5210 naturis
725 5155 978 5209 discretis.
1025 5155 1175 5211 Sicut
1220 5157 1357 5209 enim
1390 5156 1463 5210 ibi
1492 5173 1595 5212 non
1641 5166 1789 5211 nocet
1834 5175 2044 5213 numero

470 5244 689 5297 duorum
725 5261 881 5299 unam
919 5245 1019 5299 dici
1048 5261 1255 5299 carnem
1278 5245 1492 5317 (certum
1515 5256 1591 5301 est
1612 5249 1747 5301 enim
1768 5249 2045 5302 secundum

466 5333 606 5403 quod
632 5350 738 5386 una
759 5335 967 5405 dicitur)
994 5337 1106 5400 ;ita
1135 5345 1183 5389 et
1204 5336 1286 5389 hic
1311 5352 1413 5391 non
1441 5345 1588 5391 nocet
1613 5348 1915 5393 naturarum
1941 5342 2048 5411 dif-

469 5424 702 5494 ferentiae
728 5440 959 5493 persona:
984 5427 1176 5479 unitas.
1209 5423 1429 5489 Quando
1448 5428 1601 5481 etiam
1630 5437 1680 5481 et
1706 5438 1920 5484 naturas
1940 5430 2047 5486 dis-

469 5516 741 5579 cernimus,
782 5518 1062 5587 perfectam
1109 5526 1351 5570 naturam
1394 5515 1490 5571 Dei
1539 5516 1690 5571 Verbi
1719 5518 1957 5588 dicimus,
1999 5531 2049 5574 et

469 5608 749 5675 perfectam
788 5622 1059 5675 personam
1090 5621 1107 5659 :
1146 5622 1239 5660 nec
1266 5610 1400 5661 enim
1426 5610 1538 5663 sine
1575 5624 1794 5679 persona
1821 5618 1896 5662 est
1925 5610 2039 5664 sub-

469 5697 757 5749 sistcnliam
800 5695 968 5748 dicere
1016 5696 1292 5764 perfectam
1323 5713 1339 5750 :
1370 5698 1648 5765 perlectam
1677 5707 1845 5751 autem
1873 5707 1921 5751 et
1952 5699 2049 5752 Ito-

2533 1897 2799 1937 TIIEODORI
2835 1897 3135 1938 ολριτυιωί
3172 1901 3315 1940 XIII.

2207 1992 2313 2048 Sed
2338 1991 2598 2047 Christum
2622 1993 2824 2064 quidem
2855 1994 3130 2048 secundum
3159 2011 3366 2051 carnem
3394 2008 3443 2052 et
3469 2016 3707 2072 assump-

2137 2094 2241 2139 tum
2261 2086 2392 2139 servi
2413 2087 2653 2156 formam,
2678 2101 2793 2139 eum
2821 2095 2991 2140 autem
3010 2088 3237 2159 quiIeam
3265 2092 3543 2159 assumpsit
3562 2108 3709 2160 super

2136 2178 2309 2231 omnia
2347 2178 2622 2231 nominans
2666 2175 2862 2241 Deum,
2908 2177 3082 2230 intulit
3112 2186 3278 2232 tamen
3303 2179 3396 2232 hoc
3436 2180 3709 2234 secundum

2135 2266 2572 2336 conjunctionem;
2594 2275 2650 2318 ut
2674 2282 2763 2336 per
2787 2266 3214 2335 significationem
3242 2269 3523 2333 nominum,
3555 2280 3709 2324 natu-

2137 2373 2312 2411 rarum
2339 2357 2669 2426 manifestam
2693 2356 2994 2410 divisionem
3015 2357 3195 2427 faciat.
3230 2356 3394 2412 Nemo
3423 2358 3597 2430 igitur,
3630 2378 3713 2414 ne-

2137 2463 2232 2519 que
2275 2463 2388 2501 eum
2433 2446 2519 2517 qui
2574 2445 2851 2500 secundum
2879 2462 3085 2500 carnem
3128 2461 3193 2500 ex
3226 2446 3422 2503 Judwis
3450 2457 3544 2514 est,
3574 2449 3710 2505 dicat

2139 2537 2325 2603 Deum,
2368 2553 2462 2591 nec
2504 2538 2689 2591 iterum
2714 2535 2901 2604 Deum,
2924 2538 3012 2608 qui
3034 2546 3109 2592 est
3132 2553 3283 2609 super
3307 2540 3500 2609 omnia,
3531 2556 3711 2596 secun-

2139 2627 2260 2681 dum
2283 2643 2489 2682 carnem
2516 2641 2580 2680 ex.
2599 2624 2818 2680 Judazis.

2676 2735 2855 2807 Vigilii
2890 2741 3175 2808 responsio.

2209 2826 2265 2881 In
2291 2825 2651 2896 suprascripto
2673 2826 2947 2895 trigesimo
2974 2828 3147 2897 primo
3175 2829 3431 2899 capitulo,
3458 2831 3511 2885 in
3537 2846 3710 2902 expo-

2139 2916 2334 2971 sitione
2353 2930 2472 2985 quae
2511 2915 2580 2969 de
2623 2914 2870 2985 symbolo
2894 2925 3252 2972 trecentorum
3295 2919 3477 2974 decem
3506 2929 3562 2976 et
3587 2930 3712 2978 octo

2143 3005 2363 3062 Patrum
2409 3005 2551 3062 facta
2579 3006 2791 3062 videtur
2812 3047 2827 3073 ,
2857 3022 2963 3062 non
2994 3008 3166 3063 solum
3195 3008 3381 3065 divisio
3405 3019 3713 3069 naturarum

2070 3106 2114 3167 (ζ
2144 3096 2421 3161 asseritur,
2450 3096 2546 3153 sed
2572 3104 2627 3152 et
2654 3096 2900 3153 absolute
2926 3096 3153 3153 dicendo
3176 3138 3190 3163 ,
3238 3113 3413 3167 neque
3451 3116 3573 3157 eum
3621 3101 3713 3170 qui

2142 3189 2436 3245 secundum
2464 3202 2681 3243 carnem
2710 3200 2779 3243 ex
2811 3184 3008 3243 Iudaeis
3037 3189 3208 3243 nudus
3228 3189 3426 3245 deitate
3451 3191 3633 3258 homo,
3658 3201 3715 3247 et

2141 3293 2308 3350 purus
2332 3278 2447 3335 sine
2473 3291 2638 3333 carne
2690 3276 2853 3343 Deus,
2881 3277 3033 3347 quasi
3078 3292 3318 3333 seorsum
3371 3287 3428 3334 et
3470 3293 3714 3335 seorsum
3802 3267 3819 3277 ’

2142 3370 2261 3427 duae
2299 3368 2717 3441 pronuntiantur
2755 3381 2875 3424 esse
2909 3382 3170 3440 personae.
3219 3367 3275 3425 Si
3303 3369 3420 3438 quis
3444 3383 3571 3439 ergo
3599 3370 3715 3427 hzec

2142 3463 2217 3517 ita
2238 3460 2402 3532 sapit,
2441 3461 2619 3527 docet,
2651 3457 2827 3516 credit
2876 3467 2970 3514 aut
3009 3462 3283 3530 prmdicat,
3324 3471 3378 3517 et
3418 3477 3525 3517 non
3553 3462 3632 3518 sic
3660 3463 3717 3519 in

2144 3564 2252 3605 ulto
2279 3548 2498 3606 Christo
2529 3548 2707 3603 unitas
2745 3546 3037 3604 conﬁtetur
3061 3564 3180 3605 esse
3206 3558 3425 3607 naturas
3447 3590 3462 3615 ,
3511 3560 3569 3607 ut
3594 3568 3717 3623 per-

2142 3656 2289 3697 sona:
2316 3641 2429 3696 sive
2456 3640 3185 3711 subsistentim‘singularitas
3211 3650 3554 3713 agnoscatur,
3582 3660 3717 3701 ana-
3793 3648 3803 3657 '

2145 3730 2324 3785 thema
2351 3729 2440 3784 sit.

2521 3858 2786 3899 THIODORI
2823 3860 3121 3900 οΑΡιτυιωι
3158 3862 3321 3900 XXXII.

2214 3932 2395 3987 Jesum
2440 3933 2583 3988 enim
2610 3932 2740 3988 dicit
2777 3949 2808 3987 a
2852 3933 3139 4001 Nazareth,
3189 3950 3350 4004 quem
3394 3938 3544 3993 unxit
3577 3937 3721 3995 Deus

2146 4016 2347 4092 Spiritu
2374 4031 2560 4078 sancto
2589 4030 2644 4078 et
2658 4024 2854 4078 virtute
2884 4025 3019 4094 (Act.
3050 4025 3105 4094 Χ)
3132 4043 3145 4079 :
3177 4027 3262 4094 qui
3286 4036 3453 4082 autem
3480 4027 3571 4082 Dei
3599 4028 3720 4101 Spi-

2146 4116 2249 4169 ritu
2271 4125 2450 4168 unctus
2488 4124 2591 4181 est,
2622 4116 2828 4169 omnino
2853 4115 3049 4187 aliquid
3074 4116 3196 4170 inde
3239 4119 3534 4188 assumpsit.
3588 4117 3720 4183 Quis

2147 4214 2317 4259 autent
2356 4206 2530 4276 furens
2572 4204 2711 4259 dicat
2738 4204 2801 4259 de
2828 4202 3027 4275 Sp.ritu
3055 4206 3249 4277 aliquid
3276 4211 3612 4279 assumpsisse
3640 4211 3723 4264 di-

2146 4298 2318 4350 vinam
2344 4306 2609 4361 naturam;
2638 4312 2843 4351 necnon
2871 4304 2919 4350 et
2947 4297 3274 4368 participem?
3286 4300 3563 4371 participes
3582 4301 3723 4356 enim

2147 4389 2259 4457 ejus
2298 4388 2531 4441 videlicet
2569 4396 2713 4441 vocat
2752 4389 2840 4458 qui
2874 4396 2922 4442 et
2946 4389 3047 4458 ipsi
3089 4391 3228 4443 uncti
3256 4401 3412 4456 sunt;
3436 4392 3522 4462 qui
3551 4402 3725 4449 autem

2148 4478 2286 4530 uncti
2315 4487 2463 4543 sunt,
2494 4486 2542 4531 et
2570 4479 2625 4531 in
2663 4478 2758 4531 hoc
2804 4477 3079 4547 participes
3107 4479 3218 4547 ejus
3235 4479 3376 4550 juste
3424 4482 3571 4551 facti,
3618 4499 3725 4536 non

2150 4569 2300 4621 aliter
2324 4569 2586 4623 unctiones
2614 4569 2990 4622 communicare
3015 4567 3256 4621 dicuntur
3278 4607 3293 4633 ,
3318 4570 3417 4623 nisi
3444 4571 3491 4623 ei
3519 4572 3604 4641 qui
3633 4588 3725 4623 as-

2148 4668 2379 4730 sumptus
2405 4670 2480 4714 est
2503 4677 2522 4713 :
2566 4660 2662 4715 hoc
2706 4662 2875 4730 ipsum
2922 4667 3092 4712 autem
3140 4660 3537 4726 demonstratur,
3590 4674 3726 4735 quod

2147 4750 2429 4804 mercedem
2443 4752 2641 4821 justam
2663 4749 2861 4819 accepit
2880 4746 3034 4804 :.Pto
3059 4748 3161 4804 hoc
3189 4750 3553 4821 enim,inquit,
3582 4751 3727 4821 quod

2146 4840 2377 4895 dilexisti
2401 4838 2682 4907 justitiam,
2715 4846 2769 4893 et
2788 4837 2947 4894 odisti
2978 4839 3331 4909 iniquitatem,
3357 4856 3455 4910 pro
3482 4841 3564 4895 his
3590 4858 3737 4912 pne-

2151 4931 2361 5000 cipuam
2389 4930 2698 4986 unctionem
2722 4930 2983 4986 meruisti.

2694 5038 2869 5111 Vigilii
2910 5039 3192 5112 responsio.

2220 5156 2277 5211 In
2300 5155 2663 5225 suprascripto
2687 5154 2958 5221 trigesimo
2986 5152 3224 5208 secundo
3245 5150 3483 5221 capitulo
3504 5152 3557 5207 in
3579 5168 3730 5208 com-

2152 5245 2609 5323 mento’Epistola:
2647 5242 2717 5299 ad
2747 5242 2999 5298 lichanos
3045 5242 3330 5297 adhibetur
3375 5241 3507 5297 illud
3562 5241 3730 5305 Petri,

2154 5337 2243 5392 ubi
2271 5337 2405 5391 dixit
2433 5354 2445 5388 :
2475 5334 2655 5388 Iesum
2695 5350 2726 5386 a
2768 5331 3053 5395 Nazareth,
3084 5347 3228 5403 quem
3254 5334 3404 5386 unxit
3435 5332 3576 5386 Deus
3600 5332 3730 5401 Spi-

2152 5433 2254 5484 ritu
2280 5436 2457 5483 sancto
2479 5436 2527 5482 et
2548 5428 2748 5491 virtute,
2780 5432 2835 5479 et
2864 5424 3090 5477 infertur
3123 5440 3136 5476 :
3168 5422 3268 5489 Qui
3292 5432 3469 5479 autem
3500 5424 3729 5493 DoiSpi-

2153 5520 2259 5574 ritu
2287 5526 2478 5573 unctus
2503 5525 2585 5572 est
2607 5555 2623 5581 ,
2665 5512 2974 5570 omnimodo
3002 5514 3203 5584 aliquid
3247 5516 3367 5571 inde
3397 5531 3640 5586 assumps
3709 5535 3725 5581 ;

2153 5615 2206 5663 et
2232 5607 2442 5660 additur
2475 5624 2487 5659 :
2533 5603 2662 5671 Quis
2689 5612 2870 5657 autem
2904 5602 3086 5659 furens
3113 5603 3256 5659 dicat
3300 5605 3366 5659 de
3395 5604 3593 5674 Spiritu
3627 5611 3727 5661 ati-
3792 5594 3795 5597 ’

2152 5697 2279 5766 quid
2308 5696 2655 5766 assumpsisse
2703 5694 2936 5752 d.vinam
2969 5703 3210 5753 naturam
3234 5697 3257 5751 ?
3297 5710 3393 5766 per
3419 5711 3537 5766 qua:
3565 5698 3727 5752 verba
