4006 6190
2980 220 3003 260 \

273 309 342 368 ss
386 272 395 285 ’
1462 308 1814 367 armetis
1851 309 1859 363 1

1976 310 2309 366 DECRETA.
3087 325 3099 339 ‘
3122 360 3132 370 .
3452 318 3517 373 90

275 440 435 497 purus
458 425 620 479 homo
635 421 879 478 Christus
908 422 1191 486 inducitur,
1217 422 1309 490 qui
1335 422 1588 478 unctione
1617 421 1846 491 Spiritus
1873 425 1921 483 Α
1950 420 2275 491 baptizatum
2303 423 2497 478 dicitur
2525 441 2540 478 :
2569 424 2704 493 Quia
2733 434 2950 482 renatus
2975 425 3112 481 alter
3134 425 3308 482 lactus
3342 437 3427 482 est
3453 442 3514 482 es

271 515 441 571 sancti
481 513 753 585 particeps
795 511 967 568 factus
992 512 1062 568 sit
1103 510 1295 568 divina:
1339 521 1580 576 naturae,
1609 512 1747 567 sicut
1793 519 1849 564 et

274 604 363 657 alii
386 621 399 655 :
427 611 481 657 et
505 600 769 656 mercedis
793 600 953 669 justte
996 600 1249 664 nomine,
1280 600 1402 669 quia
1425 599 1674 656 dilexerit
1694 599 1851 668 justi-

274 695 399 748 tiam
428 735 443 760 ,
485 702 542 747 ct
586 691 764 747 oderit
813 691 1168 761 iniquitatem,
1222 692 1548 762 praecipuam
1595 691 1851 747 meruerit

273 787 598 843 unctionem.
642 784 746 853 Qui
793 800 923 856 ergo
971 785 1045 839 ita
1084 784 1253 855 sapit,
1288 784 1484 853 'docet,
1540 782 1710 839 credit
1757 790 1851 838 aut

270 879 540 953 prxdicat,
561 880 851 932 anathema
878 877 965 931 sit.

655 1006 920 1048 τῐηῖθῐὶοιῐῐ
957 1006 1257 1046 CAPITULUM
1293 1004 1474 1045 XXXIII.

340 1085 531 1151 Babbi,
561 1094 618 1139 tu
640 1100 699 1138 es
720 1084 886 1138 Filius
912 1083 1023 1146 Dei,
1051 1092 1184 1138 tues
1202 1098 1298 1136 rex
1319 1079 1481 1134 Israel
1506 1097 1519 1131 :
1549 1079 1645 1132 hoc
1673 1086 1771 1145 est,
1795 1086 1850 1131 tu

268 1198 323 1233 es
348 1179 434 1232 ille
462 1177 549 1246 qui
570 1177 633 1230 de
662 1177 811 1247 longe
839 1175 1149 1245 pra'dicatus
1174 1190 1229 1227 es
1259 1172 1491 1227 Christus
1514 1188 1533 1225 :
1555 1172 1664 1224 [nec
1713 1170 1850 1224 enim

270 1268 461 1320 sriliret
493 1266 559 1319 de
588 1265 790 1319 Christo
819 1262 1084 1334 sperabat,
1117 1264 1249 1316 sicut
1272 1261 1548 1317 domestico
1576 1260 1850 1315 constituto

270 1367 457 1425 pra'ter
476 1373 652 1411 omnes
683 1356 808 1409 Deo.

651 1479 918 1518 THDODORI
956 1477 1255 1517 οΑΡΠύιυιι
1292 1476 1472 1516 XXXIV.

338 1555 520 1610 Certus
531 1552 741 1624 quidem
759 1564 808 1605 ct
830 1555 940 1622 ipse
964 1561 1075 1605 erat
1103 1548 1272 1602 Filius
1301 1548 1419 1610 Dei,
1447 1564 1550 1600 non
1572 1532 1873 1599 secundum-

269 1647 477 1698 deitetis
502 1645 684 1698 dicens
714 1644 1062 1707 nativitatem,
1092 1642 1183 1696 sed
1209 1640 1487 1694 secundum
1512 1639 1646 1709 quod
1668 1639 1847 1693 dome-

1949 512 2151 580 altero,
2182 529 2287 567 non
2313 513 2425 584 jam
2474 530 2600 584 pars
2639 516 2805 571 Adam
2855 517 3125 573 mutabilis
3180 528 3237 574 et
3276 521 3516 589 peccatis

1950 602 2293 670 circumfusi,
2326 604 2417 660 sed
2443 603 2634 660 Christi
2656 645 2672 671 ,
2702 607 2793 676 qui
2820 607 3040 663 omnino
3069 608 3406 678 incnlpabilis
3425 624 3518 679 per

1948 696 2395 751 resurrectionem
2446 695 2622 753 factus
2644 705 2726 753 est
2755 716 2769 751 :
2804 699 2998 767 quibus
3039 699 3213 754 verbis
3247 697 3519 756 Christum

1949 793 2075 841 ante
2104 788 2585 851 resurrectionem,
2616 790 2764 858 quod
2804 790 2980 857 absit,
3026 790 3141 846 vult
3162 791 3332 847 videri
3357 790 3521 850 fuisse

1950 877 2287 945 culpabilem.
2319 876 2420 944 Qui
2443 891 2569 946 ergo
2600 878 2716 934 hinc
2745 879 2904 949 sapit,
2951 879 3111 935 docet
3131 888 3225 935 aut
3242 880 3519 951 pradicat,

1950 969 2237 1024 anathema
2266 969 2354 1024 sit.

2312 1097 2576 1138 THEODORI
2613 1098 2910 1138 εΑΡιτυιυιι
2949 1100 3149 1140 XXXVII.

2026 1193 2095 1248 Ut
2137 1195 2351 1248 multum
2377 1194 2578 1265 quidem
2606 1196 2716 1265 ejus
2747 1197 2938 1266 faceret
2967 1196 3288 1265 diligentiam
3308 1237 3324 1261 ,
3347 1197 3522 1251 omnia

1951 1293 2119 1336 autem
2172 1284 2310 1336 illius
2363 1286 2574 1352 propria
2615 1286 2806 1355 faceret
2847 1293 2899 1338 et
2944 1285 3201 1349 toleraret,
3230 1302 3321 1356 per
3346 1300 3523 1339 omnes

1951 1371 2226 1425 conductus
2250 1372 2529 1439 passiones,
2558 1390 2649 1441 per
2672 1389 2797 1443 quas
2814 1390 2925 1427 eum
2948 1374 3227 1429 secundum
3246 1391 3393 1429 suam
3420 1377 3524 1431 vir—

1951 1467 2108 1511 tutem
2135 1460 2414 1529 perfectum
2436 1461 2576 1529 fecit,
2592 1477 2684 1513 nec
2712 1478 2744 1513 a
2765 1463 2980 1517 mortuis
3008 1463 3284 1515 secundum
3308 1479 3415 1517 sua:
3436 1480 3524 1517 na-

1951 1557 2081 1602 tura:
2116 1549 2277 1618 legem
2320 1550 2579 1614 recedens,
2610 1553 2698 1604 sed
2720 1568 2814 1605 sua
2843 1554 3122 1619 praesentia
3148 1562 3200 1608 et
3227 1555 3524 1623 operatione

1954 1648 2002 1691 et
2029 1639 2199 1708 gratia
2225 1637 2449 1694 liberans
2478 1656 2590 1693 eum
2635 1642 2839 1712 quidem
2881 1642 2945 1695 de
2964 1651 3126 1697 morte
3163 1651 3211 1697 et
3238 1643 3390 1698 malis
3412 1657 3527 1714 qua

264 1739 428 1791 sticus
466 1734 578 1790 Deo
604 1741 746 1800 erat,
792 1750 885 1801 per
910 1733 1044 1802 quod
1091 1729 1214 1785 Filii
1254 1730 1352 1784 Dei
1377 1730 1463 1796 qui
1492 1744 1584 1799 per
1617 1730 1849 1783 virtutem
1886 1787 1922 1802 _
1950 1728 2071 1781 inde
2096 1738 2213 1781 sunt
2241 1768 2256 1792 ,
2288 1731 2598 1783 resuscitans
2641 1741 2812 1785 autem
2848 1748 2962 1787 eum
3006 1733 3071 1788 de
3110 1733 3353 1798 mortuis,
3380 1741 3432 1790 et
3454 1731 3531 1787 ad

265 1827 539 1880 domestici
577 1825 688 1880 Deo
717 1825 979 1880 constituti
1008 1824 1239 1877 homines
1264 1823 1470 1877 interim
1517 1818 1846 1875 vocabuntur.

820 1938 997 2009 Vigilii
1035 1937 1321 2007 responsio.

336 2036 397 2090 in
417 2033 797 2104 snpraseriptis
819 2033 1089 2097 trigesimo
1112 2032 1273 2085 tertio
1285 2038 1339 2084 et
1364 2028 1635 2096 trigesimo
1658 2034 1851 2091 (τηατ-ιο

263 2126 523 2195 capitulis
578 2124 645 2177 de
719 2121 1163 2190 interpretatione
1225 2119 1492 2187 Evangelii
1559 2118 1853 2172 secundum

263 2215 535 2271 Joannem
572 2215 889 2268 adhibentur
918 2213 1078 2265 verba
1114 2211 1461 2266 Nathanaelis
1489 2209 1719 2264 dicentis
1748 2209 1855 2263 Do-

265 2310 423 2363 mino
456 2325 468 2360 :
505 2306 579 2360 Tu
622 2322 676 2359 es
706 2304 876 2359 Filius
902 2303 1016 2369 Dei,
1047 2313 1099 2356 tu
1119 2320 1174 2357 es
1199 2319 1295 2357 rea:
1320 2302 1484 2356 Israel
1507 2318 1524 2356 :
1548 2309 1601 2356 et
1628 2300 1855 2356 infertur

264 2399 475 2453 dictum
502 2412 621 2451 esse
648 2396 863 2450 Christo
884 2402 1137 2463 tanquam
1182 2394 1480 2448 domestico
1521 2392 1633 2457 Dei,
1664 2399 1722 2444 ut
1749 2408 1857 2446 non

266 2488 386 2556 ipse
416 2486 661 2540 Christus
683 2484 754 2538 sit
780 2484 939 2546 Deus,
971 2483 1067 2539 sed
1102 2484 1383 2553 plusquam
1413 2483 1501 2536 alii
1525 2482 1768 2536 homines
1788 2481 1857 2534 sit

264 2578 606 2634 domesticus
633 2574 744 2630 Deo
768 2592 785 2640 ;
808 2582 863 2629 et
888 2574 1102 2639 dicitur,
1127 2573 1252 2641 quia
1273 2573 1411 2628 sicut
1439 2572 1529 2626 alii
1556 2572 1731 2625 sancti
1758 2570 1858 2625 bo-

267 2670 452 2726 miues
480 2668 570 2722 ﬁlii
596 2666 691 2722 Dei
712 2666 990 2732 dicuntur,
1020 2665 1099 2719 sic
1124 2674 1180 2718 et
1197 2663 1442 2718 Christus
1468 2677 1563 2732 per
1584 2659 1858 2715 familiari-

269 2770 447 2816 tatem
476 2774 642 2828 quam
670 2757 735 2811 ad
766 2757 936 2810 Deum
967 2756 1130 2809 habet
1167 2768 1198 2807 a
1222 2752 1572 2816 Nathanaele,
1600 2766 1722 2807 cum
1748 2765 1857 2820 quo

270 2850 634 2919 loquebatur,
673 2846 817 2900 Deus
842 2846 912 2901 sit
941 2844 1266 2901 nominatus.
1296 2842 1427 2909 Quae
1467 2842 1559 2912 qui
1595 2842 1668 2897 ita
1696 2841 1855 2910 sapit,

270 2940 474 3002 docet,
513 2936 685 2992 credit
740 2944 835 2991 aut
863 2934 1154 3004 prmdicat,
1187 2942 1375 2987 etnon
1422 2929 1669 2987 eumdem
1709 2926 1860 2983 Chri-

271 3036 419 3083 stum
461 3040 649 3080 verum
703 3024 871 3079 Deum
916 3032 972 3078 et
1010 3038 1194 3078 verum
1234 3021 1508 3077 hominem
1550 3019 1855 3083 conﬁtetur,

274 3134 445 3174 unum
477 3119 530 3171 in
560 3124 786 3185 utraque
825 3122 1014 3170 natura
1045 3112 1359 3183 perlectum,
1390 3110 1679 3165 anathema
1697 3108 1785 3164 sit.

669 3243 934 3284 THEODORI
970 3239 1269 3281 CAPlTULUI
1305 3237 1469 3278 XXXV.

350 3321 574 3386 Quaado
602 3321 738 3374 enim
766 3319 929 3371 dicit:
963 3317 1037 3371 De
1058 3315 1193 3370 Filio
1215 3330 1333 3379 suo,
1365 3313 1454 3383 qui
1477 3314 1648 3368 lactus
1675 3318 1758 3368 est
1793 3326 1862 3368 ex

276 3417 485 3469 semine
514 3412 678 3467 David
706 3410 999 3465 secundum
1027 3422 1262 3472 carnem,
1291 3416 1480 3459 certum
1500 3404 1701 3476 quidem
1726 3404 1862 3475 quod

278 3506 443 3576 ﬁlium
465 3504 546 3557 hic
568 3519 682 3557 eum
698 3501 783 3573 qui
802 3517 868 3555 ex
894 3500 1083 3554 semine
1106 3497 1273 3552 David
1292 3500 1457 3565 factus
1483 3503 1559 3549 est
1584 3494 1862 3548 secundum

278 3610 488 3648 carnem
506 3609 609 3646 non
642 3589 805 3644 Deum
833 3588 956 3641 dicit
988 3585 1227 3651 Verbum,
1271 3584 1361 3640 sed
1381 3592 1696 3653 assumptum
1723 3582 1855 3635 servi

280 3685 523 3754 formant.
554 3679 672 3733 Nec
707 3680 843 3733 enim
870 3676 1009 3730 Deus
1034 3675 1312 3730 secundum
1334 3689 1540 3727 carnem
1563 3712 1577 3738 ,
1602 3688 1693 3725 nec
1720 3670 1862 3726 Deus

279 3791 346 3829 ex
365 3776 557 3829 semine
580 3775 747 3844 factus
768 3778 844 3826 est
877 3767 1067 3833 David,
1087 3768 1179 3822 sed
1217 3775 1448 3833 sumptus
1475 3781 1570 3832 pro
1590 3762 1737 3816 nobis
1765 3762 1853 3816 hoc

282 3883 384 3931 nso,
405 3881 553 3937 quem
585 3863 777 3917 Filium
806 3860 980 3916 beatus
1012 3858 1285 3929 Apostolus
1308 3857 1580 3927 manifeste
1608 3861 1773 3908 vocat.

830 3970 1009 4041 Vigilii
1036 3970 1322 4040 responsio.

355 4062 410 4116 lu
438 4062 806 4132 suprascripto
834 4059 1071 4129 capitulo
1100 4060 1378 4130 trigesimo
1405 4057 1593 4127 quinto
1624 4071 1745 4110 eunt
1773 4070 1864 4110 ex-

284 4157 500 4226 ponitur
525 4155 675 4210 locus
691 4153 935 4224 Apostoli
963 4152 1030 4207 de
1056 4149 1296 4221 Epistola
1324 4149 1390 4204 ad
1420 4148 1696 4203 Romanos
1720 4186 1735 4210 ,
1768 4147 1859 4202 ubi

284 4246 447 4300 dicit:
480 4243 558 4298 De
579 4243 719 4298 Filio
746 4259 838 4297 suo
866 4244 951 4312 qui
977 4244 1143 4315 factus
1173 4249 1333 4294 estea:
1355 4241 1550 4293 semine
1583 4237 1749 4292 David
1777 4253 1862 4292 se-

287 4336 509 4389 cundum
555 4351 798 4400 cantem,
830 4334 970 4390 nuda
1008 4334 1147 4389 servi
1176 4332 1348 4387 forma
1385 4330 1733 4400 depromitur,
1785 4330 1868 4385 di-

288 4427 464 4483 cendo
504 4425 651 4496 quod
696 4427 797 4481 hic
834 4425 1024 4480 Filium
1066 4441 1188 4480 eum
1234 4424 1327 4492 qui
1372 4439 1439 4479 ex
1469 4424 1674 4478 semine
1702 4421 1866 4478 David

288 4517 461 4573 lactus
482 4527 567 4573 est
593 4517 888 4574 secundum
919 4532 1157 4581 carnem,
1190 4532 1295 4572 non
1328 4516 1493 4571 Deum
1522 4514 1757 4570 Verbum
1785 4514 1867 4570 di—
1895 4505 1945 4566 Ι)

290 4620 396 4675 eat,
420 4610 519 4665 sed
545 4618 816 4679 sumptum
854 4624 956 4679 pro
985 4608 1140 4664 nobis
1164 4608 1434 4662 hominem
1451 4648 1466 4672 ,
1495 4621 1655 4676 quem
1678 4605 1867 4660 Filium

290 4699 482 4754 beatas
512 4694 806 4769 Apostolus
829 4698 1110 4754 manifeste
1130 4706 1291 4752 vocat
1321 4712 1477 4765 :qute
1499 4696 1661 4751 verba
1688 4704 1869 4750 osten-

288 4786 421 4843 dunt.
442 4788 664 4853 nudum,
692 4789 835 4843 sicut
874 4788 1073 4844 dictum
1120 4795 1225 4851 est,
1268 4787 1539 4841 hominem
1566 4784 1867 4855 prmdicari.

291 4875 391 4944 Qui
418 4892 548 4946 ergo
569 4877 640 4932 ita
670 4877 830 4947 sapit,
850 4877 1032 4942 docet,
1062 4877 1239 4931 credit
1274 4882 1367 4930 aut
1396 4874 1736 4945 praedicanet
1765 4888 1870 4928 non

290 4969 577 5034 cistulam,
633 4969 724 5037 qui
769 4960 843 5022 ei
889 4968 1093 5023 semine
1141 4966 1302 5020 David
1337 4965 1626 5021 seiundum
1653 4979 1868 5020 carnem

292 5058 732 5127 natusest,juxta
763 5056 927 5113 David
956 5065 1011 5112 et
1030 5055 1180 5112 Pauli
1210 5054 1438 5125 apostoli
1463 5070 1672 5119 vocem,
1698 5054 1869 5123 ipsum

289 5150 468 5206 credit
509 5165 629 5207 esse
662 5151 826 5205 etiam
867 5164 1030 5220 super
1049 5148 1228 5204 omnia
1255 5147 1447 5211 Deum,
1470 5145 1757 5201 anathema
1777 5145 1868 5201 sit.

666 5277 935 5318 τιιεουοιιι
972 5274 1271 5316 αλιιιτυιυιι
1308 5274 1491 5313 XXXVI.

369 5377 596 5434 Renatus
624 5379 754 5432 alter
781 5381 950 5450 factus
994 5385 1070 5431 est
1110 5392 1205 5447 pro
1251 5375 1415 5428 altero
1440 5414 1455 5439 ,
1486 5390 1589 5427 non
1612 5372 1729 5445 jam
1751 5388 1872 5443 pars

295 5470 461 5522 Adam
488 5469 749 5524 mutabilis
774 5479 821 5523 et
850 5470 1071 5539 peccatis
1100 5467 1417 5537 circumfusi,
1439 5464 1528 5519 sed
1550 5463 1760 5528 Christi,
1788 5463 1874 5536 qui

297 5561 507 5614 mnino
534 5558 863 5628 inculpabilis
885 5574 974 5628 per
1002 5557 1423 5612 resurrectionem
1454 5556 1620 5626 factus
1649 5563 1743 5607 est.

846 5671 1025 5743 Vigilii
1053 5671 1342 5741 responsio.

373 5762 429 5820 lu
476 5764 838 5837 suprascripto
886 5763 1157 5834 trigesimo
1198 5768 1350 5819 sexto
1379 5758 1616 5830 capitulo
1695 5757 1783 5813 ubi
1807 5756 1872 5813 ad

1953 1818 2212 1872 meliorem
2248 1820 2405 1888 finem
2444 1822 2746 1891 perducens.

2502 1932 2678 2004 Vigitii
2708 1936 2989 2004 responsio.

2023 2048 2078 2101 In
2097 2049 2459 2118 suprascripto
2486 2049 2763 2117 trigesimo
2788 2049 3016 2118 septimo
3046 2050 3283 2120 capitulo
3307 2049 3521 2114 dicitur,

1953 2141 2079 2209 quia
2126 2139 2338 2193 Christo
2378 2141 2431 2194 in
2469 2140 2808 2208 passionibus
2838 2148 2891 2193 et
2920 2148 3093 2195 morte
3132 2139 3274 2194 Deus
3302 2140 3525 2195 verbum

1953 2232 2238 2301 praesentia
2266 2239 2322 2285 et
2343 2230 2658 2300 operatione
2683 2237 2740 2287 et
2758 2229 2823 2284 ad
2848 2230 3074 2298 gratiam
3095 2218 3323 2284 adfuerit
3344 2247 3358 2282 :
3381 2231 3525 2297 quod

1955 2323 2001 2378 si
2030 2324 2102 2377 ita
2133 2330 2248 2390 est,
2292 2330 2547 2391 tanquam
2592 2322 2732 2376 alter
2775 2323 2929 2377 alteri
2959 2336 3192 2390 praesens
3216 2324 3441 2389 gratiam
3471 2331 3528 2377 et

1955 2415 2327 2484 operationem
2358 2413 2682 2482 impendisse
2702 2412 2988 2467 videbitur.
3022 2412 3123 2478 Qui
3148 2426 3280 2480 ergo
3308 2413 3422 2467 hate
3448 2412 3521 2468 ita

1955 2504 2113 2573 sapit,
2169 2502 2348 2566 docet,
2403 2503 2574 2558 credit
2631 2511 2727 2557 aut
2771 2503 3042 2571 praedicat,
3093 2511 3148 2557 et
3199 2519 3306 2558 non
3353 2503 3527 2573 ipsum

1958 2598 2125 2653 Deum
2151 2596 2400 2663 Verbum,
2426 2595 3076 2668 servataimpassibilitate
3106 2595 3399 2651 divinitatis
3418 2610 3529 2651 suae

1958 2689 2011 2744 in
2041 2702 2202 2742 carne
2248 2687 2424 2740 anima
2471 2686 2725 2741 rationali
2770 2695 2828 2740 et
2881 2686 3227 2741 intellectuali
3266 2687 3527 2750 animata,

1958 2793 2118 2847 quam
2139 2778 2241 2833 sibi
2264 2778 2330 2832 ab
2358 2777 2477 2847 ipso
2500 2786 2763 2847 conceptu
2792 2777 2962 2832 univit
2982 2793 3048 2833 ex
3080 2777 3312 2847 Virgine,
3342 2778 3528 2833 omnia

1955 2888 2075 2942 quae
2101 2873 2169 2929 de
2190 2872 2438 2942 passione
2477 2872 2594 2939 ejus
2622 2871 2820 2941 scripta
2864 2879 3008 2935 sunt,
3039 2870 3336 2926 voluntarie
3359 2870 3524 2927 susti-

1958 2966 2138 3020 nuisse
2166 2962 2322 3029 dicit,
2354 2963 2638 3017 anathema
2664 2962 2752 3016 sit.

2315 3092 2576 3133 rusonom
2616 3062 2913 3132 (inpr-ruma
2950 3092 3170 3131 xxxviii.

1884 3147 1932 3211 ο
2030 3169 2230 3225 Deinde
2250 3167 2518 3223 ostendens
2546 3166 2693 3238 cujus
2708 3168 2876 3238 gratia
2891 3184 3072 3237 passus
3100 3173 3193 3231 est,
3224 3166 3528 3221 diminutio-

1961 3277 2075 3315 nem
2131 3260 2287 3331 infert
2334 3273 2353 3311 :
2428 3255 2703 3324 Quatenus
2778 3256 2919 3311 circa
2965 3252 3157 3328 [citra]
3203 3253 3369 3308 Deum
3430 3267 3531 3322 pro

1961 3350 2207 3407 omnibus
2233 3354 2471 3418 gustaret
2490 3354 2716 3401 mortem
2735 3344 2918 3415 (Hebr.
2953 3343 3040 3417 n):
3065 3346 3203 3415 quia,
3235 3343 3407 3396 divina
3431 3357 3533 3396 na—

1962 3450 2077 3496 tura
2099 3443 2173 3494 ita
2200 3440 2411 3503 calente,
2436 3447 2677 3509 separata
2702 3437 2815 3505 illa,
2844 3439 2951 3507 ipse
2970 3454 3062 3507 pro
3091 3453 3146 3490 se
3174 3436 3286 3508 [per
3312 3432 3410 3505 se],
3438 3450 3533 3502 pro

1962 3532 2190 3587 omnium
2216 3529 2441 3583 utilitate
2484 3528 2706 3598 gustavit
2732 3537 2985 3581 mortem:
3014 3534 3062 3579 et
3089 3526 3359 3581 ostendens
3400 3523 3536 3595 quod

1961 3620 2127 3675 deitas
2161 3627 2400 3688 separata
2428 3615 2632 3689 quidem
2657 3624 2768 3668 erat
2794 3613 2972 3669 abillo
3014 3616 3099 3686 qui
3126 3630 3310 3683 passus
3348 3623 3425 3669 est
3452 3630 3536 3668 se-

1962 3708 2183 3764 cundum
2212 3707 2390 3761 mortis
2429 3705 2833 3776 experimentum
2861 3744 2874 3767 ,
2904 3704 3024 3776 quia
3051 3719 3143 3758 nec
3163 3701 3406 3774 possibile
3425 3711 3537 3756 erat

1962 3798 2106 3854 illam
2126 3798 2306 3852 mortis
2336 3795 2739 3865 experimentum
2760 3794 3010 3863 accipere,
3028 3809 3130 3847 non
3153 3802 3320 3848 tamen
3343 3791 3424 3847 illi
3448 3791 3537 3862 qui

1961 3906 2145 3963 passus
2172 3896 2247 3943 est
2274 3887 2512 3959 abfuerat
2538 3884 2817 3940 secundum
2845 3884 3182 3957 diligentiam.

2503 3995 2680 4067 Vigilii
2716 3997 3002 4068 responsio.

2030 4090 2090 4146 In
2113 4089 2479 4161 suprascripto
2511 4088 2783 4157 trigesimo
2824 4097 3018 4143 octavo
3046 4089 3284 4160 capitulo
3304 4097 3362 4146 et
3382 4089 3541 4147 falsa-

1964 4190 2075 4238 tum
2118 4180 2481 4236 testimonium
2511 4179 2755 4248 Apostoli
2806 4180 3166 4247 agnoscimus,
3192 4182 3319 4251 quia
3348 4182 3437 4236 ubi
3462 4182 3541 4238 le-

1963 4277 2104 4346 gitur
2134 4292 2147 4327 :
2185 4274 2251 4329 Ut
2297 4276 2470 4346 gratia
2500 4273 2596 4326 Dei
2626 4289 2721 4346 pro
2773 4272 3006 4328 omnibus
3048 4282 3278 4344 gustaret
3303 4284 3540 4338 mortem,

1966 4367 2056 4421 hic
2086 4367 2396 4420 invenitur:
2450 4363 2521 4419 Ut
2564 4365 2681 4421 sine
2726 4366 2839 4421 Deo
2885 4382 2983 4435 pro
3020 4367 3269 4421 omnibus
3303 4375 3545 4435 gustaret

1968 4466 2216 4520 mortem,
2237 4456 2415 4511 ethoc
2433 4456 2587 4523 quasi
2612 4456 2902 4511 astruendo
2930 4454 3159 4510 dicitur:
3193 4456 3337 4525 quia,
3364 4455 3544 4512 divina

1970 4557 2160 4602 natura
2181 4554 2452 4615 separata,
2476 4546 2590 4615 ipse
2620 4562 2723 4615 pro
2752 4560 2841 4610 se,
2871 4546 2957 4601 vel
2979 4553 3038 4599 ut
3061 4561 3228 4615 purus
3256 4546 3418 4602 homo
3446 4562 3545 4617 pro

1971 4637 2208 4694 omnium
2251 4637 2483 4690 utilitate
2529 4637 2825 4705 gustaverit
2869 4645 3119 4693 mortem.
3158 4637 3259 4705 Qui
3299 4653 3428 4707 ergo
3470 4638 3545 4694 ita
3630 4652 3631 4655 ‘

1972 4730 2131 4800 sapit,
2163 4727 2341 4794 docet,
2387 4727 2587 4796 credit,
2611 4736 2704 4781 aut
2724 4728 2978 4798 prmdicat
2998 4769 3014 4794 ,
3043 4738 3097 4784 et
3125 4747 3232 4785 non
3258 4729 3549 4786 conﬁtetur

1974 4820 2101 4891 quia
2130 4820 2271 4873 Deus
2296 4819 2520 4873 verbum
2550 4834 2768 4873 carnem
2795 4860 2809 4884 ,
2858 4835 3018 4890 quam
3057 4822 3157 4875 sibi
3186 4837 3254 4876 ex
3282 4821 3398 4892 ipSa
3425 4837 3550 4877 con-

1975 4909 2224 4980 ceptione
2247 4908 2538 4963 secundum
2565 4909 2914 4963 substantiam
2937 4911 3195 4977 adunivit,
3220 4927 3321 4967 nec
3342 4912 3397 4967 in
3424 4925 3549 4981 pas-

1976 5001 2220 5056 sionibus
2261 5015 2360 5055 nec
2415 4999 2468 5053 in
2513 5010 2686 5056 morte
2744 5017 2975 5071 unquam
3031 5002 3364 5067 deseruerit,
3418 5016 3552 5057 ana-

1976 5092 2156 5148 thema
2178 5091 2268 5146 sit.

2346 5219 2610 5261 τιιεοοοιιι
2646 5220 2946 5263 CAPITULO!
2985 5222 3166 5263 XXXIX.

2045 5297 2225 5353 Issum
2250 5304 2429 5350 autem
2480 5297 2554 5349 ait
2590 5295 2657 5350 de
2685 5295 2946 5352 Nazareth
2971 5334 2985 5358 ,
3017 5311 3176 5363 quem
3207 5294 3361 5350 unxit
3403 5293 3551 5350 Deus

1973 5390 2172 5460 Spiritu
2194 5395 2249 5442 et
2280 5388 2474 5441 virtute
2503 5387 2641 5456 (Act.
2684 5386 2761 5455 ι),
2792 5387 2939 5457 cujus
2974 5386 3267 5440 unctionem
3312 5387 3551 5453 meritus,

1973 5491 2022 5536 et
2051 5478 2408 5534 immaculatus
2435 5476 2643 5546 effectus
2674 5486 2751 5530 cst
2774 5493 2864 5545 per
2886 5491 3061 5529 omnia
3087 5515 3103 5541 ,
3131 5486 3181 5531 et
3209 5476 3278 5531 ad
3318 5476 3548 5531 divinant

1972 5581 2215 5625 naturam
2243 5568 2424 5620 meruit
2470 5566 2901 5634 conjunctionem.
2933 5563 3115 5637 Neque
3150 5567 3287 5623 enim
3332 5566 3555 5637 conjun-

1973 5661 2194 5714 ctionem
2213 5656 2513 5725 suscepisset
2533 5654 2695 5720 illam,
2712 5656 2811 5709 nisi
2832 5657 2974 5726 prius
2999 5656 3360 5712 immaculata:
3380 5656 3552 5727 factus

1976 5749 2176 5821 fuisset,
2207 5755 2260 5799 ut
2289 5748 2361 5802 sic
2387 5743 2660 5802 condeceat
2691 5748 2828 5804 illius
2858 5749 3126 5804 anitatem.
