4006 6190
542 296 602 352 9|
1916 310 2140 380 vlaILu
2179 311 2381 369 rara:
3716 338 3781 395 θα

1085 421 1260 494 l'igilii
1293 426 1574 494 responsio.

612 505 665 559 In
696 512 1056 581 suprascripto
1105 516 1374 581 trigesimo
1422 532 1564 572 nono
1610 517 1844 583 capitulo
1899 536 2106 576 rursum

541 593 668 649 illud
717 600 859 666 quod
889 602 1075 658 beatus
1119 605 1306 660 l’ctrus
1333 604 1499 660 dixit:
1547 607 1724 663 Jesum
1764 625 1796 662 a
1820 608 2106 676 Nazareth,

535 702 682 754 quem
712 692 858 744 unxit
889 691 1024 746 Deus
1052 695 1252 763 Spiritu
1299 705 1346 748 et
1396 697 1616 752 virtute:
1647 714 1922 768 exponens
1944 700 2102 764 dicit,

539 791 638 844 per
665 790 968 836 uin-tionem
999 782 1261 852 Spiritus,
1291 786 1434 854 quod
1483 789 1696 853 meruit,
1727 798 1783 844 et
1807 789 2109 855 iimnaculag-

540 874 648 920 tmn
679 883 798 922 eum
830 885 925 940 per
952 874 1129 925 omnia
1161 873 1354 928 factum
1379 914 1393 938 ,
1422 885 1476 930 ct
1508 877 1574 930 ad
1602 876 1833 931 divinam
1862 888 2106 932 naturam

538 959 794 1013 meruisse
841 962 1274 1030 conjunctionem
1310 981 1322 1017 :
1369 981 1486 1034 qurc
1516 969 1677 1021 verba
1706 967 1974 1023 Christum
2007 985 2104 1040 pu-

537 1058 653 1097 rum
686 1046 952 1102 hmnincm
983 1061 1170 1119 apcrtc
1198 1053 1432 1120 signant.
1478 1053 1578 1120 Qui
1631 1071 1758 1124 ergo
1785 1058 1898 1113 lucc
1919 1059 1989 1112 ita
2019 1075 2107 1115 sa-

539 1132 633 1200 pit,
664 1133 841 1202 docet,
866 1139 1034 1193 credit
1060 1149 1149 1192 aut
1175 1141 1442 1210 prgedicat,
1471 1144 1757 1200 anathema
1786 1146 1872 1201 sit.

953 1265 1218 1306 TllEOlIOI’tl
1257 1268 1556 1310 CAPITCLCM
1594 1273 1681 1311 XL.
1770 1289 1776 1302 ι

607 1356 748 1412 Nam
775 1370 826 1414 et
861 1363 1029 1417 illud:
1065 1361 1158 1417 llic
1182 1376 1262 1420 cst
1286 1365 1450 1422 Filius
1470 1383 1622 1424 mens
1649 1370 1894 1433 dilectus,
1925 1372 1974 1426 in
1997 1389 2104 1442 quo

539 1446 666 1501 mihi
698 1451 1022 1519 complacuit
1070 1454 1285 1520 (Matth.
1319 1457 1428 1524 In),
1458 1459 1666 1512 insania
1712 1461 1914 1516 evidens
1943 1465 2107 1517 estde

539 1534 649 1591 lico
706 1539 864 1594 l'erbo
888 1553 1068 1606 putare
1105 1546 1274 1598 dicere
1321 1563 1454 1600 eum.
1484 1547 1583 1612 Qui
1629 1549 1763 1603 enim
1795 1551 1928 1605 dixit
1959 1568 1976 1606 :
2009 1551 2106 1608 llic

535 1637 618 1680 est
669 1627 831 1683 Filius
879 1648 1027 1687 lttCltS
1066 1635 1319 1699 dilectus,
1372 1648 1418 1690 et
1465 1640 1684 1694 intulit:
1716 1641 1770 1695 In
1817 1657 1924 1711 quo
1975 1644 2102 1697 mihi

535 1719 877 1788 complacuit,
895 1727 1201 1794 stgtttﬁt‘at‘tl
1219 1732 1352 1796 quod
1376 1742 1549 1796 aperte
1574 1733 1642 1785 ad
1670 1737 2104 1804 comparationem

2138 431 2193 490 Δ

2759 436 2934 510 Vigilii
2968 443 3251 510 responsio.

2280 526 2337 580 ln
2367 527 2730 598 suprascripto
2757 531 3163 601 quadragesimo
3184 533 3421 590 secundo
3442 535 3674 605 capitulo
3698 539 3775 592 di-

2209 619 2350 674 citur
2376 620 2644 675 Christum
2687 621 3033 691 justilicatum
3063 634 3118 679 et
3151 627 3546 681 immaculatum
3585 629 3772 683 factum

2209 726 2328 766 esse
2349 713 2546 767 virtute
2583 713 2811 783 Spiritus
2839 717 3044 781 sancti;
3076 725 3129 772 et
3158 718 3375 786 adjicit:
3401 719 3535 774 Mori
3565 720 3770 789 quidem

2207 811 2329 853 eum
2360 799 2796 856 fecitsccundum
2826 802 2998 870 legem
3021 804 3318 869 hominum,
3345 816 3406 861 ut
3448 817 3574 875 pote
3599 818 3770 863 autem

2207 888 2613 958 impeccabilcm
2639 891 2837 947 virtute
2865 893 3097 962 Spiritus
3126 897 3294 950 sancti
3324 895 3518 951 factum
3548 899 3776 954 resusei.

2211 985 2341 1038 tavit
2360 985 2426 1039 de
2455 995 2678 1041 mortuus
2708 1005 2720 1041 :
2752 989 2944 1056 quibus
2965 991 3143 1044 verbis
3169 992 3246 1045 sic
3265 1002 3541 1059 separatus
3562 1007 3591 1045 a
3612 993 3773 1047 verbo

2209 1073 2302 1126 Dei
2336 1074 2634 1129 insinuatur
2661 1076 2846 1143 homo,
2880 1087 2938 1132 ut
2965 1081 3134 1134 sancti
3179 1080 3407 1149 Spiritus
3437 1084 3634 1137 virtute
3681 1083 3774 1137 im-

2207 1164 2504 1218 maculatus
2533 1173 2589 1218 et
2616 1163 2995 1235 impeccabilis,
3023 1173 3172 1238 quasi
3199 1173 3388 1241 aliquis
3409 1173 3584 1242 justus
3613 1176 3770 1231 homo

2207 1260 2479 1306 asseratur
2505 1251 2741 1308 eﬂ‘ectus.
2774 1254 2872 1321 Qui
2895 1271 3022 1324 ergo
3048 1259 3161 1314 inec
3183 1261 3255 1314 ita
3284 1263 3443 1331 sapit,
3467 1263 3644 1335 docet,
3659 1281 3772 1320 cre-

2205 1341 2283 1397 dit
2305 1352 2396 1397 aut
2423 1346 2698 1414 pmdicat,
2727 1348 3009 1402 anathema
3037 1350 3127 1404 sit.

2592 1473 2859 1513 THEODORI
2904 1477 2965 1514 CA
2973 1478 3054 1516 PIT
3062 1478 3202 1518 υιωι
3243 1481 3390 1520 XLI".

2279 1546 2391 1602 Deo
2419 1555 2597 1602 autem
2625 1550 2844 1617 gratias,
2876 1552 2967 1620 qui
2995 1555 3148 1609 nobis
3175 1555 3322 1609 dedit
3363 1556 3639 1613 victoriam
3680 1575 3773 1630 per

2206 1634 2489 1690 Dominum
2517 1646 2758 1692 nostrum
2778 1639 2959 1696 Jesum
2983 1642 3248 1698 Christum
3275 1645 3329 1716 (1
3345 1645 3462 1702 Cor.
3496 1648 3616 1720 xv);
3646 1652 3772 1706 isto-

2206 1743 2320 1780 rum
2349 1744 2557 1782 causam
2599 1729 2744 1783 nobis
2774 1731 2933 1801 fuisse
2951 1734 3123 1788 dicens
3145 1734 3327 1802 Deum,
3355 1737 3443 1807 qui
3467 1748 3643 1792 contra
3666 1757 3775 1794 om—

534 1810 630 1863 Iwc
655 1814 779 1865 duit
808 1816 1027 1870 aliorum
1065 1819 1309 1885 filiorum,
1339 1825 1424 1890 qui
1457 1840 1548 1878 nec
1593 1825 1766 1880 dilecti
1806 1829 1930 1897 [acti
1962 1837 2099 1895 sunt,

2208 1831 2298 1869 nes
2324 1817 2645 1872 adversarios
2676 1819 2814 1873 dedit
2844 1820 2987 1876 nobis
3016 1823 3280 1878 victoriam
3305 1827 3408 1879 sive
3436 1829 3643 1893 mortis,
3673 1830 3775 1884 sive

541 1919 627 1957 rec
652 1907 855 1974 placere
878 1910 1031 1966 nimis
1061 1924 1333 1980 potuerunt
1361 1917 1429 1970 ei.

1081 2025 1254 2096 l'iqilit
1284 2031 1566 2096 responsio.

605 2127 659 2184 In
689 2133 1051 2203 suprascripto
1093 2135 1330 2206 capitulo
1377 2140 1785 2210 quadragesimo
1832 2144 1899 2199 de
1939 2146 2106 2202 inter-

541 2222 843 2289 pretatione
875 2223 1144 2295 Evangelii
1185 2229 1475 2284 setnndum
1498 2231 1821 2297 .‘lattlneunt,
1857 2236 1942 2290 ubi
1973 2235 2108 2292 dici-

537 2319 620 2362 tur
653 2327 666 2364 :
701 2312 798 2366 llic
819 2324 894 2367 est
926 2314 1093 2369 Filius
1122 2335 1259 2372 meus
1287 2322 1518 2385 dilectus,
1537 2323 1586 2374 in
1614 2341 1712 2394 quo
1737 2327 1858 2380 mihi
1878 2329 2106 2398 compla-

535 2413 658 2460 rmt.
687 2404 1022 2474 subjungitnr
1049 2422 1103 2462 et
1133 2409 1328 2465 dicitur
1358 2430 1370 2465 :
1404 2413 1610 2468 Insania
1659 2417 1876 2473 evidens
1919 2427 2001 2474 est
2039 2419 2105 2476 de

538 2486 647 2542 Deo
669 2492 844 2545 dicere
873 2507 1014 2547 eum.
1051 2496 1149 2560 Qui
1173 2498 1314 2551 cnim
1344 2500 1514 2554 dixit:
1548 2500 1650 2555 llic
1675 2516 1752 2557 est
1779 2504 1945 2559 Filius
1964 2524 2105 2564 meus

531 2580 768 2644 dilectus,
793 2592 844 2636 et
893 2584 1067 2638 ἰιιιιιΙιι
1101 2605 1113 2638 :
1152 2586 1212 2640 In
1243 2606 1341 2659 quo
1372 2593 1495 2647 mihi
1539 2596 1876 2666 complacuit,
1905 2599 2105 2667 signiti-

534 2679 678 2722 θην-ιι
706 2671 848 2738 quod
879 2685 1065 2743 aperte
1089 2677 1153 2729 ad
1191 2682 1644 2748 comparationem
1685 2686 1786 2741 hoc
1814 2686 1898 2743 dic
1923 2697 1942 2742 t
1968 2689 2104 2745 lilio-

533 2773 672 2824 rum,
703 2762 792 2829 qui
849 2780 914 2816 ne
943 2764 1120 2820 dilecti
1169 2769 1216 2822 ei
1258 2767 1378 2825 laeti
1408 2783 1553 2841 sunt,
1581 2791 1679 2832 nec
1708 2778 1918 2847 placere
1946 2783 2104 2839 nimis

535 2858 842 2916 potuerunt.
869 2853 995 2919 Qua:
1017 2857 1178 2910 verba
1209 2858 1476 2915 Christum
1502 2863 1680 2919 Jesum
1707 2884 1897 2936 purum
1921 2887 2103 2928 rursus

535 2939 807 2995 hominem
852 2954 906 2998 et
952 2946 1264 3017 adaptivum
1297 2951 1461 3006 lilium
1490 2956 1767 3012 evidenter
1793 2963 2099 3020 ostendunt.

533 3029 634 3094 Qui
663 3031 823 3098 igitur
843 3034 956 3090 lucc
981 3036 1054 3091 ita
1095 3040 1253 3110 sapit,
1299 3041 1476 3110 docet,
1507 3047 1680 3102 credit
1706 3057 1799 3104 aut
1826 3053 2100 3122 przedicat,

531 3122 816 3178 anathema
844 3126 932 3178 sit.

949 3255 1213 3297 TIIEODORI
1250 3260 1402 3301 CAPIT
1411 3263 1550 3304 ULUI
1580 3267 1687 3308 ιιι.

599 3339 917 3401 Permanens
937 3357 1129 3418 autem,
1161 3353 1320 3408 donec
1345 3360 1620 3415 secundum
1646 3380 1790 3419 suam
1809 3378 2098 3425 creaturam

528 3441 580 3484 et
608 3433 842 3488 virtutem
873 3439 1076 3493 solvens
1100 3446 1278 3499 mortis
1304 3448 1528 3518 dolores,
1558 3451 1790 3508 liberavit
1812 3472 1927 3511 eum
1964 3460 2100 3532 inef-

528 3521 770 3593 fabilibus
816 3528 955 3583 illius
997 3533 1246 3604 vinculis,
1297 3549 1347 3592 et
1389 3541 1452 3595 de
1498 3548 1708 3600 mortuis
1753 3521 2093 3620 r'esuscitans,

535 3614 798 3667 transtulit
825 3617 1027 3687 quidem
1056 3622 1108 3675 in
1156 3625 1497 3683 immortalem
1526 3635 1678 3687 vitam
1702 3652 1719 3689 :
1747 3614 2096 3710 incorruptum

529 3711 699 3756 autem
721 3721 834 3759 eum
862 3720 911 3761 et
930 3711 1272 3769 immortalem
1297 3728 1346 3771 et
1366 3721 1733 3781 immutabilem
1765 3731 2008 3800 e/ﬁciens,
2037 3735 2092 3790 in

527 3791 708 3846 etclam
734 3794 902 3851 duxit.

1063 3911 1239 3985 Vigilii
1276 3925 1558 3992 responsio.

601 3993 658 4048 In
688 4000 1055 4072 suprascripto
1084 4007 1496 4078 quadragesimo
1525 4017 1698 4086 primo
1740 4025 1974 4094 capitulo
2017 4028 2097 4084 di-

528 4082 857 4177 citur,‘quod
911 4092 1129 4150 solvens
1170 4101 1357 4156 mortis
1387 4082 1600 4163 dolores
1621 4152 1636 4177 ,
1669 4082 1914 4171 liberavit
1941 4117 2097 4175 Chri-

529 4178 670 4226 stum
693 4173 1047 4236 ineﬂ'abilibus
1079 4185 1180 4240 illis
1209 4189 1456 4262 vinculis,
1487 4203 1542 4249 et
1580 4173 1647 4252 de
1673 4211 1841 4259 morte
1866 4209 2097 4264 resusci—

527 4268 646 4315 tans
677 4268 1006 4324 transtulerit
1047 4275 1266 4343 quidem
1295 4280 1363 4334 ad
1407 4283 1762 4346 immortalem
1791 4295 1983 4363 vitam,
2015 4299 2097 4354 in-

525 4362 834 4443 corruptum
858 4368 1037 4415 autem
1069 4378 1194 4418 eum
1223 4375 1277 4422 et
1305 4369 1661 4432 immortalem
1703 4389 1758 4436 et
1787 4383 2094 4443 immutabi-

464 4451 470 4464 .
524 4439 631 4494 lem
679 4443 932 4513 elliciens,
964 4452 1014 4504 in
1067 4457 1261 4512 caelum
1299 4462 1587 4522 eduxerit:
1620 4487 1717 4540 per
1756 4489 1875 4542 qua:
1915 4481 2093 4535 omnia
2125 4502 2172 4562 ο
2197 4519 2225 4558 c

523 4533 687 4562 ιηιιηιυι
729 4534 1025 4562 ,Ιηιιιη--.ηη
1071 4561 1101 4562 η
1143 4545 1160 4562 γι
1286 4553 1301 4562 τ.
1417 4555 1428 4562 .

525 4713 811 4770 anathema
839 4719 925 4773 sit.

938 4849 1200 4893 TIIEODORI
1229 4857 1527 4903 CAPITULUM
1559 4867 1684 4906 XLII.

595 4913 851 4973 Christum
876 4922 1217 4994 justi/icatum
1263 4943 1311 4987 et
1361 4938 1744 4997 immaculatum
1789 4947 1983 5016 factum
2009 4968 2093 5005 se-

523 5009 745 5063 cundum
769 5013 1002 5070 virtutem
1024 5024 1191 5075 sancti
1223 5023 1451 5094 Spiritus
1481 5029 1632 5098 [sicut
1662 5009 1839 5090 beatus
1865 5038 2089 5108 Aposto-

524 5094 602 5150 lus
633 5099 782 5155 modo
812 5105 1015 5170 quidem
1057 5109 1219 5165 dicit:
1250 5112 1400 5180 Quod
1425 5094 1748 5185 ju-stilicatus
1775 5135 1858 5182 est
1886 5094 1937 5182 in
1965 5129 2089 5200 Spi-

524 5187 628 5241 ritu
663 5189 713 5249 tl
810 5192 940 5248 Tim.
984 5201 1091 5262 tu);
1121 5203 1273 5257 modo
1318 5222 1434 5259 vero
1467 5225 1486 5261 :
1513 5210 1664 5275 Quod
1713 5230 1809 5282 per
1833 5187 2088 5286 Spiritum

521 5286 775 5334 mternum
828 5285 1223 5345 immaculatum
1252 5309 1311 5348 se
1363 5298 1554 5353 obtulit
1597 5303 1708 5357 Deo
1759 5285 1942 5373 (Hebr.
1969 5311 2086 5384 rw]

523 5372 655 5423 mori
696 5374 898 5442 quidem
943 5382 1063 5450 fecit
1091 5385 1370 5440 secundum
1399 5388 1558 5460 legem
1583 5372 1861 5464 hominum,
1893 5409 1950 5452 ut
1973 5372 2091 5471 pote

521 5471 688 5515 autem
711 5465 1088 5535 impeccabilem
1117 5475 1300 5530 virtute
1332 5481 1498 5533 sancti
1529 5482 1754 5552 Spiritus
1784 5465 1983 5557 factum
2005 5509 2089 5545 re-

521 5554 783 5608 suscitavit
813 5559 877 5611 de
902 5565 1138 5629 mortuis,
1166 5576 1216 5618 et
1243 5567 1312 5620 ad
1340 5571 1495 5624 vitam
1516 5554 2086 5647 constituit'meliorem,

523 5638 887 5699 immutabilem
932 5651 1132 5717 quidem
1163 5657 1338 5710 animo
1376 5661 1786 5731 cogitationibus,
1819 5669 2088 5742 incorrup-

526 5742 631 5784 tum
661 5743 829 5789 autem
849 5748 896 5794 ct
927 5741 1284 5800 indissolutum
1315 5764 1380 5803 ex
1407 5766 1562 5812 carne
1589 5756 1807 5828 faciens.

2205 1907 2422 1978 peccati,
2452 1909 2556 1962 sive
2577 1911 2922 1981 cujuscunque
2945 1912 3062 1966 hinc
3091 1916 3336 1968 nascendi
3366 1917 3488 1970 mali
3514 1934 3532 1970 :
3562 1920 3645 1989 qui
3668 1918 3775 1974 Do—

2207 1997 2401 2049 minum
2429 2006 2659 2051 nostrum
2703 2000 2879 2054 Jesum
2905 1999 3163 2056 Christum
3205 2021 3297 2074 pro
3346 2005 3492 2060 nobis
3520 2007 3774 2062 hominem

2205 2104 2429 2154 sumens,
2461 2096 2510 2142 et
2563 2092 2727 2160 ipsum
2781 2110 2874 2163 per
2903 2099 3325 2151 resurrectionem
3366 2098 3430 2151 de
3456 2101 3670 2152 mortuis
3706 2100 3776 2154 ad

2205 2176 2466 2230 meliorem
2496 2180 2757 2233 transtulit
2783 2183 2959 2251 ﬁnem,
2991 2193 3040 2238 et
3067 2185 3121 2237 in
3149 2185 3360 2240 dextera
3385 2203 3476 2240 sua
3498 2187 3675 2242 sedere
3693 2191 3774 2260 [e-

2205 2266 2292 2332 cit,
2323 2273 2370 2319 et
2399 2266 2545 2321 nobis
2566 2269 2635 2322 ad
2661 2287 2775 2323 eum
2803 2273 3008 2326 donavit
3033 2277 3459 2330 communibnem.

2742 2383 2919 2454 Vigilii
2957 2388 3242 2454 responsio.

2273 2465 2332 2522 In
2355 2471 2714 2540 suprascripto
2754 2474 3158 2542 quadragesimo
3189 2477 3351 2531 tertio
3395 2479 3648 2548 capitulo,
3679 2496 3774 2536 ex-

2204 2560 2454 2628 ponendo
2479 2561 2640 2616 verba
2669 2565 2899 2631 apostoli
2949 2563 3094 2618 Pauli
3124 2567 3314 2635 quibus
3343 2568 3472 2624 dicit
3503 2589 3515 2623 :
3552 2571 3657 2624 Deo
3677 2589 3777 2625 au-

2205 2657 2307 2702 tem
2332 2652 2546 2720 gratias,
2576 2653 2660 2723 qui
2705 2653 2852 2707 nobis
2880 2654 3018 2708 dedit
3065 2657 3328 2711 victoriam
3372 2676 3462 2730 per
3499 2661 3774 2716 Dominum

2203 2751 2434 2796 nostrum
2460 2742 2637 2797 Jesum
2665 2743 2942 2800 Christum.
2975 2746 3043 2802 Et
3072 2757 3194 2818 post
3219 2751 3369 2820 plura
3397 2752 3732 2820 subjungitur
3755 2772 3770 2808 :

2202 2832 2459 2889 Dominus
2486 2845 2671 2891 noster
2695 2835 2853 2893 Jesus
2893 2837 3137 2895 Christus
3182 2859 3281 2912 pro
3317 2844 3472 2899 nobis
3502 2844 3773 2900 hominem

2203 2940 2439 2989 sumens,
2465 2935 2522 2980 et
2551 2927 2722 2997 ipsum
2757 2945 2854 2999 per
2882 2933 3325 2988 resurrectionem
3357 2935 3422 2989 de
3452 2937 3673 2990 mortuis
3701 2937 3774 2991 ad

2201 3017 2476 3072 meliorem
2508 3021 2776 3074 transtulit
2805 3021 2994 3088 linem,
3025 3039 3122 3092 per
3169 3039 3288 3092 quae
3311 3024 3423 3093 jam
3452 3027 3602 3094 quasi
3651 3027 3774 3080 exi-

2202 3116 2348 3163 stens
2377 3108 2556 3172 homo,
2581 3125 2610 3162 a
2635 3110 2745 3165 Deo
2790 3113 2955 3167 verbo
2987 3113 3316 3180 signiﬁcatur
3357 3125 3680 3186 assumptus,
3712 3125 3778 3171 ut

2155 3164 2169 3185 ,
2545 3164 2555 3172 ,
2727 3164 2730 3165 ν
2806 3164 2948 3167 νη-
3169 3164 3305 3169 π---
3358 3164 3680 3186 "WHT--.
3717 3164 3775 3171 ν-

2123 3166 2171 3224 (⁴
2202 3198 2308 3252 duo
2363 3197 2526 3254 fuisse
2580 3199 2901 3270 videantur,
2954 3210 3010 3258 et
3060 3204 3194 3260 alter
3243 3205 3398 3260 alteri
3441 3207 3775 3276 pmstitisse.

2199 3289 2302 3356 Qui
2358 3290 2431 3345 ita
2495 3293 2662 3362 sapit,
2711 3293 2895 3362 docet,
2944 3295 3115 3351 credit
3166 3305 3260 3352 aut
3313 3297 3599 3368 praedicat,
3639 3313 3780 3354 ana-

2200 3379 2380 3433 thema
2405 3379 2493 3434 sit.

2599 3509 2863 3550 TllEODORl
2899 3511 3198 3552 CAPITULUI
3237 3515 3380 3554 XLIV.

2267 3584 2394 3638 Cum
2438 3599 2557 3654 ergo
2605 3585 2915 3655 interrogent
2945 3602 2963 3639 :
2993 3585 3236 3640 Hominis
3265 3588 3508 3657 genitrix,
3555 3595 3645 3642 aut
3671 3587 3778 3644 Dei

2196 3673 2420 3746 genitrix
2453 3670 2628 3726 Maria
2666 3673 2867 3726 dicatur
2893 3690 2925 3726 a
2954 3674 3135 3728 nobis?
3165 3675 3410 3746 Utraque,
3440 3693 3598 3731 unum
3649 3679 3776 3748 qui-

2199 3765 2314 3818 dem
2343 3772 2551 3828 natura,
2603 3763 2820 3817 alterum
2849 3772 3019 3817 autem
3060 3765 3311 3820 relatione
3336 3783 3353 3819 :
3382 3767 3604 3821 hominis
3634 3769 3779 3822 enim

2199 3855 2422 3927 genitria:
2468 3864 2677 3917 natura,
2706 3857 2828 3926 quia
2855 3855 3004 3910 homo
3055 3867 3167 3910 erat
3191 3868 3239 3911 et
3266 3860 3319 3911 in
3346 3871 3517 3912 ventre
3546 3859 3738 3914 Maria:
3758 3902 3776 3928 ,

2197 3943 2282 4015 qui
2303 3949 2353 3995 et
2371 3943 2616 4011 processit
2644 3941 2796 4006 inde;
2826 3941 2923 3996 Dei
2967 3953 3137 3996 autem
3165 3945 3413 4015 genitrix,
3460 3949 3580 4017 quia
3631 3946 3777 4002 Deus

2197 4041 2310 4086 erat
2368 4032 2422 4085 in
2484 4031 2688 4085 homine
2735 4040 2892 4096 nato;
2933 4049 3034 4086 non
3091 4035 3146 4087 in
3208 4035 3298 4088 illo
3351 4037 3780 4104 circumscriptus

2198 4122 2475 4178 secundum
2511 4129 2772 4188 naturam,
2821 4123 2912 4176 sed
2945 4123 3081 4194 quod
3119 4125 3172 4178 in
3204 4141 3265 4179 eo
3293 4133 3403 4178 erat
3450 4127 3641 4194 affectu
3679 4142 3779 4180 vo—

2197 4213 2429 4268 luntatis.

2739 4323 2919 4398 Vigilii
2955 4329 3238 4396 responsio.

2269 4412 2326 4468 in
2355 4415 2716 4486 suprascripto
2742 4417 3146 4486 quadragesimo
3176 4426 3367 4489 quarto
3408 4422 3644 4492 capitulo
3687 4423 3784 4478 di-

2230 4503 2337 4558 itur
2365 4523 2378 4557 :
2409 4504 2541 4559 Cum
2569 4520 2697 4574 ergo
2727 4507 3097 4576 interrogent:
3130 4509 3374 4568 Hominis
3415 4514 3665 4582 genitrix,
3699 4531 3782 4570 an

2195 4593 2290 4648 Dei
2336 4595 2566 4663 genitrix
2621 4595 2786 4650 Maria
2828 4596 3052 4664 dicatur,
3084 4602 3236 4668 quasi
3283 4617 3347 4656 ex
3398 4605 3786 4673 respondentis

2194 4698 2424 4752 persona
2459 4683 2672 4752 dicitur,
2699 4693 2925 4756 utraque
2962 4688 3064 4744 dici
3087 4731 3102 4757 ,
3131 4699 3188 4744 et
3214 4690 3556 4760 adiungitur:
3594 4693 3779 4750 Unum

2193 4774 2408 4844 quidem
2440 4783 2630 4829 natura
2655 4777 2753 4842 rei,
2786 4778 3012 4833 alterum
3054 4791 3232 4844 autem
3262 4783 3556 4849 relatione;
3587 4792 3644 4839 et
3669 4785 3785 4839 ad—

2193 4863 2339 4918 ditur
2367 4882 2379 4917 :
2407 4863 2649 4920 [laminis
2704 4867 2847 4922 enim
2896 4871 3125 4936 genitrix
3181 4881 3394 4940 natura,
3439 4874 3560 4941 quia
3601 4875 3780 4930 homo

2195 4960 2312 5008 erat
2339 4961 2395 5008 et
2420 4971 2474 5008 ιη
2517 4965 2704 5011 ventre
2732 4956 2928 5024 Mariae,
2958 4960 3049 5028 qui
3089 4968 3144 5014 et
3193 4963 3449 5030 processit
3479 4963 3602 5017 inde
3627 4981 3639 5016 :
3669 4964 3782 5020 Dei

2195 5054 2372 5099 autem
2399 5048 2647 5114 genitrix,
2679 5050 2803 5117 quia
2851 5049 2991 5104 Deus
3019 5060 3135 5106 erat
3177 5053 3230 5106 in
3262 5052 3478 5110 homine
3509 5063 3635 5109 nato
3663 5073 3676 5108 :
3713 5065 3784 5112 et

2193 5134 2467 5203 adjicitur:
2487 5136 2602 5192 Non
2626 5139 2717 5194 ille
2737 5140 3164 5210 circumscriptus
3178 5144 3469 5198 secundum
3494 5154 3774 5213 naturam,

2193 5225 2288 5278 sed
2316 5226 2461 5292 quod
2490 5227 2545 5280 in
2591 5243 2657 5282 eo
2685 5236 2804 5282 erat
2849 5228 3043 5285 affectu
3091 5231 3400 5287 voluntatis.
3443 5232 3570 5300 Qua:
3597 5235 3780 5292 verba

2192 5313 2322 5368 item
2342 5323 2396 5368 ct
2419 5331 2581 5370 unum
2603 5318 2871 5373 hominem
2897 5320 3186 5386 Christum,
3205 5331 3260 5378 et
3279 5324 3414 5381 duos
3434 5325 3570 5381 ﬁlios
3589 5327 3780 5382 beatae

2190 5405 2370 5460 Mariae
2399 5406 2789 5466 demonstrant.
2833 5411 2985 5478 Quod
3014 5415 3105 5482 qui
3136 5417 3207 5469 ita
3248 5419 3408 5487 sapit,
3437 5419 3612 5484 docet,
3642 5435 3780 5474 crc—

2189 5495 2267 5549 dit
2294 5504 2386 5550 aut
2425 5499 2706 5566 pmdicat,
2752 5509 2807 5556 et
2845 5519 2950 5558 non
3001 5505 3165 5560 Deum
3217 5511 3456 5573 verbum,
3499 5511 3588 5579 qui
3633 5517 3780 5564 ante

2190 5587 2368 5641 omnia
2383 5590 2576 5644 saecula
2599 5606 2664 5644 ex
2689 5591 2847 5648 Patre
2869 5595 3204 5652 inell‘abiliter
3222 5609 3379 5654 natus
3393 5609 3496 5667 est,
3513 5601 3778 5655 eumdem

2191 5692 2260 5731 ex
2299 5687 2484 5735 sancta
2522 5681 2741 5751 Virgine
2784 5683 2949 5742 Maria
2998 5688 3158 5761 (sicut
3206 5690 3258 5744 in
3305 5690 3478 5759 primo
3524 5689 3780 5759 capitulo

2192 5768 2445 5840 diximus)
2467 5787 2563 5844 per
2581 5775 2869 5846 secundam
2891 5781 3218 5838 nativitatem
3240 5797 3395 5840 suam
3424 5782 3779 5838 incarnatqu
