4006 6190
247 353 314 409 93
1431 331 1784 392 EPISTOLIE
1823 328 1912 384 ET
1949 322 2285 383 DECRETA.

3457 314 3534 370 9-}

251 477 300 524 et
321 474 501 520 uatum
533 478 695 518 unum
727 461 781 515 in
805 469 1034 528 utraque
1063 465 1258 513 natura
1287 453 1574 510 inconfusa
1617 451 1830 519 iusepa-
1861 447 1909 507 A
1935 442 2078 512 quod
2105 441 2235 496 dicit
2276 435 2588 508 Apostolus,
2617 432 2718 498 Qui
2767 432 2957 487 multos
3003 431 3144 502 ﬁlios
3185 433 3253 484 ad
3303 430 3527 502 gloriam

250 557 507 630 rabilique
526 553 828 624 cognoscit,
852 549 1135 605 anathema
1163 548 1253 602 sit.

653 679 922 722 THBODORI
961 678 1022 718 CA
1031 677 1114 715 PIT
1122 675 1263 714 ULUH
1303 671 1428 710 XLV.

321 793 347 821 ⁸
371 782 556 838 Gratia
585 780 724 850 ﬁlius
753 778 841 849 qui
887 791 952 829 ea:
1001 772 1176 828 Maria
1207 779 1284 825 est
1314 769 1496 832 homo,
1529 775 1716 818 natura
1745 779 1839 815 an-

253 885 350 932 tem
398 874 538 928 Deus
600 869 823 924 Verbum
855 865 1033 936 :quod
1063 872 1233 917 autem
1258 859 1538 914 secundum
1590 856 1838 927 gratiam,

255 983 352 1021 non
383 973 595 1022 natura,
621 970 671 1015 et
711 957 848 1030 quod
900 953 1179 1009 secundum
1224 959 1489 1014 naturam,
1515 963 1619 999 non
1646 960 1740 1015 gra
1767 943 1840 1009 ia,

254 1076 354 1114 non
387 1057 490 1108 duo
531 1052 664 1122 ﬁlii;
705 1048 930 1118 suﬂiciat
971 1043 1205 1113 corpori,
1230 1039 1366 1112 quod
1391 1055 1454 1092 ea:
1485 1037 1631 1091 nobis
1661 1044 1735 1089 est
1764 1051 1845 1087 se-

255 1147 473 1202 cundum
498 1141 727 1212 gratiam
763 1137 981 1209 ﬁlictia,
1006 1135 1174 1206 gloria
1201 1141 1250 1186 et
1276 1130 1642 1185 immortalitas
1674 1145 1691 1181 :
1723 1127 1846 1197 quia

257 1237 498 1307 tentplum
547 1232 646 1286 Dei
712 1228 864 1284 Verbi
910 1230 1103 1298 factum
1129 1232 1226 1288 est,
1258 1240 1360 1277 non
1391 1238 1551 1291 supra
1600 1228 1846 1273 naturam

257 1328 513 1382 eleuetur:
543 1333 592 1377 et
613 1321 755 1375 Deus
788 1317 1008 1372 Verbum
1032 1333 1126 1386 pro
1145 1313 1314 1368 debita
1337 1331 1369 1367 a
1392 1313 1539 1367 nobis
1564 1313 1848 1384 gratiarum

258 1419 458 1471 actione
484 1431 589 1468 non
618 1412 897 1483 injurietur
926 1425 942 1462 :
970 1417 1019 1461 et
1067 1421 1180 1478 qua:
1206 1415 1281 1458 est
1309 1405 1505 1475 injuria
1532 1417 1838 1471 componere

259 1527 366 1564 eum
397 1524 518 1562 cum
540 1521 775 1575 corpore,
807 1510 856 1555 et
881 1508 1063 1571 putare
1087 1497 1322 1567 indigere
1359 1495 1595 1563 corporis
1635 1492 1701 1545 ad
1734 1507 1854 1561 per—

260 1605 444 1672 fectam
467 1594 812 1668 ﬁliationem!
841 1609 934 1646 nec
975 1592 1087 1663 ipse
1116 1588 1256 1642 Deus
1286 1585 1512 1640 Verbum
1533 1583 1636 1638 vult
1656 1601 1710 1638 se
1738 1583 1852 1636 Da-

258 1692 335 1744 rid
361 1691 535 1759 ﬁlium
563 1702 674 1740 esse
693 1727 709 1752 ,
731 1683 822 1738 sed
854 1681 1169 1742 Dominum;
1197 1692 1380 1740 corpus
1413 1683 1586 1727 autem
1627 1675 1721 1728 hoc
1766 1689 1854 1726 to-

257 1783 362 1835 euri
389 1778 562 1833 David
591 1777 759 1848 ﬁlium
784 1790 890 1829 non
919 1770 1086 1826 solum
1109 1785 1214 1823 non
1237 1765 1443 1834 invidit,
1466 1763 1557 1819 sed
1575 1772 1625 1818 et
1644 1771 1855 1833 propter

257 1874 350 1929 hoc
365 1872 564 1944 adfuit.

808 1980 991 2054 Vigilii
1029 1976 1317 2049 responsio.

324 2076 394 2132 In
423 2072 791 2146 suprascripto
838 2067 1253 2140 quadragesimo
1283 2063 1472 2134 quinto
1510 2058 1749 2130 capitulo
1779 2054 1862 2110 di-

259 2168 424 2233 citur,
449 2167 576 2236 quia
607 2179 704 2234 per
724 2161 950 2230 gratiam
978 2159 1048 2214 sit
1072 2157 1209 2210 ﬁlius
1249 2154 1339 2224 qui
1381 2168 1448 2207 ex
1497 2151 1662 2205 Maria
1705 2155 1862 2200 natus

261 2266 345 2313 est
368 2258 560 2322 homo,
583 2261 775 2307 natura
819 2260 1000 2305 autem
1030 2249 1169 2302 Deus
1197 2245 1434 2300 Verbum
1464 2261 1476 2295 :
1509 2249 1565 2296 et
1594 2239 1749 2310 quasi
1775 2253 1862 2291 ra-

262 2347 563 2402 tiocinator
584 2341 810 2398 dicendo
838 2359 850 2393 :
882 2337 1036 2406 Quod
1054 2335 1246 2405 gratia.
1271 2349 1378 2388 non
1409 2339 1619 2396 natura,
1645 2337 1702 2384 et
1721 2325 1866 2396 quod

263 2450 484 2504 natura,
517 2453 626 2492 non
677 2435 880 2506 gratia;
909 2442 964 2487 et
1011 2430 1356 2499 adjungitur:
1387 2425 1598 2481 Sufﬁcit
1650 2419 1865 2492 corpori

265 2529 418 2599 quod
446 2544 514 2584 ex
537 2527 694 2582 nobis
720 2533 803 2580 est
823 2523 1118 2578 secundum
1148 2518 1372 2590 gratiam
1420 2517 1628 2581 ﬁliatio,
1654 2520 1710 2567 et
1755 2526 1864 2566 non

269 2637 434 2690 supra
459 2627 706 2673 naturam
746 2615 1006 2678 elevetur,
1040 2620 1096 2667 et
1123 2611 1264 2665 Deus
1292 2607 1528 2663 VerbiJm
1557 2616 1657 2674 pro
1687 2601 1869 2657 debita

269 2724 298 2764 a
324 2709 487 2763 nobis
510 2706 802 2776 gratiarum
833 2704 1048 2758 actione
1083 2715 1192 2754 non
1213 2697 1532 2767 injurietur;
1559 2707 1677 2763 qum
1705 2690 1868 2744 verba

273 2800 484 2856 nudum
547 2798 822 2853 hominem
881 2809 950 2849 ex
1003 2791 1223 2860 Virgine
1282 2780 1456 2842 Maria
1527 2782 1867 2852 signiﬁcant,

274 2893 368 2962 qui
406 2907 510 2963 per
555 2890 782 2960 gratiam
840 2885 1145 2956 appelletur
1200 2880 1365 2935 Filius
1415 2877 1532 2931 Dei.
1583 2873 1685 2941 Qui
1741 2886 1871 2946 ergo

275 2986 389 3040 haec
451 2985 527 3037 ita
581 2981 754 3050 sapit,
809 2978 1007 3040 docet,
1047 2973 1219 3030 credit
1269 2978 1362 3025 aut
1421 2966 1704 3039 prmdicat,
1743 2978 1873 3018 ana-

279 3078 464 3131 thema
490 3074 583 3128 sit.

678 3194 946 3236 THEODORI
992 3188 1294 3232 CAPITULUM
1333 3185 1478 3225 XLVI.

349 3278 378 3317 δ
407 3273 632 3341 Quando
643 3275 741 3326 erit
754 3271 966 3340 quiestio
985 3268 1048 3320 de
1061 3261 1411 3319 nativitatibus
1435 3256 1715 3314 secundum
1732 3262 1877 3307 natu-

284 3385 420 3434 rans,
446 3384 511 3420 ne
541 3364 730 3418 Maria:
760 3362 896 3432 ﬁlius
937 3357 1160 3412 Verbum
1192 3353 1286 3407 Dei
1317 3351 1656 3413 existimetur,
1675 3353 1869 3400 morta-

286 3462 358 3515 les
387 3460 531 3514 enim
584 3454 828 3509 mortales
886 3457 1138 3522 generant
1184 3443 1465 3500 secundum
1521 3449 1782 3502 naturam,
1829 3442 1880 3487 et

287 3565 476 3620 corpus
496 3545 667 3600 simile
709 3543 806 3596 sibi
837 3557 855 3595 :
885 3550 933 3594 et
964 3539 1091 3591 duas
1146 3536 1435 3589 nativitates
1480 3529 1618 3582 Deus
1660 3525 1880 3582 Verbum

289 3658 395 3696 non
417 3637 684 3700 sustinuit,
710 3649 868 3686 unam
896 3629 1102 3702 quidem
1129 3636 1248 3680 ante
1276 3622 1486 3687 swcula,
1518 3619 1736 3672 alteram
1763 3631 1880 3671 vero

291 3738 347 3790 in
372 3725 748 3804 posterioribus
795 3720 1128 3793 temporibus.

844 3835 1019 3905 Vigilii
1057 3829 1345 3900 responsio.

370 3934 429 3990 In
450 3931 764 4002 supradicto
786 3923 1198 3996 quadragesimo
1226 3926 1380 3975 sexto
1410 3914 1645 3998 capitulo
1668 3913 1882 3979 dicitur,

299 4037 360 4083 ut
383 4027 566 4082 Maria:
613 4023 751 4076 ﬁlius
779 4019 922 4075 Deus
969 4017 1202 4072 Verbum
1248 4028 1356 4066 non
1403 4011 1760 4073 existimetur,
1787 4007 1883 4061 ad-

299 4116 535 4188 iiciendo
564 4133 578 4166 :
608 4112 744 4178 Quia
781 4106 1024 4164 mortalis
1071 4103 1356 4158 mortalem
1397 4107 1621 4171 generat
1684 4112 1883 4150 secun-

300 4210 427 4262 dum
466 4215 736 4269 naturam,
775 4209 832 4256 et
885 4212 1083 4267 corpus
1141 4193 1318 4249 simile
1375 4191 1496 4246 sibi.
1547 4189 1676 4256 Qum
1720 4187 1887 4243 verba

303 4313 360 4357 et
395 4314 587 4371 purum
616 4296 891 4352 hominem
929 4289 998 4345 de
1036 4295 1223 4344 sancta
1263 4285 1482 4352 Virgine
1522 4281 1687 4335 Maria
1725 4279 1891 4347 signi-

307 4396 487 4457 ﬁcant,
529 4400 584 4446 et
612 4391 748 4444 duos
777 4385 914 4440 ﬁlios
941 4382 1309 4438 introducunt.
1339 4377 1443 4444 Qui
1467 4391 1595 4446 ergo
1626 4377 1698 4429 ita
1728 4374 1886 4443 sapit,

305 4486 482 4551 docet,
513 4482 686 4539 credit
715 4487 808 4533 aut
835 4476 1114 4548 praedicat,
1143 4471 1430 4526 anathema
1458 4467 1548 4522 sit.

697 4605 964 4646 TBEODOBI
993 4602 1145 4642 CAPIT
1153 4599 1295 4639 ULUII
1334 4596 1499 4635 XLV".

379 4687 522 4759 Ergo
541 4688 658 4758 jam
685 4681 953 4738 cessabunt
981 4678 1046 4733 ab
1092 4676 1388 4741 impudente
1417 4689 1615 4744 pugna,
1643 4671 1891 4724 desistent

311 4791 479 4834 autem
496 4795 527 4831 a
551 4793 685 4831 vana
706 4773 1050 4834 contentione,
1067 4767 1418 4823 erubescentes
1439 4761 1747 4818 evidentiam
1768 4775 1898 4830 pra:-

311 4874 563 4928 dietorum
591 4885 610 4922 :
641 4866 890 4938 plurimos
918 4863 1057 4916 enim
1096 4859 1270 4913 dicunt
1297 4857 1436 4927 ﬁlios
1463 4855 1517 4908 in
1545 4854 1767 4924 gloriam
1796 4851 1895 4904 du-

313 4972 502 5017 centes.
535 4959 672 5013 Ecce
697 4959 853 5026 igitur
877 4954 932 5007 in
962 4950 1235 5022 ﬁliationis
1266 4950 1468 5002 ratione
1496 4943 1771 5014 Apostolus
1801 4959 1896 5011 ap-

317 5063 457 5122 paret
487 5053 504 5121 ζ
525 5050 688 5105 Hebr.
707 5068 722 5085 -
754 5043 833 5110 ιι)
859 5048 1178 5108 assumptum
1199 5036 1454 5092 hominem
1476 5033 1676 5088 caeteris
1697 5047 1895 5086 connu-

315 5157 558 5204 nierans,
584 5154 689 5192 non
745 5134 1026 5195 secundum
1080 5129 1216 5202 quod
1254 5129 1358 5183 illis
1409 5124 1594 5199 [illius]
1624 5123 1897 5194 ﬁliationis

315 5234 571 5302 particeps
592 5238 688 5293 est,
712 5226 804 5282 sed
820 5223 1100 5280 secundum
1130 5220 1266 5293 quod
1288 5219 1526 5273 similiter
1546 5214 1717 5286 gratia
1755 5213 1899 5282 ﬁlia-

320 5326 506 5378 tionem
555 5318 853 5390 assumpsit,
883 5315 1072 5370 deitate
1117 5312 1230 5367 sola
1277 5308 1567 5365 naturalem
1595 5304 1901 5375 ﬁliationem

319 5414 628 5485 possidente.

869 5519 1044 5592 Vigilii
1081 5515 1366 5588 responsio.

394 5619 451 5676 In
479 5613 846 5689 suprascripto
871 5609 1285 5683 quadragesimo
1327 5605 1559 5677 septimo
1587 5601 1824 5674 capitulo
1852 5599 1906 5656 id

403 5807 428 5836 ι
459 5795 527 5853 Ut
555 5795 608 5851 in
633 5792 839 5851 Com-ii.
869 5788 932 5857 γ,
970 5785 1150 5843 collat.
1172 5781 1208 5837 ι
1239 5788 1292 5837 ct
1319 5777 1368 5833 5.

1940 535 2232 587 adduxerat
2265 528 2452 602 (Hebr.
2496 543 2552 592 tl,
2588 525 2712 594 10),
2765 523 3089 594 exponendo
3139 521 3353 583 dicitur,
3384 520 3530 589 quod

1940 634 2272 695 assumptum
2325 621 2594 676 hominem
2649 617 2860 672 caeteris
2911 621 3265 670 conuulneret
3313 620 3536 667 sanctus

1940 716 2251 786 Apostolus,
2286 729 2351 769 eo
2380 712 2524 782 quod
2552 709 2799 765 similiter
2827 705 3053 774 gratiam
3085 702 3358 758 iiliationis
3385 717 3536 757 acce-

1942 809 2101 879 perit,
2124 807 2238 861 sola
2270 805 2471 859 deitate
2503 799 2800 856 naturalem
2833 797 3145 852 ﬁliationem
3175 794 3485 866 possidente
3513 811 3527 846 :

1942 914 2062 968 quae
2089 897 2305 966 quidem
2345 894 2508 948 verba
2529 931 2544 954 ,
2576 891 2715 946 sicut
2743 888 2992 958 superius
3021 886 3222 942 dictum
3263 893 3364 949 est,
3397 883 3535 936 duos

1945 989 2296 1044 introducunt
2326 986 2484 1048 ﬁlios,
2516 983 2568 1037 id
2595 990 2677 1036 est
2701 996 2860 1034 unum
2890 994 2988 1049 per
3008 978 3234 1047 gratiam
3253 1017 3268 1042 ,
3302 975 3532 1029 alterum

1946 1096 2043 1152 per
2082 1088 2348 1132 naturam.
2393 1075 2546 1142 Quod
2576 1074 2667 1142 qui
2718 1073 2791 1126 ita
2820 1070 2980 1142 sapit,
3013 1070 3197 1137 docet,
3240 1066 3415 1123 credit
3445 1069 3541 1121 aut

1945 1169 2224 1243 praedicat,
2260 1167 2548 1221 anathema
2569 1163 2658 1218 sit.

2326 1294 2590 1334 THEODOBI
2634 1290 2938 1332 CAPITULU)!
2976 1288 3158 1327 XLVIII.

2022 1373 2129 1428 Sed
2159 1370 2353 1425 adlice
2383 1370 2580 1434 dicunt,
2607 1367 2745 1438 quod
2791 1366 2946 1419 Jesus
3000 1379 3185 1417 nomen
3233 1361 3543 1416 salvatorem

1951 1465 2233 1535 signiﬁcat.
2286 1462 2532 1516 Salvator
2584 1469 2756 1512 autem
2811 1459 2854 1510 si
2906 1457 3128 1520 dicitur,
3160 1452 3414 1523 quomodo
3453 1450 3546 1506 ille

1952 1558 2105 1610 homo
2136 1554 2376 1608 dicatur?
2405 1551 2548 1606 obliti
2571 1551 2704 1622 quod
2728 1549 2881 1603 Jesus
2923 1547 3188 1601 dicebatur
3211 1548 3367 1600 etiam
3395 1543 3542 1614 ﬁlius

1956 1648 2103 1704 Nave
2144 1665 2162 1703 :
2205 1656 2254 1702 et
2301 1646 2435 1717 quod
2479 1643 2776 1698 mirandum
2806 1651 2916 1706 est,
2961 1641 3082 1711 quia
3129 1655 3233 1692 non
3286 1639 3353 1691 sit
3394 1650 3546 1689 voca-

1960 1752 2039 1796 tus
2090 1741 2303 1812 fortuito
2340 1739 2408 1791 in'
2445 1736 2815 1808 generatione,
2862 1732 2952 1786 sed
3014 1730 3459 1784 transnominatus
3515 1742 3550 1778 α

1885 1811 1930 1868 Β
1960 1829 2162 1901 Moyse.
2204 1826 2410 1881 Certum
2433 1835 2600 1877 autem
2641 1821 2879 1893 estquod
2919 1837 3023 1874 non
3048 1820 3142 1872 hoc
3163 1820 3426 1889 imponere
3454 1815 3551 1868 Ito-

1963 1921 2089 1974 mini
2117 1917 2431 1989 patiebatur,
2459 1915 2504 1968 si
2531 1914 2760 1967 divinam
2790 1919 3032 1965 naturam
3057 1908 3353 1964 omnimodo
3387 1905 3554 1978 signi-

1961 2010 2176 2085 ﬁcabat.
2557 2079 2560 2081 q

2514 2117 2694 2190 Vigilii
2721 2117 3010 2188 responsio.

2037 2218 2094 2272 In
2121 2214 2486 2286 suprascripto
2517 2210 2930 2280 quadragesimo
2973 2214 3170 2263 octavo
3209 2202 3446 2275 capitulo
3483 2199 3553 2255 de

1967 2309 2187 2366 nomine
2206 2306 2358 2370 Jesu,
2383 2303 2529 2373 quod
2576 2301 2903 2355 salvatorem
2954 2294 3238 2366 signiﬁcat,
3269 2306 3555 2361 argumeno

1968 2399 2134 2455 tando
2156 2405 2398 2466 negatur,
2432 2403 2488 2448 et
2528 2390 2723 2447 dicitur
2752 2407 2764 2442 :
2796 2388 2929 2454 Quia
2959 2387 3004 2442 si
3041 2386 3277 2440 salvator
3322 2381 3558 2437 divinam

1971 2498 2216 2546 naturam
2261 2484 2609 2556 signiﬁcaret,
2635 2494 2907 2548 nunquam
2958 2477 3066 2531 tale
3113 2488 3310 2528 nomen
3356 2469 3560 2524 homini

1969 2583 2358 2651 imponeretur.
2392 2574 2596 2641 Quibus
2633 2571 2811 2626 verbis
2840 2567 3086 2622 absolute
3124 2574 3180 2618 et
3204 2576 3368 2634 purus
3396 2561 3560 2614 homo

1971 2671 2217 2727 Christus
2279 2666 2618 2728 ostenditur,
2669 2670 2727 2717 et
2779 2661 2898 2715 dum
2957 2671 3202 2728 persona:
3252 2651 3561 2720 intelligun-

1973 2774 2078 2819 tur.
2120 2762 2251 2830 Quze
2286 2760 2378 2830 qui
2428 2759 2502 2813 ita
2539 2758 2718 2828 sapit,
2770 2753 2946 2808 credit
2980 2758 3073 2806 aut
3107 2746 3364 2820 praedicat
3386 2783 3405 2810 ,
3433 2758 3565 2799 ana-

1979 2855 2161 2909 thema
2199 2852 2290 2906 sit.

2364 2976 2631 3016 THEODORI
2681 2973 2833 3014 CAPIT
2841 2971 2980 3011 υιωι
3027 2969 3174 3008 XLIX.

2047 3056 2233 3128 Itaque
2259 3070 2363 3107 non
2392 3052 2558 3106 solum
2591 3049 2789 3104 Filium
2814 3049 2983 3117 ipsum
3010 3054 3154 3099 vocat
3182 3061 3215 3098 a
3243 3041 3355 3098 Deo
3395 3039 3565 3096 Verbo

1979 3163 2253 3218 separans,
2276 3143 2366 3198 sed
2387 3143 2543 3196 etiam
2562 3139 2841 3195 secundum
2863 3138 3116 3192 rationem
3135 3134 3412 3205 ﬁliationis
3429 3147 3567 3185 com-

1979 3239 2250 3293 municans
2277 3234 2474 3289 cwteris
2523 3229 2857 3302 participibus
2906 3226 3177 3298 ﬁliationis
3205 3222 3565 3277 convincitur:
3637 3285 3648 3296 .

1979 3329 2222 3401 quoniam
2266 3327 2439 3397 gratia
2464 3333 2513 3378 et
2558 3323 2666 3393 ipse
2695 3319 2955 3391 particeps
2984 3318 3083 3389 fuit
3109 3314 3411 3385 ﬁlialionis,
3461 3327 3566 3364 non

1981 3420 2296 3473 naturaliter
2337 3433 2401 3470 ea:
2430 3415 2593 3468 Patre
2641 3421 2812 3474 natus,
2845 3409 3038 3462 habens
3068 3416 3239 3460 tamen
3266 3405 3335 3457 ad
3356 3412 3568 3457 cieteros

1979 3506 2466 3574 excellentiam,qui
2515 3503 2713 3555 unitate
2761 3500 2830 3552 ad
2876 3501 3046 3568 ipsum
3096 3498 3404 3567 ﬁliationem
3448 3508 3568 3562 pos-

1979 3600 2151 3666 sidet,
2179 3597 2312 3671 quod
2341 3597 2386 3650 ei
2430 3595 2713 3666 ﬁrmiorem
2758 3592 2922 3660 ipsius
2959 3590 3034 3643 rei
3073 3587 3234 3642 donat
3285 3586 3571 3656 participa-

1984 3693 2194 3746 tionem.

2531 3799 2711 3872 Vigilii
2747 3794 3032 3867 responsio.

2054 3902 2114 3958 In
2163 3897 2528 3970 suprascripto
2557 3890 2968 3963 quadragesimo
2999 3901 3144 3941 nono
3172 3885 3407 3955 capitulo
3437 3880 3570 3938 dici-

1988 4004 2092 4060 tur,
2124 3993 2250 4063 quia
2273 3989 2516 4044 Christus
2545 4001 2641 4055 per
2669 3983 2893 4052 gratiam
2921 3979 3190 4049 particeps
3222 3976 3321 4030 fuit
3353 3974 3571 4028 ﬁliatio—

1990 4087 2092 4147 uis,
2120 4062 2324 4137 habens
2353 4089 2531 4133 tamen
2562 4075 2626 4130 ad
2670 4082 2896 4129 eieteros
2919 4067 3315 4130 excellentiam,
3347 4062 3492 4134 quod
3520 4077 3574 4118 ex

1991 4178 2194 4231 ﬁrmior
2243 4174 2410 4244 ipsius
2455 4169 2533 4225 rei
2582 4167 2779 4220 donata
2828 4162 2987 4216 fuerit
3029 4157 3387 4229 participatio.
3421 4152 3578 4221 Quod

1989 4271 2080 4340 qui
2113 4270 2183 4322 ita
2213 4267 2370 4336 sapit,
2399 4263 2581 4328 docet,
2612 4257 2782 4313 credit
2829 4262 2921 4306 aut
2944 4251 3218 4321 pnndicat,
3249 4257 3302 4302 et
3331 4261 3437 4300 non
3465 4260 3581 4298 ma-

1992 4365 2072 4432 gis
2120 4363 2262 4415 Dcus
2289 4357 2524 4412 Verbum
2557 4367 2679 4407 cum
2727 4353 2999 4414 assumpta
3033 4357 3196 4398 carne
3251 4355 3388 4393 unus
3417 4345 3579 4405 atque

1993 4428 2134 4511 idem
2185 4452 2444 4507 Dominus
2470 4445 2626 4500 Jesus
2654 4441 2899 4496 Christus
2939 4444 2993 4490 et
3021 4449 3180 4489 verus
3207 4430 3375 4485 Filius
3404 4428 3494 4482 Dei
3523 4433 3582 4482 et

1918 4561 1972 4620 1)
1995 4545 2134 4599 idem
2160 4543 2273 4612 ipse
2293 4553 2454 4593 verus
2477 4534 2643 4589 Filius
2665 4529 2897 4585 hominis
2919 4522 3234 4592 intelligitur
3255 4527 3311 4576 et
3325 4517 3581 4585 creditur,

1995 4634 2282 4688 anathema
2310 4629 2399 4684 sit.

2441 4757 2511 4797 'l'll
2521 4754 2710 4796 EODORI
2747 4748 3048 4791 ΒΛΡιτυιυυ
3088 4747 3140 4786 1..

2070 4841 2242 4896 Homo
2286 4838 2438 4892 .lesus
2489 4834 2726 4889 similiter
2783 4826 3016 4884 omnibus
3066 4821 3388 4885 hominibus,
3453 4817 3585 4874 nihil

1999 4934 2242 5003 diﬂ’erens
2291 4923 2713 4982 connaturalibus
2762 4917 3051 4974 hominibus
3096 4932 3248 4988 quam
3301 4909 3436 4981 quod
3484 4907 3586 4977 ipsi

2007 5026 2232 5096 gratiam
2252 5021 2423 5083 dedit;
2453 5017 2623 5089 gratia
2647 5022 2818 5067 autem
2848 5011 2971 5063 data
3003 5017 3243 5061 naturam
3267 5021 3369 5056 non
3391 5008 3585 5065 mutat;

2005 5116 2096 5171 sed
2125 5123 2238 5186 post
2290 5111 2470 5166 mortis
2502 5106 2898 5161 destructionem
2925 5101 3132 5155 donarit
3153 5099 3198 5151 ei
3233 5096 3372 5148 Deus
3402 5107 3588 5146 nomen

2005 5223 2159 5278 super
2185 5221 2334 5258 omne
2371 5217 2575 5256 nomen.
2741 5193 2743 5196 ’

2555 5309 2731 5382 Vigilii
2763 5303 3049 5376 responsio.

2084 5410 2142 5465 In
2189 5404 2556 5479 suprascripto
2596 5394 3040 5470 quinquagesimo
3088 5387 3326 5460 capitulo
3372 5386 3591 5451 dicitur,

2014 5504 2158 5576 quod
2184 5503 2350 5557 homo
2377 5497 2534 5552 Jesus
2561 5492 2692 5548 nihil
2718 5487 2930 5544 diil‘erat
2956 5485 3023 5539 ab
3055 5482 3308 5540 omnibus
3330 5485 3595 5537 conuatu-

2013 5569 2216 5653 ralihus
2235 5588 2564 5649 hominibus,
2591 5582 2691 5637 nisi
2716 5576 2860 5650 quod
2887 5576 2937 5633 ei
2983 5574 3212 5648 gratiam
3249 5569 3433 5629 dedit:
3472 5580 3596 5638 qua

2013 5821 2018 5824 _
2088 5765 2115 5806 δ
2146 5763 2213 5820 Ut
2240 5762 2294 5818 in
2323 5756 2527 5818 Concil.
2560 5757 2624 5828 V,
2650 5755 2827 5813 collat.
2861 5750 2916 5806 5.
