4006 6190
481 352 547 411 93
1863 348 2086 405 VIGILII
2125 347 2326 403 ΡΔΡΔΕ
3659 354 3727 410 9:3

479 471 642 527 verba
705 468 992 524 Dominum
1056 473 1295 521 nostrum
1352 463 1534 519 .lesum
1584 461 1858 519 Christum
1905 464 2054 519 velut
2081 465 2131 525 Α
2154 470 2504 534 potestatem.
2548 463 2605 521 Si
2646 466 2767 536 quis
2792 479 2921 537 ergo
2947 468 3063 523 haec
3091 468 3167 523 ita
3190 468 3356 539 sapit,
3387 469 3579 535 docet,
3609 484 3727 525 cre-

479 574 643 615 unum
671 557 912 626 dejustis
936 555 1243 610 hominibus
1279 551 1481 617 faciunt
1508 553 1783 619 :estimari,
1813 553 1905 622 qui
1944 567 2054 607 non

482 651 682 706 deitate
727 664 822 703 sua
862 646 1105 703 excelsus
1136 644 1485 713 intelligatur,
1532 644 1825 712 sed’gratia
1856 643 2057 714 aliquid

483 739 713 808 amplius
759 751 919 806 quam
971 734 1153 790 caeteri
1199 733 1445 789 homines
1490 741 1763 789 asseratur
1808 735 2050 805 adeptus.

482 827 637 895 Quod
664 829 708 882 si
740 827 857 897 quis
886 825 960 880 ita
983 825 1143 894 sapit,
1194 823 1370 889 docet,
1419 823 1592 878 credit
1631 831 1724 877 aut
1781 824 2055 893 praedicat,

484 921 770 976 anathema
800 919 887 974 sit.

911 1040 1176 1080 THEODORI
1214 1039 1513 1079 CAPITULUDI
1552 1041 1625 1078 ιι.

557 1121 661 1176 Sed
690 1121 787 1175 mei
820 1122 1025 1191 fratres,
1057 1121 1142 1189 qui
1171 1120 1395 1189 ejusdem
1427 1120 1554 1172 mihi
1593 1121 1774 1173 matris
1812 1130 1933 1174 sunt
1960 1120 2059 1190 ﬁlii

484 1212 661 1264 dicunt
690 1210 834 1295 mihi.
865 1207 986 1262 Non
1010 1225 1196 1279 separa
1223 1209 1481 1263 hominem
1502 1219 1549 1263 et
1576 1209 1758 1276 Deum,
1786 1212 1876 1266 sed
1902 1229 2058 1265 unum

483 1301 813 1372 eamdemque
838 1300 921 1353 dic
949 1300 1226 1365 hominem,
1253 1300 1467 1355 dicens:
1511 1300 1638 1356 Dico
1668 1305 2059 1358 connaturalem

484 1391 635 1454 mihi,
678 1391 792 1443 dico
823 1391 1001 1443 Deum.
1048 1389 1108 1444 Si
1137 1391 1301 1444 dicam
1327 1395 1716 1446 connaturalem
1747 1393 1874 1458 Deo,
1901 1394 2057 1449 dico:

487 1479 754 1544 Quomodo
784 1482 932 1536 homo
953 1491 1003 1535 et
1036 1482 1168 1535 Deus
1194 1498 1351 1536 unum
1375 1487 1537 1537 sunt?
1565 1483 1813 1555 Nunquid
1832 1503 1940 1539 una
1959 1503 2060 1540 na-

486 1580 604 1626 tura
630 1572 852 1625 hominis
878 1581 927 1625 et
961 1570 1074 1635 Dei,
1102 1572 1296 1625 domini
1324 1581 1371 1625 et
1399 1575 1547 1637 servi,
1579 1576 1794 1645 factoris
1820 1586 1869 1628 et
1890 1579 2061 1645 {actu-

489 1660 613 1713 rce?
651 1662 813 1713 Homo
841 1660 1034 1714 homini
1079 1660 1537 1715 consubstantialis
1565 1673 1662 1731 est,
1708 1664 1847 1719 Deus
1892 1674 2063 1720 autem

486 1748 598 1804 Deo
636 1748 1096 1804 consubstantialis
1132 1760 1209 1804 est
1249 1766 1265 1804 :
1316 1753 1569 1823 quomodo
1614 1755 1771 1825 igitur
1815 1756 1964 1811 homo
2012 1765 2063 1812 et

2156 550 2235 605 dit
2257 559 2348 606 aut
2374 552 2645 622 przedicat,
2678 556 2963 610 anathema
2990 556 3078 611 sit.

2566 681 2838 721 THBODOBI
2868 683 3169 723 (ιΑΡιτυιωι
3206 684 3310 723 LIV.

2227 754 2579 813 Consonantia
2607 768 2655 814 et
2677 761 2956 830 Apostolus
2989 762 3151 815 dicit:
3201 760 3268 815 Et
3305 760 3584 818 manifeste
3610 776 3727 817 ma-

2156 850 2318 916 gnum
2347 857 2431 904 est
2456 850 2672 919 pietatis
2698 852 3031 923 mysterium,
3055 851 3198 919 quod
3227 851 3619 906 manifestatum
3647 857 3729 907 est

2159 938 2214 993 in
2261 954 2443 1005 carne,
2487 938 2834 1007 justilicatnm
2881 948 2965 996 est
3007 941 3060 994 in
3104 940 3305 1009 Spiritu
3353 938 3408 1008 (I
3441 938 3574 993 'l‘im.
3626 940 3728 1003 ml,

2150 1025 2496 1097 justi/iculum
2522 1046 2631 1083 esse
2667 1031 2723 1084 in
2763 1029 2961 1100 Spiritu
2992 1030 3169 1084 dicens
3216 1031 3401 1095 ipsum,
3449 1031 3551 1083 sive
3593 1030 3729 1101 quod

2160 1130 2280 1174 ante
2308 1120 2564 1191 baptism
2592 1139 2706 1176 cum
2732 1123 3011 1178 subtilitate
3040 1132 3351 1192 competente
3379 1124 3537 1192 legem
3565 1130 3733 1177 custo-

2162 1212 2307 1280 divit,
2359 1214 2464 1268 sive
2501 1214 2637 1284 quod
2683 1215 2839 1268 etiam
2878 1223 2991 1283 post
3020 1213 3151 1267 illud
3176 1214 3357 1283 gratim
3384 1213 3729 1267 conversatio-

2163 1316 2278 1353 nem
2302 1301 2663 1371 cooperatione
2693 1300 2921 1372 Spiritus
2948 1319 3062 1355 cum
3098 1316 3288 1372 magna
3316 1302 3578 1372 contplecit
3607 1298 3729 1354 sub-

2162 1390 2365 1443 lilitate.

2713 1481 2894 1552 Vigilii
2918 1485 3203 1551 responsio.

2231 1570 2290 1626 In
2319 1571 2684 1641 suprascripto
2721 1572 3163 1640 quinquagesimo
3192 1580 3382 1641 quarto
3415 1572 3648 1641 capitulo
3677 1573 3730 1627 id

2164 1661 2310 1730 quod
2338 1662 2625 1731 Apostolus
2647 1662 2775 1717 dicit
2799 1680 2812 1714 :
2849 1660 2997 1725 Quod
3021 1663 3403 1733 manifestatum
3427 1673 3503 1716 est
3532 1664 3585 1716 in
3615 1679 3732 1733 car:

2166 1729 2262 1814 ne,
2312 1729 2657 1820 justi/iculum
2706 1760 2782 1804 est
2819 1752 2874 1803 in
2926 1751 3125 1820 Spiritu
3144 1729 3173 1817 ,V
3208 1750 3449 1805 Christus
3481 1729 3732 1819 justiﬁed-

487 1839 628 1894 Deus
651 1857 787 1895 unus
814 1857 905 1910 per
928 1842 1175 1895 unitatem
1213 1858 1322 1895 esse
1350 1852 1553 1911 potest:
1602 1847 1691 1917 qui
1716 1847 2051 1917 salsi/scatur,
2088 1833 2132 1892 Β
2161 1847 2246 1892 tus
2273 1853 2393 1894 esse
2420 1840 2707 1903 asseritur,
2762 1840 2875 1893 sive
2903 1840 3045 1907 quod
3083 1848 3208 1894 ante
3249 1841 3567 1908 baptismum
3609 1857 3730 1894 cum

487 1931 576 2001 qui
600 1931 875 2001 salviﬁcat,
902 1941 952 1985 et
979 1932 1063 2002 qui
1092 1941 1211 1985 ante
1235 1932 1445 1999 siccata,
1474 1940 1525 1986 et
1552 1935 1642 2005 qui
1669 1950 1735 1989 ea:
1761 1935 1936 1990 Maria
1963 1952 2059 2008 ap-

488 2023 660 2091 paruit
687 2023 712 2076 .’

1026 2134 1205 2205 Vigilii
1231 2135 1514 2205 responsio.

559 2244 617 2299 In
644 2244 1007 2314 suprascripto
1033 2245 1473 2313 quinquagesima
1503 2245 1675 2316 primo
1697 2244 1930 2315 capitulo
1963 2260 2061 2300 ne-

490 2343 647 2404 gatur
683 2336 826 2406 quod
853 2351 991 2389 unus
1032 2335 1277 2404 idemque
1305 2335 1407 2389 dici
1436 2336 1607 2405 possit
1635 2335 1774 2391 Deus
1819 2346 1873 2390 et
1900 2337 2063 2391 homo

489 2426 718 2480 dicendo
745 2443 757 2478 :
788 2424 1068 2491 Quomodo
1093 2426 1255 2479 homo
1281 2433 1335 2480 et
1364 2424 1501 2479 Deus
1529 2441 1664 2480 unus
1683 2440 1783 2495 per
1808 2427 2064 2479 unitatem

497 2529 616 2569 esse
645 2522 840 2584 potest,
890 2514 984 2582 qui
1013 2512 1295 2579 salvilicat,
1348 2520 1402 2566 et
1436 2513 1528 2581 qui
1577 2513 1923 2579 salvilicatur,
1972 2515 2065 2582 qui

494 2610 620 2657 ante
665 2601 860 2657 sazcula
897 2609 999 2667 est,
1051 2611 1107 2657 et
1149 2600 1241 2671 qui
1283 2615 1351 2656 ex
1395 2600 1560 2655 Maria
1604 2603 1893 2671 apparuit?
1937 2602 2068 2668 Qua:

496 2694 660 2748 verba
689 2693 823 2748 duas
850 2693 1196 2749 introducunt
1221 2694 1277 2747 in
1304 2691 1519 2748 Christo
1546 2709 1823 2764 personas.
1865 2695 1921 2750 Si
1947 2697 2068 2764 quis

496 2781 657 2848 igitur
682 2781 756 2836 ita
777 2782 936 2853 sapit,
966 2781 1145 2847 docet,
1180 2784 1351 2838 credit
1387 2791 1480 2837 aut
1526 2783 1798 2853 prtedicat,
1846 2786 2070 2842 anathe-

497 2886 584 2925 tua
618 2873 708 2928 sit.

918 2997 1182 3037 ‘I'II‘EODOIII
1215 2997 1518 3037 ολιητυιωι
1548 2997 1638 3037 ιιι.

568 3074 706 3129 Bene
732 3076 941 3129 intulit:
987 3074 1228 3143 Namque
1273 3083 1323 3129 et
1355 3088 1455 3142 ego
1484 3075 1646 3129 homo
1685 3088 1803 3129 sum
1850 3073 2065 3145 (Matth.

498 3162 633 3233 vm),
679 3173 734 3217 ut
758 3164 961 3217 dicat!’
985 3161 1138 3216 Nihil
1163 3162 1457 3216 mirandum
1483 3162 1529 3216 si
1557 3163 1652 3216 hoc
1681 3171 1826 3233 potes
1855 3178 1970 3215 cum
1992 3160 2066 3217 sis

392 3299 405 3311 .
499 3254 650 3307 homo
678 3254 937 3321 accipiens
963 3269 997 3305 a
1023 3251 1131 3306 Deo
1155 3268 1172 3306 :
1203 3253 1444 3314 quoniam
1486 3260 1536 3305 et
1562 3268 1655 3323 ego
1683 3267 1796 3305 cum
1824 3252 1919 3306 hoc
1945 3254 2065 3320 sim,

499 3346 694 3414 accipio
724 3345 1037 3410 obedientes,
1082 3345 1236 3398 semel
1282 3342 1477 3399 habens
1516 3343 1732 3414 jubendi
1768 3352 2070 3415 potestatem

497 3442 704 3505 prapter
728 3434 926 3489 datoris
952 3433 1346 3504 indulgentiam.

924 3564 1187 3605 THEODORI
1222 3563 1521 3603 CAPITULUI
1549 3563 1662 3603 LIII.

570 3660 895 3733 Quapropter
934 3671 983 3715 et
1019 3676 1111 3715 nec
1140 3661 1479 3732 incongruum
1526 3670 1603 3715 est
1648 3669 1698 3714 et
1744 3670 1814 3728 te,
1859 3671 2070 3732 accepta

496 3753 599 3807 ista
628 3769 659 3805 a
692 3751 799 3805 Deo
827 3759 1097 3822 potestate,
1126 3750 1276 3804 verbo
1303 3750 1413 3803 solo
1436 3749 1702 3821 jubentem
1730 3752 1934 3823 abigere
1946 3768 2069 3822 pas-

497 3846 687 3910 siones,
716 3858 807 3895 nec
831 3842 967 3895 enim
988 3850 1231 3911 tanquam
1252 3837 1394 3894 Filio
1420 3839 1538 3905 Dei,
1570 3848 1619 3894 et
1639 3848 1760 3894 ante
1780 3843 2071 3897 universam

498 3940 791 3985 creaturam
819 3932 1079 3995 existenti,
1130 3938 1181 3984 et
1217 3929 1443 3983 creatori
1486 3945 1661 3983 eorum
1689 3945 1802 4001 qua:
1828 3938 1949 3986 sunt
1976 3947 2069 3987 ac-

497 4023 650 4075 cessit
671 4021 921 4076 centurio.

1029 4130 1206 4204 Vigilii
1240 4132 1526 4202 responsio.

474 4290 483 4295 _
564 4243 623 4301 ιη
666 4244 1040 4316 suprascriptis
1065 4244 1509 4315 quinquagesimo
1552 4244 1792 4302 secundo
1822 4253 1879 4301 et
1902 4245 2062 4316 quin-

491 4336 801 4405 quagesimo
831 4336 991 4391 tertio
1014 4334 1261 4406 capitulis
1288 4334 1504 4404 dicitur,
1551 4335 1678 4405 quia
1718 4335 1934 4392 Christo
1974 4336 2061 4392 di-

492 4429 636 4484 xerit
660 4428 924 4493 centurio,
974 4426 1108 4482 nihil
1151 4425 1454 4481 mirandum
1492 4420 1618 4481 esse
1662 4425 1711 4481 si
1756 4426 1860 4481 hoc
1886 4433 2063 4496 potes,

492 4535 615 4577 cum
642 4520 719 4575 sis
741 4520 903 4577 homo
925 4520 1193 4589 accipiens
1213 4534 1245 4574 a
1269 4519 1381 4574 Deo
1405 4536 1418 4573 :
1449 4519 1703 4589 quoniam
1729 4527 1784 4575 et
1811 4533 1912 4590 ego
1940 4535 2061 4575 cum

492 4610 595 4665 hoc
620 4610 742 4675 sim,
790 4608 995 4679 accipio
1024 4608 1357 4671 obedientes,
1409 4608 1575 4663 semel
1617 4608 1822 4664 habens
1845 4607 2066 4677 jubendi

489 4707 815 4771 potestatem
856 4708 1076 4769 preptcr
1102 4698 1306 4753 datoris
1335 4697 1740 4768 indulgentiam.
1773 4697 1845 4752 Et
1871 4714 2065 4768 quam-

489 4791 572 4845 vis
614 4806 680 4845 ex
718 4806 785 4845 eo
813 4789 955 4860 quod
983 4791 1244 4859 sequitur,
1273 4790 1645 4845 centurionem
1675 4805 1780 4844 non
1807 4796 2065 4858 tanquam

487 4878 681 4934 Filium
727 4879 820 4935 Dei
865 4879 1078 4944 adiisse,
1127 4879 1217 4948 qui
1248 4879 1552 4934 universam
1581 4879 1881 4955 condiderit
1907 4894 2063 4934 crea-

489 4980 665 5027 turam
694 4989 709 5038 ;
740 4971 984 5026 videatur
1003 4971 1218 5041 quidem
1248 4986 1367 5027 esse
1397 4971 1642 5051 conliteri
1670 4987 1791 5025 cum
1822 4987 1942 5027 esse
1968 4971 2062 5026 Fi-

489 5064 618 5119 lium
648 5063 744 5118 Dei
780 5072 835 5118 et
866 5071 1127 5119 creatura:
1150 5064 1316 5119 totius
1364 5062 1636 5134 opiﬁcem.
1687 5062 1891 5118 Tamen
1934 5063 2060 5133 quia

474 5172 590 5223 nec
618 5157 685 5213 de
714 5157 1041 5213 centurionis
1068 5158 1340 5212 intellectu
1369 5157 1509 5212 bene
1537 5156 1883 5223 existimavit,
1914 5156 2063 5225 cujus

488 5246 743 5303 Dominus
772 5249 929 5303 tidem
958 5265 1065 5304 non
1101 5248 1345 5302 laudaret
1387 5247 1612 5302 dicendo
1649 5264 1664 5301 :
1721 5245 1845 5325 Non
1886 5246 2061 5301 inveni

487 5345 687 5391 tantam
718 5339 875 5407 ﬁdem
900 5343 955 5395 in
985 5339 1155 5395 Israel
1184 5337 1467 5411 (Ibidem),
1497 5341 1597 5394 nisi
1625 5340 1792 5395 sciret
1825 5355 1947 5395 eum
1978 5340 2061 5393 in-

486 5423 757 5480 tellexisse
785 5429 907 5494 quia
936 5428 1076 5484 Deus
1101 5447 1115 5483 :
1146 5436 1203 5484 et
1223 5443 1289 5483 ex
1317 5429 1400 5484 his
1440 5437 1495 5483 et
1518 5429 1886 5498 superioribus
1910 5428 2058 5498 capi-

485 5515 612 5571 tulis
640 5523 695 5570 et
724 5516 841 5570 aliis
868 5517 1022 5572 dictis
1042 5522 1152 5587 jam
1199 5535 1305 5574 non
1353 5535 1451 5590 per
1476 5520 1735 5574 unitatem
1765 5519 2060 5575 subsisten-

482 5596 591 5673 tiaa,
621 5607 712 5663 sed
736 5622 834 5677 per
860 5610 1084 5675 gratiam
1114 5610 1307 5666 dicitur
1333 5610 1579 5665 Christus
1605 5625 1725 5665 esse
1753 5609 1919 5664 Filius
1941 5610 2057 5674 Dei,

490 5704 546 5749 et
572 5712 637 5751 ex
684 5711 752 5751 eo
781 5697 1024 5752 Christus
1051 5714 1215 5768 purus
1257 5701 1419 5755 homo
1459 5701 1672 5755 videtur
1717 5699 1917 5764 induci,
1964 5701 2058 5767 qui

483 5803 580 5859 pro
609 5788 804 5843 merito
833 5804 932 5846 suo
959 5790 1227 5860 acciperet
1275 5806 1373 5860 per
1418 5791 1629 5847 daturis
1674 5790 2058 5861 indulgentiam

2164 1930 2459 1984 subtilitate
2489 1930 2816 1999 competenti
2868 1930 3038 1998 legem
3091 1931 3394 1999 custodivit,
3444 1932 3557 1986 sive
3592 1932 3733 2001 qund

2164 2020 2327 2073 etiam
2354 2026 2476 2089 post
2503 2018 2630 2073 illud
2650 2019 2833 2088 gratiae
2870 2020 3327 2074 conversationem
3351 2021 3731 2089 coeperatione

2166 2110 2398 2178 Spiritus
2435 2126 2557 2166 cum
2606 2125 2795 2179 magna
2839 2111 3134 2167 subtilitate
3189 2113 3557 2181 compleverit.
3606 2112 3735 2180 Qua:

2163 2202 2328 2256 verba
2358 2201 2484 2270 quia
2516 2201 2642 2256 item
2691 2218 2880 2272 purum
2911 2202 3183 2257 hominem
3225 2203 3493 2257 Christum
3536 2203 3732 2273 justiti-

2166 2296 2381 2351 catione
2408 2295 2617 2362 eguisse
2642 2296 3007 2362 demonstrat,
3036 2298 3080 2352 si
3108 2298 3229 2366 quis
3259 2299 3329 2352 ita
3358 2300 3524 2369 sapit,
3556 2300 3731 2366 docet,

2172 2386 2343 2441 credit
2371 2394 2465 2441 aut
2509 2388 2779 2457 praedicat,
2822 2397 2876 2443 et
2914 2405 3021 2442 non
3054 2391 3219 2457 magis
3256 2391 3424 2459 ipsum
3461 2399 3523 2444 ut
3552 2408 3733 2446 verum

2167 2477 2335 2532 Deum
2391 2478 2903 2532 consubstantialem
2958 2478 3101 2533 Patri
3159 2490 3214 2533 et
3265 2480 3485 2548 Spiritui
3547 2493 3735 2539 sancto

2160 2566 2454 2637 iustiﬁcare
2480 2568 2672 2638 impios
2702 2584 2794 2638 per
2822 2566 2979 2625 ﬁdem
3009 2570 3197 2636 credit,
3228 2572 3506 2626 anathema
3536 2573 3624 2627 sit.

2594 2694 2859 2735 vmooom
2888 2695 3190 2736 ελνιτυιωι
3226 2697 3313 2736 ιγ.

2236 2768 2388 2823 Idem
2415 2769 2510 2823 hoc
2539 2770 2754 2825 dicimus
2771 2771 2912 2840 juste
2949 2782 3002 2826 et
3040 2773 3103 2826 de
3145 2773 3388 2849 Domino,
3434 2774 3567 2846 quod
3591 2773 3729 2828 Deus

2168 2859 2373 2914 verbum
2410 2862 2578 2914 sciens
2620 2862 2731 2931 ejus
2763 2864 3022 2928 virtutem,
3070 2874 3118 2919 ct
3157 2865 3439 2918 secundum
3465 2866 3736 2936 prtcscien-

2168 2951 2297 3007 tiam
2322 2953 2499 3006 statim
2519 2954 2576 3007 in
2602 2954 2714 3023 ipso
2741 2954 2891 3007 initio
2930 2956 3404 3024 complasmationis
3441 2955 3736 3010 cohabitare

2169 3043 2294 3100 bene
2321 3047 2496 3110 voluit,
2520 3056 2570 3101 et
2597 3049 2780 3100 uniens
2806 3063 2922 3099 eum
2947 3046 3042 3100 sibi
3085 3047 3270 3116 affectu
3299 3047 3593 3113 voluntatis,
3623 3063 3739 3101 ma-

2162 3135 2332 3205 jorem
2374 3135 2649 3205 quamdam
2686 3135 2963 3208 prwstabat
3007 3138 3248 3207 gratiam,
3300 3144 3357 3190 ut
3405 3147 3520 3207 pote
3560 3139 3734 3209 gratia

2094 3217 2135 3275 C
2169 3242 2285 3297 ques
2310 3228 2364 3279 in
2394 3242 2508 3280 eum
2528 3236 2622 3292 est,
2654 3236 2703 3282 et
2726 3229 2779 3281 in
2801 3244 2976 3281 omnes
3003 3227 3229 3281 homines
3259 3226 3552 3282 dividenda.
3589 3227 3740 3285 Unde

2168 3327 2218 3373 et
2245 3320 2382 3373 circa
2410 3319 2545 3374 bona
2572 3321 2878 3375 voluntatem
2897 3324 3151 3392 integram
3181 3322 3228 3375 ei
3248 3320 3581 3376 custodiebat.
3613 3319 3737 3374 Non

2167 3409 2307 3463 enim
2333 3409 2428 3465 hoc
2455 3410 2703 3476 dicemus,
2732 3411 2867 3482 quod
2893 3410 2979 3464 ille
3008 3411 3159 3465 homo
3189 3410 3498 3465 voluntatem
3520 3407 3739 3465 habebat

2169 3498 2385 3567 nullam,
2416 3501 2506 3554 sed
2528 3502 2665 3571 quod
2688 3502 2885 3556 volebat
2912 3502 3114 3573 quidem
3143 3501 3348 3566 bonum,
3380 3502 3544 3572 magis
3568 3510 3739 3554 autem

2166 3586 2219 3643 ci
2243 3588 2529 3643 voluntarie
2554 3588 2829 3660 plurimum
2874 3590 3055 3643 aderat
3092 3599 3140 3644 et
3184 3591 3301 3644 boni
3332 3590 3657 3655 desiderium,
3689 3598 3739 3643 et

2169 3680 2419 3733 contrarii
2447 3678 2660 3732 odium:
2701 3679 3099 3733 conscrvabatur
3139 3695 3255 3734 vero
3300 3697 3331 3731 a
3359 3679 3531 3732 divina
3570 3677 3739 3748 grati:

2167 3767 2248 3820 illi
2276 3767 2510 3822 voluntas
2546 3768 2748 3838 integra
2774 3768 2838 3820 ab
2866 3769 3034 3833 initio,
3082 3767 3190 3822 Deo
3218 3769 3385 3838 qualis
3414 3768 3508 3820 erit
3534 3765 3737 3820 subtili-

2170 3867 2247 3913 ter
2278 3860 2488 3921 sciente,
2519 3860 2606 3930 qui
2633 3867 2682 3913 et
2710 3859 2781 3912 ad
2809 3859 3219 3929 conﬁrmandum
3249 3875 3364 3912 eum
3393 3874 3631 3928 magnam
3660 3857 3739 3911 illi

2169 3946 2580 4017 rooperationem
2609 3944 2925 4001 habitatione
2961 3962 3056 3999 sua
3084 3944 3366 4016 praestabat
3392 3961 3485 4015 pro
3512 3946 3740 3999 omnium

2169 4044 2401 4089 nostrum
2428 4034 2592 4088 salute
2617 4050 2636 4088 :
2666 4033 2800 4088 unde
2829 4050 2923 4089 nec
2952 4034 3203 4104 injustam
3230 4033 3369 4087 dicat
3393 4034 3577 4104 aliquis
3605 4050 3736 4099 esse,

2168 4121 2304 4193 quod
2327 4129 2517 4191 praeter
2541 4137 2719 4176 omnes
2756 4122 3071 4192 prwcipuum
3099 4121 3294 4193 aliquid
3336 4120 3513 4174 datum
3539 4128 3617 4174 est
3657 4119 3739 4175 illi

2168 4209 2386 4274 homini,
2408 4210 2495 4282 qui
2523 4227 2556 4264 a
2587 4209 2807 4265 Domino
2834 4218 3123 4279 assumptus
3159 4219 3252 4264 est.

2717 4320 2896 4392 Vigilii
2924 4320 3208 4391 responsio.

2239 4409 2298 4465 In
2358 4410 2727 4482 suprascripto
2776 4410 3215 4479 quinquagesimo
3262 4408 3451 4479 quinto
3499 4408 3740 4478 capitulo

2169 4499 2364 4556 dicitur
2406 4501 2530 4570 quia
2572 4500 2711 4556 Deus
2752 4500 2971 4554 verbum
3013 4497 3304 4553 secundum
3348 4499 3737 4568 pnrscientiam

2094 4571 2147 4631 Ῑ)
2168 4593 2345 4649 sciens
2373 4592 2603 4648 hominis
2629 4592 2828 4647 Christi
2870 4592 3143 4655 virtutem,
3184 4589 3339 4646 initio
3380 4592 3738 4660 complasma—

2166 4683 2328 4737 tionis
2372 4684 2549 4737 statim
2599 4683 2898 4737 inhabitare
2943 4682 2996 4736 in
3044 4682 3161 4751 ipso
3206 4681 3347 4738 bene
3375 4683 3625 4748 voluerit,
3679 4692 3740 4738 et

2162 4773 2358 4827 uniens
2384 4787 2508 4827 eum
2536 4773 2639 4827 sibi
2676 4771 2868 4827 all‘ectu
2915 4771 3207 4827 voluntatis
3251 4772 3507 4842 majorem
3555 4787 3742 4842 quam-

2164 4861 2290 4916 dam
2330 4861 2380 4917 ei
2410 4862 2694 4932 praestabat
2719 4863 2967 4930 gratiam.
3017 4861 3093 4916 Ex
3122 4863 3315 4931 quibus
3341 4864 3535 4928 verbis,
3584 4870 3642 4918 et
3665 4879 3739 4920 ex

2168 4953 2287 5007 aliis
2313 4968 2432 5023 qua:
2464 4961 2789 5022 sequuntur,
2820 4952 2938 5008 dum
2964 4953 3241 5010 evidenter
3270 4955 3589 5011 inducuntur
3611 4938 3738 5013 esse

2164 5058 2431 5113 personae,
2461 5051 2517 5097 et
2541 5043 2668 5111 quia
2690 5042 2854 5098 Filius
2880 5042 2974 5098 Dei
3004 5045 3056 5098 in
3086 5044 3194 5099 lilio
3223 5044 3452 5099 hominis
3477 5061 3574 5115 per
3601 5044 3737 5102 aﬂ'e-

2165 5141 2312 5187 ctum
2340 5140 2398 5186 et
2419 5132 2646 5199 gratiam
2671 5140 2728 5186 et
2756 5133 3069 5187 relationem
3100 5133 3341 5187 habitare
3369 5134 3631 5189 videatur.
3674 5134 3735 5190 Si

2165 5223 2285 5293 quis
2313 5238 2441 5293 ergo
2467 5225 2581 5280 haec
2609 5224 2683 5279 ita
2709 5225 2870 5295 sapit,
2899 5223 3081 5288 docet,
3117 5224 3288 5278 credit
3314 5233 3407 5279 aut
3452 5226 3727 5295 praedicat,

2162 5321 2219 5368 et
2245 5328 2352 5367 non
2380 5328 2543 5367 unum
2573 5313 2927 5382 eumdemque
2950 5312 3221 5367 Christum
3269 5314 3321 5368 in
3368 5314 3573 5371 duabus
3615 5329 3736 5384 pcr-

2163 5401 2318 5457 l‘ectis
2340 5412 2394 5456 et
2436 5402 2721 5457 individuis
2749 5402 3145 5472 inconfusisque
3188 5405 3432 5471 agnoscit
3466 5413 3523 5461 et
3559 5406 3734 5461 credit

2164 5493 2389 5555 naturis,
2416 5493 2700 5547 anathema
2728 5493 2817 5549 sit.
3196 5498 3203 5503 '

2571 5619 2837 5659 τηεουοιι
2866 5619 3164 5660 CAPITULO.
3205 5620 3311 5667 LVI.

2235 5694 2377 5749 Nam
2407 5696 2682 5748 rationalis
2708 5696 2913 5767 quidem
2951 5699 3216 5767 proprium
3255 5707 3330 5751 est
3357 5698 3596 5752 discretio
3639 5696 3730 5753 bo-

2163 5804 2342 5843 norum
2389 5797 2438 5842 et
2474 5787 2726 5841 malorum
2768 5805 2785 5842 :
2836 5804 2952 5841 cum
2991 5804 3107 5843 vero
3156 5803 3258 5841 non
3298 5789 3402 5841 sint
3446 5791 3726 5856 contraria,
