  <div class='ocr_page' id='page_1' title='image "/cluster/home/n/w/nwhite01/storage/ocr_20150623/69/hvd.32044054758727/054.png"; bbox 0 0 4006 6190; ppageno 0'>
   <div class='ocr_carea' id='block_1_1' title="bbox 281 278 3523 402">
    <p class='ocr_par' dir='ltr' id='par_1_1' title="bbox 281 278 3523 402">
     <span class='ocr_line' id='line_1_1' title="bbox 281 278 3523 402; baseline 0.008 -36"><span class='ocrx_word' id='word_1_1' title='bbox 281 313 350 366; x_wconf 73' lang='lat'><strong><em>91</em></strong></span> <span class='ocrx_word' id='word_1_2' title='bbox 1475 317 1829 376; x_wconf 74' lang='lat' dir='ltr'><strong><em>EPISTOLAS</em></strong></span> <span class='ocrx_word' id='word_1_3' title='bbox 1867 320 1958 377; x_wconf 89' lang='lat' dir='ltr'><strong><em>ET</em></strong></span> <span class='ocrx_word' id='word_1_4' title='bbox 1996 278 2355 382; x_wconf 50' lang='lat' dir='ltr'><strong><em>esensis:</em></strong></span> <span class='ocrx_word' id='word_1_5' title='bbox 3284 391 3293 402; x_wconf 78' lang='grc'><em>,</em></span> <span class='ocrx_word' id='word_1_6' title='bbox 3454 334 3523 392; x_wconf 78' lang='lat' dir='ltr'><strong><em>as</em></strong></span> 
     </span>
    </p>
   </div>
   <div class='ocr_carea' id='block_1_2' title="bbox 278 429 3524 511">
    <p class='ocr_par' dir='ltr' id='par_1_2' title="bbox 278 429 3524 511">
     <span class='ocr_line' id='line_1_2' title="bbox 278 429 3524 511; baseline 0.007 -30"><span class='ocrx_word' id='word_1_7' title='bbox 278 442 378 481; x_wconf 76' lang='grc' dir='ltr'>ιοιι</span> <span class='ocrx_word' id='word_1_8' title='bbox 403 438 515 482; x_wconf 82' lang='lat' dir='ltr'><strong><em>erat</em></strong></span> <span class='ocrx_word' id='word_1_9' title='bbox 548 430 597 483; x_wconf 90' lang='lat' dir='ltr'><strong><em>ei</em></strong></span> <span class='ocrx_word' id='word_1_10' title='bbox 632 429 877 497; x_wconf 86' lang='lat' dir='ltr'><strong><em>possibile</em></strong></span> <span class='ocrx_word' id='word_1_11' title='bbox 899 429 1095 502; x_wconf 69' lang='lat' dir='ltr'><strong><em>aliquid</em></strong></span> <span class='ocrx_word' id='word_1_12' title='bbox 1136 430 1430 485; x_wconf 70' lang='lat' dir='ltr'><strong><em>discernere</em></strong></span> <span class='ocrx_word' id='word_1_13' title='bbox 1454 433 1714 500; x_wconf 83' lang='lat' dir='ltr'><strong><em>primum:</em></strong></span> <span class='ocrx_word' id='word_1_14' title='bbox 1746 434 1850 504; x_wconf 89' lang='lat' dir='ltr'><strong><em>igi-</em></strong></span> <span class='ocrx_word' id='word_1_15' title='bbox 1880 447 1923 496; x_wconf 69' lang='grc' dir='ltr'><strong>Α</strong></span> <span class='ocrx_word' id='word_1_16' title='bbox 1955 435 2079 490; x_wconf 87' lang='lat' dir='ltr'><strong><em>duci</em></strong></span> <span class='ocrx_word' id='word_1_17' title='bbox 2110 437 2331 493; x_wconf 82' lang='lat' dir='ltr'><strong><em>meliora</em></strong></span> <span class='ocrx_word' id='word_1_18' title='bbox 2357 456 2373 492; x_wconf 89' lang='lat'><strong>:</strong></span> <span class='ocrx_word' id='word_1_19' title='bbox 2415 445 2471 495; x_wconf 90' lang='lat' dir='ltr'><strong><em>et</em></strong></span> <span class='ocrx_word' id='word_1_20' title='bbox 2499 438 2790 510; x_wconf 82' lang='lat' dir='ltr'><strong><em>adjicitur:</em></strong></span> <span class='ocrx_word' id='word_1_21' title='bbox 2829 443 2966 511; x_wconf 79' lang='lat' dir='ltr'><strong><em>Quia</em></strong></span> <span class='ocrx_word' id='word_1_22' title='bbox 2995 445 3041 500; x_wconf 84' lang='lat' dir='ltr'><strong><em>si</em></strong></span> <span class='ocrx_word' id='word_1_23' title='bbox 3065 446 3247 502; x_wconf 74' lang='lat' dir='ltr'><strong><em>statim</em></strong></span> <span class='ocrx_word' id='word_1_24' title='bbox 3274 446 3345 500; x_wconf 74' lang='lat' dir='ltr'><strong><em>ob</em></strong></span> <span class='ocrx_word' id='word_1_25' title='bbox 3369 446 3524 504; x_wconf 73' lang='lat' dir='ltr'><strong><em>initio</em></strong></span> 
     </span>
    </p>
   </div>
   <div class='ocr_carea' id='block_1_3' title="bbox 277 520 1848 593">
    <p class='ocr_par' dir='ltr' id='par_1_3' title="bbox 277 520 1848 593">
     <span class='ocr_line' id='line_1_3' title="bbox 277 520 1848 593; baseline 0.008 -25"><span class='ocrx_word' id='word_1_26' title='bbox 277 524 361 583; x_wconf 67' lang='lat' dir='ltr'><strong><em>tu;</em></strong></span> <span class='ocrx_word' id='word_1_27' title='bbox 384 522 439 571; x_wconf 80' lang='lat' dir='ltr'><strong><em>in</em></strong></span> <span class='ocrx_word' id='word_1_28' title='bbox 481 520 560 574; x_wconf 78' lang='lat' dir='ltr'><strong><em>Itis</em></strong></span> <span class='ocrx_word' id='word_1_29' title='bbox 611 536 728 590; x_wconf 73' lang='lat' dir='ltr'><strong><em>qua:</em></strong></span> <span class='ocrx_word' id='word_1_30' title='bbox 763 529 938 576; x_wconf 82' lang='lat' dir='ltr'><strong><em>creata</em></strong></span> <span class='ocrx_word' id='word_1_31' title='bbox 979 530 1099 576; x_wconf 84' lang='lat' dir='ltr'><strong><em>sunt</em></strong></span> <span class='ocrx_word' id='word_1_32' title='bbox 1138 537 1386 593; x_wconf 81' lang='lat' dir='ltr'><strong><em>magnam</em></strong></span> <span class='ocrx_word' id='word_1_33' title='bbox 1430 524 1848 580; x_wconf 68' lang='lat' dir='ltr'><strong><em>contrarietatem</em></strong></span> 
     </span>
    </p>
   </div>
   <div class='ocr_carea' id='block_1_4' title="bbox 279 608 415 676">
    <p class='ocr_par' dir='ltr' id='par_1_4' title="bbox 279 608 415 676">
     <span class='ocr_line' id='line_1_4' title="bbox 279 608 415 676; baseline 0.015 -16"><span class='ocrx_word' id='word_1_34' title='bbox 279 608 415 676; x_wconf 83' lang='lat' dir='ltr'><strong><em>fecit.</em></strong></span> 
     </span>
    </p>
   </div>
   <div class='ocr_carea' id='block_1_5' title="bbox 818 721 1306 792">
    <p class='ocr_par' dir='ltr' id='par_1_5' title="bbox 818 721 1306 792">
     <span class='ocr_line' id='line_1_5' title="bbox 818 721 1306 792; baseline 0.004 -16"><span class='ocrx_word' id='word_1_35' title='bbox 818 721 993 792; x_wconf 81' lang='lat' dir='ltr'><strong><em>Vigilii</em></strong></span> <span class='ocrx_word' id='word_1_36' title='bbox 1019 723 1306 792; x_wconf 78' lang='lat' dir='ltr'><strong><em>responsio.</em></strong></span> 
     </span>
    </p>
   </div>
   <div class='ocr_carea' id='block_1_6' title="bbox 340 811 1848 886">
    <p class='ocr_par' dir='ltr' id='par_1_6' title="bbox 340 811 1848 886">
     <span class='ocr_line' id='line_1_6' title="bbox 340 811 1848 886; baseline 0.004 -20"><span class='ocrx_word' id='word_1_37' title='bbox 340 811 399 866; x_wconf 81' lang='lat' dir='ltr'><strong>In</strong></span> <span class='ocrx_word' id='word_1_38' title='bbox 426 811 793 881; x_wconf 83' lang='lat' dir='ltr'><strong><em>suprascripto</em></strong></span> <span class='ocrx_word' id='word_1_39' title='bbox 822 813 1266 881; x_wconf 80' lang='lat' dir='ltr'><strong><em>quinquagesimo</em></strong></span> <span class='ocrx_word' id='word_1_40' title='bbox 1314 826 1469 870; x_wconf 83' lang='lat' dir='ltr'><strong><em>sexto</em></strong></span> <span class='ocrx_word' id='word_1_41' title='bbox 1498 816 1733 886; x_wconf 89' lang='lat' dir='ltr'><strong><em>capitulo</em></strong></span> <span class='ocrx_word' id='word_1_42' title='bbox 1764 816 1848 871; x_wconf 91' lang='lat' dir='ltr'><strong><em>di-</em></strong></span> 
     </span>
    </p>
   </div>
   <div class='ocr_carea' id='block_1_7' title="bbox 274 900 1846 971">
    <p class='ocr_par' dir='ltr' id='par_1_7' title="bbox 274 900 1846 971">
     <span class='ocr_line' id='line_1_7' title="bbox 274 900 1846 971; baseline 0.004 -15"><span class='ocrx_word' id='word_1_43' title='bbox 274 902 429 967; x_wconf 85' lang='lat' dir='ltr'><strong><em>citur,</em></strong></span> <span class='ocrx_word' id='word_1_44' title='bbox 474 900 752 956; x_wconf 81' lang='lat' dir='ltr'><strong><em>rationalis</em></strong></span> <span class='ocrx_word' id='word_1_45' title='bbox 777 903 1053 971; x_wconf 87' lang='lat' dir='ltr'><strong><em>proprium</em></strong></span> <span class='ocrx_word' id='word_1_46' title='bbox 1100 918 1221 958; x_wconf 87' lang='lat' dir='ltr'><strong><em>esse</em></strong></span> <span class='ocrx_word' id='word_1_47' title='bbox 1248 903 1623 960; x_wconf 74' lang='lat' dir='ltr'><strong><em>discretionem</em></strong></span> <span class='ocrx_word' id='word_1_48' title='bbox 1671 907 1846 962; x_wconf 87' lang='lat' dir='ltr'><strong><em>bono-</em></strong></span> 
     </span>
    </p>
   </div>
   <div class='ocr_carea' id='block_1_8' title="bbox 274 991 1845 1064">
    <p class='ocr_par' dir='ltr' id='par_1_8' title="bbox 274 991 1845 1064">
     <span class='ocr_line' id='line_1_8' title="bbox 274 991 1845 1064; baseline 0.006 -19"><span class='ocrx_word' id='word_1_49' title='bbox 274 1007 387 1045; x_wconf 88' lang='lat' dir='ltr'><strong><em>rum</em></strong></span> <span class='ocrx_word' id='word_1_50' title='bbox 417 998 474 1045; x_wconf 82' lang='lat' dir='ltr'><strong><em>et</em></strong></span> <span class='ocrx_word' id='word_1_51' title='bbox 501 991 803 1058; x_wconf 88' lang='lat' dir='ltr'><strong><em>malorum;</em></strong></span> <span class='ocrx_word' id='word_1_52' title='bbox 836 999 890 1046; x_wconf 89' lang='lat' dir='ltr'><strong><em>et</em></strong></span> <span class='ocrx_word' id='word_1_53' title='bbox 930 1000 1050 1061; x_wconf 86' lang='lat' dir='ltr'><strong><em>post</em></strong></span> <span class='ocrx_word' id='word_1_54' title='bbox 1080 1010 1248 1062; x_wconf 89' lang='lat' dir='ltr'><strong><em>pauca</em></strong></span> <span class='ocrx_word' id='word_1_55' title='bbox 1293 998 1575 1064; x_wconf 90' lang='lat' dir='ltr'><strong><em>sequitur:</em></strong></span> <span class='ocrx_word' id='word_1_56' title='bbox 1609 996 1845 1054; x_wconf 85' lang='lat' dir='ltr'><strong><em>Primum</em></strong></span> 
     </span>
    </p>
   </div>
   <div class='ocr_carea' id='block_1_9' title="bbox 277 1079 1847 1150">
    <p class='ocr_par' dir='ltr' id='par_1_9' title="bbox 277 1079 1847 1150">
     <span class='ocr_line' id='line_1_9' title="bbox 277 1079 1847 1150; baseline 0.006 -17"><span class='ocrx_word' id='word_1_57' title='bbox 277 1080 433 1147; x_wconf 75' lang='lat' dir='ltr'><strong><em>igitur</em></strong></span> <span class='ocrx_word' id='word_1_58' title='bbox 459 1079 515 1133; x_wconf 83' lang='lat' dir='ltr'><strong><em>in</em></strong></span> <span class='ocrx_word' id='word_1_59' title='bbox 537 1080 622 1134; x_wconf 83' lang='lat' dir='ltr'><strong><em>his</em></strong></span> <span class='ocrx_word' id='word_1_60' title='bbox 650 1094 769 1149; x_wconf 63' lang='lat' dir='ltr'><strong><em>quae</em></strong></span> <span class='ocrx_word' id='word_1_61' title='bbox 796 1089 974 1135; x_wconf 87' lang='lat' dir='ltr'><strong><em>creata</em></strong></span> <span class='ocrx_word' id='word_1_62' title='bbox 1002 1091 1124 1136; x_wconf 88' lang='lat' dir='ltr'><strong><em>sunt</em></strong></span> <span class='ocrx_word' id='word_1_63' title='bbox 1147 1097 1390 1150; x_wconf 80' lang='lat' dir='ltr'><strong><em>magnam</em></strong></span> <span class='ocrx_word' id='word_1_64' title='bbox 1411 1086 1847 1142; x_wconf 75' lang='lat' dir='ltr'><strong><em>contrarietatem</em></strong></span> 
     </span>
    </p>
   </div>
   <div class='ocr_carea' id='block_1_10' title="bbox 275 1168 1848 1240">
    <p class='ocr_par' dir='ltr' id='par_1_10' title="bbox 275 1168 1848 1240">
     <span class='ocr_line' id='line_1_10' title="bbox 275 1168 1848 1240; baseline 0.006 -18"><span class='ocrx_word' id='word_1_65' title='bbox 275 1169 414 1223; x_wconf 79' lang='lat' dir='ltr'><strong><em>fecit.</em></strong></span> <span class='ocrx_word' id='word_1_66' title='bbox 448 1168 581 1235; x_wconf 65' lang='lat' dir='ltr'><strong><em>Quae</em></strong></span> <span class='ocrx_word' id='word_1_67' title='bbox 617 1169 781 1224; x_wconf 80' lang='lat' dir='ltr'><strong><em>verba</em></strong></span> <span class='ocrx_word' id='word_1_68' title='bbox 826 1171 870 1224; x_wconf 87' lang='lat' dir='ltr'><strong><em>si</em></strong></span> <span class='ocrx_word' id='word_1_69' title='bbox 913 1186 976 1225; x_wconf 88' lang='lat' dir='ltr'><strong><em>ea</em></strong></span> <span class='ocrx_word' id='word_1_70' title='bbox 1008 1172 1305 1227; x_wconf 74' lang='lat' dir='ltr'><strong><em>intentione</em></strong></span> <span class='ocrx_word' id='word_1_71' title='bbox 1341 1174 1603 1240; x_wconf 83' lang='lat' dir='ltr'><strong>dicantur,</strong></span> <span class='ocrx_word' id='word_1_72' title='bbox 1636 1185 1694 1231; x_wconf 91' lang='lat' dir='ltr'><strong><em>ut</em></strong></span> <span class='ocrx_word' id='word_1_73' title='bbox 1721 1177 1848 1233; x_wconf 86' lang='lat' dir='ltr'><strong><em>mali</em></strong></span> 
     </span>
    </p>
   </div>
   <div class='ocr_carea' id='block_1_11' title="bbox 277 1261 1715 1333">
    <p class='ocr_par' dir='ltr' id='par_1_11' title="bbox 277 1261 1715 1333">
     <span class='ocr_line' id='line_1_11' title="bbox 277 1261 1715 1333; baseline 0.006 -18"><span class='ocrx_word' id='word_1_74' title='bbox 277 1269 462 1315; x_wconf 86' lang='lat' dir='ltr'><strong><em>natura</em></strong></span> <span class='ocrx_word' id='word_1_75' title='bbox 492 1261 635 1316; x_wconf 83' lang='lat' dir='ltr'><strong><em>sicut</em></strong></span> <span class='ocrx_word' id='word_1_76' title='bbox 662 1270 717 1316; x_wconf 90' lang='lat' dir='ltr'><strong><em>et</em></strong></span> <span class='ocrx_word' id='word_1_77' title='bbox 742 1262 871 1317; x_wconf 87' lang='lat' dir='ltr'><strong><em>boni</em></strong></span> <span class='ocrx_word' id='word_1_78' title='bbox 892 1263 1285 1333; x_wconf 86' lang='lat' dir='ltr'><strong><em>iutroducatur,</em></strong></span> <span class='ocrx_word' id='word_1_79' title='bbox 1316 1267 1600 1321; x_wconf 82' lang='lat' dir='ltr'><strong>anathema</strong></span> <span class='ocrx_word' id='word_1_80' title='bbox 1627 1267 1715 1323; x_wconf 81' lang='lat' dir='ltr'><strong><em>sit.</em></strong></span> 
     </span>
    </p>
   </div>
   <div class='ocr_carea' id='block_1_12' title="bbox 687 1390 1445 1432">
    <p class='ocr_par' dir='ltr' id='par_1_12' title="bbox 687 1390 1445 1432">
     <span class='ocr_line' id='line_1_12' title="bbox 687 1390 1445 1432; baseline 0.005 -4"><span class='ocrx_word' id='word_1_81' title='bbox 687 1390 951 1429; x_wconf 73' lang='lat' dir='ltr'><strong><em>THEODORI</em></strong></span> <span class='ocrx_word' id='word_1_82' title='bbox 990 1392 1289 1431; x_wconf 68' lang='lat' dir='ltr'><strong><em>CAPITULUH</em></strong></span> <span class='ocrx_word' id='word_1_83' title='bbox 1320 1394 1445 1432; x_wconf 77' lang='lat' dir='ltr'><strong><em>LVII.</em></strong></span> 
     </span>
    </p>
   </div>
   <div class='ocr_carea' id='block_1_13' title="bbox 344 1463 1851 1532">
    <p class='ocr_par' dir='ltr' id='par_1_13' title="bbox 344 1463 1851 1532">
     <span class='ocr_line' id='line_1_13' title="bbox 344 1463 1851 1532; baseline 0.005 -15"><span class='ocrx_word' id='word_1_84' title='bbox 344 1463 607 1528; x_wconf 77' lang='lat' dir='ltr'><strong><em>Quoniam</em></strong></span> <span class='ocrx_word' id='word_1_85' title='bbox 638 1473 805 1517; x_wconf 87' lang='lat' dir='ltr'><strong><em>autem</em></strong></span> <span class='ocrx_word' id='word_1_86' title='bbox 833 1482 934 1519; x_wconf 86' lang='lat' dir='ltr'><strong><em>non</em></strong></span> <span class='ocrx_word' id='word_1_87' title='bbox 964 1464 1174 1521; x_wconf 88' lang='lat' dir='ltr'><strong><em>obaudit</em></strong></span> <span class='ocrx_word' id='word_1_88' title='bbox 1198 1466 1383 1532; x_wconf 82' lang='lat' dir='ltr'><strong><em>Adam,</em></strong></span> <span class='ocrx_word' id='word_1_89' title='bbox 1419 1468 1600 1522; x_wconf 86' lang='lat' dir='ltr'><strong><em>deinde</em></strong></span> <span class='ocrx_word' id='word_1_90' title='bbox 1620 1469 1851 1525; x_wconf 87' lang='lat' dir='ltr'><strong><em>subditus</em></strong></span> 
     </span>
    </p>
   </div>
   <div class='ocr_carea' id='block_1_14' title="bbox 276 1556 1848 1629">
    <p class='ocr_par' dir='ltr' id='par_1_14' title="bbox 276 1556 1848 1629">
     <span class='ocr_line' id='line_1_14' title="bbox 276 1556 1848 1629; baseline 0.003 -20"><span class='ocrx_word' id='word_1_91' title='bbox 276 1566 345 1609; x_wconf 87' lang='lat' dir='ltr'><strong><em>est</em></strong></span> <span class='ocrx_word' id='word_1_92' title='bbox 392 1556 551 1609; x_wconf 86' lang='lat' dir='ltr'><strong><em>morti</em></strong></span> <span class='ocrx_word' id='word_1_93' title='bbox 592 1571 613 1609; x_wconf 89' lang='lat'><strong><em>:</em></strong></span> <span class='ocrx_word' id='word_1_94' title='bbox 660 1563 707 1608; x_wconf 86' lang='lat' dir='ltr'><strong><em>et</em></strong></span> <span class='ocrx_word' id='word_1_95' title='bbox 753 1556 919 1625; x_wconf 79' lang='lat' dir='ltr'><strong><em>factus</em></strong></span> <span class='ocrx_word' id='word_1_96' title='bbox 956 1565 1032 1609; x_wconf 86' lang='lat' dir='ltr'><strong><em>est</em></strong></span> <span class='ocrx_word' id='word_1_97' title='bbox 1071 1557 1167 1610; x_wconf 81' lang='lat' dir='ltr'><strong><em>hoc</em></strong></span> <span class='ocrx_word' id='word_1_98' title='bbox 1195 1568 1401 1628; x_wconf 79' lang='lat' dir='ltr'><strong><em>propter</em></strong></span> <span class='ocrx_word' id='word_1_99' title='bbox 1428 1557 1848 1629; x_wconf 85' lang='lat' dir='ltr'><strong><em>inobedientiam,</em></strong></span> 
     </span>
    </p>
   </div>
   <div class='ocr_carea' id='block_1_15' title="bbox 275 1643 1852 1716">
    <p class='ocr_par' dir='ltr' id='par_1_15' title="bbox 275 1643 1852 1716">
     <span class='ocr_line' id='line_1_15' title="bbox 275 1643 1852 1716; baseline 0.003 -17"><span class='ocrx_word' id='word_1_100' title='bbox 275 1645 410 1716; x_wconf 79' lang='lat' dir='ltr'><strong><em>quod</em></strong></span> <span class='ocrx_word' id='word_1_101' title='bbox 453 1654 503 1698; x_wconf 91' lang='lat' dir='ltr'><strong><em>et</em></strong></span> <span class='ocrx_word' id='word_1_102' title='bbox 551 1647 681 1698; x_wconf 84' lang='lat' dir='ltr'><strong><em>citra</em></strong></span> <span class='ocrx_word' id='word_1_103' title='bbox 728 1643 1125 1705; x_wconf 79' lang='lat' dir='ltr'><strong><em>inobedientiam</em></strong></span> <span class='ocrx_word' id='word_1_104' title='bbox 1171 1656 1382 1716; x_wconf 83' lang='lat' dir='ltr'><strong><em>propter</em></strong></span> <span class='ocrx_word' id='word_1_105' title='bbox 1427 1648 1703 1703; x_wconf 76' lang='lat' dir='ltr'><strong><em>utilitatem</em></strong></span> <span class='ocrx_word' id='word_1_106' title='bbox 1755 1667 1852 1705; x_wconf 85' lang='lat' dir='ltr'><strong><em>no-</em></strong></span> 
     </span>
    </p>
   </div>
   <div class='ocr_carea' id='block_1_16' title="bbox 274 1735 1842 1813">
    <p class='ocr_par' dir='ltr' id='par_1_16' title="bbox 274 1735 1842 1813">
     <span class='ocr_line' id='line_1_16' title="bbox 274 1735 1842 1813; baseline 0.003 -22"><span class='ocrx_word' id='word_1_107' title='bbox 274 1746 437 1791; x_wconf 79' lang='lat' dir='ltr'><strong><em>stram</em></strong></span> <span class='ocrx_word' id='word_1_108' title='bbox 464 1754 497 1789; x_wconf 90' lang='lat' dir='ltr'><strong><em>a</em></strong></span> <span class='ocrx_word' id='word_1_109' title='bbox 527 1735 769 1790; x_wconf 88' lang='lat' dir='ltr'><strong><em>Creatore</em></strong></span> <span class='ocrx_word' id='word_1_110' title='bbox 791 1738 987 1808; x_wconf 88' lang='lat' dir='ltr'><strong><em>factum</em></strong></span> <span class='ocrx_word' id='word_1_111' title='bbox 1015 1746 1114 1806; x_wconf 87' lang='lat' dir='ltr'><strong><em>est,</em></strong></span> <span class='ocrx_word' id='word_1_112' title='bbox 1139 1737 1304 1792; x_wconf 87' lang='lat' dir='ltr'><strong><em>edocti</em></strong></span> <span class='ocrx_word' id='word_1_113' title='bbox 1325 1755 1499 1794; x_wconf 84' lang='lat' dir='ltr'><strong><em>sumus</em></strong></span> <span class='ocrx_word' id='word_1_114' title='bbox 1529 1757 1703 1795; x_wconf 87' lang='lat' dir='ltr'><strong><em>omnes</em></strong></span> <span class='ocrx_word' id='word_1_115' title='bbox 1723 1760 1842 1813; x_wconf 85' lang='lat' dir='ltr'><strong><em>pec-</em></strong></span> 
     </span>
    </p>
   </div>
   <div class='ocr_carea' id='block_1_17' title="bbox 274 1840 466 1882">
    <p class='ocr_par' dir='ltr' id='par_1_17' title="bbox 274 1840 466 1882">
     <span class='ocr_line' id='line_1_17' title="bbox 274 1840 466 1882; baseline 0.005 -1"><span class='ocrx_word' id='word_1_116' title='bbox 274 1840 466 1882; x_wconf 73' lang='lat' dir='ltr'><strong><em>mlunt.</em></strong></span> 
     </span>
    </p>
   </div>
   <div class='ocr_carea' id='block_1_18' title="bbox 808 1938 1313 2010">
    <p class='ocr_par' dir='ltr' id='par_1_18' title="bbox 808 1938 1313 2010">
     <span class='ocr_line' id='line_1_18' title="bbox 808 1938 1313 2010; baseline 0.006 -18"><span class='ocrx_word' id='word_1_117' title='bbox 808 1938 989 2010; x_wconf 83' lang='lat' dir='ltr'><strong><em>Vigilii</em></strong></span> <span class='ocrx_word' id='word_1_118' title='bbox 1025 1942 1313 2009; x_wconf 79' lang='lat' dir='ltr'><strong><em>responsio.</em></strong></span> 
     </span>
    </p>
   </div>
   <div class='ocr_carea' id='block_1_19' title="bbox 336 2026 1850 2103">
    <p class='ocr_par' dir='ltr' id='par_1_19' title="bbox 336 2026 1850 2103">
     <span class='ocr_line' id='line_1_19' title="bbox 336 2026 1850 2103; baseline 0.005 -22"><span class='ocrx_word' id='word_1_119' title='bbox 336 2026 402 2081; x_wconf 84' lang='lat' dir='ltr'><strong><em>In</em></strong></span> <span class='ocrx_word' id='word_1_120' title='bbox 448 2027 812 2098; x_wconf 87' lang='lat' dir='ltr'><strong><em>suprascripto</em></strong></span> <span class='ocrx_word' id='word_1_121' title='bbox 858 2028 1299 2098; x_wconf 75' lang='lat' dir='ltr'><strong><em>quinquagesimo</em></strong></span> <span class='ocrx_word' id='word_1_122' title='bbox 1346 2031 1576 2101; x_wconf 80' lang='lat' dir='ltr'><strong><em>septimo</em></strong></span> <span class='ocrx_word' id='word_1_123' title='bbox 1615 2034 1850 2103; x_wconf 89' lang='lat' dir='ltr'><strong><em>capitulo</em></strong></span> 
     </span>
    </p>
   </div>
   <div class='ocr_carea' id='block_1_20' title="bbox 272 2117 1851 2189">
    <p class='ocr_par' dir='ltr' id='par_1_20' title="bbox 272 2117 1851 2189">
     <span class='ocr_line' id='line_1_20' title="bbox 272 2117 1851 2189; baseline 0.005 -18"><span class='ocrx_word' id='word_1_124' title='bbox 272 2117 488 2178; x_wconf 84' lang='lat' dir='ltr'><strong><em>dicitur,</em></strong></span> <span class='ocrx_word' id='word_1_125' title='bbox 521 2118 647 2188; x_wconf 83' lang='lat' dir='ltr'><strong><em>quia</em></strong></span> <span class='ocrx_word' id='word_1_126' title='bbox 673 2118 775 2173; x_wconf 87' lang='lat' dir='ltr'><strong><em>etsi</em></strong></span> <span class='ocrx_word' id='word_1_127' title='bbox 819 2134 926 2173; x_wconf 91' lang='lat' dir='ltr'><strong><em>non</em></strong></span> <span class='ocrx_word' id='word_1_128' title='bbox 973 2118 1164 2174; x_wconf 83' lang='lat' dir='ltr'><strong><em>fuisset</em></strong></span> <span class='ocrx_word' id='word_1_129' title='bbox 1210 2119 1379 2174; x_wconf 81' lang='lat' dir='ltr'><strong><em>Adam</em></strong></span> <span class='ocrx_word' id='word_1_130' title='bbox 1409 2122 1740 2189; x_wconf 87' lang='lat' dir='ltr'><strong><em>inobedicns,</em></strong></span> <span class='ocrx_word' id='word_1_131' title='bbox 1771 2133 1851 2179; x_wconf 88' lang='lat' dir='ltr'><strong><em>ta-</em></strong></span> 
     </span>
    </p>
   </div>
   <div class='ocr_carea' id='block_1_21' title="bbox 272 2207 1850 2275">
    <p class='ocr_par' dir='ltr' id='par_1_21' title="bbox 272 2207 1850 2275">
     <span class='ocr_line' id='line_1_21' title="bbox 272 2207 1850 2275; baseline 0.005 -14"><span class='ocrx_word' id='word_1_132' title='bbox 272 2222 399 2261; x_wconf 83' lang='lat' dir='ltr'><strong><em>men</em></strong></span> <span class='ocrx_word' id='word_1_133' title='bbox 430 2214 653 2275; x_wconf 84' lang='lat' dir='ltr'><strong><em>propter</em></strong></span> <span class='ocrx_word' id='word_1_134' title='bbox 680 2207 966 2261; x_wconf 79' lang='lat' dir='ltr'><strong><em>utilitatem</em></strong></span> <span class='ocrx_word' id='word_1_135' title='bbox 993 2207 1271 2262; x_wconf 87' lang='lat' dir='ltr'><strong>hominum</strong></span> <span class='ocrx_word' id='word_1_136' title='bbox 1300 2225 1333 2263; x_wconf 90' lang='lat' dir='ltr'><strong><em>a</em></strong></span> <span class='ocrx_word' id='word_1_137' title='bbox 1364 2209 1621 2266; x_wconf 80' lang='lat' dir='ltr'><strong><em>Creatore</em></strong></span> <span class='ocrx_word' id='word_1_138' title='bbox 1650 2212 1850 2269; x_wconf 82' lang='lat' dir='ltr'><strong><em>factum</em></strong></span> 
     </span>
    </p>
   </div>
   <div class='ocr_carea' id='block_1_22' title="bbox 274 2296 1853 2374">
    <p class='ocr_par' dir='ltr' id='par_1_22' title="bbox 274 2296 1853 2374">
     <span class='ocr_line' id='line_1_22' title="bbox 274 2296 1853 2374; baseline 0.006 -22"><span class='ocrx_word' id='word_1_139' title='bbox 274 2312 417 2362; x_wconf 83' lang='lat' dir='ltr'><strong><em>esse,</em></strong></span> <span class='ocrx_word' id='word_1_140' title='bbox 459 2305 519 2351; x_wconf 91' lang='lat' dir='ltr'><strong><em>et</em></strong></span> <span class='ocrx_word' id='word_1_141' title='bbox 543 2296 767 2352; x_wconf 88' lang='lat' dir='ltr'><strong><em>edoctos</em></strong></span> <span class='ocrx_word' id='word_1_142' title='bbox 799 2314 896 2353; x_wconf 86' lang='lat' dir='ltr'><strong><em>nos</em></strong></span> <span class='ocrx_word' id='word_1_143' title='bbox 924 2314 1046 2354; x_wconf 89' lang='lat' dir='ltr'><strong><em>esse</em></strong></span> <span class='ocrx_word' id='word_1_144' title='bbox 1074 2310 1371 2370; x_wconf 63' lang='lat' dir='ltr'><strong><em>peccatum~</em></strong></span> <span class='ocrx_word' id='word_1_145' title='bbox 1396 2320 1409 2355; x_wconf 89' lang='lat'><strong>:</strong></span> <span class='ocrx_word' id='word_1_146' title='bbox 1455 2304 1599 2374; x_wconf 90' lang='lat' dir='ltr'><strong><em>quod</em></strong></span> <span class='ocrx_word' id='word_1_147' title='bbox 1628 2306 1768 2360; x_wconf 89' lang='lat' dir='ltr'><strong><em>absit</em></strong></span> <span class='ocrx_word' id='word_1_148' title='bbox 1794 2313 1853 2361; x_wconf 90' lang='lat' dir='ltr'><strong><em>ut</em></strong></span> 
     </span>
    </p>
   </div>
   <div class='ocr_carea' id='block_1_23' title="bbox 273 2385 1851 2461">
    <p class='ocr_par' dir='ltr' id='par_1_23' title="bbox 273 2385 1851 2461">
     <span class='ocr_line' id='line_1_23' title="bbox 273 2385 1851 2461; baseline 0.005 -20"><span class='ocrx_word' id='word_1_149' title='bbox 273 2386 549 2441; x_wconf 80' lang='lat' dir='ltr'><strong><em>catholica</em></strong></span> <span class='ocrx_word' id='word_1_150' title='bbox 597 2385 729 2442; x_wconf 80' lang='lat' dir='ltr'><strong><em>ﬁdes</em></strong></span> <span class='ocrx_word' id='word_1_151' title='bbox 774 2388 980 2454; x_wconf 82' lang='lat' dir='ltr'><strong><em>credat,</em></strong></span> <span class='ocrx_word' id='word_1_152' title='bbox 1026 2404 1058 2444; x_wconf 89' lang='lat' dir='ltr'><strong><em>a</em></strong></span> <span class='ocrx_word' id='word_1_153' title='bbox 1102 2389 1215 2444; x_wconf 90' lang='lat' dir='ltr'><strong><em>Deo</em></strong></span> <span class='ocrx_word' id='word_1_154' title='bbox 1262 2406 1380 2457; x_wconf 89' lang='lat' dir='ltr'><strong><em>nos,</em></strong></span> <span class='ocrx_word' id='word_1_155' title='bbox 1432 2399 1491 2445; x_wconf 92' lang='lat' dir='ltr'><strong><em>ut</em></strong></span> <span class='ocrx_word' id='word_1_156' title='bbox 1539 2401 1851 2461; x_wconf 85' lang='lat' dir='ltr'><strong><em>peccatores</em></strong></span> 
     </span>
    </p>
   </div>
   <div class='ocr_carea' id='block_1_24' title="bbox 275 2481 1850 2559">
    <p class='ocr_par' dir='ltr' id='par_1_24' title="bbox 275 2481 1850 2559">
     <span class='ocr_line' id='line_1_24' title="bbox 275 2481 1850 2559; baseline 0.005 -21"><span class='ocrx_word' id='word_1_157' title='bbox 275 2481 640 2549; x_wconf 71' lang='lat' dir='ltr'><strong><em>efﬁcerentur,</em></strong></span> <span class='ocrx_word' id='word_1_158' title='bbox 672 2482 855 2538; x_wconf 85' lang='lat' dir='ltr'><strong><em>doceri</em></strong></span> <span class='ocrx_word' id='word_1_159' title='bbox 884 2486 1123 2555; x_wconf 87' lang='lat' dir='ltr'><strong><em>potuisse</em></strong></span> <span class='ocrx_word' id='word_1_160' title='bbox 1150 2496 1452 2556; x_wconf 89' lang='lat' dir='ltr'><strong><em>peccatum.</em></strong></span> <span class='ocrx_word' id='word_1_161' title='bbox 1491 2487 1550 2543; x_wconf 90' lang='lat' dir='ltr'><strong><em>Si</em></strong></span> <span class='ocrx_word' id='word_1_162' title='bbox 1576 2490 1699 2558; x_wconf 87' lang='lat' dir='ltr'><strong><em>quis</em></strong></span> <span class='ocrx_word' id='word_1_163' title='bbox 1720 2505 1850 2559; x_wconf 75' lang='lat' dir='ltr'><strong><em>ergo</em></strong></span> 
     </span>
    </p>
   </div>
   <div class='ocr_carea' id='block_1_25' title="bbox 272 2572 1854 2648">
    <p class='ocr_par' dir='ltr' id='par_1_25' title="bbox 272 2572 1854 2648">
     <span class='ocr_line' id='line_1_25' title="bbox 272 2572 1854 2648; baseline 0.004 -21"><span class='ocrx_word' id='word_1_164' title='bbox 272 2572 383 2627; x_wconf 84' lang='lat' dir='ltr'><strong><em>hoc</em></strong></span> <span class='ocrx_word' id='word_1_165' title='bbox 409 2572 489 2625; x_wconf 82' lang='lat' dir='ltr'><strong><em>ita</em></strong></span> <span class='ocrx_word' id='word_1_166' title='bbox 542 2573 705 2642; x_wconf 87' lang='lat' dir='ltr'><strong><em>sapit,</em></strong></span> <span class='ocrx_word' id='word_1_167' title='bbox 753 2573 912 2628; x_wconf 88' lang='lat' dir='ltr'><strong><em>docet</em></strong></span> <span class='ocrx_word' id='word_1_168' title='bbox 951 2583 1044 2628; x_wconf 91' lang='lat' dir='ltr'><strong><em>aut</em></strong></span> <span class='ocrx_word' id='word_1_169' title='bbox 1090 2575 1383 2645; x_wconf 60' lang='lat' dir='ltr'><strong><em>praedicat;</em></strong></span> <span class='ocrx_word' id='word_1_170' title='bbox 1432 2584 1488 2631; x_wconf 88' lang='lat' dir='ltr'><strong><em>et</em></strong></span> <span class='ocrx_word' id='word_1_171' title='bbox 1530 2592 1637 2631; x_wconf 89' lang='lat' dir='ltr'><strong><em>non</em></strong></span> <span class='ocrx_word' id='word_1_172' title='bbox 1685 2580 1854 2648; x_wconf 77' lang='lat' dir='ltr'><strong><em>magis</em></strong></span> 
     </span>
    </p>
   </div>
   <div class='ocr_carea' id='block_1_26' title="bbox 274 2662 1852 2735">
    <p class='ocr_par' dir='ltr' id='par_1_26' title="bbox 274 2662 1852 2735">
     <span class='ocr_line' id='line_1_26' title="bbox 274 2662 1852 2735; baseline 0.003 -18"><span class='ocrx_word' id='word_1_173' title='bbox 274 2664 600 2733; x_wconf 77' lang='lat' dir='ltr'><strong><em>prohibente</em></strong></span> <span class='ocrx_word' id='word_1_174' title='bbox 628 2662 761 2727; x_wconf 88' lang='lat' dir='ltr'><strong><em>Deo,</em></strong></span> <span class='ocrx_word' id='word_1_175' title='bbox 806 2664 965 2733; x_wconf 85' lang='lat' dir='ltr'><strong><em>primi</em></strong></span> <span class='ocrx_word' id='word_1_176' title='bbox 1003 2664 1235 2719; x_wconf 83' lang='lat' dir='ltr'><strong>hominis</strong></span> <span class='ocrx_word' id='word_1_177' title='bbox 1276 2667 1435 2735; x_wconf 83' lang='lat' dir='ltr'><strong><em>culpa</em></strong></span> <span class='ocrx_word' id='word_1_178' title='bbox 1484 2667 1852 2722; x_wconf 80' lang='lat' dir='ltr'><strong><em>introductum</em></strong></span> 
     </span>
    </p>
   </div>
   <div class='ocr_carea' id='block_1_27' title="bbox 274 2751 1852 2825">
    <p class='ocr_par' dir='ltr' id='par_1_27' title="bbox 274 2751 1852 2825">
     <span class='ocr_line' id='line_1_27' title="bbox 274 2751 1852 2825; baseline 0.005 -22"><span class='ocrx_word' id='word_1_179' title='bbox 274 2751 475 2803; x_wconf 77' lang='lat' dir='ltr'><strong><em>fatetur</em></strong></span> <span class='ocrx_word' id='word_1_180' title='bbox 521 2764 643 2804; x_wconf 87' lang='lat' dir='ltr'><strong><em>esse</em></strong></span> <span class='ocrx_word' id='word_1_181' title='bbox 688 2758 1007 2818; x_wconf 84' lang='lat' dir='ltr'><strong><em>peccatum,</em></strong></span> <span class='ocrx_word' id='word_1_182' title='bbox 1055 2761 1112 2806; x_wconf 91' lang='lat' dir='ltr'><strong><em>et</em></strong></span> <span class='ocrx_word' id='word_1_183' title='bbox 1145 2752 1293 2820; x_wconf 84' lang='lat' dir='ltr'><strong><em>justo</em></strong></span> <span class='ocrx_word' id='word_1_184' title='bbox 1342 2754 1438 2807; x_wconf 85' lang='lat' dir='ltr'><strong><em>Dei</em></strong></span> <span class='ocrx_word' id='word_1_185' title='bbox 1480 2753 1681 2822; x_wconf 87' lang='lat' dir='ltr'><strong><em>judicio</em></strong></span> <span class='ocrx_word' id='word_1_186' title='bbox 1730 2770 1852 2825; x_wconf 80' lang='lat' dir='ltr'><strong><em>eum</em></strong></span> 
     </span>
    </p>
   </div>
   <div class='ocr_carea' id='block_1_28' title="bbox 276 2839 1850 2912">
    <p class='ocr_par' dir='ltr' id='par_1_28' title="bbox 276 2839 1850 2912">
     <span class='ocr_line' id='line_1_28' title="bbox 276 2839 1850 2912; baseline 0.005 -18"><span class='ocrx_word' id='word_1_187' title='bbox 276 2848 439 2908; x_wconf 74' lang='lat' dir='ltr'><strong><em>atque</em></strong></span> <span class='ocrx_word' id='word_1_188' title='bbox 470 2839 592 2907; x_wconf 77' lang='lat' dir='ltr'><strong><em>ejus</em></strong></span> <span class='ocrx_word' id='word_1_189' title='bbox 622 2841 935 2909; x_wconf 79' lang='lat' dir='ltr'><strong><em>progeniem</em></strong></span> <span class='ocrx_word' id='word_1_190' title='bbox 980 2850 1202 2912; x_wconf 88' lang='lat' dir='ltr'><strong><em>propter</em></strong></span> <span class='ocrx_word' id='word_1_191' title='bbox 1247 2843 1668 2899; x_wconf 88' lang='lat' dir='ltr'><strong><em>inobedientiam</em></strong></span> <span class='ocrx_word' id='word_1_192' title='bbox 1697 2863 1850 2903; x_wconf 83' lang='lat' dir='ltr'><strong><em>suam</em></strong></span> 
     </span>
    </p>
   </div>
   <div class='ocr_carea' id='block_1_29' title="bbox 278 2931 1515 3001">
    <p class='ocr_par' dir='ltr' id='par_1_29' title="bbox 278 2931 1515 3001">
     <span class='ocr_line' id='line_1_29' title="bbox 278 2931 1515 3001; baseline 0.005 -18"><span class='ocrx_word' id='word_1_193' title='bbox 278 2933 468 2986; x_wconf 86' lang='lat' dir='ltr'><strong><em>mortis</em></strong></span> <span class='ocrx_word' id='word_1_194' title='bbox 491 2931 721 2985; x_wconf 81' lang='lat' dir='ltr'><strong><em>subiisse</em></strong></span> <span class='ocrx_word' id='word_1_195' title='bbox 743 2932 1083 3001; x_wconf 85' lang='lat' dir='ltr'><strong><em>supplicium,</em></strong></span> <span class='ocrx_word' id='word_1_196' title='bbox 1114 2934 1400 2988; x_wconf 85' lang='lat' dir='ltr'><strong><em>anathema</em></strong></span> <span class='ocrx_word' id='word_1_197' title='bbox 1422 2936 1515 2990; x_wconf 89' lang='lat' dir='ltr'><strong><em>sit.</em></strong></span> 
     </span>
    </p>
   </div>
   <div class='ocr_carea' id='block_1_30' title="bbox 675 3052 1452 3097">
    <p class='ocr_par' dir='ltr' id='par_1_30' title="bbox 675 3052 1452 3097">
     <span class='ocr_line' id='line_1_30' title="bbox 675 3052 1452 3097; baseline 0.008 -7"><span class='ocrx_word' id='word_1_198' title='bbox 675 3052 943 3093; x_wconf 74' lang='lat' dir='ltr'><strong><em>TBEODOBI</em></strong></span> <span class='ocrx_word' id='word_1_199' title='bbox 974 3054 1092 3093; x_wconf 71' lang='lat' dir='ltr'><strong>CAP]</strong></span> <span class='ocrx_word' id='word_1_200' title='bbox 1107 3055 1277 3094; x_wconf 74' lang='grc' dir='ltr'>ῑυιωι</span> <span class='ocrx_word' id='word_1_201' title='bbox 1306 3056 1452 3097; x_wconf 67' lang='lat' dir='ltr'><strong><em>LVIII.</em></strong></span> 
     </span>
    </p>
   </div>
   <div class='ocr_carea' id='block_1_31' title="bbox 347 3126 1851 3203">
    <p class='ocr_par' dir='ltr' id='par_1_31' title="bbox 347 3126 1851 3203">
     <span class='ocr_line' id='line_1_31' title="bbox 347 3126 1851 3203; baseline 0.005 -21"><span class='ocrx_word' id='word_1_202' title='bbox 347 3126 468 3182; x_wconf 79' lang='lat' dir='ltr'><strong><em>Nec</em></strong></span> <span class='ocrx_word' id='word_1_203' title='bbox 495 3128 657 3198; x_wconf 80' lang='lat' dir='ltr'><strong><em>igitur</em></strong></span> <span class='ocrx_word' id='word_1_204' title='bbox 703 3137 917 3182; x_wconf 77' lang='lat' dir='ltr'><strong><em>mortem</em></strong></span> <span class='ocrx_word' id='word_1_205' title='bbox 959 3146 1063 3184; x_wconf 86' lang='lat' dir='ltr'><strong><em>non</em></strong></span> <span class='ocrx_word' id='word_1_206' title='bbox 1093 3139 1277 3200; x_wconf 80' lang='lat' dir='ltr'><strong><em>sponte</em></strong></span> <span class='ocrx_word' id='word_1_207' title='bbox 1303 3140 1352 3184; x_wconf 89' lang='lat' dir='ltr'><strong><em>et</em></strong></span> <span class='ocrx_word' id='word_1_208' title='bbox 1378 3143 1565 3201; x_wconf 63' lang='lat' dir='ltr'><strong><em>praeter</em></strong></span> <span class='ocrx_word' id='word_1_209' title='bbox 1595 3132 1851 3203; x_wconf 78' lang='lat' dir='ltr'><strong><em>judicium</em></strong></span> 
     </span>
    </p>
   </div>
   <div class='ocr_carea' id='block_1_32' title="bbox 277 3216 1853 3287">
    <p class='ocr_par' dir='ltr' id='par_1_32' title="bbox 277 3216 1853 3287">
     <span class='ocr_line' id='line_1_32' title="bbox 277 3216 1853 3287; baseline 0.005 -16"><span class='ocrx_word' id='word_1_210' title='bbox 277 3233 423 3271; x_wconf 70' lang='lat' dir='ltr'><strong><em>suum</em></strong></span> <span class='ocrx_word' id='word_1_211' title='bbox 453 3216 631 3270; x_wconf 79' lang='lat' dir='ltr'><strong><em>intulit</em></strong></span> <span class='ocrx_word' id='word_1_212' title='bbox 657 3217 973 3283; x_wconf 78' lang='lat' dir='ltr'><strong><em>hominibus,</em></strong></span> <span class='ocrx_word' id='word_1_213' title='bbox 997 3234 1091 3273; x_wconf 76' lang='lat' dir='ltr'><strong><em>nec</em></strong></span> <span class='ocrx_word' id='word_1_214' title='bbox 1118 3228 1326 3287; x_wconf 80' lang='lat' dir='ltr'><strong><em>peccato</em></strong></span> <span class='ocrx_word' id='word_1_215' title='bbox 1347 3221 1544 3275; x_wconf 79' lang='lat' dir='ltr'><strong><em>aditum</em></strong></span> <span class='ocrx_word' id='word_1_216' title='bbox 1564 3223 1633 3276; x_wconf 88' lang='lat' dir='ltr'><strong><em>ad</em></strong></span> <span class='ocrx_word' id='word_1_217' title='bbox 1655 3225 1853 3279; x_wconf 72' lang='lat' dir='ltr'><strong><em>nullam</em></strong></span> 
     </span>
    </p>
   </div>
   <div class='ocr_carea' id='block_1_33' title="bbox 280 3308 1853 3383">
    <p class='ocr_par' dir='ltr' id='par_1_33' title="bbox 280 3308 1853 3383">
     <span class='ocr_line' id='line_1_33' title="bbox 280 3308 1853 3383; baseline 0.008 -24"><span class='ocrx_word' id='word_1_218' title='bbox 280 3310 557 3362; x_wconf 71' lang='lat' dir='ltr'><strong><em>utilitatem</em></strong></span> <span class='ocrx_word' id='word_1_219' title='bbox 586 3308 726 3362; x_wconf 83' lang='lat' dir='ltr'><strong><em>dedit</em></strong></span> <span class='ocrx_word' id='word_1_220' title='bbox 750 3325 768 3362; x_wconf 91' lang='lat'><strong><em>:</em></strong></span> <span class='ocrx_word' id='word_1_221' title='bbox 798 3325 889 3363; x_wconf 73' lang='lat' dir='ltr'><strong><em>nec</em></strong></span> <span class='ocrx_word' id='word_1_222' title='bbox 908 3311 1047 3363; x_wconf 81' lang='lat' dir='ltr'><strong><em>enim</em></strong></span> <span class='ocrx_word' id='word_1_223' title='bbox 1074 3310 1168 3362; x_wconf 81' lang='lat' dir='ltr'><strong><em>hoc</em></strong></span> <span class='ocrx_word' id='word_1_224' title='bbox 1192 3311 1326 3379; x_wconf 79' lang='lat' dir='ltr'><strong><em>fieri,</em></strong></span> <span class='ocrx_word' id='word_1_225' title='bbox 1358 3313 1563 3367; x_wconf 80' lang='lat' dir='ltr'><strong><em>nolente</em></strong></span> <span class='ocrx_word' id='word_1_226' title='bbox 1587 3316 1720 3383; x_wconf 87' lang='lat' dir='ltr'><strong><em>ipso,</em></strong></span> <span class='ocrx_word' id='word_1_227' title='bbox 1749 3332 1853 3371; x_wconf 78' lang='lat' dir='ltr'><strong><em>non</em></strong></span> 
     </span>
    </p>
   </div>
   <div class='ocr_carea' id='block_1_34' title="bbox 280 3398 1853 3478">
    <p class='ocr_par' dir='ltr' id='par_1_34' title="bbox 280 3398 1853 3478">
     <span class='ocr_line' id='line_1_34' title="bbox 280 3398 1853 3478; baseline 0.006 -27"><span class='ocrx_word' id='word_1_228' title='bbox 280 3408 483 3466; x_wconf 66' lang='lat' dir='ltr'><strong><em>poterat</em></strong></span> <span class='ocrx_word' id='word_1_229' title='bbox 503 3415 522 3451; x_wconf 91' lang='lat'><strong><em>:</em></strong></span> <span class='ocrx_word' id='word_1_230' title='bbox 554 3398 644 3450; x_wconf 85' lang='lat' dir='ltr'><strong><em>sed</em></strong></span> <span class='ocrx_word' id='word_1_231' title='bbox 680 3399 925 3467; x_wconf 77' lang='lat' dir='ltr'><strong><em>quoniam</em></strong></span> <span class='ocrx_word' id='word_1_232' title='bbox 952 3399 1145 3454; x_wconf 79' lang='lat' dir='ltr'><strong><em>sciebat</em></strong></span> <span class='ocrx_word' id='word_1_233' title='bbox 1172 3403 1299 3455; x_wconf 82' lang='lat' dir='ltr'><strong><em>utile</em></strong></span> <span class='ocrx_word' id='word_1_234' title='bbox 1321 3418 1431 3457; x_wconf 80' lang='lat' dir='ltr'><strong><em>esse</em></strong></span> <span class='ocrx_word' id='word_1_235' title='bbox 1458 3405 1602 3458; x_wconf 84' lang='lat' dir='ltr'><strong><em>nobis</em></strong></span> <span class='ocrx_word' id='word_1_236' title='bbox 1627 3442 1644 3467; x_wconf 85' lang='lat'><strong><em>,</em></strong></span> <span class='ocrx_word' id='word_1_237' title='bbox 1688 3408 1853 3478; x_wconf 86' lang='lat' dir='ltr'><strong><em>magis</em></strong></span> 
     </span>
    </p>
   </div>
   <div class='ocr_carea' id='block_1_35' title="bbox 282 3486 1854 3562">
    <p class='ocr_par' dir='ltr' id='par_1_35' title="bbox 282 3486 1854 3562">
     <span class='ocr_line' id='line_1_35' title="bbox 282 3486 1854 3562; baseline 0.008 -25"><span class='ocrx_word' id='word_1_238' title='bbox 282 3496 449 3539; x_wconf 79' lang='lat' dir='ltr'><strong><em>autem</em></strong></span> <span class='ocrx_word' id='word_1_239' title='bbox 481 3486 718 3539; x_wconf 81' lang='lat' dir='ltr'><strong><em>omnibus</em></strong></span> <span class='ocrx_word' id='word_1_240' title='bbox 744 3486 1140 3543; x_wconf 82' lang='lat' dir='ltr'><strong><em>rationabilibus</em></strong></span> <span class='ocrx_word' id='word_1_241' title='bbox 1180 3495 1323 3559; x_wconf 86' lang='lat' dir='ltr'><strong><em>prius</em></strong></span> <span class='ocrx_word' id='word_1_242' title='bbox 1369 3492 1573 3562; x_wconf 80' lang='lat' dir='ltr'><strong><em>quidem</em></strong></span> <span class='ocrx_word' id='word_1_243' title='bbox 1599 3497 1854 3549; x_wconf 77' lang='lat' dir='ltr'><strong><em>malorum</em></strong></span> 
     </span>
    </p>
   </div>
   <div class='ocr_carea' id='block_1_36' title="bbox 279 3577 1854 3655">
    <p class='ocr_par' dir='ltr' id='par_1_36' title="bbox 279 3577 1854 3655">
     <span class='ocr_line' id='line_1_36' title="bbox 279 3577 1854 3655; baseline 0.008 -28"><span class='ocrx_word' id='word_1_244' title='bbox 279 3584 325 3627; x_wconf 83' lang='lat' dir='ltr'><strong><em>tt</em></strong></span> <span class='ocrx_word' id='word_1_245' title='bbox 343 3578 658 3629; x_wconf 76' lang='lat' dir='ltr'><strong><em>deteriorum</em></strong></span> <span class='ocrx_word' id='word_1_246' title='bbox 683 3577 802 3645; x_wconf 81' lang='lat' dir='ltr'><strong><em>fieri</em></strong></span> <span class='ocrx_word' id='word_1_247' title='bbox 821 3579 1035 3642; x_wconf 78' lang='lat' dir='ltr'><strong><em>aditum,</em></strong></span> <span class='ocrx_word' id='word_1_248' title='bbox 1068 3590 1244 3649; x_wconf 85' lang='lat' dir='ltr'><strong><em>postea</em></strong></span> <span class='ocrx_word' id='word_1_249' title='bbox 1272 3592 1443 3637; x_wconf 86' lang='lat' dir='ltr'><strong><em>autem</em></strong></span> <span class='ocrx_word' id='word_1_250' title='bbox 1470 3584 1630 3638; x_wconf 86' lang='lat' dir='ltr'><strong><em>deleri</em></strong></span> <span class='ocrx_word' id='word_1_251' title='bbox 1651 3586 1854 3655; x_wconf 78' lang='lat' dir='ltr'><strong><em>quidem</em></strong></span> 
     </span>
    </p>
   </div>
   <div class='ocr_carea' id='block_1_37' title="bbox 1227 3673 1853 3731">
    <p class='ocr_par' dir='ltr' id='par_1_37' title="bbox 1227 3673 1853 3731">
     <span class='ocr_line' id='line_1_37' title="bbox 1227 3673 1853 3731; baseline 0.01 -6"><span class='ocrx_word' id='word_1_252' title='bbox 1227 3687 1247 3725; x_wconf 88' lang='lat'><strong><em>:</em></strong></span> <span class='ocrx_word' id='word_1_253' title='bbox 1295 3673 1409 3727; x_wconf 85' lang='lat' dir='ltr'><strong><em>ideo</em></strong></span> <span class='ocrx_word' id='word_1_254' title='bbox 1454 3676 1508 3728; x_wconf 85' lang='lat' dir='ltr'><strong><em>in</em></strong></span> <span class='ocrx_word' id='word_1_255' title='bbox 1538 3675 1664 3729; x_wconf 88' lang='lat' dir='ltr'><strong><em>duos</em></strong></span> <span class='ocrx_word' id='word_1_256' title='bbox 1687 3684 1853 3731; x_wconf 88' lang='lat' dir='ltr'><strong><em>status</em></strong></span> 
     </span>
    </p>
   </div>
   <div class='ocr_carea' id='block_1_38' title="bbox 283 3755 1853 3835">
    <p class='ocr_par' dir='ltr' id='par_1_38' title="bbox 283 3755 1853 3835">
     <span class='ocr_line' id='line_1_38' title="bbox 283 3755 1853 3835; baseline 0.008 -28"><span class='ocrx_word' id='word_1_257' title='bbox 283 3756 451 3808; x_wconf 64' lang='lat' dir='ltr'><strong><em>divisit</em></strong></span> <span class='ocrx_word' id='word_1_258' title='bbox 479 3755 622 3809; x_wconf 80' lang='lat' dir='ltr'><strong><em>Deus</em></strong></span> <span class='ocrx_word' id='word_1_259' title='bbox 648 3767 973 3824; x_wconf 82' lang='lat' dir='ltr'><strong><em>creaturam,</em></strong></span> <span class='ocrx_word' id='word_1_260' title='bbox 1022 3771 1354 3829; x_wconf 73' lang='lat' dir='ltr'><strong><em>prteseittem,</em></strong></span> <span class='ocrx_word' id='word_1_261' title='bbox 1400 3774 1451 3817; x_wconf 87' lang='lat' dir='ltr'><strong><em>et</em></strong></span> <span class='ocrx_word' id='word_1_262' title='bbox 1477 3767 1707 3835; x_wconf 83' lang='lat' dir='ltr'><strong><em>futurum</em></strong></span> <span class='ocrx_word' id='word_1_263' title='bbox 1730 3783 1750 3831; x_wconf 89' lang='lat'><strong><em>;</em></strong></span> <span class='ocrx_word' id='word_1_264' title='bbox 1796 3768 1853 3820; x_wconf 80' lang='lat' dir='ltr'><strong><em>in</em></strong></span> 
     </span>
    </p>
   </div>
   <div class='ocr_carea' id='block_1_39' title="bbox 283 3845 1853 3915">
    <p class='ocr_par' dir='ltr' id='par_1_39' title="bbox 283 3845 1853 3915">
     <span class='ocr_line' id='line_1_39' title="bbox 283 3845 1853 3915; baseline 0.009 -20"><span class='ocrx_word' id='word_1_265' title='bbox 283 3845 379 3896; x_wconf 87' lang='lat' dir='ltr'><strong><em>isto</em></strong></span> <span class='ocrx_word' id='word_1_266' title='bbox 418 3845 624 3915; x_wconf 78' lang='lat' dir='ltr'><strong><em>quidem</em></strong></span> <span class='ocrx_word' id='word_1_267' title='bbox 673 3846 743 3898; x_wconf 86' lang='lat' dir='ltr'><strong><em>ad</em></strong></span> <span class='ocrx_word' id='word_1_268' title='bbox 793 3847 1235 3904; x_wconf 84' lang='lat' dir='ltr'><strong><em>immortalitatem</em></strong></span> <span class='ocrx_word' id='word_1_269' title='bbox 1287 3862 1336 3904; x_wconf 87' lang='lat' dir='ltr'><strong><em>et</em></strong></span> <span class='ocrx_word' id='word_1_270' title='bbox 1383 3854 1853 3910; x_wconf 79' lang='lat' dir='ltr'><strong><em>immutabilitatem</em></strong></span> 
     </span>
    </p>
   </div>
   <div class='ocr_carea' id='block_1_40' title="bbox 282 3936 1853 4009">
    <p class='ocr_par' dir='ltr' id='par_1_40' title="bbox 282 3936 1853 4009">
     <span class='ocr_line' id='line_1_40' title="bbox 282 3936 1853 4009; baseline 0.01 -24"><span class='ocrx_word' id='word_1_271' title='bbox 282 3936 456 3987; x_wconf 76' lang='lat' dir='ltr'><strong><em>omnia</em></strong></span> <span class='ocrx_word' id='word_1_272' title='bbox 499 3936 849 4000; x_wconf 83' lang='lat' dir='ltr'><strong><em>adducturus,</em></strong></span> <span class='ocrx_word' id='word_1_273' title='bbox 896 3940 953 3992; x_wconf 86' lang='lat' dir='ltr'><strong><em>in</em></strong></span> <span class='ocrx_word' id='word_1_274' title='bbox 1006 3942 1254 4009; x_wconf 62' lang='lat' dir='ltr'><strong><em>presenti</em></strong></span> <span class='ocrx_word' id='word_1_275' title='bbox 1296 3959 1412 3996; x_wconf 78' lang='lat' dir='ltr'><strong><em>vero</em></strong></span> <span class='ocrx_word' id='word_1_276' title='bbox 1464 3955 1753 3999; x_wconf 78' lang='lat' dir='ltr'><strong><em>creaturam</em></strong></span> <span class='ocrx_word' id='word_1_277' title='bbox 1798 3948 1853 4001; x_wconf 83' lang='lat' dir='ltr'><strong><em>in</em></strong></span> 
     </span>
    </p>
   </div>
   <div class='ocr_carea' id='block_1_41' title="bbox 286 4026 1852 4089">
    <p class='ocr_par' dir='ltr' id='par_1_41' title="bbox 286 4026 1852 4089">
     <span class='ocr_line' id='line_1_41' title="bbox 286 4026 1852 4089; baseline 0.008 -13"><span class='ocrx_word' id='word_1_278' title='bbox 286 4035 494 4078; x_wconf 77' lang='lat' dir='ltr'><strong><em>mortem</em></strong></span> <span class='ocrx_word' id='word_1_279' title='bbox 520 4034 570 4078; x_wconf 81' lang='lat' dir='ltr'><strong><em>et</em></strong></span> <span class='ocrx_word' id='word_1_280' title='bbox 614 4026 1010 4081; x_wconf 76' lang='lat' dir='ltr'><strong><em>mutabilitatem</em></strong></span> <span class='ocrx_word' id='word_1_281' title='bbox 1049 4031 1253 4083; x_wconf 85' lang='lat' dir='ltr'><strong><em>interim</em></strong></span> <span class='ocrx_word' id='word_1_282' title='bbox 1283 4031 1565 4086; x_wconf 84' lang='lat' dir='ltr'><strong><em>dimittens.</em></strong></span> <span class='ocrx_word' id='word_1_283' title='bbox 1608 4032 1750 4087; x_wconf 78' lang='lat' dir='ltr'><strong><em>Nam</em></strong></span> <span class='ocrx_word' id='word_1_284' title='bbox 1777 4036 1852 4089; x_wconf 80' lang='lat' dir='ltr'><strong><em>si-</em></strong></span> 
     </span>
    </p>
   </div>
   <div class='ocr_carea' id='block_1_42' title="bbox 236 4113 1852 4191">
    <p class='ocr_par' dir='ltr' id='par_1_42' title="bbox 236 4113 1852 4191">
     <span class='ocr_line' id='line_1_42' title="bbox 236 4113 1852 4191; baseline 0.01 -29"><span class='ocrx_word' id='word_1_285' title='bbox 236 4140 239 4147; x_wconf 93' lang='lat'><strong><em>-</em></strong></span> <span class='ocrx_word' id='word_1_286' title='bbox 283 4113 479 4181; x_wconf 77' lang='lat' dir='ltr'><strong><em>quidem</em></strong></span> <span class='ocrx_word' id='word_1_287' title='bbox 506 4116 682 4167; x_wconf 84' lang='lat' dir='ltr'><strong><em>sta.‘im</em></strong></span> <span class='ocrx_word' id='word_1_288' title='bbox 710 4113 775 4166; x_wconf 85' lang='lat' dir='ltr'><strong><em>ab</em></strong></span> <span class='ocrx_word' id='word_1_289' title='bbox 810 4117 956 4170; x_wconf 86' lang='lat' dir='ltr'><strong><em>initio</em></strong></span> <span class='ocrx_word' id='word_1_290' title='bbox 982 4118 1295 4172; x_wconf 85' lang='lat' dir='ltr'><strong><em>immortales</em></strong></span> <span class='ocrx_word' id='word_1_291' title='bbox 1324 4136 1421 4173; x_wconf 85' lang='lat' dir='ltr'><strong><em>nos</em></strong></span> <span class='ocrx_word' id='word_1_292' title='bbox 1459 4124 1637 4191; x_wconf 74' lang='lat' dir='ltr'><strong><em>fecerit</em></strong></span> <span class='ocrx_word' id='word_1_293' title='bbox 1677 4136 1725 4176; x_wconf 85' lang='lat' dir='ltr'><strong><em>et</em></strong></span> <span class='ocrx_word' id='word_1_294' title='bbox 1752 4126 1852 4177; x_wconf 83' lang='lat' dir='ltr'><strong><em>im-</em></strong></span> 
     </span>
    </p>
   </div>
   <div class='ocr_carea' id='block_1_43' title="bbox 284 4206 1853 4279">
    <p class='ocr_par' dir='ltr' id='par_1_43' title="bbox 284 4206 1853 4279">
     <span class='ocr_line' id='line_1_43' title="bbox 284 4206 1853 4279; baseline 0.008 -20"><span class='ocrx_word' id='word_1_295' title='bbox 284 4206 568 4271; x_wconf 73' lang='lat' dir='ltr'><strong><em>mutabiles,</em></strong></span> <span class='ocrx_word' id='word_1_296' title='bbox 598 4210 796 4262; x_wconf 76' lang='lat' dir='ltr'><strong><em>nullam</em></strong></span> <span class='ocrx_word' id='word_1_297' title='bbox 818 4211 1165 4279; x_wconf 70' lang='lat' dir='ltr'><strong><em>differentiam</em></strong></span> <span class='ocrx_word' id='word_1_298' title='bbox 1183 4212 1255 4265; x_wconf 83' lang='lat' dir='ltr'><strong><em>ad</em></strong></span> <span class='ocrx_word' id='word_1_299' title='bbox 1282 4215 1665 4270; x_wconf 82' lang='lat' dir='ltr'><strong><em>irrationabilia</em></strong></span> <span class='ocrx_word' id='word_1_300' title='bbox 1695 4217 1853 4272; x_wconf 78' lang='lat' dir='ltr'><strong><em>liabe-</em></strong></span> 
     </span>
    </p>
   </div>
   <div class='ocr_carea' id='block_1_44' title="bbox 284 4301 1852 4375">
    <p class='ocr_par' dir='ltr' id='par_1_44' title="bbox 284 4301 1852 4375">
     <span class='ocr_line' id='line_1_44' title="bbox 284 4301 1852 4375; baseline 0.008 -26"><span class='ocrx_word' id='word_1_301' title='bbox 284 4314 467 4362; x_wconf 85' lang='lat' dir='ltr'><strong><em>rcmus,</em></strong></span> <span class='ocrx_word' id='word_1_302' title='bbox 497 4301 762 4369; x_wconf 86' lang='lat' dir='ltr'><strong><em>proprium</em></strong></span> <span class='ocrx_word' id='word_1_303' title='bbox 802 4301 1084 4375; x_wconf 52' lang='lat' dir='ltr'><strong><em>nescientes</em></strong></span> <span class='ocrx_word' id='word_1_304' title='bbox 1115 4301 1323 4357; x_wconf 66' lang='lat' dir='ltr'><strong><em>bonum.</em></strong></span> <span class='ocrx_word' id='word_1_305' title='bbox 1375 4304 1688 4375; x_wconf 81' lang='lat' dir='ltr'><strong><em>Ignorantes</em></strong></span> <span class='ocrx_word' id='word_1_306' title='bbox 1715 4309 1852 4362; x_wconf 84' lang='lat' dir='ltr'><strong><em>enim</em></strong></span> 
     </span>
    </p>
   </div>
   <div class='ocr_carea' id='block_1_45' title="bbox 282 3664 1189 3729">
    <p class='ocr_par' dir='ltr' id='par_1_45' title="bbox 282 3664 1189 3729">
     <span class='ocr_line' id='line_1_45' title="bbox 282 3664 1189 3729; baseline 0.008 -12"><span class='ocrx_word' id='word_1_307' title='bbox 282 3664 387 3717; x_wconf 77' lang='lat' dir='ltr'><strong><em>lucc</em></strong></span> <span class='ocrx_word' id='word_1_308' title='bbox 407 3682 427 3729; x_wconf 90' lang='lat'><strong><em>;</em></strong></span> <span class='ocrx_word' id='word_1_309' title='bbox 473 3666 731 3720; x_wconf 78' lang='lat' dir='ltr'><strong><em>introduci</em></strong></span> <span class='ocrx_word' id='word_1_310' title='bbox 761 3675 933 3721; x_wconf 79' lang='lat' dir='ltr'><strong><em>autent</em></strong></span> <span class='ocrx_word' id='word_1_311' title='bbox 975 3671 1189 3724; x_wconf 82' lang='lat' dir='ltr'><strong><em>meliora</em></strong></span> 
     </span>
    </p>
   </div>
   <div class='ocr_carea' id='block_1_46' title="bbox 281 4388 1850 4463">
    <p class='ocr_par' dir='ltr' id='par_1_46' title="bbox 281 4388 1850 4463">
     <span class='ocr_line' id='line_1_46' title="bbox 281 4388 1850 4463; baseline 0.006 -22"><span class='ocrx_word' id='word_1_312' title='bbox 281 4388 701 4457; x_wconf 68' lang='lat' dir='ltr'><strong><em>nautabititatern,</em></strong></span> <span class='ocrx_word' id='word_1_313' title='bbox 742 4389 1175 4446; x_wconf 85' lang='lat' dir='ltr'><strong><em>immutabilitatis</em></strong></span> <span class='ocrx_word' id='word_1_314' title='bbox 1214 4392 1581 4463; x_wconf 82' lang='lat' dir='ltr'><strong><em>ignorabamus</em></strong></span> <span class='ocrx_word' id='word_1_315' title='bbox 1620 4394 1810 4450; x_wconf 85' lang='lat' dir='ltr'><strong><em>bonum</em></strong></span> <span class='ocrx_word' id='word_1_316' title='bbox 1832 4414 1850 4461; x_wconf 88' lang='lat'><strong><em>;</em></strong></span> 
     </span>
    </p>
   </div>
   <div class='ocr_carea' id='block_1_47' title="bbox 1952 524 3523 605">
    <p class='ocr_par' dir='ltr' id='par_1_47' title="bbox 1952 524 3523 605">
     <span class='ocr_line' id='line_1_47' title="bbox 1952 524 3523 605; baseline 0.01 -24"><span class='ocrx_word' id='word_1_317' title='bbox 1952 524 2286 587; x_wconf 71' lang='lat' dir='ltr'><strong><em>immortales</em></strong></span> <span class='ocrx_word' id='word_1_318' title='bbox 2316 546 2417 587; x_wconf 85' lang='lat' dir='ltr'><strong><em>nos</em></strong></span> <span class='ocrx_word' id='word_1_319' title='bbox 2439 533 2656 591; x_wconf 81' lang='lat' dir='ltr'><strong><em>fecisset</em></strong></span> <span class='ocrx_word' id='word_1_320' title='bbox 2683 545 2739 592; x_wconf 89' lang='lat' dir='ltr'><strong><em>et</em></strong></span> <span class='ocrx_word' id='word_1_321' title='bbox 2780 538 3154 605; x_wconf 85' lang='lat' dir='ltr'><strong><em>immutabiles,</em></strong></span> <span class='ocrx_word' id='word_1_322' title='bbox 3187 540 3392 594; x_wconf 83' lang='lat' dir='ltr'><strong><em>nullam</em></strong></span> <span class='ocrx_word' id='word_1_323' title='bbox 3419 541 3523 596; x_wconf 50' lang='lat' dir='ltr'><strong><em>dii:</em></strong></span> 
     </span>
    </p>
   </div>
   <div class='ocr_carea' id='block_1_48' title="bbox 1884 619 3522 700">
    <p class='ocr_par' dir='ltr' id='par_1_48' title="bbox 1884 619 3522 700">
     <span class='ocr_line' id='line_1_48' title="bbox 1884 619 3522 700; baseline 0.01 -30"><span class='ocrx_word' id='word_1_324' title='bbox 1884 652 1889 657; x_wconf 64' lang='grc' dir='ltr'><em>ι</em></span> <span class='ocrx_word' id='word_1_325' title='bbox 1949 619 2231 673; x_wconf 81' lang='lat' dir='ltr'><strong><em>ferentiam</em></strong></span> <span class='ocrx_word' id='word_1_326' title='bbox 2260 621 2327 675; x_wconf 86' lang='lat' dir='ltr'><strong><em>ad</em></strong></span> <span class='ocrx_word' id='word_1_327' title='bbox 2354 623 2739 681; x_wconf 88' lang='lat' dir='ltr'><strong><em>irrationabilia</em></strong></span> <span class='ocrx_word' id='word_1_328' title='bbox 2759 627 3099 693; x_wconf 86' lang='lat' dir='ltr'><strong><em>haberemus,</em></strong></span> <span class='ocrx_word' id='word_1_329' title='bbox 3129 631 3403 700; x_wconf 85' lang='lat' dir='ltr'><strong><em>proprium</em></strong></span> <span class='ocrx_word' id='word_1_330' title='bbox 3424 647 3522 687; x_wconf 81' lang='lat' dir='ltr'><strong><em>ne-</em></strong></span> 
     </span>
    </p>
   </div>
   <div class='ocr_carea' id='block_1_49' title="bbox 1949 710 3525 790">
    <p class='ocr_par' dir='ltr' id='par_1_49' title="bbox 1949 710 3525 790">
     <span class='ocr_line' id='line_1_49' title="bbox 1949 710 3525 790; baseline 0.008 -27"><span class='ocrx_word' id='word_1_331' title='bbox 1949 710 2183 764; x_wconf 85' lang='lat' dir='ltr'><strong><em>scientes</em></strong></span> <span class='ocrx_word' id='word_1_332' title='bbox 2207 711 2426 767; x_wconf 87' lang='lat' dir='ltr'><strong><em>bonum.</em></strong></span> <span class='ocrx_word' id='word_1_333' title='bbox 2468 714 2671 781; x_wconf 81' lang='lat' dir='ltr'><strong><em>Quibus</em></strong></span> <span class='ocrx_word' id='word_1_334' title='bbox 2698 714 2876 775; x_wconf 83' lang='lat' dir='ltr'><strong><em>verbis</em></strong></span> <span class='ocrx_word' id='word_1_335' title='bbox 2900 720 3127 788; x_wconf 88' lang='lat' dir='ltr'><strong><em>primum</em></strong></span> <span class='ocrx_word' id='word_1_336' title='bbox 3150 730 3336 775; x_wconf 88' lang='lat' dir='ltr'><strong><em>contra</em></strong></span> <span class='ocrx_word' id='word_1_337' title='bbox 3367 734 3525 790; x_wconf 79' lang='lat' dir='ltr'><strong><em>regu-</em></strong></span> 
     </span>
    </p>
   </div>
   <div class='ocr_carea' id='block_1_50' title="bbox 1950 798 3524 877">
    <p class='ocr_par' dir='ltr' id='par_1_50' title="bbox 1950 798 3524 877">
     <span class='ocr_line' id='line_1_50' title="bbox 1950 798 3524 877; baseline 0.01 -25"><span class='ocrx_word' id='word_1_338' title='bbox 1950 798 2058 854; x_wconf 89' lang='lat' dir='ltr'><strong><em>lam</em></strong></span> <span class='ocrx_word' id='word_1_339' title='bbox 2087 799 2207 855; x_wconf 86' lang='lat' dir='ltr'><strong><em>tidei</em></strong></span> <span class='ocrx_word' id='word_1_340' title='bbox 2240 802 2379 858; x_wconf 90' lang='lat' dir='ltr'><strong><em>Deus</em></strong></span> <span class='ocrx_word' id='word_1_341' title='bbox 2404 806 2664 861; x_wconf 86' lang='lat' dir='ltr'><strong><em>asseritur</em></strong></span> <span class='ocrx_word' id='word_1_342' title='bbox 2700 815 2956 877; x_wconf 85' lang='lat' dir='ltr'><strong><em>tanquam</em></strong></span> <span class='ocrx_word' id='word_1_343' title='bbox 2986 811 3140 867; x_wconf 87' lang='lat' dir='ltr'><strong><em>nobis</em></strong></span> <span class='ocrx_word' id='word_1_344' title='bbox 3176 812 3309 867; x_wconf 90' lang='lat' dir='ltr'><strong><em>utile</em></strong></span> <span class='ocrx_word' id='word_1_345' title='bbox 3352 812 3524 867; x_wconf 90' lang='lat' dir='ltr'><strong><em>intro-</em></strong></span> 
     </span>
    </p>
   </div>
   <div class='ocr_carea' id='block_1_51' title="bbox 1952 888 3520 961">
    <p class='ocr_par' dir='ltr' id='par_1_51' title="bbox 1952 888 3520 961">
     <span class='ocr_line' id='line_1_51' title="bbox 1952 888 3520 961; baseline 0.011 -19"><span class='ocrx_word' id='word_1_346' title='bbox 1952 888 2172 945; x_wconf 82' lang='lat' dir='ltr'><strong><em>duxisse</em></strong></span> <span class='ocrx_word' id='word_1_347' title='bbox 2199 901 2500 961; x_wconf 88' lang='lat' dir='ltr'><strong><em>peccatum.</em></strong></span> <span class='ocrx_word' id='word_1_348' title='bbox 2546 895 2795 954; x_wconf 86' lang='lat' dir='ltr'><strong><em>Secundo</em></strong></span> <span class='ocrx_word' id='word_1_349' title='bbox 2823 915 2942 954; x_wconf 91' lang='lat' dir='ltr'><strong><em>cum</em></strong></span> <span class='ocrx_word' id='word_1_350' title='bbox 2973 903 3151 957; x_wconf 87' lang='lat' dir='ltr'><strong><em>omnia</em></strong></span> <span class='ocrx_word' id='word_1_351' title='bbox 3179 904 3520 960; x_wconf 88' lang='lat' dir='ltr'><strong><em>rationabilia</em></strong></span> 
     </span>
    </p>
   </div>
   <div class='ocr_carea' id='block_1_52' title="bbox 1951 980 3521 1058">
    <p class='ocr_par' dir='ltr' id='par_1_52' title="bbox 1951 980 3521 1058">
     <span class='ocr_line' id='line_1_52' title="bbox 1951 980 3521 1058; baseline 0.011 -27"><span class='ocrx_word' id='word_1_352' title='bbox 1951 980 2351 1049; x_wconf 86' lang='lat' dir='ltr'><strong><em>complectitur,</em></strong></span> <span class='ocrx_word' id='word_1_353' title='bbox 2399 983 2503 1039; x_wconf 90' lang='lat' dir='ltr'><strong><em>hoc</em></strong></span> <span class='ocrx_word' id='word_1_354' title='bbox 2548 987 2710 1040; x_wconf 87' lang='lat' dir='ltr'><strong><em>etiam</em></strong></span> <span class='ocrx_word' id='word_1_355' title='bbox 2749 989 2817 1042; x_wconf 90' lang='lat' dir='ltr'><strong><em>de</em></strong></span> <span class='ocrx_word' id='word_1_356' title='bbox 2846 992 3049 1058; x_wconf 82' lang='lat' dir='ltr'><strong><em>angelis</em></strong></span> <span class='ocrx_word' id='word_1_357' title='bbox 3078 999 3134 1046; x_wconf 88' lang='lat' dir='ltr'><strong><em>et</em></strong></span> <span class='ocrx_word' id='word_1_358' title='bbox 3174 992 3244 1049; x_wconf 89' lang='lat' dir='ltr'><strong><em>de</em></strong></span> <span class='ocrx_word' id='word_1_359' title='bbox 3271 994 3521 1051; x_wconf 82' lang='lat' dir='ltr'><strong><em>universa</em></strong></span> 
     </span>
    </p>
   </div>
   <div class='ocr_carea' id='block_1_53' title="bbox 1951 1061 3521 1147">
    <p class='ocr_par' dir='ltr' id='par_1_53' title="bbox 1951 1061 3521 1147">
     <span class='ocr_line' id='line_1_53' title="bbox 1951 1061 3521 1147; baseline 0.01 -26"><span class='ocrx_word' id='word_1_360' title='bbox 1951 1067 2154 1122; x_wconf 82' lang='lat' dir='ltr'><strong><em>caelesti</em></strong></span> <span class='ocrx_word' id='word_1_361' title='bbox 2193 1071 2398 1137; x_wconf 86' lang='lat' dir='ltr'><strong><em>militia,</em></strong></span> <span class='ocrx_word' id='word_1_362' title='bbox 2447 1061 2566 1142; x_wconf 68' lang='lat' dir='ltr'><strong><em>qua:</em></strong></span> <span class='ocrx_word' id='word_1_363' title='bbox 2593 1077 2800 1131; x_wconf 86' lang='lat' dir='ltr'><strong><em>ratione</em></strong></span> <span class='ocrx_word' id='word_1_364' title='bbox 2845 1086 2928 1131; x_wconf 89' lang='lat' dir='ltr'><strong><em>est</em></strong></span> <span class='ocrx_word' id='word_1_365' title='bbox 2974 1080 3215 1147; x_wconf 78' lang='lat' dir='ltr'><strong><em>praedita,</em></strong></span> <span class='ocrx_word' id='word_1_366' title='bbox 3266 1081 3391 1136; x_wconf 82' lang='lat' dir='ltr'><strong><em>iacit</em></strong></span> <span class='ocrx_word' id='word_1_367' title='bbox 3434 1082 3521 1136; x_wconf 81' lang='lat' dir='ltr'><strong><em>iu-</em></strong></span> 
     </span>
    </p>
   </div>
   <div class='ocr_carea' id='block_1_54' title="bbox 1952 1156 3518 1237">
    <p class='ocr_par' dir='ltr' id='par_1_54' title="bbox 1952 1156 3518 1237">
     <span class='ocr_line' id='line_1_54' title="bbox 1952 1156 3518 1237; baseline 0.011 -29"><span class='ocrx_word' id='word_1_368' title='bbox 1952 1156 2140 1224; x_wconf 81' lang='lat' dir='ltr'><strong><em>telligi.</em></strong></span> <span class='ocrx_word' id='word_1_369' title='bbox 2190 1158 2377 1214; x_wconf 90' lang='lat' dir='ltr'><strong><em>Tertio</em></strong></span> <span class='ocrx_word' id='word_1_370' title='bbox 2423 1163 2550 1230; x_wconf 87' lang='lat' dir='ltr'><strong><em>quia</em></strong></span> <span class='ocrx_word' id='word_1_371' title='bbox 2597 1164 2746 1228; x_wconf 89' lang='lat' dir='ltr'><strong><em>illud,</em></strong></span> <span class='ocrx_word' id='word_1_372' title='bbox 2801 1166 2943 1237; x_wconf 88' lang='lat' dir='ltr'><strong><em>quod</em></strong></span> <span class='ocrx_word' id='word_1_373' title='bbox 2982 1168 3224 1223; x_wconf 87' lang='lat' dir='ltr'><strong><em>diabolus</em></strong></span> <span class='ocrx_word' id='word_1_374' title='bbox 3272 1169 3339 1224; x_wconf 86' lang='lat' dir='ltr'><strong><em>ad</em></strong></span> <span class='ocrx_word' id='word_1_375' title='bbox 3366 1170 3518 1225; x_wconf 71' lang='lat' dir='ltr'><strong><em>deci-</em></strong></span> 
     </span>
    </p>
   </div>
   <div class='ocr_carea' id='block_1_55' title="bbox 1951 1245 3520 1328">
    <p class='ocr_par' dir='ltr' id='par_1_55' title="bbox 1951 1245 3520 1328">
     <span class='ocr_line' id='line_1_55' title="bbox 1951 1245 3520 1328; baseline 0.011 -31"><span class='ocrx_word' id='word_1_376' title='bbox 1951 1245 2204 1313; x_wconf 88' lang='lat' dir='ltr'><strong><em>piendum</em></strong></span> <span class='ocrx_word' id='word_1_377' title='bbox 2232 1250 2417 1317; x_wconf 89' lang='lat' dir='ltr'><strong><em>primis</em></strong></span> <span class='ocrx_word' id='word_1_378' title='bbox 2445 1251 2753 1308; x_wconf 86' lang='lat' dir='ltr'><strong><em>hominibus</em></strong></span> <span class='ocrx_word' id='word_1_379' title='bbox 2793 1257 3141 1323; x_wconf 85' lang='lat' dir='ltr'><strong><em>persuaserit,</em></strong></span> <span class='ocrx_word' id='word_1_380' title='bbox 3187 1259 3333 1328; x_wconf 84' lang='lat' dir='ltr'><strong><em>quia,</em></strong></span> <span class='ocrx_word' id='word_1_381' title='bbox 3378 1260 3424 1314; x_wconf 89' lang='lat' dir='ltr'><strong><em>si</em></strong></span> <span class='ocrx_word' id='word_1_382' title='bbox 3451 1259 3520 1315; x_wconf 87' lang='lat' dir='ltr'><strong><em>de</em></strong></span> 
     </span>
    </p>
   </div>
   <div class='ocr_carea' id='block_1_56' title="bbox 1953 1336 3521 1408">
    <p class='ocr_par' dir='ltr' id='par_1_56' title="bbox 1953 1336 3521 1408">
     <span class='ocr_line' id='line_1_56' title="bbox 1953 1336 3521 1408; baseline 0.01 -17"><span class='ocrx_word' id='word_1_383' title='bbox 1953 1336 2099 1406; x_wconf 78' lang='lat' dir='ltr'><strong><em>ligno</em></strong></span> <span class='ocrx_word' id='word_1_384' title='bbox 2126 1339 2400 1408; x_wconf 87' lang='lat' dir='ltr'><strong><em>prohibito</em></strong></span> <span class='ocrx_word' id='word_1_385' title='bbox 2425 1343 2811 1400; x_wconf 86' lang='lat' dir='ltr'><strong><em>manducarent</em></strong></span> <span class='ocrx_word' id='word_1_386' title='bbox 2838 1347 2975 1401; x_wconf 90' lang='lat' dir='ltr'><strong><em>sicut</em></strong></span> <span class='ocrx_word' id='word_1_387' title='bbox 3007 1347 3079 1401; x_wconf 88' lang='lat' dir='ltr'><strong><em>dii</em></strong></span> <span class='ocrx_word' id='word_1_388' title='bbox 3108 1356 3135 1385; x_wconf 68' lang='grc' dir='ltr'>ι</span> <span class='ocrx_word' id='word_1_389' title='bbox 3163 1349 3393 1404; x_wconf 84' lang='lat' dir='ltr'><strong><em>scientes</em></strong></span> <span class='ocrx_word' id='word_1_390' title='bbox 3420 1351 3521 1405; x_wconf 54' lang='lat' dir='ltr'><strong><em>bo.</em></strong></span> 
     </span>
    </p>
   </div>
   <div class='ocr_carea' id='block_1_57' title="bbox 1952 1428 3519 1509">
    <p class='ocr_par' dir='ltr' id='par_1_57' title="bbox 1952 1428 3519 1509">
     <span class='ocr_line' id='line_1_57' title="bbox 1952 1428 3519 1509; baseline 0.009 -27"><span class='ocrx_word' id='word_1_391' title='bbox 1952 1428 2078 1483; x_wconf 89' lang='lat' dir='ltr'><strong><em>num</em></strong></span> <span class='ocrx_word' id='word_1_392' title='bbox 2117 1438 2173 1484; x_wconf 91' lang='lat' dir='ltr'><strong><em>et</em></strong></span> <span class='ocrx_word' id='word_1_393' title='bbox 2211 1432 2432 1498; x_wconf 88' lang='lat' dir='ltr'><strong><em>malum,</em></strong></span> <span class='ocrx_word' id='word_1_394' title='bbox 2473 1433 2719 1490; x_wconf 83' lang='lat' dir='ltr'><strong><em>beneﬁcii</em></strong></span> <span class='ocrx_word' id='word_1_395' title='bbox 2767 1437 2886 1492; x_wconf 80' lang='lat' dir='ltr'><strong><em>loco</em></strong></span> <span class='ocrx_word' id='word_1_396' title='bbox 2933 1439 3190 1493; x_wconf 87' lang='lat' dir='ltr'><strong><em>asseritur</em></strong></span> <span class='ocrx_word' id='word_1_397' title='bbox 3232 1440 3519 1509; x_wconf 74' lang='lat' dir='ltr'><strong><em>profuisse.</em></strong></span> 
     </span>
    </p>
   </div>
   <div class='ocr_carea' id='block_1_58' title="bbox 1952 1520 3517 1600">
    <p class='ocr_par' dir='ltr' id='par_1_58' title="bbox 1952 1520 3517 1600">
     <span class='ocr_line' id='line_1_58' title="bbox 1952 1520 3517 1600; baseline 0.007 -25"><span class='ocrx_word' id='word_1_398' title='bbox 1952 1520 2082 1587; x_wconf 68' lang='lat' dir='ltr'><strong><em>Quae</em></strong></span> <span class='ocrx_word' id='word_1_399' title='bbox 2115 1524 2161 1576; x_wconf 88' lang='lat' dir='ltr'><strong><em>si</em></strong></span> <span class='ocrx_word' id='word_1_400' title='bbox 2190 1525 2312 1592; x_wconf 87' lang='lat' dir='ltr'><strong><em>quis</em></strong></span> <span class='ocrx_word' id='word_1_401' title='bbox 2342 1525 2414 1578; x_wconf 86' lang='lat' dir='ltr'><strong><em>ita</em></strong></span> <span class='ocrx_word' id='word_1_402' title='bbox 2443 1526 2611 1596; x_wconf 86' lang='lat' dir='ltr'><strong><em>sapit,</em></strong></span> <span class='ocrx_word' id='word_1_403' title='bbox 2652 1527 2843 1594; x_wconf 87' lang='lat' dir='ltr'><strong><em>docet,</em></strong></span> <span class='ocrx_word' id='word_1_404' title='bbox 2890 1529 3062 1584; x_wconf 87' lang='lat' dir='ltr'><strong><em>credit</em></strong></span> <span class='ocrx_word' id='word_1_405' title='bbox 3111 1537 3200 1584; x_wconf 89' lang='lat' dir='ltr'><strong><em>aut</em></strong></span> <span class='ocrx_word' id='word_1_406' title='bbox 3246 1530 3517 1600; x_wconf 78' lang='lat' dir='ltr'><strong><em>pnedicat,</em></strong></span> 
     </span>
    </p>
   </div>
   <div class='ocr_carea' id='block_1_59' title="bbox 1951 1611 2354 1668">
    <p class='ocr_par' dir='ltr' id='par_1_59' title="bbox 1951 1611 2354 1668">
     <span class='ocr_line' id='line_1_59' title="bbox 1951 1611 2354 1668; baseline 0.007 -4"><span class='ocrx_word' id='word_1_407' title='bbox 1951 1611 2235 1666; x_wconf 86' lang='lat' dir='ltr'><strong><em>anathema</em></strong></span> <span class='ocrx_word' id='word_1_408' title='bbox 2266 1613 2354 1668; x_wconf 89' lang='lat' dir='ltr'><strong><em>sit.</em></strong></span> 
     </span>
    </p>
   </div>
   <div class='ocr_carea' id='block_1_60' title="bbox 2364 1740 3105 1783">
    <p class='ocr_par' dir='ltr' id='par_1_60' title="bbox 2364 1740 3105 1783">
     <span class='ocr_line' id='line_1_60' title="bbox 2364 1740 3105 1783; baseline 0.005 -4"><span class='ocrx_word' id='word_1_409' title='bbox 2364 1740 2631 1781; x_wconf 76' lang='lat' dir='ltr'><strong><em>THEODORI</em></strong></span> <span class='ocrx_word' id='word_1_410' title='bbox 2664 1742 2964 1783; x_wconf 72' lang='lat' dir='ltr'><strong><em>CAPITULUI</em></strong></span> <span class='ocrx_word' id='word_1_411' title='bbox 2998 1744 3105 1783; x_wconf 77' lang='lat' dir='ltr'><strong><em>LIX.</em></strong></span> 
     </span>
    </p>
   </div>
   <div class='ocr_carea' id='block_1_61' title="bbox 1944 1820 3523 1907">
    <p class='ocr_par' dir='ltr' id='par_1_61' title="bbox 1944 1820 3523 1907">
     <span class='ocr_line' id='line_1_61' title="bbox 1944 1820 3523 1907; baseline 0.006 -21"><span class='ocrx_word' id='word_1_412' title='bbox 1944 1820 1947 1823; x_wconf 31' lang='grc'><strong>⁷</strong></span> <span class='ocrx_word' id='word_1_413' title='bbox 2024 1831 2250 1889; x_wconf 77' lang='lat' dir='ltr'><strong><em>Necesse</em></strong></span> <span class='ocrx_word' id='word_1_414' title='bbox 2281 1846 2357 1890; x_wconf 85' lang='lat' dir='ltr'><strong><em>est</em></strong></span> <span class='ocrx_word' id='word_1_415' title='bbox 2378 1848 2546 1891; x_wconf 85' lang='lat' dir='ltr'><strong><em>autem</em></strong></span> <span class='ocrx_word' id='word_1_416' title='bbox 2574 1840 2748 1893; x_wconf 81' lang='lat' dir='ltr'><strong><em>omnia</em></strong></span> <span class='ocrx_word' id='word_1_417' title='bbox 2771 1840 2924 1893; x_wconf 88' lang='lat' dir='ltr'><strong><em>simul</em></strong></span> <span class='ocrx_word' id='word_1_418' title='bbox 2955 1840 3307 1907; x_wconf 76' lang='lat' dir='ltr'><strong><em>rationabilis,</em></strong></span> <span class='ocrx_word' id='word_1_419' title='bbox 3342 1843 3523 1896; x_wconf 79' lang='lat' dir='ltr'><strong><em>invisi-</em></strong></span> 
     </span>
    </p>
   </div>
   <div class='ocr_carea' id='block_1_62' title="bbox 1954 1923 3526 2009">
    <p class='ocr_par' dir='ltr' id='par_1_62' title="bbox 1954 1923 3526 2009">
     <span class='ocr_line' id='line_1_62' title="bbox 1954 1923 3526 2009; baseline 0.008 -33"><span class='ocrx_word' id='word_1_420' title='bbox 1954 1923 2076 1978; x_wconf 88' lang='lat' dir='ltr'><strong><em>bilia</em></strong></span> <span class='ocrx_word' id='word_1_421' title='bbox 2106 1927 2242 1992; x_wconf 88' lang='lat' dir='ltr'><strong><em>dico,</em></strong></span> <span class='ocrx_word' id='word_1_422' title='bbox 2273 1936 2322 1981; x_wconf 87' lang='lat' dir='ltr'><strong><em>et</em></strong></span> <span class='ocrx_word' id='word_1_423' title='bbox 2348 1945 2441 1982; x_wconf 88' lang='lat' dir='ltr'><strong><em>nos</em></strong></span> <span class='ocrx_word' id='word_1_424' title='bbox 2462 1928 2623 1998; x_wconf 84' lang='lat' dir='ltr'><strong><em>ipsos,</em></strong></span> <span class='ocrx_word' id='word_1_425' title='bbox 2644 1928 2823 2009; x_wconf 73' lang='lat' dir='ltr'><strong><em>quibus</em></strong></span> <span class='ocrx_word' id='word_1_426' title='bbox 2843 1932 3059 1987; x_wconf 87' lang='lat' dir='ltr'><strong><em>mortale</em></strong></span> <span class='ocrx_word' id='word_1_427' title='bbox 3078 1933 3282 2004; x_wconf 86' lang='lat' dir='ltr'><strong><em>quidem</em></strong></span> <span class='ocrx_word' id='word_1_428' title='bbox 3309 1943 3385 1988; x_wconf 85' lang='lat' dir='ltr'><strong><em>est</em></strong></span> <span class='ocrx_word' id='word_1_429' title='bbox 3416 1951 3526 1989; x_wconf 87' lang='lat' dir='ltr'><strong><em>cor-</em></strong></span> 
     </span>
    </p>
   </div>
   <div class='ocr_carea' id='block_1_63' title="bbox 1951 2017 3523 2093">
    <p class='ocr_par' dir='ltr' id='par_1_63' title="bbox 1951 2017 3523 2093">
     <span class='ocr_line' id='line_1_63' title="bbox 1951 2017 3523 2093; baseline 0.006 -27"><span class='ocrx_word' id='word_1_430' title='bbox 1951 2031 2065 2085; x_wconf 86' lang='lat' dir='ltr'><strong><em>pus,</em></strong></span> <span class='ocrx_word' id='word_1_431' title='bbox 2097 2017 2273 2069; x_wconf 90' lang='lat' dir='ltr'><strong><em>anima</em></strong></span> <span class='ocrx_word' id='word_1_432' title='bbox 2296 2026 2468 2072; x_wconf 88' lang='lat' dir='ltr'><strong><em>autem</em></strong></span> <span class='ocrx_word' id='word_1_433' title='bbox 2493 2036 2584 2089; x_wconf 87' lang='lat' dir='ltr'><strong><em>per</em></strong></span> <span class='ocrx_word' id='word_1_434' title='bbox 2604 2021 2777 2085; x_wconf 77' lang='lat' dir='ltr'><strong><em>omnia</em></strong></span> <span class='ocrx_word' id='word_1_435' title='bbox 2799 2020 3028 2090; x_wconf 85' lang='lat' dir='ltr'><strong><em>ejusdem</em></strong></span> <span class='ocrx_word' id='word_1_436' title='bbox 3056 2023 3256 2093; x_wconf 86' lang='lat' dir='ltr'><strong><em>generis</em></strong></span> <span class='ocrx_word' id='word_1_437' title='bbox 3287 2022 3523 2077; x_wconf 84' lang='lat' dir='ltr'><strong><em>invisibi-</em></strong></span> 
     </span>
    </p>
   </div>
   <div class='ocr_carea' id='block_1_64' title="bbox 1953 2103 3525 2184">
    <p class='ocr_par' dir='ltr' id='par_1_64' title="bbox 1953 2103 3525 2184">
     <span class='ocr_line' id='line_1_64' title="bbox 1953 2103 3525 2184; baseline 0.006 -27"><span class='ocrx_word' id='word_1_438' title='bbox 1953 2103 2082 2158; x_wconf 85' lang='lat' dir='ltr'><strong><em>libus</em></strong></span> <span class='ocrx_word' id='word_1_439' title='bbox 2111 2104 2294 2177; x_wconf 76' lang='lat' dir='ltr'><strong><em>[Forte</em></strong></span> <span class='ocrx_word' id='word_1_440' title='bbox 2335 2107 2653 2163; x_wconf 88' lang='lat' dir='ltr'><strong><em>immortalis</em></strong></span> <span class='ocrx_word' id='word_1_441' title='bbox 2680 2125 2803 2165; x_wconf 91' lang='lat' dir='ltr'><strong><em>cum</em></strong></span> <span class='ocrx_word' id='word_1_442' title='bbox 2829 2110 3031 2166; x_wconf 88' lang='lat' dir='ltr'><strong><em>eisdem</em></strong></span> <span class='ocrx_word' id='word_1_443' title='bbox 3072 2111 3447 2184; x_wconf 57' lang='lat' dir='ltr'><strong><em>inuisibilibus]</em></strong></span> <span class='ocrx_word' id='word_1_444' title='bbox 3475 2120 3525 2166; x_wconf 88' lang='lat' dir='ltr'><strong><em>et</em></strong></span> 
     </span>
    </p>
   </div>
   <div class='ocr_carea' id='block_1_65' title="bbox 1952 2194 3522 2270">
    <p class='ocr_par' dir='ltr' id='par_1_65' title="bbox 1952 2194 3522 2270">
     <span class='ocr_line' id='line_1_65' title="bbox 1952 2194 3522 2270; baseline 0.008 -25"><span class='ocrx_word' id='word_1_445' title='bbox 1952 2194 2344 2270; x_wconf 87' lang='lat' dir='ltr'><strong><em>rationabilibus</em></strong></span> <span class='ocrx_word' id='word_1_446' title='bbox 2371 2195 2691 2261; x_wconf 83' lang='lat' dir='ltr'><strong><em>substantiis,</em></strong></span> <span class='ocrx_word' id='word_1_447' title='bbox 2734 2199 2816 2252; x_wconf 81' lang='lat' dir='ltr'><strong><em>hic</em></strong></span> <span class='ocrx_word' id='word_1_448' title='bbox 2844 2200 3049 2267; x_wconf 82' lang='lat' dir='ltr'><strong><em>quidem</em></strong></span> <span class='ocrx_word' id='word_1_449' title='bbox 3077 2211 3380 2270; x_wconf 65' lang='lat' dir='ltr'><strong><em>praesentem</em></strong></span> <span class='ocrx_word' id='word_1_450' title='bbox 3407 2220 3522 2257; x_wconf 83' lang='lat' dir='ltr'><strong><em>mu-</em></strong></span> 
     </span>
    </p>
   </div>
   <div class='ocr_carea' id='block_1_66' title="bbox 1953 2269 3523 2367">
    <p class='ocr_par' dir='ltr' id='par_1_66' title="bbox 1953 2269 3523 2367">
     <span class='ocr_line' id='line_1_66' title="bbox 1953 2269 3523 2367; baseline 0.008 -32"><span class='ocrx_word' id='word_1_451' title='bbox 1953 2269 2254 2339; x_wconf 72' lang='lat' dir='ltr'><strong><em>tabilitatem</em></strong></span> <span class='ocrx_word' id='word_1_452' title='bbox 2283 2287 2412 2357; x_wconf 87' lang='lat' dir='ltr'><strong><em>pati,</em></strong></span> <span class='ocrx_word' id='word_1_453' title='bbox 2441 2296 2496 2341; x_wconf 87' lang='lat' dir='ltr'><strong><em>ut</em></strong></span> <span class='ocrx_word' id='word_1_454' title='bbox 2518 2290 2711 2357; x_wconf 87' lang='lat' dir='ltr'><strong><em>optima</em></strong></span> <span class='ocrx_word' id='word_1_455' title='bbox 2733 2292 3028 2344; x_wconf 81' lang='lat' dir='ltr'><strong><em>erudiamur</em></strong></span> <span class='ocrx_word' id='word_1_456' title='bbox 3055 2269 3289 2348; x_wconf 86' lang='lat' dir='ltr'><strong><em>doctrina</em></strong></span> <span class='ocrx_word' id='word_1_457' title='bbox 3312 2294 3523 2367; x_wconf 78' lang='lat' dir='ltr'><strong><em>religio—</em></strong></span> 
     </span>
    </p>
   </div>
   <div class='ocr_carea' id='block_1_67' title="bbox 1951 2373 3161 2437">
    <p class='ocr_par' dir='ltr' id='par_1_67' title="bbox 1951 2373 3161 2437">
     <span class='ocr_line' id='line_1_67' title="bbox 1951 2373 3161 2437; baseline 0.008 -12"><span class='ocrx_word' id='word_1_458' title='bbox 1951 2373 2138 2437; x_wconf 85' lang='lat' dir='ltr'><strong><em>sitatis,</em></strong></span> <span class='ocrx_word' id='word_1_459' title='bbox 2165 2383 2215 2428; x_wconf 88' lang='lat' dir='ltr'><strong><em>et</em></strong></span> <span class='ocrx_word' id='word_1_460' title='bbox 2242 2374 2312 2427; x_wconf 91' lang='lat' dir='ltr'><strong><em>ad</em></strong></span> <span class='ocrx_word' id='word_1_461' title='bbox 2341 2375 2738 2431; x_wconf 85' lang='lat' dir='ltr'><strong><em>benevolentiam</em></strong></span> <span class='ocrx_word' id='word_1_462' title='bbox 2768 2381 3161 2435; x_wconf 86' lang='lat' dir='ltr'><strong><em>constituamur.</em></strong></span> 
     </span>
    </p>
   </div>
   <div class='ocr_carea' id='block_1_68' title="bbox 2497 2486 2993 2558">
    <p class='ocr_par' dir='ltr' id='par_1_68' title="bbox 2497 2486 2993 2558">
     <span class='ocr_line' id='line_1_68' title="bbox 2497 2486 2993 2558; baseline 0.008 -18"><span class='ocrx_word' id='word_1_463' title='bbox 2497 2486 2670 2558; x_wconf 85' lang='lat' dir='ltr'><strong><em>Vigilii</em></strong></span> <span class='ocrx_word' id='word_1_464' title='bbox 2706 2492 2993 2558; x_wconf 77' lang='lat' dir='ltr'><strong><em>responsio.</em></strong></span> 
     </span>
    </p>
   </div>
   <div class='ocr_carea' id='block_1_69' title="bbox 2022 2572 3520 2659">
    <p class='ocr_par' dir='ltr' id='par_1_69' title="bbox 2022 2572 3520 2659">
     <span class='ocr_line' id='line_1_69' title="bbox 2022 2572 3520 2659; baseline 0.009 -33"><span class='ocrx_word' id='word_1_465' title='bbox 2022 2572 2083 2627; x_wconf 86' lang='lat' dir='ltr'><strong><em>In</em></strong></span> <span class='ocrx_word' id='word_1_466' title='bbox 2110 2576 2476 2645; x_wconf 88' lang='lat' dir='ltr'><strong><em>suprascripto</em></strong></span> <span class='ocrx_word' id='word_1_467' title='bbox 2518 2579 2962 2659; x_wconf 77' lang='lat' dir='ltr'><strong><em>quinquagesimo</em></strong></span> <span class='ocrx_word' id='word_1_468' title='bbox 2989 2597 3135 2638; x_wconf 90' lang='lat' dir='ltr'><strong><em>nouo</em></strong></span> <span class='ocrx_word' id='word_1_469' title='bbox 3172 2584 3411 2654; x_wconf 86' lang='lat' dir='ltr'><strong><em>capitulo</em></strong></span> <span class='ocrx_word' id='word_1_470' title='bbox 3435 2584 3520 2639; x_wconf 84' lang='lat' dir='ltr'><strong><em>di-</em></strong></span> 
     </span>
    </p>
   </div>
   <div class='ocr_carea' id='block_1_70' title="bbox 1952 2661 3528 2739">
    <p class='ocr_par' dir='ltr' id='par_1_70' title="bbox 1952 2661 3528 2739">
     <span class='ocr_line' id='line_1_70' title="bbox 1952 2661 3528 2739; baseline 0.008 -23"><span class='ocrx_word' id='word_1_471' title='bbox 1952 2661 2091 2717; x_wconf 89' lang='lat' dir='ltr'><strong><em>citur</em></strong></span> <span class='ocrx_word' id='word_1_472' title='bbox 2123 2680 2137 2715; x_wconf 88' lang='lat'><strong>:</strong></span> <span class='ocrx_word' id='word_1_473' title='bbox 2170 2664 2401 2720; x_wconf 80' lang='lat' dir='ltr'><strong><em>Necesse</em></strong></span> <span class='ocrx_word' id='word_1_474' title='bbox 2430 2674 2514 2721; x_wconf 91' lang='lat' dir='ltr'><strong><em>est</em></strong></span> <span class='ocrx_word' id='word_1_475' title='bbox 2540 2670 2721 2723; x_wconf 86' lang='lat' dir='ltr'><strong><em>omnia</em></strong></span> <span class='ocrx_word' id='word_1_476' title='bbox 2750 2670 2907 2724; x_wconf 87' lang='lat' dir='ltr'><strong><em>simul</em></strong></span> <span class='ocrx_word' id='word_1_477' title='bbox 2944 2672 3304 2739; x_wconf 86' lang='lat' dir='ltr'><strong><em>rationabilia,</em></strong></span> <span class='ocrx_word' id='word_1_478' title='bbox 3342 2674 3528 2731; x_wconf 80' lang='lat' dir='ltr'><strong><em>invisi-</em></strong></span> 
     </span>
    </p>
   </div>
   <div class='ocr_carea' id='block_1_71' title="bbox 1955 2753 3523 2831">
    <p class='ocr_par' dir='ltr' id='par_1_71' title="bbox 1955 2753 3523 2831">
     <span class='ocr_line' id='line_1_71' title="bbox 1955 2753 3523 2831; baseline 0.009 -26"><span class='ocrx_word' id='word_1_479' title='bbox 1955 2753 2099 2818; x_wconf 89' lang='lat' dir='ltr'><strong><em>bilia,</em></strong></span> <span class='ocrx_word' id='word_1_480' title='bbox 2130 2761 2185 2808; x_wconf 89' lang='lat' dir='ltr'><strong><em>et</em></strong></span> <span class='ocrx_word' id='word_1_481' title='bbox 2214 2770 2313 2810; x_wconf 88' lang='lat' dir='ltr'><strong><em>nos</em></strong></span> <span class='ocrx_word' id='word_1_482' title='bbox 2339 2755 2507 2825; x_wconf 87' lang='lat' dir='ltr'><strong><em>ipsos,</em></strong></span> <span class='ocrx_word' id='word_1_483' title='bbox 2555 2758 2750 2827; x_wconf 86' lang='lat' dir='ltr'><strong><em>quibus</em></strong></span> <span class='ocrx_word' id='word_1_484' title='bbox 2776 2761 3007 2817; x_wconf 88' lang='lat' dir='ltr'><strong><em>mortale</em></strong></span> <span class='ocrx_word' id='word_1_485' title='bbox 3045 2764 3263 2831; x_wconf 81' lang='lat' dir='ltr'><strong><em>quidem</em></strong></span> <span class='ocrx_word' id='word_1_486' title='bbox 3291 2774 3380 2819; x_wconf 89' lang='lat' dir='ltr'><strong><em>est</em></strong></span> <span class='ocrx_word' id='word_1_487' title='bbox 3398 2779 3523 2821; x_wconf 80' lang='lat' dir='ltr'><strong><em>cor-</em></strong></span> 
     </span>
    </p>
   </div>
   <div class='ocr_carea' id='block_1_72' title="bbox 1954 2844 3523 2921">
    <p class='ocr_par' dir='ltr' id='par_1_72' title="bbox 1954 2844 3523 2921">
     <span class='ocr_line' id='line_1_72' title="bbox 1954 2844 3523 2921; baseline 0.008 -25"><span class='ocrx_word' id='word_1_488' title='bbox 1954 2859 2073 2913; x_wconf 89' lang='lat' dir='ltr'><strong><em>pus,</em></strong></span> <span class='ocrx_word' id='word_1_489' title='bbox 2126 2844 2303 2899; x_wconf 87' lang='lat' dir='ltr'><strong><em>anima</em></strong></span> <span class='ocrx_word' id='word_1_490' title='bbox 2342 2854 2521 2901; x_wconf 85' lang='lat' dir='ltr'><strong><em>autem</em></strong></span> <span class='ocrx_word' id='word_1_491' title='bbox 2551 2863 2647 2917; x_wconf 92' lang='lat' dir='ltr'><strong><em>per</em></strong></span> <span class='ocrx_word' id='word_1_492' title='bbox 2670 2850 2849 2904; x_wconf 89' lang='lat' dir='ltr'><strong><em>omnia</em></strong></span> <span class='ocrx_word' id='word_1_493' title='bbox 2878 2850 3119 2919; x_wconf 85' lang='lat' dir='ltr'><strong><em>ejusdem</em></strong></span> <span class='ocrx_word' id='word_1_494' title='bbox 3146 2854 3357 2921; x_wconf 78' lang='lat' dir='ltr'><strong><em>generis</em></strong></span> <span class='ocrx_word' id='word_1_495' title='bbox 3385 2854 3523 2909; x_wconf 85' lang='lat' dir='ltr'><strong><em>invi-</em></strong></span> 
     </span>
    </p>
   </div>
   <div class='ocr_carea' id='block_1_73' title="bbox 1953 2934 3525 3015">
    <p class='ocr_par' dir='ltr' id='par_1_73' title="bbox 1953 2934 3525 3015">
     <span class='ocr_line' id='line_1_73' title="bbox 1953 2934 3525 3015; baseline 0.008 -27"><span class='ocrx_word' id='word_1_496' title='bbox 1953 2934 2194 2989; x_wconf 87' lang='lat' dir='ltr'><strong><em>sibilihus</em></strong></span> <span class='ocrx_word' id='word_1_497' title='bbox 2232 2943 2289 2990; x_wconf 90' lang='lat' dir='ltr'><strong><em>et</em></strong></span> <span class='ocrx_word' id='word_1_498' title='bbox 2333 2938 2736 2995; x_wconf 84' lang='lat' dir='ltr'><strong><em>rationabilibus</em></strong></span> <span class='ocrx_word' id='word_1_499' title='bbox 2760 2941 3099 3008; x_wconf 81' lang='lat' dir='ltr'><strong><em>substantiis,</em></strong></span> <span class='ocrx_word' id='word_1_500' title='bbox 3166 2944 3256 2998; x_wconf 87' lang='lat' dir='ltr'><strong><em>hic</em></strong></span> <span class='ocrx_word' id='word_1_501' title='bbox 3307 2945 3525 3015; x_wconf 83' lang='lat' dir='ltr'><strong><em>quidem</em></strong></span> 
     </span>
    </p>
   </div>
   <div class='ocr_carea' id='block_1_74' title="bbox 1954 3028 3527 3102">
    <p class='ocr_par' dir='ltr' id='par_1_74' title="bbox 1954 3028 3527 3102">
     <span class='ocr_line' id='line_1_74' title="bbox 1954 3028 3527 3102; baseline 0.009 -25"><span class='ocrx_word' id='word_1_502' title='bbox 1954 3033 2274 3093; x_wconf 62' lang='lat' dir='ltr'><strong><em>praesentem</em></strong></span> <span class='ocrx_word' id='word_1_503' title='bbox 2302 3028 2656 3085; x_wconf 83' lang='lat' dir='ltr'><strong><em>mutationem</em></strong></span> <span class='ocrx_word' id='word_1_504' title='bbox 2686 3031 2828 3099; x_wconf 88' lang='lat' dir='ltr'><strong><em>pati,</em></strong></span> <span class='ocrx_word' id='word_1_505' title='bbox 2880 3043 2940 3086; x_wconf 92' lang='lat' dir='ltr'><strong><em>ut</em></strong></span> <span class='ocrx_word' id='word_1_506' title='bbox 2987 3034 3191 3102; x_wconf 85' lang='lat' dir='ltr'><strong><em>optima</em></strong></span> <span class='ocrx_word' id='word_1_507' title='bbox 3219 3036 3527 3091; x_wconf 79' lang='lat' dir='ltr'><strong><em>erudiamur</em></strong></span> 
     </span>
    </p>
   </div>
   <div class='ocr_carea' id='block_1_75' title="bbox 1953 3115 3525 3187">
    <p class='ocr_par' dir='ltr' id='par_1_75' title="bbox 1953 3115 3525 3187">
     <span class='ocr_line' id='line_1_75' title="bbox 1953 3115 3525 3187; baseline 0.008 -18"><span class='ocrx_word' id='word_1_508' title='bbox 1953 3115 2195 3171; x_wconf 86' lang='lat' dir='ltr'><strong><em>doctrina</em></strong></span> <span class='ocrx_word' id='word_1_509' title='bbox 2243 3118 2628 3187; x_wconf 83' lang='lat' dir='ltr'><strong><em>religiositatis,</em></strong></span> <span class='ocrx_word' id='word_1_510' title='bbox 2675 3129 2732 3176; x_wconf 92' lang='lat' dir='ltr'><strong><em>et</em></strong></span> <span class='ocrx_word' id='word_1_511' title='bbox 2769 3123 2836 3175; x_wconf 87' lang='lat' dir='ltr'><strong><em>ad</em></strong></span> <span class='ocrx_word' id='word_1_512' title='bbox 2864 3123 3295 3178; x_wconf 85' lang='lat' dir='ltr'><strong><em>benevolentiam</em></strong></span> <span class='ocrx_word' id='word_1_513' title='bbox 3325 3127 3525 3181; x_wconf 84' lang='lat' dir='ltr'><strong><em>consti-</em></strong></span> 
     </span>
    </p>
   </div>
   <div class='ocr_carea' id='block_1_76' title="bbox 1958 3205 3526 3279">
    <p class='ocr_par' dir='ltr' id='par_1_76' title="bbox 1958 3205 3526 3279">
     <span class='ocr_line' id='line_1_76' title="bbox 1958 3205 3526 3279; baseline 0.007 -21"><span class='ocrx_word' id='word_1_514' title='bbox 1958 3213 2190 3260; x_wconf 88' lang='lat' dir='ltr'><strong><em>tuamur.</em></strong></span> <span class='ocrx_word' id='word_1_515' title='bbox 2243 3205 2447 3273; x_wconf 84' lang='lat' dir='ltr'><strong><em>Quibus</em></strong></span> <span class='ocrx_word' id='word_1_516' title='bbox 2474 3207 2652 3264; x_wconf 81' lang='lat' dir='ltr'><strong><em>verbis</em></strong></span> <span class='ocrx_word' id='word_1_517' title='bbox 2678 3209 2723 3263; x_wconf 89' lang='lat' dir='ltr'><strong><em>si</em></strong></span> <span class='ocrx_word' id='word_1_518' title='bbox 2750 3211 2923 3279; x_wconf 81' lang='lat' dir='ltr'><strong><em>angeli</em></strong></span> <span class='ocrx_word' id='word_1_519' title='bbox 2967 3211 3119 3279; x_wconf 86' lang='lat' dir='ltr'><strong><em>lucis,</em></strong></span> <span class='ocrx_word' id='word_1_520' title='bbox 3169 3221 3227 3267; x_wconf 89' lang='lat' dir='ltr'><strong><em>et</em></strong></span> <span class='ocrx_word' id='word_1_521' title='bbox 3264 3216 3526 3269; x_wconf 74' lang='lat' dir='ltr'><strong><em>universa:</em></strong></span> 
     </span>
    </p>
   </div>
   <div class='ocr_carea' id='block_1_77' title="bbox 1957 3297 3527 3369">
    <p class='ocr_par' dir='ltr' id='par_1_77' title="bbox 1957 3297 3527 3369">
     <span class='ocr_line' id='line_1_77' title="bbox 1957 3297 3527 3369; baseline 0.008 -20"><span class='ocrx_word' id='word_1_522' title='bbox 1957 3297 2204 3352; x_wconf 80' lang='lat' dir='ltr'><strong><em>caelestes</em></strong></span> <span class='ocrx_word' id='word_1_523' title='bbox 2234 3298 2633 3369; x_wconf 80' lang='lat' dir='ltr'><strong><em>invisibilesque</em></strong></span> <span class='ocrx_word' id='word_1_524' title='bbox 2661 3302 2887 3357; x_wconf 73' lang='lat' dir='ltr'><strong><em>virtutes</em></strong></span> <span class='ocrx_word' id='word_1_525' title='bbox 2913 3303 2989 3358; x_wconf 87' lang='lat' dir='ltr'><strong><em>sic</em></strong></span> <span class='ocrx_word' id='word_1_526' title='bbox 3025 3304 3367 3359; x_wconf 84' lang='lat' dir='ltr'><strong><em>mutabilitati</em></strong></span> <span class='ocrx_word' id='word_1_527' title='bbox 3397 3305 3527 3362; x_wconf 81' lang='lat' dir='ltr'><strong><em>hac-</em></strong></span> 
     </span>
    </p>
   </div>
   <div class='ocr_carea' id='block_1_78' title="bbox 1958 3388 3523 3464">
    <p class='ocr_par' dir='ltr' id='par_1_78' title="bbox 1958 3388 3523 3464">
     <span class='ocr_line' id='line_1_78' title="bbox 1958 3388 3523 3464; baseline 0.009 -26"><span class='ocrx_word' id='word_1_528' title='bbox 1958 3393 2112 3440; x_wconf 88' lang='lat' dir='ltr'><strong><em>tenus</em></strong></span> <span class='ocrx_word' id='word_1_529' title='bbox 2160 3388 2460 3456; x_wconf 70' lang='lat' dir='ltr'><strong><em>subjatere,</em></strong></span> <span class='ocrx_word' id='word_1_530' title='bbox 2505 3391 2644 3445; x_wconf 87' lang='lat' dir='ltr'><strong><em>sicut</em></strong></span> <span class='ocrx_word' id='word_1_531' title='bbox 2683 3392 2932 3448; x_wconf 60' lang='lat' dir='ltr'><strong><em>humanae</em></strong></span> <span class='ocrx_word' id='word_1_532' title='bbox 2957 3394 3146 3450; x_wconf 65' lang='lat' dir='ltr'><strong><em>animus</em></strong></span> <span class='ocrx_word' id='word_1_533' title='bbox 3191 3404 3523 3464; x_wconf 83' lang='lat' dir='ltr'><strong><em>asseruntur,</em></strong></span> 
     </span>
    </p>
   </div>
   <div class='ocr_carea' id='block_1_79' title="bbox 1958 3478 2355 3533">
    <p class='ocr_par' dir='ltr' id='par_1_79' title="bbox 1958 3478 2355 3533">
     <span class='ocr_line' id='line_1_79' title="bbox 1958 3478 2355 3533; baseline 0.013 -5"><span class='ocrx_word' id='word_1_534' title='bbox 1958 3478 2244 3532; x_wconf 80' lang='lat' dir='ltr'><strong><em>anathema</em></strong></span> <span class='ocrx_word' id='word_1_535' title='bbox 2267 3480 2355 3533; x_wconf 88' lang='lat' dir='ltr'><strong><em>sit.</em></strong></span> 
     </span>
    </p>
   </div>
   <div class='ocr_carea' id='block_1_80' title="bbox 2390 3606 3094 3648">
    <p class='ocr_par' dir='ltr' id='par_1_80' title="bbox 2390 3606 3094 3648">
     <span class='ocr_line' id='line_1_80' title="bbox 2390 3606 3094 3648; baseline 0.007 -4"><span class='ocrx_word' id='word_1_536' title='bbox 2390 3606 2653 3646; x_wconf 73' lang='grc' dir='ltr'><strong><em>τιιΒοῡοιιι</em></strong></span> <span class='ocrx_word' id='word_1_537' title='bbox 2682 3607 2978 3648; x_wconf 70' lang='lat' dir='ltr'><strong><em>CAPITULUM</em></strong></span> <span class='ocrx_word' id='word_1_538' title='bbox 3006 3611 3094 3648; x_wconf 69' lang='lat' dir='ltr'><strong><em>LX.</em></strong></span> 
     </span>
    </p>
   </div>
   <div class='ocr_carea' id='block_1_81' title="bbox 2027 3681 3525 3758">
    <p class='ocr_par' dir='ltr' id='par_1_81' title="bbox 2027 3681 3525 3758">
     <span class='ocr_line' id='line_1_81' title="bbox 2027 3681 3525 3758; baseline 0.005 -22"><span class='ocrx_word' id='word_1_539' title='bbox 2027 3681 2170 3736; x_wconf 84' lang='lat' dir='ltr'><strong><em>Nam</em></strong></span> <span class='ocrx_word' id='word_1_540' title='bbox 2219 3682 2412 3737; x_wconf 87' lang='lat' dir='ltr'><strong><em>sciebat</em></strong></span> <span class='ocrx_word' id='word_1_541' title='bbox 2456 3685 2659 3755; x_wconf 76' lang='lat' dir='ltr'><strong><em>quidem</em></strong></span> <span class='ocrx_word' id='word_1_542' title='bbox 2705 3685 2840 3755; x_wconf 75' lang='lat' dir='ltr'><strong><em>quod</em></strong></span> <span class='ocrx_word' id='word_1_543' title='bbox 2886 3686 3168 3754; x_wconf 82' lang='lat' dir='ltr'><strong><em>peccabunt</em></strong></span> <span class='ocrx_word' id='word_1_544' title='bbox 3207 3690 3525 3758; x_wconf 83' lang='lat' dir='ltr'><strong><em>omnimodo,</em></strong></span> 
     </span>
    </p>
   </div>
   <div class='ocr_carea' id='block_1_82' title="bbox 1953 3772 3512 3847">
    <p class='ocr_par' dir='ltr' id='par_1_82' title="bbox 1953 3772 3512 3847">
     <span class='ocr_line' id='line_1_82' title="bbox 1953 3772 3512 3847; baseline 0.004 -22"><span class='ocrx_word' id='word_1_545' title='bbox 1953 3772 2261 3826; x_wconf 86' lang='lat' dir='ltr'><strong><em>concedebat</em></strong></span> <span class='ocrx_word' id='word_1_546' title='bbox 2300 3790 2418 3827; x_wconf 82' lang='lat' dir='ltr'><strong><em>vero</em></strong></span> <span class='ocrx_word' id='word_1_547' title='bbox 2460 3775 2555 3828; x_wconf 79' lang='lat' dir='ltr'><strong><em>hoc</em></strong></span> <span class='ocrx_word' id='word_1_548' title='bbox 2583 3775 2716 3843; x_wconf 80' lang='lat' dir='ltr'><strong><em>ﬁeri,</em></strong></span> <span class='ocrx_word' id='word_1_549' title='bbox 2765 3775 3007 3844; x_wconf 70' lang='lat' dir='ltr'><strong><em>expedire</em></strong></span> <span class='ocrx_word' id='word_1_550' title='bbox 3052 3778 3126 3829; x_wconf 90' lang='lat' dir='ltr'><strong><em>eis</em></strong></span> <span class='ocrx_word' id='word_1_551' title='bbox 3178 3792 3512 3847; x_wconf 82' lang='lat' dir='ltr'><strong><em>cognoscens,</em></strong></span> 
     </span>
    </p>
   </div>
   <div class='ocr_carea' id='block_1_83' title="bbox 1954 3863 3514 3935">
    <p class='ocr_par' dir='ltr' id='par_1_83' title="bbox 1954 3863 3514 3935">
     <span class='ocr_line' id='line_1_83' title="bbox 1954 3863 3514 3935; baseline 0.006 -22"><span class='ocrx_word' id='word_1_552' title='bbox 1954 3865 2194 3934; x_wconf 78' lang='lat' dir='ltr'><strong><em>quoniam</em></strong></span> <span class='ocrx_word' id='word_1_553' title='bbox 2219 3873 2332 3917; x_wconf 86' lang='lat' dir='ltr'><strong><em>erat</em></strong></span> <span class='ocrx_word' id='word_1_554' title='bbox 2358 3863 2669 3933; x_wconf 82' lang='lat' dir='ltr'><strong><em>impossibile</em></strong></span> <span class='ocrx_word' id='word_1_555' title='bbox 2696 3881 2833 3933; x_wconf 84' lang='lat' dir='ltr'><strong><em>eum,</em></strong></span> <span class='ocrx_word' id='word_1_556' title='bbox 2862 3867 2946 3929; x_wconf 77' lang='lat' dir='ltr'><strong><em>qui</em></strong></span> <span class='ocrx_word' id='word_1_557' title='bbox 2969 3882 3083 3918; x_wconf 87' lang='lat' dir='ltr'><strong><em>cum</em></strong></span> <span class='ocrx_word' id='word_1_558' title='bbox 3108 3869 3285 3935; x_wconf 77' lang='lat' dir='ltr'><strong><em>fecerit</em></strong></span> <span class='ocrx_word' id='word_1_559' title='bbox 3308 3886 3409 3921; x_wconf 87' lang='lat' dir='ltr'><strong><em>non</em></strong></span> <span class='ocrx_word' id='word_1_560' title='bbox 3433 3886 3514 3922; x_wconf 71' lang='lat' dir='ltr'><strong><em>ex-</em></strong></span> 
     </span>
    </p>
   </div>
   <div class='ocr_carea' id='block_1_84' title="bbox 1964 3955 3525 4027">
    <p class='ocr_par' dir='ltr' id='par_1_84' title="bbox 1964 3955 3525 4027">
     <span class='ocr_line' id='line_1_84' title="bbox 1964 3955 3525 4027; baseline 0.005 -22"><span class='ocrx_word' id='word_1_561' title='bbox 1964 3964 2182 4015; x_wconf 78' lang='lat' dir='ltr'><strong><em>stantes,</em></strong></span> <span class='ocrx_word' id='word_1_562' title='bbox 2225 3965 2271 4006; x_wconf 83' lang='lat' dir='ltr'><strong><em>et</em></strong></span> <span class='ocrx_word' id='word_1_563' title='bbox 2301 3962 2556 4007; x_wconf 82' lang='lat' dir='ltr'><strong><em>tantorum</em></strong></span> <span class='ocrx_word' id='word_1_564' title='bbox 2582 3955 2783 4024; x_wconf 64' lang='lat' dir='ltr'><strong><em>(pridem</em></strong></span> <span class='ocrx_word' id='word_1_565' title='bbox 2807 3956 3230 4010; x_wconf 79' lang='lat' dir='ltr'><strong><em>demonstrat-crit</em></strong></span> <span class='ocrx_word' id='word_1_566' title='bbox 3268 3959 3525 4027; x_wconf 86' lang='lat' dir='ltr'><strong><em>dominos,</em></strong></span> 
     </span>
    </p>
   </div>
   <div class='ocr_carea' id='block_1_85' title="bbox 1957 4045 3523 4121">
    <p class='ocr_par' dir='ltr' id='par_1_85' title="bbox 1957 4045 3523 4121">
     <span class='ocr_line' id='line_1_85' title="bbox 1957 4045 3523 4121; baseline 0.007 -26"><span class='ocrx_word' id='word_1_567' title='bbox 1957 4052 2101 4096; x_wconf 67' lang='lat' dir='ltr'><strong><em>tanta</em></strong></span> <span class='ocrx_word' id='word_1_568' title='bbox 2130 4060 2242 4096; x_wconf 81' lang='lat' dir='ltr'><strong><em>rero</em></strong></span> <span class='ocrx_word' id='word_1_569' title='bbox 2280 4045 2412 4098; x_wconf 85' lang='lat' dir='ltr'><strong><em>bona</em></strong></span> <span class='ocrx_word' id='word_1_570' title='bbox 2438 4048 2778 4115; x_wconf 72' lang='lat' dir='ltr'><strong><em>proposuerit,</em></strong></span> <span class='ocrx_word' id='word_1_571' title='bbox 2808 4055 2865 4100; x_wconf 84' lang='lat' dir='ltr'><strong><em>ut</em></strong></span> <span class='ocrx_word' id='word_1_572' title='bbox 2892 4049 2967 4101; x_wconf 85' lang='lat' dir='ltr'><strong><em>eis</em></strong></span> <span class='ocrx_word' id='word_1_573' title='bbox 2992 4050 3247 4119; x_wconf 83' lang='lat' dir='ltr'><strong><em>fruantur,</em></strong></span> <span class='ocrx_word' id='word_1_574' title='bbox 3278 4066 3372 4104; x_wconf 86' lang='lat' dir='ltr'><strong><em>nec</em></strong></span> <span class='ocrx_word' id='word_1_575' title='bbox 3398 4069 3523 4121; x_wconf 85' lang='lat' dir='ltr'><strong><em>pro-</em></strong></span> 
     </span>
    </p>
   </div>
   <div class='ocr_carea' id='block_1_86' title="bbox 1954 4135 3524 4211">
    <p class='ocr_par' dir='ltr' id='par_1_86' title="bbox 1954 4135 3524 4211">
     <span class='ocr_line' id='line_1_86' title="bbox 1954 4135 3524 4211; baseline 0.007 -26"><span class='ocrx_word' id='word_1_576' title='bbox 1954 4135 2127 4187; x_wconf 70' lang='lat' dir='ltr'><strong><em>hibere</em></strong></span> <span class='ocrx_word' id='word_1_577' title='bbox 2154 4135 2350 4204; x_wconf 83' lang='lat' dir='ltr'><strong><em>peccati</em></strong></span> <span class='ocrx_word' id='word_1_578' title='bbox 2371 4137 2590 4203; x_wconf 85' lang='lat' dir='ltr'><strong><em>aditum,</em></strong></span> <span class='ocrx_word' id='word_1_579' title='bbox 2618 4139 2662 4190; x_wconf 89' lang='lat' dir='ltr'><strong><em>si</em></strong></span> <span class='ocrx_word' id='word_1_580' title='bbox 2683 4139 2923 4207; x_wconf 72' lang='lat' dir='ltr'><strong><em>expedire</em></strong></span> <span class='ocrx_word' id='word_1_581' title='bbox 2945 4140 3017 4192; x_wconf 88' lang='lat' dir='ltr'><strong><em>eis</em></strong></span> <span class='ocrx_word' id='word_1_582' title='bbox 3048 4140 3146 4192; x_wconf 80' lang='lat' dir='ltr'><strong><em>hoc</em></strong></span> <span class='ocrx_word' id='word_1_583' title='bbox 3176 4153 3524 4211; x_wconf 83' lang='lat' dir='ltr'><strong><em>cognosceret.</em></strong></span> 
     </span>
    </p>
   </div>
   <div class='ocr_carea' id='block_1_87' title="bbox 1956 4224 3529 4303">
    <p class='ocr_par' dir='ltr' id='par_1_87' title="bbox 1956 4224 3529 4303">
     <span class='ocr_line' id='line_1_87' title="bbox 1956 4224 3529 4303; baseline 0.005 -24"><span class='ocrx_word' id='word_1_584' title='bbox 1956 4224 2063 4279; x_wconf 85' lang='lat' dir='ltr'><strong><em>Sed</em></strong></span> <span class='ocrx_word' id='word_1_585' title='bbox 2103 4226 2239 4277; x_wconf 83' lang='lat' dir='ltr'><strong><em>enim</em></strong></span> <span class='ocrx_word' id='word_1_586' title='bbox 2277 4241 2379 4279; x_wconf 84' lang='lat' dir='ltr'><strong><em>non</em></strong></span> <span class='ocrx_word' id='word_1_587' title='bbox 2409 4237 2519 4279; x_wconf 77' lang='lat' dir='ltr'><strong><em>erat</em></strong></span> <span class='ocrx_word' id='word_1_588' title='bbox 2546 4227 2786 4295; x_wconf 84' lang='lat' dir='ltr'><strong><em>possibile</em></strong></span> <span class='ocrx_word' id='word_1_589' title='bbox 2815 4245 2908 4283; x_wconf 87' lang='lat' dir='ltr'><strong><em>nos</em></strong></span> <span class='ocrx_word' id='word_1_590' title='bbox 2938 4230 3088 4283; x_wconf 87' lang='lat' dir='ltr'><strong><em>aliter</em></strong></span> <span class='ocrx_word' id='word_1_591' title='bbox 3124 4231 3321 4284; x_wconf 78' lang='lat' dir='ltr'><strong><em>discere</em></strong></span> <span class='ocrx_word' id='word_1_592' title='bbox 3352 4251 3529 4303; x_wconf 83' lang='lat' dir='ltr'><strong><em>pecca-</em></strong></span> 
     </span>
    </p>
   </div>
   <div class='ocr_carea' id='block_1_88' title="bbox 1957 4315 3524 4383">
    <p class='ocr_par' dir='ltr' id='par_1_88' title="bbox 1957 4315 3524 4383">
     <span class='ocr_line' id='line_1_88' title="bbox 1957 4315 3524 4383; baseline 0.008 -19"><span class='ocrx_word' id='word_1_593' title='bbox 1957 4324 2079 4378; x_wconf 81' lang='lat' dir='ltr'><strong><em>tum,</em></strong></span> <span class='ocrx_word' id='word_1_594' title='bbox 2120 4325 2168 4365; x_wconf 88' lang='lat' dir='ltr'><strong><em>et</em></strong></span> <span class='ocrx_word' id='word_1_595' title='bbox 2191 4315 2488 4383; x_wconf 85' lang='lat' dir='ltr'><strong><em>passionum</em></strong></span> <span class='ocrx_word' id='word_1_596' title='bbox 2517 4316 2799 4378; x_wconf 88' lang='lat' dir='ltr'><strong><em>molestias,</em></strong></span> <span class='ocrx_word' id='word_1_597' title='bbox 2836 4326 2883 4370; x_wconf 89' lang='lat' dir='ltr'><strong><em>et</em></strong></span> <span class='ocrx_word' id='word_1_598' title='bbox 2915 4319 3189 4383; x_wconf 86' lang='lat' dir='ltr'><strong><em>deteriora,</em></strong></span> <span class='ocrx_word' id='word_1_599' title='bbox 3222 4332 3270 4373; x_wconf 89' lang='lat' dir='ltr'><strong><em>et</em></strong></span> <span class='ocrx_word' id='word_1_600' title='bbox 3297 4334 3524 4376; x_wconf 76' lang='lat' dir='ltr'><strong><em>nostram</em></strong></span> 
     </span>
    </p>
   </div>
   <div class='ocr_carea' id='block_1_89' title="bbox 1955 4405 3525 4477">
    <p class='ocr_par' dir='ltr' id='par_1_89' title="bbox 1955 4405 3525 4477">
     <span class='ocr_line' id='line_1_89' title="bbox 1955 4405 3525 4477; baseline 0.009 -22"><span class='ocrx_word' id='word_1_601' title='bbox 1955 4405 2310 4473; x_wconf 81' lang='lat' dir='ltr'><strong><em>inﬁrmitatem</em></strong></span> <span class='ocrx_word' id='word_1_602' title='bbox 2349 4407 2406 4459; x_wconf 89' lang='lat' dir='ltr'><strong><em>in</em></strong></span> <span class='ocrx_word' id='word_1_603' title='bbox 2450 4408 2529 4460; x_wconf 80' lang='lat' dir='ltr'><strong><em>liis</em></strong></span> <span class='ocrx_word' id='word_1_604' title='bbox 2552 4409 3027 4477; x_wconf 83' lang='lat' dir='ltr'><strong><em>demonstrandam,</em></strong></span> <span class='ocrx_word' id='word_1_605' title='bbox 3059 4413 3129 4464; x_wconf 92' lang='lat' dir='ltr'><strong><em>ad</em></strong></span> <span class='ocrx_word' id='word_1_606' title='bbox 3156 4415 3525 4469; x_wconf 75' lang='lat' dir='ltr'><strong><em>ostendendam</em></strong></span> 
     </span>
    </p>
   </div>
   <div class='ocr_carea' id='block_1_90' title="bbox 284 4483 3521 4581">
    <p class='ocr_par' dir='ltr' id='par_1_90' title="bbox 284 4483 3521 4581">
     <span class='ocr_line' id='line_1_90' title="bbox 284 4483 3521 4581; baseline 0.008 -50"><span class='ocrx_word' id='word_1_607' title='bbox 284 4483 567 4536; x_wconf 79' lang='lat' dir='ltr'><strong><em>nescientes</em></strong></span> <span class='ocrx_word' id='word_1_608' title='bbox 606 4492 844 4547; x_wconf 84' lang='lat' dir='ltr'><strong><em>mortem,</em></strong></span> <span class='ocrx_word' id='word_1_609' title='bbox 892 4484 1306 4539; x_wconf 84' lang='lat' dir='ltr'><strong><em>immortalitatis</em></strong></span> <span class='ocrx_word' id='word_1_610' title='bbox 1350 4487 1547 4540; x_wconf 86' lang='lat' dir='ltr'><strong><em>lucrum</em></strong></span> <span class='ocrx_word' id='word_1_611' title='bbox 1591 4488 1850 4542; x_wconf 85' lang='lat' dir='ltr'><strong><em>nescieba-</em></strong></span> <span class='ocrx_word' id='word_1_612' title='bbox 1886 4524 1929 4581; x_wconf 71' lang='grc' dir='ltr'>ο</span> <span class='ocrx_word' id='word_1_613' title='bbox 1957 4495 2364 4563; x_wconf 84' lang='lat' dir='ltr'><strong><em>magnitudinem</em></strong></span> <span class='ocrx_word' id='word_1_614' title='bbox 2386 4496 2842 4562; x_wconf 80' lang='lat' dir='ltr'><strong><em>intmutabilitatis,</em></strong></span> <span class='ocrx_word' id='word_1_615' title='bbox 2882 4515 3034 4568; x_wconf 86' lang='lat' dir='ltr'><strong><em>quam</em></strong></span> <span class='ocrx_word' id='word_1_616' title='bbox 3064 4512 3241 4568; x_wconf 79' lang='lat' dir='ltr'><strong><em>postea</em></strong></span> <span class='ocrx_word' id='word_1_617' title='bbox 3268 4502 3414 4555; x_wconf 85' lang='lat' dir='ltr'><strong><em>nobis</em></strong></span> <span class='ocrx_word' id='word_1_618' title='bbox 3440 4521 3521 4557; x_wconf 87' lang='lat' dir='ltr'><strong><em>cs-</em></strong></span> 
     </span>
    </p>
   </div>
   <div class='ocr_carea' id='block_1_91' title="bbox 282 4571 1849 4643">
    <p class='ocr_par' dir='ltr' id='par_1_91' title="bbox 282 4571 1849 4643">
     <span class='ocr_line' id='line_1_91' title="bbox 282 4571 1849 4643; baseline 0.006 -20"><span class='ocrx_word' id='word_1_619' title='bbox 282 4585 431 4633; x_wconf 79' lang='lat' dir='ltr'><strong><em>qus;</em></strong></span> <span class='ocrx_word' id='word_1_620' title='bbox 480 4571 780 4640; x_wconf 85' lang='lat' dir='ltr'><strong><em>ignorantes</em></strong></span> <span class='ocrx_word' id='word_1_621' title='bbox 817 4575 1216 4643; x_wconf 84' lang='lat' dir='ltr'><strong><em>corruptionem,</em></strong></span> <span class='ocrx_word' id='word_1_622' title='bbox 1265 4591 1369 4629; x_wconf 80' lang='lat' dir='ltr'><strong><em>non</em></strong></span> <span class='ocrx_word' id='word_1_623' title='bbox 1397 4576 1737 4631; x_wconf 85' lang='lat' dir='ltr'><strong><em>laudabamus</em></strong></span> <span class='ocrx_word' id='word_1_624' title='bbox 1766 4582 1849 4633; x_wconf 76' lang='lat' dir='ltr'><strong><em>in-</em></strong></span> 
     </span>
    </p>
   </div>
   <div class='ocr_carea' id='block_1_92' title="bbox 280 4659 1849 4734">
    <p class='ocr_par' dir='ltr' id='par_1_92' title="bbox 280 4659 1849 4734">
     <span class='ocr_line' id='line_1_92' title="bbox 280 4659 1849 4734; baseline 0.007 -23"><span class='ocrx_word' id='word_1_625' title='bbox 280 4659 694 4727; x_wconf 86' lang='lat' dir='ltr'><strong><em>corruptionem;</em></strong></span> <span class='ocrx_word' id='word_1_626' title='bbox 744 4663 1022 4715; x_wconf 82' lang='lat' dir='ltr'><strong><em>nescientes</em></strong></span> <span class='ocrx_word' id='word_1_627' title='bbox 1065 4666 1365 4732; x_wconf 79' lang='lat' dir='ltr'><strong><em>passionum</em></strong></span> <span class='ocrx_word' id='word_1_628' title='bbox 1417 4682 1709 4734; x_wconf 82' lang='lat' dir='ltr'><strong><em>gravamen,</em></strong></span> <span class='ocrx_word' id='word_1_629' title='bbox 1752 4670 1849 4722; x_wconf 83' lang='lat' dir='ltr'><strong><em>im-</em></strong></span> 
     </span>
    </p>
   </div>
   <div class='ocr_carea' id='block_1_93' title="bbox 280 4748 1850 4822">
    <p class='ocr_par' dir='ltr' id='par_1_93' title="bbox 280 4748 1850 4822">
     <span class='ocr_line' id='line_1_93' title="bbox 280 4748 1850 4822; baseline 0.008 -22"><span class='ocrx_word' id='word_1_630' title='bbox 280 4748 668 4816; x_wconf 79' lang='lat' dir='ltr'><strong><em>possibilitatem</em></strong></span> <span class='ocrx_word' id='word_1_631' title='bbox 692 4766 794 4803; x_wconf 86' lang='lat' dir='ltr'><strong><em>non</em></strong></span> <span class='ocrx_word' id='word_1_632' title='bbox 814 4751 1129 4805; x_wconf 83' lang='lat' dir='ltr'><strong><em>mirabamur</em></strong></span> <span class='ocrx_word' id='word_1_633' title='bbox 1158 4753 1536 4822; x_wconf 81' lang='lat' dir='ltr'><strong><em>(compendiose</em></strong></span> <span class='ocrx_word' id='word_1_634' title='bbox 1564 4756 1753 4820; x_wconf 84' lang='lat' dir='ltr'><strong><em>dicam,</em></strong></span> <span class='ocrx_word' id='word_1_635' title='bbox 1786 4774 1850 4812; x_wconf 87' lang='lat' dir='ltr'><strong><em>ne</em></strong></span> 
     </span>
    </p>
   </div>
   <div class='ocr_carea' id='block_1_94' title="bbox 281 4840 1849 4913">
    <p class='ocr_par' dir='ltr' id='par_1_94' title="bbox 281 4840 1849 4913">
     <span class='ocr_line' id='line_1_94' title="bbox 281 4840 1849 4913; baseline 0.009 -22"><span class='ocrx_word' id='word_1_636' title='bbox 281 4841 486 4910; x_wconf 81' lang='lat' dir='ltr'><strong><em>longum</em></strong></span> <span class='ocrx_word' id='word_1_637' title='bbox 512 4856 798 4894; x_wconf 85' lang='lat' dir='ltr'><strong><em>sermonem</em></strong></span> <span class='ocrx_word' id='word_1_638' title='bbox 838 4840 1096 4913; x_wconf 78' lang='lat' dir='ltr'><strong><em>faciam);</em></strong></span> <span class='ocrx_word' id='word_1_639' title='bbox 1143 4846 1423 4899; x_wconf 85' lang='lat' dir='ltr'><strong><em>nescientes</em></strong></span> <span class='ocrx_word' id='word_1_640' title='bbox 1470 4849 1724 4901; x_wconf 86' lang='lat' dir='ltr'><strong><em>malorum</em></strong></span> <span class='ocrx_word' id='word_1_641' title='bbox 1752 4865 1849 4904; x_wconf 75' lang='lat' dir='ltr'><strong><em>ex-</em></strong></span> 
     </span>
    </p>
   </div>
   <div class='ocr_carea' id='block_1_95' title="bbox 278 4927 1849 5005">
    <p class='ocr_par' dir='ltr' id='par_1_95' title="bbox 278 4927 1849 5005">
     <span class='ocr_line' id='line_1_95' title="bbox 278 4927 1849 5005; baseline 0.007 -23"><span class='ocrx_word' id='word_1_642' title='bbox 278 4930 630 4996; x_wconf 77' lang='lat' dir='ltr'><strong><em>perimentum,</em></strong></span> <span class='ocrx_word' id='word_1_643' title='bbox 678 4927 928 4986; x_wconf 81' lang='lat' dir='ltr'><strong><em>bonorum</em></strong></span> <span class='ocrx_word' id='word_1_644' title='bbox 973 4931 1182 4989; x_wconf 81' lang='lat' dir='ltr'><strong><em>illorum</em></strong></span> <span class='ocrx_word' id='word_1_645' title='bbox 1221 4950 1325 4989; x_wconf 86' lang='lat' dir='ltr'><strong><em>non</em></strong></span> <span class='ocrx_word' id='word_1_646' title='bbox 1362 4943 1657 5005; x_wconf 85' lang='lat' dir='ltr'><strong><em>poteramus</em></strong></span> <span class='ocrx_word' id='word_1_647' title='bbox 1680 4940 1849 4994; x_wconf 85' lang='lat' dir='ltr'><strong><em>scien-</em></strong></span> 
     </span>
    </p>
   </div>
   <div class='ocr_carea' id='block_1_96' title="bbox 280 5019 632 5074">
    <p class='ocr_par' dir='ltr' id='par_1_96' title="bbox 280 5019 632 5074">
     <span class='ocr_line' id='line_1_96' title="bbox 280 5019 632 5074; baseline 0.009 -3"><span class='ocrx_word' id='word_1_648' title='bbox 280 5019 405 5072; x_wconf 79' lang='lat' dir='ltr'><strong><em>tiam</em></strong></span> <span class='ocrx_word' id='word_1_649' title='bbox 427 5021 632 5074; x_wconf 84' lang='lat' dir='ltr'><strong><em>mereri.</em></strong></span> 
     </span>
    </p>
   </div>
   <div class='ocr_carea' id='block_1_97' title="bbox 830 5132 1314 5207">
    <p class='ocr_par' dir='ltr' id='par_1_97' title="bbox 830 5132 1314 5207">
     <span class='ocr_line' id='line_1_97' title="bbox 830 5132 1314 5207; baseline 0.017 -20"><span class='ocrx_word' id='word_1_650' title='bbox 830 5132 1001 5205; x_wconf 78' lang='lat' dir='ltr'><strong><em>Vigilii</em></strong></span> <span class='ocrx_word' id='word_1_651' title='bbox 1033 5140 1314 5207; x_wconf 84' lang='lat' dir='ltr'><strong><em>responsio.</em></strong></span> 
     </span>
    </p>
   </div>
   <div class='ocr_carea' id='block_1_98' title="bbox 346 5221 1847 5302">
    <p class='ocr_par' dir='ltr' id='par_1_98' title="bbox 346 5221 1847 5302">
     <span class='ocr_line' id='line_1_98' title="bbox 346 5221 1847 5302; baseline 0.008 -26"><span class='ocrx_word' id='word_1_652' title='bbox 346 5221 405 5276; x_wconf 78' lang='lat' dir='ltr'><strong><em>In</em></strong></span> <span class='ocrx_word' id='word_1_653' title='bbox 449 5223 814 5294; x_wconf 83' lang='lat' dir='ltr'><strong><em>suprascripto</em></strong></span> <span class='ocrx_word' id='word_1_654' title='bbox 860 5226 1308 5296; x_wconf 76' lang='lat' dir='ltr'><strong><em>quinquagesimo</em></strong></span> <span class='ocrx_word' id='word_1_655' title='bbox 1365 5240 1561 5287; x_wconf 79' lang='lat' dir='ltr'><strong><em>octavo</em></strong></span> <span class='ocrx_word' id='word_1_656' title='bbox 1607 5233 1847 5302; x_wconf 86' lang='lat' dir='ltr'><strong><em>capitulo</em></strong></span> 
     </span>
    </p>
   </div>
   <div class='ocr_carea' id='block_1_99' title="bbox 277 5312 1845 5393">
    <p class='ocr_par' dir='ltr' id='par_1_99' title="bbox 277 5312 1845 5393">
     <span class='ocr_line' id='line_1_99' title="bbox 277 5312 1845 5393; baseline 0.009 -28"><span class='ocrx_word' id='word_1_657' title='bbox 277 5312 491 5378; x_wconf 86' lang='lat' dir='ltr'><strong><em>dicitur,</em></strong></span> <span class='ocrx_word' id='word_1_658' title='bbox 541 5314 663 5369; x_wconf 88' lang='lat' dir='ltr'><strong><em>ideo</em></strong></span> <span class='ocrx_word' id='word_1_659' title='bbox 710 5313 879 5371; x_wconf 83' lang='lat' dir='ltr'><strong><em>Deum</em></strong></span> <span class='ocrx_word' id='word_1_660' title='bbox 921 5316 1134 5374; x_wconf 87' lang='lat' dir='ltr'><strong><em>dedisse</em></strong></span> <span class='ocrx_word' id='word_1_661' title='bbox 1178 5329 1404 5391; x_wconf 88' lang='lat' dir='ltr'><strong><em>peccato</em></strong></span> <span class='ocrx_word' id='word_1_662' title='bbox 1444 5322 1669 5391; x_wconf 88' lang='lat' dir='ltr'><strong><em>aditum,</em></strong></span> <span class='ocrx_word' id='word_1_663' title='bbox 1719 5325 1845 5393; x_wconf 87' lang='lat' dir='ltr'><strong><em>quia</em></strong></span> 
     </span>
    </p>
   </div>
   <div class='ocr_carea' id='block_1_100' title="bbox 280 5401 1845 5477">
    <p class='ocr_par' dir='ltr' id='par_1_100' title="bbox 280 5401 1845 5477">
     <span class='ocr_line' id='line_1_100' title="bbox 280 5401 1845 5477; baseline 0.01 -24"><span class='ocrx_word' id='word_1_664' title='bbox 280 5401 407 5456; x_wconf 83' lang='lat' dir='ltr'><strong><em>utile</em></strong></span> <span class='ocrx_word' id='word_1_665' title='bbox 432 5402 539 5456; x_wconf 89' lang='lat' dir='ltr'><strong><em>hoc</em></strong></span> <span class='ocrx_word' id='word_1_666' title='bbox 582 5402 787 5458; x_wconf 80' lang='lat' dir='ltr'><strong><em>sciebat</em></strong></span> <span class='ocrx_word' id='word_1_667' title='bbox 814 5419 935 5460; x_wconf 71' lang='lat' dir='ltr'><strong><em>esse</em></strong></span> <span class='ocrx_word' id='word_1_668' title='bbox 963 5405 1139 5474; x_wconf 87' lang='lat' dir='ltr'><strong><em>nobis,</em></strong></span> <span class='ocrx_word' id='word_1_669' title='bbox 1189 5409 1360 5477; x_wconf 79' lang='lat' dir='ltr'><strong><em>magis</em></strong></span> <span class='ocrx_word' id='word_1_670' title='bbox 1388 5420 1566 5465; x_wconf 86' lang='lat' dir='ltr'><strong><em>autem</em></strong></span> <span class='ocrx_word' id='word_1_671' title='bbox 1596 5414 1845 5468; x_wconf 86' lang='lat' dir='ltr'><strong><em>omnibus</em></strong></span> 
     </span>
    </p>
   </div>
   <div class='ocr_carea' id='block_1_101' title="bbox 280 5489 1847 5562">
    <p class='ocr_par' dir='ltr' id='par_1_101' title="bbox 280 5489 1847 5562">
     <span class='ocr_line' id='line_1_101' title="bbox 280 5489 1847 5562; baseline 0.012 -22"><span class='ocrx_word' id='word_1_672' title='bbox 280 5489 708 5556; x_wconf 81' lang='lat' dir='ltr'><strong><em>rationabilibus,</em></strong></span> <span class='ocrx_word' id='word_1_673' title='bbox 725 5502 783 5545; x_wconf 86' lang='lat' dir='ltr'><strong><em>ut</em></strong></span> <span class='ocrx_word' id='word_1_674' title='bbox 805 5493 951 5562; x_wconf 84' lang='lat' dir='ltr'><strong><em>prius</em></strong></span> <span class='ocrx_word' id='word_1_675' title='bbox 971 5493 1220 5551; x_wconf 79' lang='lat' dir='ltr'><strong><em>videlicet</em></strong></span> <span class='ocrx_word' id='word_1_676' title='bbox 1233 5498 1388 5553; x_wconf 86' lang='lat' dir='ltr'><strong><em>malis</em></strong></span> <span class='ocrx_word' id='word_1_677' title='bbox 1413 5507 1468 5554; x_wconf 90' lang='lat' dir='ltr'><strong><em>et</em></strong></span> <span class='ocrx_word' id='word_1_678' title='bbox 1493 5499 1847 5559; x_wconf 79' lang='lat' dir='ltr'><strong><em>deterioribus</em></strong></span> 
     </span>
    </p>
   </div>
   <div class='ocr_carea' id='block_1_102' title="bbox 278 5578 1848 5655">
    <p class='ocr_par' dir='ltr' id='par_1_102' title="bbox 278 5578 1848 5655">
     <span class='ocr_line' id='line_1_102' title="bbox 278 5578 1848 5655; baseline 0.01 -21"><span class='ocrx_word' id='word_1_679' title='bbox 278 5581 435 5635; x_wconf 83' lang='lat' dir='ltr'><strong><em>rebus</em></strong></span> <span class='ocrx_word' id='word_1_680' title='bbox 480 5578 634 5637; x_wconf 74' lang='lat' dir='ltr'><strong><em>ﬁeret</em></strong></span> <span class='ocrx_word' id='word_1_681' title='bbox 674 5583 868 5647; x_wconf 85' lang='lat' dir='ltr'><strong><em>aditus,</em></strong></span> <span class='ocrx_word' id='word_1_682' title='bbox 920 5594 1109 5655; x_wconf 88' lang='lat' dir='ltr'><strong><em>postea</em></strong></span> <span class='ocrx_word' id='word_1_683' title='bbox 1139 5597 1318 5644; x_wconf 85' lang='lat' dir='ltr'><strong><em>autem</em></strong></span> <span class='ocrx_word' id='word_1_684' title='bbox 1362 5591 1446 5646; x_wconf 84' lang='lat' dir='ltr'><strong><em>his</em></strong></span> <span class='ocrx_word' id='word_1_685' title='bbox 1473 5592 1660 5652; x_wconf 78' lang='lat' dir='ltr'><strong><em>deletis</em></strong></span> <span class='ocrx_word' id='word_1_686' title='bbox 1688 5595 1848 5650; x_wconf 83' lang='lat' dir='ltr'><strong><em>intro-</em></strong></span> 
     </span>
    </p>
   </div>
   <div class='ocr_carea' id='block_1_103' title="bbox 353 5730 1412 5804">
    <p class='ocr_par' dir='ltr' id='par_1_103' title="bbox 353 5730 1412 5804">
     <span class='ocr_line' id='line_1_103' title="bbox 353 5730 1412 5804; baseline 0.01 -14"><span class='ocrx_word' id='word_1_687' title='bbox 353 5745 373 5773; x_wconf 79' lang='grc' dir='ltr'>ι</span> <span class='ocrx_word' id='word_1_688' title='bbox 405 5736 584 5804; x_wconf 78' lang='lat' dir='ltr'><strong><em>Forte,</em></strong></span> <span class='ocrx_word' id='word_1_689' title='bbox 617 5749 783 5795; x_wconf 80' lang='lat' dir='ltr'><strong><em>essent</em></strong></span> <span class='ocrx_word' id='word_1_690' title='bbox 809 5730 942 5798; x_wconf 76' lang='lat' dir='ltr'><strong><em>sicut</em></strong></span> <span class='ocrx_word' id='word_1_691' title='bbox 965 5746 1058 5799; x_wconf 87' lang='lat' dir='ltr'><strong><em>dii.</em></strong></span> <span class='ocrx_word' id='word_1_692' title='bbox 1091 5743 1412 5803; x_wconf 64' lang='lat' dir='ltr'><strong><em>Hsaouxus.</em></strong></span> 
     </span>
    </p>
   </div>
   <div class='ocr_carea' id='block_1_104' title="bbox 1954 4583 3522 4659">
    <p class='ocr_par' dir='ltr' id='par_1_104' title="bbox 1954 4583 3522 4659">
     <span class='ocr_line' id='line_1_104' title="bbox 1954 4583 3522 4659; baseline 0.01 -25"><span class='ocrx_word' id='word_1_693' title='bbox 1954 4590 2029 4634; x_wconf 88' lang='lat' dir='ltr'><strong><em>set</em></strong></span> <span class='ocrx_word' id='word_1_694' title='bbox 2059 4583 2364 4650; x_wconf 87' lang='lat' dir='ltr'><strong><em>donaturus,</em></strong></span> <span class='ocrx_word' id='word_1_695' title='bbox 2405 4585 2504 4638; x_wconf 86' lang='lat' dir='ltr'><strong><em>nisi</em></strong></span> <span class='ocrx_word' id='word_1_696' title='bbox 2534 4586 2610 4638; x_wconf 88' lang='lat' dir='ltr'><strong><em>sic</em></strong></span> <span class='ocrx_word' id='word_1_697' title='bbox 2648 4587 2713 4639; x_wconf 84' lang='lat' dir='ltr'><strong><em>ab</em></strong></span> <span class='ocrx_word' id='word_1_698' title='bbox 2752 4588 2902 4641; x_wconf 85' lang='lat' dir='ltr'><strong><em>initio</em></strong></span> <span class='ocrx_word' id='word_1_699' title='bbox 2949 4589 3059 4641; x_wconf 74' lang='lat' dir='ltr'><strong><em>lure</em></strong></span> <span class='ocrx_word' id='word_1_700' title='bbox 3087 4592 3300 4659; x_wconf 76' lang='lat' dir='ltr'><strong><em>fuissent</em></strong></span> <span class='ocrx_word' id='word_1_701' title='bbox 3351 4612 3381 4646; x_wconf 90' lang='lat' dir='ltr'><strong><em>a</em></strong></span> <span class='ocrx_word' id='word_1_702' title='bbox 3417 4594 3522 4649; x_wconf 85' lang='lat' dir='ltr'><strong><em>Deo</em></strong></span> 
     </span>
    </p>
   </div>
   <div class='ocr_carea' id='block_1_105' title="bbox 1957 4672 3522 4753">
    <p class='ocr_par' dir='ltr' id='par_1_105' title="bbox 1957 4672 3522 4753">
     <span class='ocr_line' id='line_1_105' title="bbox 1957 4672 3522 4753; baseline 0.011 -29"><span class='ocrx_word' id='word_1_703' title='bbox 1957 4672 2274 4743; x_wconf 87' lang='lat' dir='ltr'><strong><em>dispensata,</em></strong></span> <span class='ocrx_word' id='word_1_704' title='bbox 2323 4684 2378 4728; x_wconf 79' lang='lat' dir='ltr'><strong><em>ut</em></strong></span> <span class='ocrx_word' id='word_1_705' title='bbox 2424 4677 2701 4730; x_wconf 87' lang='lat' dir='ltr'><strong><em>collatione</em></strong></span> <span class='ocrx_word' id='word_1_706' title='bbox 2743 4688 2793 4731; x_wconf 90' lang='lat' dir='ltr'><strong><em>et</em></strong></span> <span class='ocrx_word' id='word_1_707' title='bbox 2829 4681 3174 4749; x_wconf 76' lang='lat' dir='ltr'><strong><em>experimento</em></strong></span> <span class='ocrx_word' id='word_1_708' title='bbox 3203 4686 3522 4753; x_wconf 79' lang='lat' dir='ltr'><strong><em>inﬁnitarum</em></strong></span> 
     </span>
    </p>
   </div>
   <div class='ocr_carea' id='block_1_106' title="bbox 1958 4764 3519 4844">
    <p class='ocr_par' dir='ltr' id='par_1_106' title="bbox 1958 4764 3519 4844">
     <span class='ocr_line' id='line_1_106' title="bbox 1958 4764 3519 4844; baseline 0.009 -27"><span class='ocrx_word' id='word_1_709' title='bbox 1958 4764 2234 4830; x_wconf 86' lang='lat' dir='ltr'><strong><em>malorum,</em></strong></span> <span class='ocrx_word' id='word_1_710' title='bbox 2285 4765 2532 4821; x_wconf 85' lang='lat' dir='ltr'><strong><em>bonorum</em></strong></span> <span class='ocrx_word' id='word_1_711' title='bbox 2560 4786 2821 4839; x_wconf 73' lang='lat' dir='ltr'><strong><em>possemus</em></strong></span> <span class='ocrx_word' id='word_1_712' title='bbox 2848 4773 2978 4825; x_wconf 86' lang='lat' dir='ltr'><strong><em>scire</em></strong></span> <span class='ocrx_word' id='word_1_713' title='bbox 3002 4765 3424 4844; x_wconf 80' lang='lat' dir='ltr'><strong><em>magnitudinem,</em></strong></span> <span class='ocrx_word' id='word_1_714' title='bbox 3469 4787 3519 4831; x_wconf 84' lang='lat' dir='ltr'><strong><em>et</em></strong></span> 
     </span>
    </p>
   </div>
   <div class='ocr_carea' id='block_1_107' title="bbox 1956 4856 3521 4933">
    <p class='ocr_par' dir='ltr' id='par_1_107' title="bbox 1956 4856 3521 4933">
     <span class='ocr_line' id='line_1_107' title="bbox 1956 4856 3521 4933; baseline 0.006 -26"><span class='ocrx_word' id='word_1_715' title='bbox 1956 4856 2109 4926; x_wconf 81' lang='lat' dir='ltr'><strong><em>hujus</em></strong></span> <span class='ocrx_word' id='word_1_716' title='bbox 2132 4857 2323 4926; x_wconf 85' lang='lat' dir='ltr'><strong><em>gratia,</em></strong></span> <span class='ocrx_word' id='word_1_717' title='bbox 2363 4868 2420 4910; x_wconf 88' lang='lat' dir='ltr'><strong><em>ut</em></strong></span> <span class='ocrx_word' id='word_1_718' title='bbox 2459 4868 2577 4928; x_wconf 88' lang='lat' dir='ltr'><strong><em>pote</em></strong></span> <span class='ocrx_word' id='word_1_719' title='bbox 2602 4862 2925 4933; x_wconf 83' lang='lat' dir='ltr'><strong><em>profuturum</em></strong></span> <span class='ocrx_word' id='word_1_720' title='bbox 2956 4863 3125 4930; x_wconf 85' lang='lat' dir='ltr'><strong><em>nobis,</em></strong></span> <span class='ocrx_word' id='word_1_721' title='bbox 3158 4877 3414 4929; x_wconf 86' lang='lat' dir='ltr'><strong><em>peccatum</em></strong></span> <span class='ocrx_word' id='word_1_722' title='bbox 3438 4867 3521 4918; x_wconf 87' lang='lat' dir='ltr'><strong><em>in-</em></strong></span> 
     </span>
    </p>
   </div>
   <div class='ocr_carea' id='block_1_108' title="bbox 1957 4948 3521 5024">
    <p class='ocr_par' dir='ltr' id='par_1_108' title="bbox 1957 4948 3521 5024">
     <span class='ocr_line' id='line_1_108' title="bbox 1957 4948 3521 5024; baseline 0.008 -26"><span class='ocrx_word' id='word_1_723' title='bbox 1957 4954 2095 5000; x_wconf 88' lang='lat' dir='ltr'><strong><em>trare</em></strong></span> <span class='ocrx_word' id='word_1_724' title='bbox 2138 4948 2423 5015; x_wconf 77' lang='lat' dir='ltr'><strong><em>dimittens,</em></strong></span> <span class='ocrx_word' id='word_1_725' title='bbox 2466 4967 2711 5021; x_wconf 83' lang='lat' dir='ltr'><strong><em>magnum</em></strong></span> <span class='ocrx_word' id='word_1_726' title='bbox 2754 4954 2808 5006; x_wconf 87' lang='lat' dir='ltr'><strong><em>in</em></strong></span> <span class='ocrx_word' id='word_1_727' title='bbox 2848 4954 2958 5024; x_wconf 85' lang='lat' dir='ltr'><strong><em>ejus</em></strong></span> <span class='ocrx_word' id='word_1_728' title='bbox 2994 4954 3124 5010; x_wconf 86' lang='lat' dir='ltr'><strong><em>bello</em></strong></span> <span class='ocrx_word' id='word_1_729' title='bbox 3155 4957 3403 5010; x_wconf 66' lang='lat' dir='ltr'><strong><em>auxilium</em></strong></span> <span class='ocrx_word' id='word_1_730' title='bbox 3436 4957 3521 5010; x_wconf 87' lang='lat' dir='ltr'><strong><em>in-</em></strong></span> 
     </span>
    </p>
   </div>
   <div class='ocr_carea' id='block_1_109' title="bbox 1953 5038 2108 5093">
    <p class='ocr_par' dir='ltr' id='par_1_109' title="bbox 1953 5038 2108 5093">
     <span class='ocr_line' id='line_1_109' title="bbox 1953 5038 2108 5093; baseline 0.006 -1"><span class='ocrx_word' id='word_1_731' title='bbox 1953 5038 2108 5093; x_wconf 75' lang='lat' dir='ltr'><strong><em>venit.</em></strong></span> 
     </span>
    </p>
   </div>
   <div class='ocr_carea' id='block_1_110' title="bbox 2506 5150 2986 5225">
    <p class='ocr_par' dir='ltr' id='par_1_110' title="bbox 2506 5150 2986 5225">
     <span class='ocr_line' id='line_1_110' title="bbox 2506 5150 2986 5225; baseline 0.01 -21"><span class='ocrx_word' id='word_1_732' title='bbox 2506 5150 2680 5224; x_wconf 84' lang='lat' dir='ltr'><strong><em>Vigilii</em></strong></span> <span class='ocrx_word' id='word_1_733' title='bbox 2704 5156 2986 5225; x_wconf 79' lang='lat' dir='ltr'><strong><em>responsio.</em></strong></span> 
     </span>
    </p>
   </div>
   <div class='ocr_carea' id='block_1_111' title="bbox 2023 5237 3521 5318">
    <p class='ocr_par' dir='ltr' id='par_1_111' title="bbox 2023 5237 3521 5318">
     <span class='ocr_line' id='line_1_111' title="bbox 2023 5237 3521 5318; baseline 0.007 -26"><span class='ocrx_word' id='word_1_734' title='bbox 2023 5237 2080 5293; x_wconf 87' lang='lat' dir='ltr'><strong><em>In</em></strong></span> <span class='ocrx_word' id='word_1_735' title='bbox 2127 5240 2490 5311; x_wconf 85' lang='lat' dir='ltr'><strong><em>suprascripto</em></strong></span> <span class='ocrx_word' id='word_1_736' title='bbox 2536 5245 2869 5312; x_wconf 81' lang='lat' dir='ltr'><strong><em>sexagesimo</em></strong></span> <span class='ocrx_word' id='word_1_737' title='bbox 2902 5244 3135 5313; x_wconf 79' lang='lat' dir='ltr'><strong><em>capitulo</em></strong></span> <span class='ocrx_word' id='word_1_738' title='bbox 3182 5245 3372 5300; x_wconf 86' lang='lat' dir='ltr'><strong><em>dicitur</em></strong></span> <span class='ocrx_word' id='word_1_739' title='bbox 3398 5264 3521 5318; x_wconf 78' lang='lat' dir='ltr'><strong><em>quia</em></strong></span> 
     </span>
    </p>
   </div>
   <div class='ocr_carea' id='block_1_112' title="bbox 1954 5326 3526 5407">
    <p class='ocr_par' dir='ltr' id='par_1_112' title="bbox 1954 5326 3526 5407">
     <span class='ocr_line' id='line_1_112' title="bbox 1954 5326 3526 5407; baseline 0.006 -26"><span class='ocrx_word' id='word_1_740' title='bbox 1954 5326 2096 5383; x_wconf 91' lang='lat' dir='ltr'><strong><em>Deus</em></strong></span> <span class='ocrx_word' id='word_1_741' title='bbox 2119 5330 2293 5385; x_wconf 89' lang='lat' dir='ltr'><strong><em>sciens</em></strong></span> <span class='ocrx_word' id='word_1_742' title='bbox 2322 5331 2590 5385; x_wconf 84' lang='lat' dir='ltr'><strong><em>hominem</em></strong></span> <span class='ocrx_word' id='word_1_743' title='bbox 2613 5342 2976 5401; x_wconf 89' lang='lat' dir='ltr'><strong><em>peccaturum,</em></strong></span> <span class='ocrx_word' id='word_1_744' title='bbox 3003 5332 3127 5387; x_wconf 86' lang='lat' dir='ltr'><strong><em>ideo</em></strong></span> <span class='ocrx_word' id='word_1_745' title='bbox 3158 5349 3381 5403; x_wconf 86' lang='lat' dir='ltr'><strong><em>peccare</em></strong></span> <span class='ocrx_word' id='word_1_746' title='bbox 3403 5353 3526 5407; x_wconf 81' lang='lat' dir='ltr'><strong><em>per-</em></strong></span> 
     </span>
    </p>
   </div>
   <div class='ocr_carea' id='block_1_113' title="bbox 1951 5418 3523 5495">
    <p class='ocr_par' dir='ltr' id='par_1_113' title="bbox 1951 5418 3523 5495">
     <span class='ocr_line' id='line_1_113' title="bbox 1951 5418 3523 5495; baseline 0.006 -24"><span class='ocrx_word' id='word_1_747' title='bbox 1951 5418 2173 5485; x_wconf 87' lang='lat' dir='ltr'><strong><em>miserit,</em></strong></span> <span class='ocrx_word' id='word_1_748' title='bbox 2206 5421 2332 5487; x_wconf 88' lang='lat' dir='ltr'><strong><em>quia</em></strong></span> <span class='ocrx_word' id='word_1_749' title='bbox 2360 5421 2462 5475; x_wconf 82' lang='lat' dir='ltr'><strong><em>lioc</em></strong></span> <span class='ocrx_word' id='word_1_750' title='bbox 2492 5423 2541 5476; x_wconf 89' lang='lat' dir='ltr'><strong><em>ei</em></strong></span> <span class='ocrx_word' id='word_1_751' title='bbox 2569 5430 2794 5477; x_wconf 83' lang='lat' dir='ltr'><strong><em>noverat</em></strong></span> <span class='ocrx_word' id='word_1_752' title='bbox 2825 5421 3096 5490; x_wconf 78' lang='lat' dir='ltr'><strong><em>expedire,</em></strong></span> <span class='ocrx_word' id='word_1_753' title='bbox 3135 5432 3188 5477; x_wconf 87' lang='lat' dir='ltr'><strong><em>et</em></strong></span> <span class='ocrx_word' id='word_1_754' title='bbox 3238 5435 3523 5495; x_wconf 84' lang='lat' dir='ltr'><strong><em>propterea</em></strong></span> 
     </span>
    </p>
   </div>
   <div class='ocr_carea' id='block_1_114' title="bbox 1954 5511 3521 5580">
    <p class='ocr_par' dir='ltr' id='par_1_114' title="bbox 1954 5511 3521 5580">
     <span class='ocr_line' id='line_1_114' title="bbox 1954 5511 3521 5580; baseline 0.003 -17"><span class='ocrx_word' id='word_1_755' title='bbox 1954 5526 2059 5564; x_wconf 88' lang='lat' dir='ltr'><strong><em>non</em></strong></span> <span class='ocrx_word' id='word_1_756' title='bbox 2090 5511 2428 5580; x_wconf 89' lang='lat' dir='ltr'><strong><em>prohibuisse</em></strong></span> <span class='ocrx_word' id='word_1_757' title='bbox 2454 5515 2661 5580; x_wconf 89' lang='lat' dir='ltr'><strong><em>peccati</em></strong></span> <span class='ocrx_word' id='word_1_758' title='bbox 2690 5513 2913 5576; x_wconf 85' lang='lat' dir='ltr'><strong><em>aditum,</em></strong></span> <span class='ocrx_word' id='word_1_759' title='bbox 2943 5512 3066 5580; x_wconf 89' lang='lat' dir='ltr'><strong><em>quia</em></strong></span> <span class='ocrx_word' id='word_1_760' title='bbox 3091 5516 3168 5567; x_wconf 81' lang='lat' dir='ltr'><strong><em>sic</em></strong></span> <span class='ocrx_word' id='word_1_761' title='bbox 3199 5515 3264 5568; x_wconf 88' lang='lat' dir='ltr'><strong><em>ab</em></strong></span> <span class='ocrx_word' id='word_1_762' title='bbox 3315 5515 3464 5569; x_wconf 74' lang='lat' dir='ltr'><strong><em>initio</em></strong></span> <span class='ocrx_word' id='word_1_763' title='bbox 3491 5531 3521 5568; x_wconf 85' lang='lat' dir='ltr'><strong><em>a</em></strong></span> 
     </span>
    </p>
   </div>
   <div class='ocr_carea' id='block_1_115' title="bbox 1956 5598 3523 5677">
    <p class='ocr_par' dir='ltr' id='par_1_115' title="bbox 1956 5598 3523 5677">
     <span class='ocr_line' id='line_1_115' title="bbox 1956 5598 3523 5677; baseline 0.004 -26"><span class='ocrx_word' id='word_1_764' title='bbox 1956 5599 2064 5653; x_wconf 86' lang='lat' dir='ltr'><strong><em>Deo</em></strong></span> <span class='ocrx_word' id='word_1_765' title='bbox 2086 5598 2247 5655; x_wconf 78' lang='lat' dir='ltr'><strong><em>fuerit</em></strong></span> <span class='ocrx_word' id='word_1_766' title='bbox 2274 5599 2656 5670; x_wconf 84' lang='lat' dir='ltr'><strong><em>dispensatum,</em></strong></span> <span class='ocrx_word' id='word_1_767' title='bbox 2682 5612 2740 5655; x_wconf 90' lang='lat' dir='ltr'><strong><em>ut</em></strong></span> <span class='ocrx_word' id='word_1_768' title='bbox 2767 5600 3053 5659; x_wconf 88' lang='lat' dir='ltr'><strong><em>collatione</em></strong></span> <span class='ocrx_word' id='word_1_769' title='bbox 3075 5615 3129 5659; x_wconf 90' lang='lat' dir='ltr'><strong><em>et</em></strong></span> <span class='ocrx_word' id='word_1_770' title='bbox 3155 5605 3523 5677; x_wconf 75' lang='lat' dir='ltr'><strong><em>experimento</em></strong></span> 
     </span>
    </p>
   </div>
  </div>
