4006 6190
467 319 555 375 99-
1845 305 2059 363 VlGlLll

2162 303 2315 360 APE

3617 298 3716 354 100

466 437 794 496 inﬁnitarum
822 434 1110 499 malorum,
1152 431 1422 487 bonorum
1450 443 1729 501 possemus
1766 427 1905 487 seire
1933 441 2050 481 ma-
2075 432 2124 490 Α
2155 438 2357 481 nomen
2385 423 2547 478 fuisse
2574 422 2830 490 delatum,
2885 435 2980 476 sua
3030 419 3363 490 providentia
3393 420 3714 476 ecclesiasti-

465 524 816 597 gnitudinem,
851 530 907 578 et
933 520 1091 589 hujus
1114 518 1194 573 rei
1215 518 1413 586 gratia,
1465 525 1524 572 ut
1552 525 1680 588 pote
1707 513 2047 586 profuturum
2146 528 2266 568 cam
2295 511 2720 567 moderationem
2749 511 2892 566 circa
2919 518 3190 565 mortuum
3237 510 3500 580 sapientia
3542 524 3722 566 sacer-

470 615 642 680 nobis,
675 618 955 683 peceatum
987 610 1188 663 intrare
1215 607 1510 672 dimittens,
1543 620 1796 675 magnum
1846 604 1899 658 in
1931 602 2048 671 ejus

467 707 675 778 peccati
703 706 846 760 bello
873 703 1129 757 auxilium
1158 700 1424 754 invenerit
1470 699 1653 754 homo.
1705 697 1833 764 Qua:
1883 695 2048 750 verba

468 799 725 867 quoniam
765 796 938 849 aliena
971 800 1094 847 sunt
1123 807 1152 844 a
1197 805 1357 844 sensu
1403 789 1596 843 divinae
1643 787 1950 857 Scripturze,
1993 792 2052 838 ut

469 887 693 950 dicatur,
721 885 843 954 quia
876 890 1156 952 peccatum
1188 895 1217 931 a
1250 879 1362 932 Deo
1392 893 1490 948 pro
1519 878 1750 930 utilitate
1781 876 1936 930 nobis
1967 875 2050 928 in-

473 974 774 1030 troductum
824 973 910 1025 sit.
960 969 1014 1022 Si
1065 967 1185 1035 quis
1239 967 1313 1020 ita
1361 967 1516 1034 sapit,
1551 965 1732 1031 docet,
1763 963 1934 1018 credit
1960 971 2053 1016 aut

472 1065 744 1135 praedicat,
780 1062 1063 1116 anathema
1094 1060 1182 1112 sit.
1212 1057 1408 1112 Sancta
1443 1058 1585 1110 enim
1635 1056 1899 1110 catholica
1952 1054 2052 1108 Ec-

475 1158 637 1211 clesia
667 1156 769 1208 hoc
798 1160 1005 1208 certum
1033 1159 1181 1206 tenet
1202 1159 1255 1204 et
1284 1150 1475 1214 credit,
1525 1150 1648 1218 quia
1679 1149 1818 1203 Deus
1845 1157 1900 1202 et
1929 1164 2051 1217 pro-

474 1248 710 1303 hibuerit
734 1263 763 1301 a
791 1253 1016 1316 peccato
1047 1245 1280 1314 primum
1327 1243 1622 1307 hominem,
1654 1249 1710 1295 et
1739 1255 1834 1309 per
1864 1238 2050 1292 inobe-

475 1336 726 1390 dientiam
783 1346 1062 1405 peccatum
1127 1331 1366 1401 punierit
1413 1329 1559 1399 justo
1614 1329 1904 1399 supplicio;
1958 1326 2053 1382 sed

476 1425 614 1479 bene
643 1435 798 1479 utens
821 1424 984 1478 etiam
1025 1423 1178 1476 malis
1205 1421 1422 1483 nostris,
1455 1419 1710 1488 singulari
1758 1432 1857 1471 nos
1880 1429 2055 1470 reme-

475 1514 588 1582 dio,
618 1529 714 1585 per
741 1514 996 1582 unigeniti
1037 1512 1154 1566 Filii
1208 1512 1290 1567 sui
1336 1510 1786 1572 incarnationem,
1842 1506 2051 1574 passio-

409 1617 422 1625 ·
476 1619 622 1668 nem,
681 1611 925 1666 mortem,
973 1610 1029 1656 et
1071 1602 1538 1665 resurrectionem,
1569 1600 1673 1654 hoc
1719 1605 1803 1653 est
1844 1596 2053 1652 Domini

479 1692 648 1748 nostri
677 1690 804 1746 Jcsu
834 1691 1052 1757 Christi,
1083 1691 1148 1746 ab
1171 1691 1408 1746 omnium
1453 1697 1798 1761 peccatorum
1829 1687 2054 1742 nexibus

479 1781 747 1835 liberavit.
1633 1847 1641 1856 ι

551 1871 646 1926 His
671 1871 833 1938 igitur
861 1877 1232 1939 competenter
1259 1880 1312 1924 et
1338 1884 1436 1939 per
1481 1867 1797 1924 orthodoxae
1825 1865 1945 1920 fidei
1972 1882 2058 1922 re-

478 1961 793 2018 ctitudinem
834 1961 1145 2030 apostolica:
1174 1960 1458 2014 sententiae
1485 1958 1806 2012 auctoritate
1832 1956 2057 2010 damna-

478 2055 566 2117 tis.
595 2053 986 2118 constituimus,
1010 2059 1069 2105 ut
1095 2067 1162 2106 ex
1206 2050 1452 2106 omnibus
1482 2049 1615 2114 istis,
1646 2062 1765 2117 qua:
1807 2062 1906 2101 nos
1953 2044 2058 2098 Pa-

483 2149 624 2196 trum
653 2142 868 2196 statutis
889 2149 1049 2207 atque
1072 2139 1447 2193 traditionibus
1469 2138 1790 2191 inhaerentes
1834 2143 2057 2204 aposto-

481 2232 584 2287 lica
606 2233 926 2286 auctoritate
948 2229 1341 2295 damnavimus,
1371 2228 1512 2281 nulla
1548 2225 1832 2295 injuriandi
1861 2239 2061 2294 przece-

484 2321 674 2377 dentes
714 2319 902 2375 Patres
943 2320 1029 2374 vel
1081 2319 1332 2374 doctores
1381 2316 1633 2371 Ecclesia:
1683 2317 1831 2383 (qua:
1876 2311 2063 2382 procul

482 2414 644 2469 dubio
670 2412 921 2468 scandala
968 2417 1327 2483 sacrosancta;
1356 2407 1606 2463 Ecclesia:
1635 2405 1888 2471 suscitat)
1919 2415 2061 2470 pra-.-

479 2502 671 2559 beatur
691 2502 901 2557 occasio
929 2519 942 2553 :
970 2500 1489 2557 anathematizantes
1517 2511 1731 2551 omnem
1755 2495 1821 2550 ad
1844 2494 2062 2550 ordines

485 2592 884 2648 ecclesiasticos
913 2590 1295 2659 pertinentem,
1323 2587 1413 2655 qui
1439 2585 1683 2639 Patribus
1703 2592 1864 2653 atque
1882 2583 2065 2637 docto-

481 2683 633 2737 ribus
654 2679 904 2735 Ecclesia:
935 2677 1313 2732 contumeliam
1355 2691 1421 2730 ex
1462 2674 1839 2745 suprascriptis
1869 2673 2061 2744 impie-

485 2771 683 2824 tatibus
701 2767 1097 2838 quodammodo
1123 2767 1391 2821 ascribere
1419 2766 1502 2820 vel
1546 2767 1783 2833 irrogare
1810 2765 2060 2820 voluerit.

485 2859 552 2914 Et
579 2858 831 2928 quoniam
859 2857 1077 2926 prmlata
1122 2856 1394 2925 dogmata,
1424 2869 1543 2926 qua:
1585 2854 1876 2910 secundum
1908 2853 2066 2908 intel-

483 2949 679 3003 lectum
709 2947 775 3001 de
804 2948 885 3002 his
911 2947 1214 3016 expositum
1261 2945 1589 3000 anathemati
1637 2954 1800 3013 atque
1842 2943 2062 2998 damna-

486 3041 620 3095 tioni
648 3039 972 3108 subjecimus
1001 3038 1140 3092 ineo
1171 3036 1450 3092 volumine
1475 3036 1617 3106 quod
1644 3037 1800 3092 nobis
1829 3051 1925 3106 per
1955 3034 2062 3089 fra-

2149 603 2317 659 dotali
2359 611 2684 668 servantem,
2737 602 2974 657 noluisse
3022 617 3219 656 nomen
3269 600 3408 670 ejus,
3439 617 3506 656 ne
3534 617 3723 657 monu-

2147 695 2346 748 mentis
2372 692 2589 761 quidem
2610 691 2971 762 synodalibus,
3011 697 3234 760 propter
3252 691 3488 758 reguiam
3515 706 3633 762 quaa
3661 691 3726 744 de

2150 784 2376 837 mortuis
2404 783 2456 835 in
2485 781 2790 835 sacerdotio
2820 781 3078 834 servanda
3109 788 3212 844 est,
3245 780 3529 834 contineri.
3577 779 3725 846 Quo-

2154 870 2316 925 modo
2365 877 2544 924 auiem
2594 869 2699 924 hoc
2741 869 2885 938 quod
2935 885 3094 940 supra
3125 870 3260 924 dixit
3286 870 3475 924 beatus
3501 869 3729 940 Cyrillus

2151 961 2514 1030 dispensative
2563 961 2784 1026 factum,
2815 969 2873 1014 ut
2901 960 3118 1013 minime
3167 959 3493 1013 anathemati
3532 973 3726 1013 nomen

2151 1053 2251 1106 viri
2303 1051 2568 1119 subjicere
2622 1052 2878 1105 voluisset
2931 1050 3173 1120 intelligi,
3215 1050 3281 1104 ad
3309 1051 3728 1105 ecclesiasticam

2152 1145 2392 1212 regulam
2423 1143 2824 1214 porrigendum,
2858 1143 2908 1195 in
2932 1142 3118 1196 eadem
3149 1142 3372 1210 epistola
3403 1157 3497 1196 sua
3545 1141 3732 1196 subter

2152 1233 2366 1301 adjecit,
2420 1233 2603 1286 dicens
2634 1250 2647 1286 ε
2695 1231 2800 1286 Sed
2847 1231 2990 1300 juste
3015 1231 3252 1298 audient,
3281 1231 3494 1286 tametsi
3532 1232 3724 1298 nolint,

2152 1324 2245 1392 qui
2297 1322 2600 1391 hujusmodi
2646 1337 2835 1376 causas
2901 1321 3160 1389 pnrbent.
3207 1320 3589 1375 Obliviscimini
3636 1336 3732 1376 vos

2157 1415 2323 1484 ipsos,
2339 1413 2552 1481 quando
2581 1411 2836 1466 adversus
2859 1412 3066 1466 cineres
3088 1427 3246 1466 arcus
3272 1411 3558 1465 extenditis
3582 1427 3597 1464 :
3624 1427 3732 1466 non

2153 1507 2294 1558 enim
2322 1511 2564 1572 superest
2593 1503 2685 1572 qui
2731 1502 2870 1572 apud
2922 1517 3017 1556 eos
3066 1501 3354 1570 inscriptus
3395 1509 3476 1555 est
3502 1518 3514 1553 :
3545 1508 3600 1556 et
3647 1516 3733 1556 me

2154 1595 2329 1649 nullus
2353 1593 2532 1662 culpet
2562 1594 2616 1647 in
2647 1595 2759 1647 haec
2805 1593 2967 1646 verba
3014 1605 3377 1661 progressum,
3411 1591 3520 1646 sed
3543 1593 3736 1648 cedant

2153 1684 2326 1748 valde,
2361 1683 2609 1736 nimirum
2635 1682 3032 1752 praedecessori.

2053 1783 2128 1841 Β
2222 1772 2396 1827 Grave
2439 1780 2522 1826 est
2569 1773 2711 1826 enim
2760 1772 3016 1826 insultare
3063 1770 3350 1838 defunctis,
3404 1771 3490 1826 vel
3540 1771 3585 1826 si
3616 1771 3737 1828 laici

2161 1861 2378 1924 fuerint,
2434 1861 2632 1916 nedum
2681 1862 2786 1916 illis
2815 1862 2986 1930 quiin
3040 1862 3351 1931 episcopatu
3405 1861 3544 1917 hanc
3571 1863 3736 1916 vitam

2159 1954 2545 2023 deposuerunt.
2574 1951 2932 2007 Juslissimum
2963 1953 3106 2006 enim
3136 1960 3358 2021 apparet
3386 1952 3738 2022 prudentibus

2158 2044 2288 2100 viris
2315 2043 2507 2098 cedere
2556 2042 2877 2112 pmseienti,
2929 2042 3038 2096 Deo
3069 2043 3280 2106 scilicet,
3326 2043 3739 2110 uniuscujusque

2159 2134 2530 2200 voluntatem;
2585 2141 2640 2187 et
2687 2133 3033 2201 cognoscenti
3083 2132 3470 2201 qualiscunque
3515 2132 3739 2200 quisque

2161 2225 2366 2279 futurus
2413 2225 2502 2279 sit.
2535 2223 2759 2277 Beatutn
2789 2222 3085 2292 quinetiam
3114 2221 3366 2276 Proclum
3396 2221 3552 2290 hujus
3579 2221 3739 2288 regia:

2161 2316 2394 2372 civitatis
2415 2315 2709 2370 antistitem
2739 2315 2813 2368 ita
2841 2313 3121 2370 memorati
3151 2311 3371 2369 Joannis
3418 2311 3738 2367 Antiocheni

2161 2407 2398 2477 episcopi
2445 2405 2692 2461 similiter
2719 2413 2932 2460 constat
2959 2405 3303 2475 respondisse
3333 2404 3622 2472 rescriptis,
3653 2403 3738 2457 di-

2159 2507 2368 2552 centem
2391 2497 2531 2549 inter
2558 2495 2660 2548 alia
2687 2511 2700 2547 :
2731 2493 2956 2560 Quando
2980 2495 3123 2548 enim
3170 2493 3357 2563 scripsi
3390 2500 3495 2548 tua:
3541 2493 3741 2547 sancti-

2160 2589 2281 2655 tati,
2329 2594 2580 2656 oportere
2627 2593 2719 2638 aut
2767 2576 3128 2646 Theodorum,
3158 2590 3249 2636 aut
3279 2583 3412 2637 alios
3449 2581 3734 2650 quosdam,

2161 2679 2252 2748 qui
2279 2677 2482 2747 pridem
2509 2675 2742 2730 defuncti
2791 2681 2934 2738 sunt,
2961 2673 3287 2728 anathemati
3310 2671 3487 2737 subdi,
3519 2679 3612 2724 aut
3641 2687 3742 2725 no-

2160 2769 2400 2824 minatim
2428 2765 2652 2834 alicujus
2681 2764 2781 2819 feci
2803 2764 3166 2819 mentionem?
3193 2770 3248 2816 et
3275 2769 3397 2832 post
3423 2775 3615 2830 pauca.
3670 2757 3738 2813 Et

2162 2861 2251 2914 illa
2282 2859 2518 2928 capitula
2539 2872 2658 2926 quae
2683 2856 2926 2925 subjecta
2954 2865 3078 2910 sunt
3100 2855 3289 2924 repuli,
3323 2864 3380 2908 ut
3420 2862 3546 2924 pote
3572 2852 3741 2906 subti-

2160 2951 2364 3006 litatem
2397 2963 2505 3002 non
2535 2947 2784 3002 habentia
2809 2947 3024 3016 pietatis
3053 2964 3065 2998 :
3092 2960 3267 3015 neque
3288 2955 3464 2998 autem
3485 2943 3550 2996 de
3565 2941 3742 2996 Theo-

2161 3041 2316 3106 doro,
2349 3055 2523 3110 neque
2552 3039 2620 3093 de
2647 3038 2754 3092 alio
2783 3051 3054 3106 quoquam
3083 3037 3172 3105 qui
3196 3036 3306 3104 jam
3330 3033 3566 3089 defuncti
3614 3041 3738 3088 sunt

489 3137 628 3183 trem
657 3137 899 3182 nostrum
949 3127 1245 3196 Benignum
1274 3127 1583 3196 episcopum
1613 3119 1784 3196 nuper
1809 3141 1838 3179 a
1864 3125 2061 3194 pietate
2090 3141 2134 3202 ρ
2163 3131 2371 3201 scripsi,
2426 3129 2536 3184 Deo
2565 3127 2936 3191 amantissimi,
2967 3135 3061 3180 aut
3089 3133 3148 3180 ut
3177 3125 3738 3190 anathematizaretur,

487 3227 666 3273 vestra
696 3218 1064 3272 transmissum
1094 3217 1194 3270 sub
1242 3216 1508 3270 Theodori
1539 3216 1899 3284 Mopsuesteni
1947 3218 2063 3284 epi-

485 3311 633 3380 scopi
657 3311 1000 3379 perhibentur
1023 3310 1240 3363 nomine
1281 3317 1601 3378 pramotata;
1628 3307 1694 3361 ad
1719 3309 1820 3362 hoc
1848 3308 2053 3363 sollici-

487 3401 690 3454 tudinis
719 3408 914 3453 nostra:
961 3400 1196 3453 animum
1249 3408 1636 3467 consequenter
1675 3399 2062 3463 admonuimus,

489 3498 550 3544 ut
567 3491 611 3546 si
639 3491 764 3559 quid
792 3491 858 3544 de
880 3506 1106 3560 persona
1131 3491 1216 3545 vel
1247 3493 1463 3545 nomine
1495 3491 1775 3545 memorati
1798 3490 2065 3545 Theodori

489 3578 632 3649 apud
652 3577 836 3633 Patres
866 3581 1148 3648 quzesitum
1179 3581 1268 3646 sit,
1300 3580 1382 3635 vel
1407 3582 1451 3636 si
1473 3596 1576 3648 qua
1607 3595 1770 3650 super
1805 3579 1921 3648 ejus
1963 3596 2064 3634 no-

489 3672 634 3726 mine
655 3670 720 3724 ab
749 3671 830 3724 eis
858 3671 1178 3736 regulariter
1208 3671 1403 3724 fuerint
1429 3672 1719 3726 constituta
1748 3673 1861 3726 sive
1890 3672 2067 3739 dispo-

491 3763 614 3826 sita,
640 3761 1044 3828 diligentissima
1080 3759 1422 3826 indagatione
1450 3775 1690 3827 qumrere
1735 3766 2062 3815 curarentus.

494 3853 560 3906 Et
586 3855 699 3906 inec
721 3851 1103 3919 investigantes
1128 3851 1455 3905 advertimus
1485 3852 1654 3905 beata:
1681 3852 2066 3906 recordationis

493 3943 748 4012 Cyrillum
771 3940 1150 3996 Alexandrinae
1171 3943 1402 3998 civitatis
1429 3943 1722 3998 antistitem
1749 3943 1814 3996 de
1837 3958 2064 4012 persona

484 4032 596 4100 jam
624 4032 821 4085 mortui
848 4031 1118 4086 Theodori
1143 4033 1380 4102 episcopi
1409 4032 1602 4088 Joanni
1625 4034 1934 4089 reverenda:
1956 4050 2068 4089 me-

492 4123 678 4176 moria:
717 4122 1063 4177 Antiochenaa
1092 4124 1324 4178 civitatis
1351 4125 1626 4194 episcopo,
1677 4125 1763 4179 vel
1809 4125 2066 4180 Orientali

491 4207 698 4282 syn'odo
727 4211 793 4265 ad
823 4211 954 4279 ejus.
984 4212 1188 4267 litteras
1215 4215 1619 4279 reseribentcm,
1654 4215 1794 4269 inter
1841 4215 1943 4268 alia
1991 4217 2063 4268 ita

493 4301 772 4354 tradidisse
797 4318 809 4352 :
838 4299 966 4366 Quae
989 4302 1193 4369 prolata
1215 4311 1297 4355 est
1325 4303 1376 4356 in
1421 4313 1604 4358 sancta
1635 4304 1838 4374 synodo
1891 4303 2066 4372 Ephe-

495 4393 610 4446 sina
641 4392 902 4458 definitio,
936 4392 1096 4445 veluti
1141 4408 1171 4444 a
1202 4392 1486 4448 Theodoro
1516 4395 1789 4462 disposita,
1821 4395 1958 4449 sicut
1987 4396 2068 4450 of-

2162 3231 2335 3277 autut
2362 3219 2658 3275 abdicetur.
2691 3217 2796 3272 Sed
2825 3233 3002 3286 neque
3032 3217 3378 3273 eharissimus
3405 3215 3738 3278 Theodotus,

2161 3313 2303 3382 quia
2331 3311 2486 3366 nobis
2512 3310 2748 3365 directus
2771 3317 2874 3374 est,
2898 3308 3158 3362 diaconus
3185 3308 3312 3361 talia
3354 3306 3599 3360 mandata
3622 3320 3744 3358 sus-

2162 3403 2324 3472 cepit.
2356 3401 2485 3456 ltem
2511 3401 2626 3469 ipse
2655 3400 2842 3454 beatus
2863 3397 3086 3453 Proclus
3115 3399 3167 3452 in
3189 3397 3413 3467 epistola
3461 3396 3528 3449 ad
3572 3395 3740 3449 Maxi-

2163 3508 2307 3545 mum
2337 3492 2623 3545 diaconum
2649 3498 2770 3559 post
2799 3490 2903 3542 alia
2931 3489 3002 3542 ita
3034 3488 3166 3543 dicit
3191 3506 3204 3540 :
3255 3487 3537 3553 Quomodo
3569 3487 3740 3556 igitur

2162 3598 2261 3652 per
2283 3583 2493 3635 litteras
2516 3582 2676 3634 didici
2709 3597 2868 3646 nunc,
2898 3581 3022 3648 quia
3053 3579 3325 3634 Theodori
3354 3578 3737 3648 lilopsuesteni,

2163 3679 2218 3726 et
2240 3672 2464 3725 aliorum
2509 3671 2861 3737 quorumdam
2897 3669 3112 3723 nomina
3140 3668 3424 3738 przeposita
3450 3676 3572 3722 sunt
3597 3669 3743 3737 capi-

2163 3763 2286 3816 tulis
2307 3761 2373 3814 ad
2403 3760 2983 3825 anathematizandum,
3013 3776 3135 3814 eum
3167 3760 3240 3814 illi
3297 3760 3361 3814 ad
3408 3760 3573 3814 Deum
3623 3759 3736 3828 jam

2164 3850 2550 3918 migraverint:
2584 3857 2642 3903 et
2688 3864 2782 3903 cos
2822 3848 2915 3916 qui
2959 3848 3069 3916 jam
3094 3849 3255 3902 vitam
3292 3849 3620 3918 reliquerunt
3645 3865 3740 3904 su-

2164 3953 2488 4010 pervacuum
2518 3947 2601 3992 est
2631 3937 2869 4005 injuriari
2892 3946 3014 4007 post
3035 3947 3286 4001 mortem,
3311 3953 3447 4006 quos
3471 3953 3570 3993 nec
3589 3939 3744 3992 vivos

2165 4035 2455 4104 aliquando
2476 4035 2830 4105 culpavimus.
2863 4035 2930 4088 Et
2957 4045 3082 4106 post
3111 4052 3280 4105 pauca
3307 4055 3318 4091 :
3353 4035 3479 4090 Post
3508 4037 3742 4092 subscri-

2164 4128 2404 4196 ptionem
2435 4136 2616 4180 autem
2667 4129 2818 4191 tomi,
2869 4135 2925 4181 et
2952 4135 3074 4196 post
3103 4127 3460 4195 abjectionem
3490 4128 3747 4197 capitulo-

2165 4236 2300 4284 rum,
2343 4216 2463 4287 q'ua:
2503 4219 2656 4288 cujus
2708 4221 2816 4274 sint
2847 4221 3171 4288 ignoramus,
3219 4220 3474 4274 continuo
3503 4235 3745 4289 pratpara

2165 4307 2446 4361 diaconum
2479 4307 2819 4363 Theodorum
2847 4311 3029 4363 venire
3057 4309 3123 4362 ad
3152 4311 3354 4376 regiam
3381 4305 3668 4364 civitatem.

2240 4395 2544 4466 Perpendat
2565 4412 2693 4465 ergo
2717 4398 2932 4467 pietatis
2946 4407 3137 4452 vestra:
3156 4398 3416 4467 sapientia
3438 4398 3743 4464 singularis,

493 4485 728 4539 ferentes
772 4483 1050 4546 dicebant,
1103 4483 1233 4538 nihil
1281 4485 1484 4539 habens
1535 4501 1750 4549 sanum,
1789 4486 2068 4539 evacuavit
2097 4488 2140 4544 D
2167 4486 2292 4554 quia
2318 4485 2540 4540 Proclus
2565 4486 2957 4541 eruditissimus
2978 4488 3339 4547 sacerdotum,
3372 4495 3424 4539 et
3456 4501 3562 4540 non
3587 4487 3747 4552 longe

492 4573 707 4641 quidem
739 4588 857 4625 eam
885 4581 1067 4628 sancta
1096 4573 1329 4643 synodus
1349 4573 1512 4628 veluti
1536 4590 1903 4643 perversarum
1951 4575 2064 4643 ple-

494 4679 614 4716 nam
638 4662 1130 4728 intelligentiarum,
1163 4661 1527 4720 condemnans
1556 4665 1682 4718 item
1713 4679 1810 4719 eos
1846 4664 1938 4734 qui
1986 4665 2062 4718 sic

493 4753 723 4821 δειρίυιιι.
754 4751 1106 4820 Dispensatim
1130 4769 1258 4808 vero
1298 4755 1623 4808 mentionem
1656 4755 1888 4809 viri'non
1916 4754 2060 4820 fecit,

495 4858 667 4909 neque
705 4858 825 4895 eum
882 4843 1192 4896 nominatim
1246 4845 1573 4899 anathemati
1609 4846 1860 4911 subdidit,
1891 4861 2064 4915 neque

492 4932 643 4985 alios.
679 4931 849 4999 Ipsam
872 4948 1002 4986 vero
1021 4932 1280 5003 synodum
1312 4932 1629 5002 Ephesinam
1661 4934 1884 5003 primam
1914 4935 2062 4988 solli-

491 5023 595 5075 cite
622 5030 986 5088 recensentes,
1020 5022 1148 5074 nihil
1175 5021 1240 5076 de
1270 5022 1536 5077 Theodori
1570 5023 1923 5092 Mopsuesteni
1947 5040 2064 5092 per-

491 5125 619 5162 sona
650 5108 848 5163 referre
870 5112 1247 5178 comperimus,
1283 5110 1375 5164 sed
1407 5111 1726 5180 symbolum,
1757 5111 1898 5179 quod
1921 5111 2060 5166 Cha-

490 5200 645 5255 risius
669 5201 947 5272 presbyter
975 5201 1080 5254 illic
1102 5200 1353 5270 prodidit,
1379 5202 1546 5270 magis
1575 5203 1694 5271 quia
1723 5203 1789 5256 ab
1821 5203 2058 5256 Athana-

489 5291 570 5344 sio
609 5300 661 5344 et
693 5290 904 5358 Photio,
935 5272 1024 5359 qui
1055 5300 1183 5344 tunc
1212 5292 1468 5359 temporis
1515 5292 1765 5346 hmretico
1813 5292 2056 5348 Nestorio

491 5380 855 5443 adhaerebant,
892 5396 985 5448 per
1017 5381 1300 5433 Antonium
1341 5388 1395 5433 et
1423 5379 1679 5434 Jacobum
1703 5383 1918 5435 nomina
1947 5391 2062 5436 tan-

491 5480 602 5524 tum
657 5471 1092 5539 presbyter-mum
1145 5471 1406 5524 habentes
1457 5471 1522 5524 ad
1578 5469 2060 5540 Philadclphiorutn

493 5565 748 5620 ecclesias
796 5565 954 5619 fuerit
997 5565 1362 5619 destinatum:
1412 5580 1477 5618 ex
1527 5580 1632 5632 quo
1655 5565 1820 5618 claret
1851 5565 2061 5618 beatum

491 5655 744 5724 Cyrillum
775 5657 878 5710 hoc
905 5656 1046 5724 quod
1077 5672 1172 5725 per
1199 5657 1404 5712 litteras
1442 5657 1720 5726 profitetur
1761 5675 1790 5710 a
1823 5658 2062 5728 prolato—

489 5741 640 5798 rxbus
663 5744 870 5798 scilicet
891 5744 1118 5814 symboli
1136 5744 1247 5814 jam
1277 5744 1514 5803 defuncti
1535 5746 1801 5804 Theodori
1825 5748 2059 5820 episc0pi

2167 4592 2197 4630 a
2247 4577 2520 4632 Theodori
2549 4577 2912 4647 Mopsuesteni
2941 4577 3049 4630 vita
3080 4587 3344 4646 repertus,
3376 4576 3510 4630 mala
3540 4591 3658 4644 qum
3683 4577 3749 4630 li-

2165 4667 2357 4721 benter
2383 4669 2731 4722 damnaverat
2755 4668 2908 4736 cujus
2933 4675 3116 4721 essent
3141 4683 3199 4721 se
3221 4667 3332 4734 jam
3380 4675 3508 4721 tunc
3535 4667 3746 4735 profes-

2165 4774 2257 4815 sus
2277 4767 2360 4812 est
2389 4759 2654 4824 ignorare.
2683 4757 2787 4811 Sed
2811 4772 2984 4824 neque
3015 4757 3064 4810 in
3096 4765 3285 4811 sancto
3331 4773 3393 4810 ac
3441 4758 3750 4810 venerando

2166 4848 2590 4903 Chalcedonensi
2621 4848 2851 4902 concilio
2879 4847 3076 4914 aliquid
3130 4847 3197 4901 de
3243 4846 3437 4916 smpius
3483 4846 3748 4912 designati

2167 4939 2530 5009 MOpsuesteni
2581 4938 2848 4991 Theodori
2894 4937 3134 5006 episcopi
3181 4938 3399 4990 nomine
3448 4936 3752 4990 invenimus

2165 5037 2420 5083 statutum
2448 5029 2531 5082 vel
2561 5027 2758 5082 dictum
2786 5043 2905 5083 esse
2932 5029 3281 5090 contrarimn,
3339 5026 3464 5079 dum
3503 5027 3554 5079 in
3605 5027 3758 5081 rela-

2165 5119 2331 5184 tione,
2363 5132 2520 5184 quam
2543 5116 2730 5170 eadem
2757 5115 3057 5170 veneranda
3080 5115 3315 5186 synodus
3336 5115 3434 5183 pia:
3466 5115 3740 5167 memor-im

2165 5208 2435 5264 Marciano
2456 5215 2582 5262 tunc
2613 5208 2922 5277 imperatori
2965 5207 3276 5272 transmisit,
3302 5221 3460 5273 quam
3491 5223 3584 5259 vos
3604 5223 3748 5274 quo-

2165 5314 2270 5368 que
2299 5300 2490 5353 vestris
2517 5299 2740 5366 legibus,
2764 5299 2889 5351 dum
2911 5297 3209 5351 orthodoxa
3232 5297 3564 5368 professione
3581 5312 3748 5352 unum

2169 5387 2237 5442 de
2262 5397 2449 5443 sancta
2480 5387 2737 5441 Trinitatc
2764 5387 3032 5441 Christum
3056 5387 3222 5440 Deum
3247 5404 3311 5441 ac
3339 5389 3619 5442 Dominum
3647 5404 3751 5441 no-

2167 5487 2336 5533 strum
2385 5477 2744 5533 conﬁtendum
2775 5479 3036 5542 astruitis,
3067 5478 3132 5531 ad
3165 5479 3527 5533 testimonium
3551 5478 3748 5532 lauda-

2167 5568 2343 5622 biliter
2397 5568 2715 5633 adduxi-tis,
2766 5567 2957 5622 litterae
3001 5568 3319 5624 Antiocheni
3372 5568 3591 5624 Joannis
3621 5586 3748 5625 cum

2167 5655 2420 5712 Orientali
2449 5659 2652 5730 synodo
2683 5657 2749 5711 ad
2792 5656 3150 5714 Theodosium
3179 5669 3306 5714 tunc
3363 5661 3612 5729 piiSsima:
3660 5677 3753 5714 re-

2166 5749 2491 5805 cordationis
2539 5749 2833 5820 principem
2882 5749 3160 5808 destinata:
3207 5753 3582 5810 venerabiliter
3630 5769 3750 5810 me-
