4006 6190
263 263 351 318 101

1458 255 1816 314 EPISTOLJE
1856 258 1944 312 ET
1983 257 2317 314 DECRETA.

3408 263 3513 319 lii!

256 381 542 438 morentur,
600 371 794 442 quibus
843 371 1200 442 Mopsuesteni
1263 371 1529 427 Theodori
1585 372 1821 441 episcopi
1853 373 1898 431 A
1927 379 2012 425 tus
2037 370 2270 427 Joannes
2296 372 2582 442 Apostolus
2609 375 2662 428 in
2690 375 3008 448 Apocalypsi
3055 376 3209 442 dicit,
3234 378 3512 449 scripsisse

253 481 498 536 persona,
553 479 622 518 ne
677 473 801 534 post
850 472 1077 518 mortem
1121 462 1360 516 damnari
1387 462 1630 528 deberet,
1661 479 1827 518 excu-

254 567 418 612 satur.

323 654 445 704 l'ost
474 650 590 703 haec
617 649 864 719 ampliori
885 663 1012 702 cura
1027 647 1433 718 prospeximus,
1460 647 1506 702 si
1533 648 1661 716 quid
1682 648 1829 703 iuhis

254 741 340 810 qui
360 740 470 808 jam
495 738 732 794 defuncti
764 747 908 802 sunt,
941 745 995 791 et
1024 738 1243 791 minime
1270 739 1614 807 reperiuntur
1643 738 1694 790 in
1717 738 1827 791 vita

252 832 505 897 damnati,
555 831 717 884 etiam
758 837 958 884 sanctze
987 828 1381 883 recordationis
1408 829 1830 897 praedecessores

252 924 413 977 nostri
437 923 797 977 decreverint.
827 921 1030 987 Quibus
1053 921 1324 989 inspectis,
1350 921 1665 986 agnovimus
1688 919 1832 988 quod

252 1012 402 1080 hujus
467 1011 692 1066 cautelae
740 1010 1198 1081 providentiazque
1247 1009 1470 1065 formam
1525 1009 1829 1063 veneranda

250 1104 702 1174 praedecessorum
726 1110 1028 1156 nostrorum
1051 1099 1196 1154 sedis
1215 1099 1526 1168 apostolica:
1548 1099 1830 1168 praesulum

251 1194 538 1248 constituta
572 1192 726 1246 nobis
755 1191 1094 1261 apertissime
1143 1191 1496 1244 tradiderunt.
1529 1189 1660 1243 Nam
1702 1192 1831 1244 bea-

253 1284 484 1336 tissimus
511 1296 650 1350 papa
683 1279 789 1334 Leo
819 1279 883 1333 ad
927 1279 1270 1334 Theodorum
1303 1281 1614 1349 episcopum
1659 1279 1832 1334 Foro-

249 1369 529 1439 juhensem
580 1379 701 1440 post
730 1371 832 1423 alia
864 1371 935 1423 ita
964 1369 1094 1424 dicit
1126 1387 1139 1422 :
1170 1369 1287 1423 Non
1337 1385 1559 1424 necesse
1607 1378 1688 1425 est
1737 1385 1835 1425 nos

250 1478 436 1518 eorum
467 1462 560 1530 qui
587 1461 665 1517 sic
694 1462 944 1515 obierunt
975 1462 1166 1515 merita
1209 1471 1468 1530 actusque
1497 1461 1832 1526 discurrere;

253 1567 370 1604 cum
429 1550 689 1604 Dominus
735 1549 878 1604 Deus
924 1559 1129 1616 noster,
1163 1549 1314 1620 cujus
1336 1549 1536 1619 judicia
1567 1557 1837 1620 nequeunt

251 1641 659 1711 comprehendi,
689 1641 834 1712 quod
882 1641 1217 1696 sacerdotale
1248 1642 1562 1713 mysterium
1615 1642 1836 1711 implere

1931 462 2206 526 asseritur,
2237 464 2290 516 in
2319 464 2510 531 quibus
2559 464 2834 521 Judaicum
2879 469 3206 523 intellectum
3257 471 3508 526 habuisse

1929 561 2196 606 narratur.
2245 552 2373 609 Post
2421 554 2574 623 cujus
2626 567 2874 621 mortem,
2929 574 3049 613 cum
3101 560 3167 613 ad
3198 560 3506 633 Dionysium

1929 641 2263 696 Alexandria:
2292 643 2602 712 episcopum
2626 647 2978 714 pervenisset,
3010 650 3154 717 quod
3179 657 3290 705 tota
3337 650 3508 723 Egy-

1930 741 2057 802 ptus
2079 734 2223 801 ipsos
2245 733 2427 798 libros,
2461 749 2597 803 quos
2626 735 2804 806 Nepos
2828 738 3138 806 reliquerat,
3166 741 3331 794 veluti
3360 754 3507 811 mag-

1931 841 2060 878 num
2093 825 2306 892 aliquod
2335 833 2390 880 et
2417 827 2687 881 occultum
2734 831 3048 900 mysterium
3078 845 3137 886 se
3165 832 3363 886 habere
3411 848 3507 902 pu-

1935 921 2075 968 taret
2101 931 2113 966 :
2147 923 2203 969 et
2230 929 2458 984 pergens
2487 916 2553 970 ad
2576 932 2696 971 eum
2727 918 2900 972 locum
2925 920 2999 989 (in
3047 919 3317 976 Arsinoite
3361 923 3506 978 enim

1935 1006 2288 1074 quaestionem
2320 1006 2490 1075 ipsam
2518 1016 2718 1062 motam
2746 1008 2906 1064 fuisse
2929 1010 3114 1078 refert)
3162 1013 3511 1083 scribensque

1933 1093 2202 1147 destruxit
2255 1095 2472 1148 eosdem
2525 1097 2691 1151 libros
2746 1107 2907 1168 atque
2965 1101 3200 1154 evertit:
3249 1101 3510 1172 Nepotem

1932 1196 2062 1235 vero
2111 1183 2202 1250 qui
2247 1198 2342 1237 eos
2387 1186 2694 1254 scripserat,
2743 1195 2966 1257 propter
2993 1188 3097 1243 hoc
3124 1190 3357 1246 maxime
3384 1192 3510 1260 quia

1929 1271 2043 1341 jam
2065 1273 2344 1328 defunctus
2367 1275 2559 1343 fuerat,
2585 1277 2728 1330 nulla
2758 1278 2827 1331 sit
2857 1292 3137 1346 aggressus
3167 1279 3511 1350 injuria.Qute

1935 1363 1980 1418 si
2011 1363 2130 1431 quis
2159 1363 2316 1420 latius
2344 1379 2636 1432 agnoscere
2677 1368 2806 1422 velit
2836 1369 2887 1422 in
2934 1380 3234 1426 memorato
3269 1368 3512 1442 'septimo

1939 1451 2178 1519 historize
2199 1452 2438 1521 ejusdem
2462 1453 2675 1510 Eusebii
2699 1455 2836 1511 libro
2867 1458 3117 1529 reperiet.

2008 1543 2208 1608 Quibus
2239 1545 2483 1600 omnibus
2513 1545 2799 1615 diligenter
2828 1548 3098 1618 inspectis,
3129 1549 3254 1618 quia
3283 1551 3408 1607 licet
3433 1550 3515 1606 di-

1939 1649 2096 1688 verso
2146 1634 2334 1690 Patres
2378 1637 2548 1690 nostri
2599 1638 2885 1692 verborum
2928 1639 3110 1705 modo,
3151 1641 3308 1696 unius
3335 1649 3515 1698 tamen

253 1747 352 1786 non
389 1740 625 1800 poterat,
675 1747 785 1786 sua:
825 1730 1048 1800 justitize
1094 1732 1409 1785 reservavit.
1459 1731 1590 1785 ltem
1647 1731 1836 1785 beatus
1874 1749 1912 1806 Β
1942 1721 2108 1778 ductu
2137 1722 2522 1791 intelligentiae,
2555 1727 2898 1794 disserentes,
2942 1728 3135 1784 illtesas
3175 1730 3514 1788 sacerdotum

249 1819 498 1874 Cclasius
530 1836 664 1889 papa
698 1820 749 1874 in
780 1820 1008 1889 epistola
1036 1834 1195 1888 quam
1226 1819 1295 1874 ad
1323 1820 1606 1889 episc0pos
1634 1819 1834 1873 Dardaé

248 1914 348 1967 nize
371 1914 443 1968 de
468 1929 631 1968 causa
660 1913 839 1967 Acacii
866 1912 1102 1981 scripsit,
1132 1919 1253 1981 post
1277 1913 1380 1966 alia
1406 1913 1476 1966 ita
1521 1912 1649 1966 dicit
1674 1929 1687 1966 :
1735 1912 1837 1977 Qui

247 2019 540 2078 postquam
571 2007 624 2060 in
647 2007 932 2073 collegium
964 2004 1210 2060 recidens
1242 2006 1543 2074 pravitatis,
1570 2003 1691 2072 jure
1720 2019 1837 2058 me-

247 2101 354 2154 ruit
385 2101 456 2153 ab
476 2098 771 2168 apostolica
794 2096 1172 2152 communione
1199 2096 1426 2164 secludi,
1459 2097 1510 2150 in
1536 2097 1638 2151 hac
1657 2103 1838 2152 autem

248 2189 552 2260 persistens
590 2185 936 2240 damnatione
964 2183 1250 2240 defunctus
1289 2191 1390 2248 est,
1423 2184 1836 2246 absolutionem,

249 2292 415 2349 quam
452 2285 728 2347 superstes
774 2290 878 2328 nec
931 2273 1178 2343 qumsivit
1204 2274 1447 2337 omnino,
1496 2288 1595 2326 nec
1623 2273 1836 2338 meruit,

250 2375 504 2422 mortuus
537 2365 649 2434 jam
681 2381 788 2420 non
818 2373 998 2434 potest
1026 2365 1331 2434 impetrare.
1387 2362 1660 2432 Siquidem
1714 2362 1840 2432 ipsis

250 2455 518 2528 apostolis
545 2453 742 2509 Christi
773 2469 907 2508 voce
931 2452 1232 2520 delegatum
1264 2459 1374 2507 est:
1407 2450 1534 2515 Qua:
1559 2453 1840 2522 ligaveritis

250 2566 414 2620 super
434 2561 647 2612 terram,
679 2557 727 2600 et
758 2562 871 2618 qua:
896 2545 1148 2599 solveritis
1190 2562 1344 2615 super
1387 2553 1580 2598 terram
1626 2542 1838 2613 (Matth.

252 2640 436 2707 mn).
468 2639 740 2692 Caeterum
766 2637 878 2706 jam
903 2637 968 2691 de
997 2652 1062 2691 eo
1087 2637 1177 2706 qui
1204 2636 1254 2690 in
1285 2636 1470 2690 divino
1517 2642 1600 2690 est
1640 2633 1842 2702 judicio

253 2729 587 2783 constitutus
608 2727 765 2781 nobis
791 2725 870 2780 fas
898 2724 1040 2778 aliud
1070 2725 1362 2780 decernere
1387 2740 1493 2779 non
1525 2733 1626 2790 est,
1653 2732 1845 2793 praeter

256 2801 393 2874 idin
422 2835 530 2888 quo
561 2833 685 2873 eum
716 2817 832 2872 dies
859 2831 1140 2886 supremus
1161 2816 1382 2869 invenit.

326 2920 355 2944 ⁸
389 2907 523 2962 Item
555 2915 882 2961 memoratus
908 2907 1079 2960 beata:
1105 2905 1490 2960 recordationis
1521 2920 1656 2974 papa
1686 2903 1845 2959 Gela-

260 2998 378 3052 sius
405 2998 458 3050 in
490 2997 657 3064 gestis
681 2995 705 3032 δ
737 2994 1080 3065 synodalibus
1104 2993 1172 3048 de
1219 2993 1408 3047 Miseni
1457 2993 1694 3062 episcopi
1741 2992 1847 3046 Cu-

1939 1818 1991 1872 in
2017 1833 2148 1886 pace
2170 1818 2534 1874 ecclesiastica
2557 1819 2926 1874 defunctorum
2941 1830 3224 1882 servavere
3236 1837 3511 1892 personas,

1938 1906 2184 1975 idemque
2215 1907 2528 1975 regulariter
2549 1911 2858 1978 apostolicae
2885 1910 3026 1965 sedis
3051 1925 3170 1979 quae
3197 1926 3355 1981 supra
3375 1911 3514 1967 dixi-

1941 2011 2058 2050 mus
2089 1995 2348 2051 deﬁniunt
2376 1999 2666 2053 constituta
2693 2017 2705 2052 :
2729 1999 2869 2053 Nulli
2899 2001 3062 2055 licere
3089 2002 3298 2056 noviter
3316 2001 3516 2071 al-quid

1942 2086 2010 2141 de
2057 2096 2388 2141 mortuorum
2412 2086 2656 2156 judicare
2705 2090 2948 2159 personis
2975 2107 2988 2143 :
3020 2091 3114 2144 sed
3145 2092 3197 2144 in
3227 2092 3332 2146 hoc
3355 2092 3519 2146 relin-

1939 2177 2052 2243 qui,
2077 2176 2129 2229 in
2159 2191 2266 2244 quo
2298 2192 2730 2246 unumquemque
2759 2179 2873 2234 dies
2903 2195 3184 2251 supremus
3212 2181 3433 2246 invenit,
3456 2189 3514 2237 et

1940 2265 2341 2335 specialiter'de
2391 2266 2659 2322 Theodori
2688 2267 3048 2339 Mopsuesteni
3102 2271 3336 2336 nomine,
3387 2272 3517 2341 quid

1941 2358 2108 2412 sancti
2132 2357 2318 2412 Patres
2341 2359 2512 2414 nostri
2541 2359 2920 2429 disposuerint,
2953 2364 3198 2432 superius
3241 2364 3519 2419 evidenter

1941 2465 2252 2519 expressum
2283 2457 2366 2505 est
2397 2468 2410 2504 :
2441 2466 2564 2506 eum
2604 2461 2787 2506 nostra
2832 2467 2939 2508 non
2983 2453 3239 2510 audemus
3265 2455 3521 2512 damnare

1941 2540 2230 2608 sententia,
2256 2541 2350 2595 sed
2381 2555 2483 2595 nec
2509 2541 2575 2594 ab
2603 2541 2712 2596 alio
2738 2543 2988 2612 quopiam
3013 2544 3358 2598 condemnari
3382 2558 3518 2599 con-

1941 2631 2178 2705 cedimus
2203 2648 2218 2686 :
2251 2631 2390 2686 absit
2437 2639 2616 2686 tamen
2640 2640 2709 2686 aut
2737 2633 3098 2702 suprascripta
3127 2634 3358 2703 capitula
3386 2633 3521 2705 dog-

1943 2732 2166 2788 matum,
2195 2739 2314 2793 qua:
2333 2723 2626 2780 secundum
2666 2723 2937 2793 subjectos
2991 2723 3356 2793 intelligentiae
3395 2740 3520 2780 sen-

1941 2827 2036 2869 sus
2062 2827 2093 2866 a
2122 2813 2277 2867 nobis
2304 2820 2519 2868 constat
2572 2827 2694 2868 esse
2743 2813 3018 2878 damnata,
3057 2813 3140 2868 vel
3187 2828 3521 2882 quacunque

1943 2905 2087 2958 dicta
2114 2904 2400 2974 cujuslibet
2447 2905 2562 2958 sine
2605 2905 2821 2959 nomine
2847 2912 3169 2973 pratuotata,
3201 2905 3523 2974 evangelicis

1946 3003 2124 3050 tamen
2149 3006 2203 3050 et
2231 2995 2560 3065 apostolicis,
2591 3010 2656 3049 ac
2676 3004 2908 3064 quatuor
2959 2995 3308 3066 synodorum,
3353 2995 3526 3050 Nicm—
3613 2999 3627 3012 ‘

263 3087 414 3142 mani
455 3085 800 3139 absolutione
853 3083 1129 3147 confectis,
1177 3083 1280 3138 hoc
1306 3083 1583 3138 evidenter
1609 3083 1842 3147 edocuit,
1876 3122 1920 3182 ρ
1951 3100 2052 3150 nte,
2111 3084 2738 3154 Constantinopolitanm,
2786 3083 3069 3154 Ephesium
3115 3085 3320 3153 primm,
3364 3093 3526 3154 atque

265 3177 456 3231 dicens
483 3193 496 3227 :
528 3174 722 3228 Totum
743 3174 888 3242 quod
915 3189 1076 3243 supra
1104 3172 1371 3228 facultatis
1417 3182 1503 3228 est
1553 3173 1844 3238 modulum,

270 3267 458 3322 divino
482 3265 682 3334 judicio
711 3265 1076 3333 relinquamus
1101 3281 1114 3316 :
1149 3279 1254 3319 non
1282 3274 1462 3319 autem
1495 3264 1648 3318 nobis
1693 3271 1850 3332 pote-

270 3363 401 3410 runt
420 3355 704 3424 imputare,
735 3368 831 3408 cur
852 3352 1305 3422 prmvaricationis
1329 3352 1585 3407 offensam
1628 3351 1853 3406 viventi-

272 3449 374 3504 bus
400 3447 768 3511 remittamus;
799 3445 942 3514 quod
966 3443 1235 3509 Ecclesize,
1265 3444 1376 3499 Deo
1407 3444 1684 3512 largiente,
1724 3457 1852 3512 pos-

273 3539 431 3595 sibile
462 3545 548 3594 est
575 3555 588 3588 :
624 3551 725 3590 nec
754 3550 852 3590 nos
867 3537 976 3603 jam
1005 3535 1230 3589 mortuis
1255 3535 1464 3588 veniam
1489 3541 1742 3602 praestare
1761 3531 1857 3586 de-

275 3635 504 3700 poscant
531 3646 544 3678 :
578 3625 720 3694 quod
749 3624 904 3679 nobis
951 3639 1058 3678 non
1090 3638 1206 3678 esse
1235 3621 1488 3692 possibile
1518 3619 1853 3674 manifestum

279 3727 389 3783 est;
419 3717 546 3784 quia
576 3731 696 3770 cum
721 3714 920 3768 dictum
945 3714 1013 3767 sit
1038 3731 1051 3766 :
1087 3711 1216 3776 Quae
1235 3713 1512 3784 ligaveritis
1533 3719 1580 3765 et
1609 3711 1857 3766 solveritis

283 3826 437 3879 super
471 3819 685 3872 terram,
712 3807 833 3874 bos,
863 3821 997 3874 quos
1025 3819 1183 3875 super
1213 3812 1407 3856 terram
1433 3802 1542 3870 jam
1592 3818 1696 3856 non
1745 3816 1861 3855 esse

283 3907 518 3958 constat.
556 3912 665 3950 non
693 3895 1060 3962 humano,sed
1084 3909 1182 3948 suo
1212 3892 1572 3959 Deusjudicio
1623 3906 1862 3945 reserva-

285 3987 364 4039 vit
387 4005 401 4039 :
429 4001 530 4040 nec
561 3984 726 4039 audet
746 3983 982 4038 Ecclesia
1012 3983 1226 4038 sibimet
1253 3982 1543 4045 vindicare,
1569 3980 1709 4051 quod
1737 3979 1866 4050 ipsis

289 4074 552 4148 apostolis
580 4074 846 4144 conspicit
875 4089 983 4128 non
1005 4072 1165 4128 fuisse
1191 4087 1506 4137 concessum
1531 4089 1545 4125 :
1591 4071 1717 4140 quia
1764 4070 1866 4124 alia

289 4177 370 4224 est
395 4183 558 4223 causa
588 4165 956 4237 superstitum,
979 4167 1081 4220 alia
1124 4163 1515 4219 defunctorum.
1574 4161 1724 4217 llanc
1769 4177 1867 4215 au-

291 4267 402 4315 tem
431 4260 673 4329 regulam
699 4267 756 4312 ct
783 4258 838 4312 in
875 4266 1182 4312 sanctorum
1227 4255 1448 4311 Joannis
1493 4253 1873 4310 Constantino—

296 4354 520 4424 politani
548 4353 804 4424 episcopi,
829 4367 986 4420 quem
1013 4351 1452 4420 Chrysostomum
1471 4355 1688 4411 vocant,
1710 4354 1872 4414 atque

1949 3175 2418 3242 Chalcedonensis,
2446 3183 2501 3229 et
2529 3175 2836 3244 apostolica:
2866 3175 3008 3229 sedis
3037 3190 3145 3229 non
3175 3175 3524 3244 congruentia

1951 3282 2296 3336 censonaque
2344 3267 2626 3333 doctrinis,
2683 3282 2791 3320 non
2838 3266 3012 3321 solum
3061 3281 3242 3330 sensu,
3292 3265 3387 3321 sed
3443 3265 3529 3320 vel

1951 3357 2112 3412 etiam
2140 3372 2268 3410 aure
2297 3357 2562 3426 patiamur
2590 3356 2891 3410 admittere.

2027 3447 2102 3503 De
2125 3447 2342 3516 scriptis
2365 3461 2494 3501 vero
2516 3461 2635 3515 qua:
2664 3446 2762 3500 sub
2789 3447 2890 3499 viri
2911 3446 3232 3501 venerabilis
3283 3445 3532 3500 Theodo-

1959 3539 2063 3595 reti
2084 3537 2354 3607 quoudam
2383 3536 2622 3606 episc0pi
2649 3537 2864 3589 nomine
2893 3535 3255 3604 proferuntur,
3277 3535 3534 3588 miramur

1959 3629 2210 3699 primum,
2237 3641 2334 3681 cur
2362 3640 2585 3681 necesse
2611 3625 2681 3681 sit
2707 3624 2822 3694 ejus
2871 3623 3163 3678 sacerdotis
3211 3625 3426 3678 nomine
3473 3624 3527 3678 in

1957 3716 2401 3772 obtrectationem
2431 3713 2718 3784 quidquam
2741 3713 3022 3782 cujuslibet
3050 3711 3226 3766 studio
3249 3711 3532 3766 devocari:

1959 3807 2050 3877 qui
2080 3813 2204 3859 ante
2231 3811 2445 3858 centum
2465 3811 2520 3857 et
2545 3802 2774 3873 amplius
2790 3817 2958 3857 annos
2982 3802 3036 3856 in
3065 3810 3264 3856 sanctae
3287 3816 3352 3856 ac
3370 3815 3535 3858 vene-

1959 3897 2141 3952 randa:
2167 3894 2624 3949 Chalcedonensis
2651 3893 2840 3964 synodi
2863 3892 3064 3962 judicio
3087 3893 3410 3948 constitutus
3424 3892 3540 3948 sine

1963 3989 2138 4055 aliqua
2185 3984 2527 4040 cunctatione
2573 3984 2905 4054 subscripsit,
2957 3990 3014 4038 et
3057 3983 3350 4038 beatissimi
3390 3999 3541 4052 papa:

1964 4079 2159 4134 Leonis
2186 4077 2426 4148 epistolis
2447 4091 2612 4146 prona
2660 4075 2946 4131 devotione
2997 4076 3288 4130 consensit.
3339 4075 3541 4133 Dehinc

1966 4187 2086 4226 cum
2115 4171 2409 4226 existerent
2440 4179 2568 4223 tunc
2615 4168 2902 4223 Dioscorus
2930 4175 2985 4221 et
3009 4166 3246 4238 Egyptii
3285 4168 3542 4238 episcopi,

1967 4261 2057 4332 qui
2086 4277 2207 4316 eum
2235 4260 2475 4315 dicerent
2497 4268 2739 4313 sanctum
2765 4258 3018 4330 Cyrillum
3042 4258 3542 4324 anathematizasse,

1970 4361 2026 4407 et
2052 4352 2297 4407 eumdem
2325 4350 2724 4404 Theodoretum
2766 4349 2926 4404 etiam
2955 4349 3264 4404 btereticum
3295 4363 3434 4417 esse,
3467 4358 3548 4404 ta-

296 4445 536 4500 Flaviani
578 4443 730 4512 ejusd
765 4460 816 4496 m
847 4443 1078 4498 civitatis
1104 4441 1360 4511 episcopi,
1393 4437 1697 4494 veneranda
1754 4451 1869 4490 me-
1905 4481 1947 4536 ο
1973 4457 2094 4497 men
2145 4441 2309 4496 sancti
2365 4439 2546 4493 Patres
2576 4439 2741 4493 nostri
2766 4439 2880 4494 hmc
2908 4438 3203 4505 audientes,
3254 4439 3548 4508 diligentis-

295 4538 463 4592 moria
485 4543 700 4590 constat
727 4550 845 4589 esse
865 4544 1155 4600 servatam,
1177 4532 1265 4601 qui
1314 4532 1439 4586 licet
1464 4531 1728 4584 violenter
1778 4543 1873 4582 ex-

293 4626 427 4680 clusi
457 4632 605 4689 sunt,
647 4640 752 4678 non
782 4632 957 4677 tamen
990 4637 1087 4692 pro
1117 4621 1381 4675 damnatis
1407 4627 1530 4674 sunt
1577 4618 1760 4682 habiti,
1806 4633 1873 4671 eo

294 4716 440 4784 quod
466 4729 683 4782 semper
729 4712 1036 4766 inviolatam
1068 4726 1253 4766 eorum
1283 4710 1713 4766 communionem
1767 4707 1874 4762 Ro-

297 4808 441 4861 mani
474 4803 758 4875 pontifices
783 4812 1152 4870 servaverunt,
1183 4818 1283 4858 nec
1325 4802 1562 4857 abscindi
1592 4802 1658 4856 ab
1691 4801 1876 4855 Eccle-

299 4900 376 4952 sia
405 4897 508 4952 dici
539 4904 834 4966 potuerunt
858 4895 941 4950 vel
966 4903 1234 4964 poterunt,
1267 4909 1402 4962 quos
1442 4893 1542 4948 sibi
1567 4893 1874 4948 inconvulse

298 4990 476 5044 unitos
505 4987 798 5056 apostolica
825 4987 1078 5057 judicavit
1106 4987 1416 5040 auctoritas.

367 5078 426 5133 In
457 5077 674 5132 Eusebii
698 5076 862 5130 etiam
907 5087 1264 5144 cognomento
1317 5075 1576 5144 Pamphili
1630 5075 1874 5130 llistorim

303 5168 438 5224 libro
466 5167 696 5235 septimo
723 5166 936 5234 legitur,
967 5164 1275 5236 Dionysium
1331 5165 1700 5219 Alexandrina:
1747 5165 1878 5219 civi-

303 5258 427 5311 tatis
465 5257 801 5326 episcopum,
844 5256 933 5324 qui
982 5255 1138 5322 longe
1186 5264 1311 5309 ante
1359 5255 1553 5322 fuerat,
1587 5256 1652 5310 de
1673 5255 1876 5326 Nepote

305 5349 536 5419 quodam
563 5348 820 5417 episcopo
843 5347 1060 5418 Egypti
1085 5348 1154 5400 ita
1179 5349 1366 5402 fecisse
1393 5367 1405 5401 :
1433 5349 1519 5402 hic
1537 5349 1676 5402 enim
1703 5349 1879 5419 Nepos

306 5440 590 5507 episcopus
618 5436 684 5491 de
706 5437 849 5491 mille
877 5439 1048 5503 annis,
1078 5439 1270 5506 quibus
1301 5446 1424 5506 post
1447 5438 1668 5507 primam
1698 5455 1878 5492 resur-

307 5528 600 5583 rectionem
629 5536 844 5582 sanctos
864 5542 985 5582 cum
1008 5527 1221 5582 Christo
1246 5535 1562 5593 regnaturos
1586 5543 1703 5582 esse
1747 5527 1876 5584 bea-

392 5715 417 5742 ·
449 5706 578 5764 Vide
608 5718 660 5763 et
687 5706 921 5764 Facund.
948 5706 1038 5762 lib.
1063 5716 1249 5762 contra
1279 5701 1503 5760 Mocian.

1978 4533 2113 4587 sime
2141 4531 2332 4585 eodem
2383 4529 2722 4584 Theodoreto
2768 4529 2993 4600 posthac
3021 4530 3414 4586 examinatione
3442 4530 3551 4586 dis-

1977 4639 2154 4688 cusso,
2198 4630 2252 4676 et
2304 4628 2566 4690 praesente
2611 4636 2641 4674 a
2689 4620 3041 4690 praesentibus
3091 4620 3368 4690 inquisito,
3416 4620 3549 4674 nihil

1979 4713 2120 4767 aliud
2147 4712 2214 4765 ab
2242 4725 2308 4764 eo
2337 4711 2577 4778 exegisse
2602 4719 2913 4775 noscuntur,
2945 4711 3046 4765 nisi
3071 4719 3128 4765 ut
3155 4712 3334 4766 statim
3355 4710 3549 4765 Nesto-

1977 4806 2112 4861 rium
2145 4803 2364 4874 ejusque
2393 4802 2554 4872 impia
2585 4804 2833 4871 dogmata
2865 4804 3338 4858 anathematizaret
3390 4810 3550 4870 atque

1977 4897 2275 4962 damnaret,
2308 4897 2411 4950 hoc
2438 4895 2536 4951 sibi
2567 4895 2935 4949 tantummodo
2963 4895 3207 4950 sufficere
3229 4893 3550 4962 judicantes,

1977 4986 2120 5056 quod
2142 4987 2231 5042 ille
2253 5001 2436 5041 coram
2459 4985 2710 5040 universo
2739 4986 2964 5040 concilio
2996 4985 3216 5048 faciens,
3243 4982 3548 5037 Nestorium

1983 5093 2105 5132 cum
2130 5075 2468 5144 dogmatibus
2489 5076 2895 5142 suis,universis
2923 5074 3168 5130 Patribus
3196 5071 3552 5137 audientibus,

1981 5168 2123 5223 clara
2145 5183 2277 5222 voce
2298 5168 2587 5222 damnavit.
2620 5167 2694 5222 Ex
2724 5183 2832 5238 quo
2861 5169 3133 5223 evidenter
3159 5175 3400 5236 apparet,
3428 5167 3554 5236 quia

1983 5257 2237 5327 quidquid
2259 5259 2326 5311 sit
2346 5259 2428 5311 vel
2452 5255 2612 5312 fuerit
2629 5259 2725 5314 sub
2747 5257 3302 5327 cujuslibetprolatum
3317 5259 3551 5322 nomine,

1983 5350 2126 5420 quod
2153 5350 2300 5419 impii
2324 5350 2550 5405 Nestorii
2581 5350 2821 5405 videatur
2847 5349 3172 5404 concordare
3201 5349 3555 5417 dogmatibus,

1980 5441 2085 5494 hoc
2133 5449 2258 5494 tunc
2303 5440 2356 5492 in
2408 5441 2499 5493 illo
2552 5448 2740 5494 sancto
2785 5437 3014 5492 concilio
3058 5453 3087 5492 a
3120 5440 3232 5494 viro
3267 5439 3557 5493 venerabili

1983 5527 2324 5584 Theodoreto
2347 5529 2507 5582 fuerit
2535 5529 2649 5582 sine
2679 5528 3009 5583 dubitatione
3031 5529 3336 5584 damnatum
3362 5547 3374 5581 :
3406 5536 3460 5584 et
3487 5527 3558 5582 sit

2060 5698 2086 5741 δ
2123 5698 2201 5757 Ex
2230 5699 2434 5758 Concil.
2470 5701 2628 5756 Rom.
2671 5703 2769 5760 sub
2814 5704 3028 5762 Gelasio
3075 5720 3162 5758 an.
3212 5699 3333 5757 £95.
3383 5700 3555 5756 llann.
