4006 6190
490 302 593 358 tos
666 286 669 289 ‘

1865 284 2074 344 VlGiLll

2189 283 2355 340 ΑΗΕ.
3668 284 3763 338 tm

487 411 642 470 valde
669 410 1022 475 contrarium,
1063 415 1122 464 et
1145 405 1598 463 Chalcedonensis
1639 404 1831 477 synodi
1872 402 2075 473 judicio
2104 406 2151 461 Δ
2180 414 2280 471 per
2307 400 2447 455 hanc
2472 396 2795 455 sententiam
2818 412 2848 453 a
2875 398 3028 454 nobis
3055 396 3319 469 prolatam
3363 412 3394 452 a
3443 409 3629 453 sancta
3672 392 3762 454 Dei

485 502 907 561 indubitabiliter
947 500 1245 566 inimicum,
1293 498 1542 569 quaedam
1592 496 1912 553 Nestoriana
1940 493 2075 563 dog-

481 602 628 650 mata
670 606 813 646 nunc
849 590 949 645 sub
977 589 1093 658 ejus
1120 588 1417 645 sacerdotis
1441 588 1664 643 nomine
1692 585 2073 653 condemnari,

480 688 574 758 qui
601 702 724 742 cum
751 685 951 740 sanctis
973 682 1219 738 Patribus
1247 680 1494 737 eumdem
1525 681 1743 751 impium
1769 679 2077 734 Nestorium

482 784 541 833 et
583 775 937 831 exsecrabilia
984 773 1102 842 ejus
1145 771 1399 840 dogmata
1449 771 1609 839 (sicut
1645 767 1900 841 diximus)
1950 776 2079 823 tunc

481 866 820 937 apertissime
863 863 1353 919 anathematizavit.
1403 859 1543 927 Quid
1590 860 1731 915 enim
1779 859 1925 913 aliud
1970 865 2073 924 est,

481 957 777 1014 mendaces
791 964 883 1010 aut
902 955 1219 1010 simulantes
1238 952 1626 1023 professionem
1654 957 1818 1006 recta:
1832 950 1954 1005 fidei
1975 947 2078 1003 Pa-

482 1057 596 1103 tres
617 1048 671 1101 in
692 1055 875 1101 sancta
898 1042 1320 1099 Chalcedonensi
1341 1040 1551 1113 synodo
1573 1041 1869 1096 residentes
1894 1051 2079 1097 osten-

479 1139 629 1200 dere,
679 1151 842 1205 quam
891 1134 1074 1189 dicere
1118 1134 1328 1202 aliquos
1366 1148 1432 1187 ex
1481 1133 1558 1187 eis
1601 1131 1795 1186 similia
1836 1133 2078 1202 sapuisse

480 1227 760 1290 Nestorio,
790 1241 1019 1295 quorum
1059 1224 1263 1294 judicio
1304 1224 1489 1278 videas
1517 1224 1826 1279 Nestorium
1853 1222 2077 1293 ejusque

478 1317 731 1385 dogmata
760 1315 924 1369 fuisse
945 1312 1234 1369 damnata?

550 1407 664 1461 Nec
706 1406 836 1461 illud
861 1406 1229 1460 arbitrantium
1258 1413 1369 1472 est,
1411 1406 1536 1475 quia
1565 1414 1765 1461 sancta:
1803 1408 2077 1462 memoria:

481 1497 667 1569 Cyrilli
707 1498 917 1567 injuriis
946 1515 1044 1570 per
1063 1499 1345 1553 duodecim
1370 1500 1732 1570 capitulorum
1750 1498 1866 1568 ejus
1893 1513 2077 1569 repre-

479 1588 792 1642 hensionem
821 1603 851 1642 a
883 1589 999 1642 viro
1026 1588 1319 1642 venerabili
1349 1587 1695 1643 Theodoreto
1726 1588 1810 1659 (ut
1833 1588 2075 1659 putatur)

480 1679 688 1747 ingesta
737 1678 1029 1733 beatissimi
1080 1677 1269 1734 Patres
1313 1680 1484 1734 nostri
1532 1679 1586 1733 in
1629 1688 1813 1734 sancta
1865 1679 2076 1751 synodo

2181 491 2424 549 Ecclesia
2478 490 2777 561 apostolica
2831 491 3155 547 auctoritate
3207 491 3512 547 inveniatur
3576 491 3769 548 exclu-

2179 600 2319 640 sum.

2251 676 2292 730 1.
2345 675 2552 731 Rursus
2594 682 2774 729 tamen
2822 673 2929 729 hoc
2973 674 3284 745 specialiter
3310 674 3539 732 dicimus
3571 693 3585 731 :
3617 684 3678 731 ut
3720 677 3764 733 si

2178 766 2330 836 quis,
2364 773 2576 821 servata
2618 765 3124 821 inconvertibilitate
3162 776 3367 821 natura:
3405 766 3624 832 divinm,
3656 783 3763 823 non

2180 857 2465 913 conﬁtetur
2492 857 2727 912 Verbum
2756 871 2972 912 carnem
3004 856 3202 911 factum
3224 897 3239 921 ,
3281 866 3335 911 et
3375 874 3440 912 ex
3489 859 3601 929 ipsa
3628 874 3763 914 con-

2180 952 2432 1021 ceptione
2478 952 2545 1005 de
2588 957 2743 1007 utero
2773 950 3005 1020 Virginis
3030 952 3277 1007 humana:
3318 962 3523 1008 naturre
3552 954 3651 1009 sibi
3682 971 3765 1010 se-

2181 1040 2413 1096 cundum
2435 1040 2834 1096 subsistentiam
2864 1042 3044 1095 unisse
3070 1041 3354 1113 principia,
3390 1043 3486 1098 sed
3512 1052 3764 1115 tanquam

2180 1148 2301 1188 cum
2332 1132 2582 1187 cxistenti
2611 1130 2722 1199 jam
2763 1131 2982 1186 homine
3027 1131 3187 1187 fuerit
3214 1132 3354 1188 Deus
3383 1134 3656 1198 Verbum;
3709 1147 3767 1190 ut

2179 1238 2279 1294 per
2323 1222 2430 1277 hoc
2476 1238 2583 1277 non
2627 1231 2813 1277 sancta
2846 1222 3007 1291 Virgo
3058 1239 3183 1278 vere
3229 1224 3325 1280 Dei
3366 1227 3596 1293 genitrix
3648 1244 3767 1284 esse

2180 1312 2461 1381 credatur;
2501 1313 2595 1368 sed
2623 1314 2789 1367 verbo
2823 1321 2978 1368 tenus
3004 1315 3335 1383 appelletur,
3368 1318 3648 1372 anathema
3674 1320 3762 1376 sit.

2250 1404 2314 1459 ll.
2345 1402 2403 1459 Si
2432 1404 2553 1474 quis
2580 1403 2875 1459 secundum
2900 1404 3301 1461 subsistentiam
3323 1407 3582 1462 unitatem
3612 1418 3770 1463 natu-

2178 1509 2361 1549 rarum
2401 1494 2455 1548 in
2481 1493 2698 1549 Christo
2728 1493 2924 1549 factam
2949 1494 3211 1565 denegat,
3242 1497 3338 1552 sed
3379 1513 3622 1554 seorsum
3654 1501 3769 1554 exi-

2164 1568 2341 1642 'stenti
2368 1586 2573 1642 homini
2601 1593 2854 1657 tanquam
2883 1587 2971 1641 uni
2994 1586 3260 1655 justorum
3282 1589 3582 1647 inhabitare
3602 1593 3767 1647 Deum

2179 1675 2435 1742 Verbum,
2469 1684 2525 1731 et
2553 1691 2659 1732 non
2690 1677 2763 1731 ita
2786 1676 3107 1733 confiteatur
3135 1689 3445 1735 naturarum
3472 1683 3783 1739 secundum.

480 1766 905 1822 Chalcedonensi
930 1767 1282 1836 neglexerint,
1309 1769 1402 1823 sed
1432 1776 1524 1823 aut
1553 1769 1632 1837 (ut
1658 1777 1787 1840 pote
1814 1772 1975 1825 rebus
2005 1769 2073 1825 de
2105 1772 2152 1832 B
2179 1768 2579 1823 subsistentiam
2626 1769 2915 1833 unitatem,
2962 1777 3021 1823 ut
3070 1769 3212 1825 Deus
3257 1769 3488 1826 Verbum
3518 1789 3638 1829 cum
3677 1789 3769 1829 as-

478 1860 729 1929 proximo
753 1861 917 1927 gestis
956 1868 1143 1915 cuncta
1176 1875 1285 1929 pne
1312 1861 1481 1916 oculis
1504 1861 1787 1935 habentes)
1817 1862 2076 1918 Theodo-

478 1958 655 2005 retum
695 1950 826 2005 nihil
853 1951 961 2007 tale
986 1951 1178 2005 fecisse
1208 1954 1590 2021 probaverunt,
1649 1962 1740 2008 aut
1768 1956 2072 2025 exemplum

478 2041 649 2112 ipsius
673 2051 875 2099 saneta:
920 2044 1194 2097 memoria:
1224 2042 1409 2115 Cyrilli
1434 2044 1813 2115 judicaverunt
1842 2061 1961 2102 esse
1985 2062 2075 2103 se-

479 2131 777 2205 quendum,
829 2133 922 2201 qui
970 2140 1091 2201 post
1130 2114 1296 2187 multa
1344 2143 1398 2189 et
1445 2134 1624 2204 gravia
1672 2114 1859 2190 contra
1905 2151 1965 2191 se
2011 2136 2080 2190 ab

475 2218 841 2277 (hiemalibus
881 2223 1022 2292 apud
1064 2220 1330 2292 Ephesum
1375 2226 1578 2294 scripto
1623 2232 1802 2294 gesta,
1834 2232 2079 2295 tempore

475 2328 586 2383 quo
634 2329 757 2368 cum
800 2314 930 2383 ipsis
959 2314 1012 2368 in
1040 2314 1384 2370 concordiam
1415 2318 1706 2386 remeavit,
1738 2324 1993 2387 tauquam
2032 2316 2079 2372 si

478 2414 599 2461 acta
631 2421 739 2459 non
781 2404 1044 2470 fuissent,
1098 2407 1248 2476 pacis
1274 2422 1478 2472 amore,
1510 2407 1724 2462 silentio
1754 2409 2077 2478 dereliquit;

479 2504 540 2550 ut
585 2497 833 2565 impleret
876 2498 1061 2567 utique
1114 2498 1241 2550 illud
1279 2500 1637 2568 apostolicum
1689 2500 1922 2564 dictum,
1968 2516 2077 2570 quo

478 2585 768 2640 Corinthiis
794 2587 999 2651 scribit,
1027 2587 1209 2642 dicens
1237 2606 1251 2640 :
1281 2587 1377 2642 Cui
1405 2590 1542 2643 enim
1584 2590 1780 2663 aliquid
1821 2592 2077 2663 donastis,

477 2683 526 2729 et
545 2692 641 2747 ego
662 2674 748 2748 (ιι
780 2675 901 2730 Cor.
932 2677 1016 2744 ιι).
1048 2676 1183 2730 Nam
1203 2686 1257 2731 et
1279 2678 1407 2732 illud
1436 2688 1621 2734 sancta
1651 2682 1887 2752 synodus
1913 2679 2078 2737 Chai-

478 2766 797 2820 cedonensis
826 2767 1120 2821 intendisse
1151 2768 1417 2823 credenda
1447 2776 1549 2836 est,
1580 2771 1704 2840 quia
1728 2771 1853 2827 dum
1875 2772 2079 2829 doctri-

480 2872 605 2911 nam
635 2859 808 2913 sancti
830 2856 1014 2929 Cyrilli
1043 2874 1109 2913 ex
1139 2860 1380 2930 epistolis
1408 2861 1524 2930 ejus
1554 2864 1607 2918 in
1636 2863 1827 2919 eadem
1869 2866 2078 2938 synodo

478 2951 736 3005 reseratis
759 2958 929 3020 atque
956 2952 1190 3021 receptis
1230 2961 1561 3008 memoratus
1585 2955 1867 3025 episcopus
1896 2954 2077 3013 Theo-

479 3041 698 3097 doretns
726 3043 798 3097 ita
839 3042 1032 3098 devota
1062 3052 1244 3098 mente
1274 3046 1541 3117 suscepit,
1576 3056 1636 3102 ut
1663 3046 1922 3105 doctrina:
1944 3066 2079 3121 quo-

477 3151 583 3207 que
614 3135 731 3205 ejus
760 3135 829 3189 ad
857 3137 1176 3191 laudandam
1217 3140 1511 3195 beatissimi
1556 3156 1709 3211 papa:
1739 3141 1934 3199 Leonis
1962 3144 2078 3215 epi-

478 3229 672 3283 stolam
704 3230 1025 3284 testimoniis
1050 3239 1312 3299 uteretur,
1344 3233 1554 3287 etiamsi
1598 3234 1650 3287 in
1680 3249 1801 3289 eum
1846 3236 2069 3305 injurias

490 3321 734 3376 intulisse
760 3329 1051 3388 constaret,
1086 3323 1389 3392 plenissime
1428 3326 1752 3383 satisfecisse
1778 3329 2073 3398 videretur,

479 3413 623 3467 illius
669 3414 1049 3469 venerabiliter
1091 3417 1465 3486 amplectendo
1515 3417 1706 3485 fidem,
1760 3418 1911 3488 cujus
1943 3419 2076 3477 falso

478 3503 654 3559 fuerat
683 3507 982 3576 sUSpicatus
1011 3522 1270 3563 errorem.
1300 3508 1368 3563 Et
1416 3509 1538 3565 ideo
1590 3526 1688 3565 nos
1740 3526 1839 3566 nec
1871 3513 2073 3582 aliquid

476 3597 626 3651 velut
654 3596 908 3652 omissum
939 3614 968 3651 a
1003 3597 1250 3653 Patribus
1288 3601 1487 3655 nostris
1528 3616 1772 3671 qurerere
1812 3619 1953 3658 nunc
1984 3613 2076 3657 aut

477 3696 772 3744 retractare
820 3690 1109 3756 convenit;
1142 3699 1193 3743 ct
1224 3705 1318 3743 eos
1344 3692 1539 3760 quibus
1569 3692 1740 3745 sancti
1770 3692 1954 3763 Cyrilli
1986 3710 2074 3748 rc-

476 3782 763 3852 prehensio
795 3797 937 3835 nunc
966 3781 1174 3850 placet,
1227 3789 1320 3833 aut
1351 3781 1533 3835 iisdem
1580 3784 1779 3838 sanctis
1826 3782 2075 3839 Patribus

479 3874 675 3929 nostris
702 3874 969 3927 mstimant
1015 3873 1276 3942 placuisse
1302 3912 1315 3935 ,
1365 3872 1536 3930 modis
1565 3875 1816 3931 omnibus
1863 3878 2070 3932 refuta-

478 3981 618 4020 mus.

550 4056 658 4111 Hac
685 4070 814 4124 ergo
844 4071 1022 4110 rerum
1051 4055 1277 4109 veritate
1307 4058 1888 4125 perpensa,statuimus
1911 4067 2077 4128 atque

476 4144 815 4199 decernimus
840 4186 853 4210 ,
888 4143 1019 4197 nihil
1057 4145 1108 4196 in
1142 4143 1387 4212 injuriam
1419 4154 1580 4219 atque
1623 4145 2073 4202 obtrectationem

478 4237 839 4306 probatissimi
890 4238 943 4290 in
994 4236 1417 4291 Chalcedonensi
1449 4237 1652 4309 synodo
1694 4239 1829 4306 viri,
1860 4239 1962 4294 hoc
1989 4247 2072 4293 est

478 4327 807 4381 Theodoreti
865 4327 1100 4397 episcopi
1153 4323 1317 4396 Cyri.
1369 4326 1468 4379 sub
1520 4328 1792 4381 taxatione
1840 4329 2073 4382 nominis

476 4421 591 4490 ejus
620 4436 648 4473 a
680 4436 948 4490 quoquam
997 4418 1128 4485 fieri,
1163 4421 1243 4474 vel
1274 4418 1498 4490 proferri
1526 4437 1537 4471 :
1571 4418 1665 4472 sed
1714 4419 1979 4474 custodita
2014 4423 2066 4473 in

2181 1866 2393 1929 sumpta
2423 1872 2585 1914 carne
2615 1874 2719 1913 una
2766 1859 3121 1929 permanserit
3148 1873 3569 1931 permanea‘que
3596 1863 3770 1918 subsi-

2180 1949 2376 2004 stentia
2408 1951 2521 2005 sive
2550 1963 2801 2020 persona,
2832 1949 3116 2004 anathema
3146 1950 3232 2005 sit.

2252 2038 2339 2093 ΙΙΙ.
2372 2038 2428 2094 Si
2457 2040 2578 2109 quis
2607 2055 2770 2096 voces
2799 2042 3135 2110 evangelicas
3155 2043 3549 2112 etapostolicas
3580 2045 3630 2099 in
3662 2061 3770 2100 uno

2181 2129 2396 2185 Christo
2427 2131 2499 2185 ita
2531 2131 2751 2195 dividit,
2782 2140 2840 2186 ut
2869 2134 3031 2187 etiam
3070 2143 3381 2189 naturarum
3415 2135 3467 2189 in
3498 2136 3615 2206 ipso
3646 2138 3768 2192 uni-

2183 2228 2355 2274 tarum
2386 2219 2703 2275 divisionem
2727 2220 3052 2291 introducat,
3085 2224 3366 2279 anathema
3395 2225 3481 2279 sit.

2253 2309 2339 2365 IV.
2386 2310 2444 2366 Si
2474 2312 2593 2381 quis
2617 2327 2783 2366 unum
2826 2310 3005 2367 Jesum
3048 2311 3320 2368 Christum
3347 2331 3533 2370 verum
3574 2315 3666 2371 Dei
3714 2326 3773 2371 et

2183 2402 2433 2457 eumdem
2490 2403 2664 2473 ipsum
2711 2417 2898 2458 verum
2955 2405 3187 2460 hominis
3235 2404 3425 2461 Filium
3469 2407 3774 2464 futurorum

2186 2491 2547 2559 ignorantiam
2588 2502 2680 2547 aut
2701 2492 2807 2548 dici
2833 2493 3005 2549 ultimi
3028 2494 3213 2565 judicii
3254 2497 3504 2553 habuisse
3532 2499 3682 2568 dicit,
3714 2508 3776 2555 et

2187 2588 2333 2634 tanta
2371 2582 2510 2637 scire
2556 2583 2833 2652 potuisse,
2879 2593 3077 2655 quanta
3113 2587 3161 2639 ei
3191 2586 3388 2651 dcitas,
3421 2589 3572 2657 quasi
3616 2591 3776 2649 alteri

2183 2672 2398 2727 cuidam
2426 2673 2748 2741 inhabitans,
2775 2675 3070 2742 revolabat,
3101 2678 3379 2732 anathema
3406 2680 3491 2733 sit.

2257 2761 2320 2816 V.
2354 2761 2410 2817 Si
2452 2763 2573 2833 quis
2598 2762 2727 2818 illud
2769 2763 3042 2833 Apostoli,
3071 2765 3212 2833 quod
3242 2774 3325 2820 est
3355 2767 3407 2821 in
3439 2765 3674 2837 Epistola
3703 2768 3777 2824 ad

2184 2850 2442 2909 Hebraeos
2485 2854 2719 2919 dictum,
2764 2855 2910 2926 quod
2954 2857 3325 2926 experimento
3362 2861 3615 2929 cognovit
3642 2862 3779 2917 obe—

2184 2945 2472 3015 dientiam,
2516 2955 2722 3003 etcum
2770 2948 3007 3004 clamore
3057 2950 3178 3004 forti
3208 2959 3261 3004 et
3289 2951 3538 3024 lacrymis
3583 2969 3778 3024 preces

2183 3036 2712 3107 supplicationesque
2741 3038 2936 3094 obtulit
2964 3039 3030 3093 ad
3057 3039 3244 3105 Deum,
3275 3042 3364 3113 qui
3394 3044 3599 3099 salvmu
3620 3046 3775 3102 illum

2105 3124 2152 3185 C
2182 3135 2367 3198 posset
2395 3144 2425 3183 a
2454 3138 2629 3185 morte
2654 3130 2853 3197 facere,
2887 3139 3139 3201 tanquam
3164 3133 3306 3189 nudo
3329 3135 3528 3191 deitate
3557 3135 3779 3195 Christo

2180 3222 2476 3293 deputans,
2507 3223 2598 3293 qui
2630 3223 2902 3279 laboribus
2932 3225 3142 3279 virtutis
3171 3225 3436 3296 perfectus
3476 3228 3565 3292 sit,
3609 3237 3666 3283 ut
3703 3245 3781 3287 ex

2180 3313 2287 3366 hoc
2313 3312 2450 3368 duos
2479 3313 2819 3369 introducere
2842 3313 3087 3369 Christus
3131 3316 3213 3370 vel
3253 3315 3387 3372 duos
3419 3316 3554 3372 tilios
3586 3319 3778 3374 videa-

2180 3412 2297 3471 tur,
2330 3413 2384 3459 et
2414 3421 2521 3459 non
2567 3421 2730 3460 unum
2759 3396 3115 3476 eamdemque
3144 3408 3313 3462 credit
3356 3407 3625 3465 Christum
3675 3412 3779 3467 Dei

2180 3503 2234 3547 et
2262 3494 2492 3549 hominis
2522 3494 2711 3548 Filium
2743 3510 2811 3549 ex
2837 3495 3042 3551 duabus
3060 3506 3114 3551 et
3138 3498 3189 3551 in
3222 3498 3431 3555 duabus
3460 3485 3663 3555 naturis
3691 3502 3780 3556 in-

2179 3585 2570 3654 separabilibus
2638 3585 2983 3656 indivisisque
3025 3585 3386 3645 confitendum
3434 3599 3594 3660 atque
3639 3593 3779 3648 ado-

2179 3678 2423 3743 randum,
2458 3676 2743 3734 anathema
2764 3679 2852 3732 sit.

2251 3768 2344 3824 llis
2373 3770 2623 3825 omnibus
2656 3781 2710 3825 ct
2739 3772 3044 3839 bujusmodi
3076 3774 3419 3843 blasphemiis
3448 3775 3521 3830 ita
3552 3792 3581 3830 a
3613 3777 3778 3834 nobis

2179 3857 2441 3913 abdicatis
2470 3868 2632 3929 atque
2662 3860 2957 3927 damnatis,
2991 3863 3089 3917 bac
3118 3865 3397 3932 [musculis
3423 3867 3778 3923 constitutio—

2180 3947 2261 4001 nis
2287 3947 2637 4019 dispositionc
2665 3964 2825 4017 quam
2859 3950 3088 4005 maxime
3117 3952 3484 4020 providemus,
3511 3970 3577 4009 ne
3607 3956 3780 4022 (sicut

2178 4052 2337 4107 supra
2382 4037 2640 4108 diximus)
2691 4041 2957 4108 personis,
3006 4055 3125 4108 qua:
3173 4042 3225 4095 in
3274 4057 3406 4111 pace
3448 4053 3780 4100 etcommu—

2179 4128 2341 4182 ixione
2369 4127 2683 4182 universalis
2712 4128 2964 4184 Ecclesia:
2994 4131 3331 4198 quieverunt,
3365 4133 3464 4186 sub
3495 4134 3593 4188 hac
3619 4135 3782 4188 dam-

2180 4220 2288 4273 nati
2338 4236 2367 4274 a
2427 4219 2583 4275 nobis
2634 4222 2869 4290 perversi
2935 4222 3197 4290 dogmatis
3245 4225 3526 4279 occasioae
3571 4226 3779 4294 ali<;ttid

2176 4308 2481 4376 derogetur,
2515 4309 2607 4363 sed
2633 4310 3051 4365 exsecrabiltbus
3082 4311 3427 4379 dogmatibus
3449 4314 3498 4366 iu
3523 4314 3779 4370 Nt-storio

2177 4408 2339 4469 atque
2372 4399 2671 4471 Eutychete
2715 4401 3084 4457 hmresiarcbis
3112 4444 3127 4471 ,
3180 4405 3549 4475 universi-que
3580 4421 3779 4460 eorum

474 4512 724 4565 munibus
771 4527 1012 4579 pergam,
1061 4512 1175 4578 vi“;
1206 4512 1501 4565 rm,”ch
1530 4552 1543 4573 ’
1575 4526 1907 4580 mmmnquc
1937 4512 2071 4565 επὶ,
2103 4501 2145 4557 ῐ)
2176 4491 2497 4560 sequacibus
2520 4490 2905 4555 condemnatis,
2931 4491 3033 4546 illis
3054 4493 3427 4549 sacerdotibus
3450 4497 3536 4563 qui
3560 4497 3608 4548 in
3638 4513 3782 4564 pat‘c

476 4616 564 4673 pta
590 4646 603 4667 ,
659 4604 739 4656 vel
792 4605 1035 4669 dogmata
1086 4602 1200 4669 ejus
1250 4604 1536 4669 cujuslibet
1565 4613 1588 4639 α
1621 4604 1836 4657 nomine
1863 4604 2071 4672 prolata

474 4695 856 4747 sceleratorum
888 4692 1118 4745 Nestorii
1150 4703 1310 4760 atque
1356 4692 1666 4763 Eutychetis
1716 4693 2071 4747 manifestan-

475 4794 561 4837 tnr
626 4783 898 4836 erroribus
960 4799 1259 4836 consonare
1326 4784 1845 4836 anathematizamus
1908 4791 2072 4852 atque

473 4873 810 4926 damnamus.
845 4870 1057 4926 Etenim
1089 4874 1218 4926 satis
1243 4873 1404 4926 habet
1428 4914 1443 4936 ,
1474 4872 1792 4941 abundeque
1826 4871 2073 4928 sufficere

471 4962 659 5029 debet,
702 4962 844 5033 quod
872 4963 1190 5017 damnantes
1218 4971 1378 5031 atque
1406 4962 1924 5016 anathematizantes
1949 4978 2070 5015 cum

412 5104 417 5121 γ
476 5053 644 5108 Paulo
666 5053 1021 5108 Samosateno
1051 5063 1103 5108 et
1135 5054 1345 5107 Bonoso
1373 5052 1697 5116 Nestorium,
1721 5060 1772 5107 et
1802 5066 1832 5105 c
1855 5051 2069 5105 diverso

472 5163 592 5202 cum
640 5146 924 5200 Valentino
971 5153 1129 5213 atque
1158 5145 1467 5214 Apollinare
1509 5142 1862 5214 Eutychetcm
1910 5139 2070 5196 simul

472 5247 527 5290 et
576 5251 787 5293 errores
833 5252 1021 5292 eorum
1048 5275 1062 5300 ,
1114 5236 1354 5303 aliosque
1392 5233 1682 5288 htcreticos
1730 5247 1917 5286 onmcs
1947 5247 2067 5286 cum

472 5329 811 5393 dogmatibus
838 5332 947 5384 suis
966 5369 980 5394 ,
1025 5328 1146 5383 illos
1175 5342 1389 5397 quoque
1421 5327 1622 5396 pariter
1644 5325 2068 5381 condemnamus

471 5421 561 5489 qui
593 5434 779 5473 eorum
820 5420 1063 5489 impliciti
1100 5428 1168 5474 'et
1214 5417 1634 5472 inemendabiles
1685 5424 2066 5485 permanentes

472 5508 538 5563 dc
569 5509 673 5561 vita
703 5509 979 5577 prmsentis
1008 5509 1190 5564 saeculi
1217 5509 1598 5577 migravcrunt.
1644 5505 1921 5576 Siquidem
1970 5522 2067 5575 per

471 5602 575 5658 hoc
602 5601 733 5656 nihil
776 5616 1045 5672 perversa:
1084 5601 1340 5655 doctrinze
1368 5601 1740 5669 relinquimus,
1786 5599 1929 5668 quod
1960 5615 2065 5652 non

544 5784 569 5815 ⁸
597 5773 781 5843 Forte,
805 5774 949 5844 ejus,
979 5781 1068 5827 aut
1094 5773 1305 5827 alterius
1334 5772 1620 5841 cujuslibet.
1656 5770 1984 5825 "ARDL'LVUS.

2176 4580 2441 4635 catholica
2496 4579 2745 4635 Ecclesia:
2786 4581 2946 4652 (sicut
2975 4582 3175 4637 dictum
3224 4583 3328 4657 est)
3368 4598 3492 4640 sunt
3534 4586 3779 4644 defuncti

2177 4672 2320 4724 nulla
2348 4672 2673 4725 contumelia
2702 4680 2985 4740 generetur
3008 4715 3021 4738 ,
3058 4689 3125 4727 ne
3155 4675 3278 4729 inde
3322 4676 3634 4744 injuriarum
3670 4695 3779 4731 na-

2175 4771 2355 4817 scatur
2376 4764 2610 4827 occasio,
2632 4765 2773 4818 unde
2797 4767 2977 4834 potius
3002 4765 3197 4820 debeat
3219 4777 3421 4821 sancto:
3441 4786 3524 4820 lltll
3554 4768 3622 4821 i‘a
3654 4787 3778 4824 rum

2177 4854 2477 4907 reverentia
2513 4854 2790 4908 custodiri.

2250 4943 2324 4997 De
2347 4944 2572 5014 epistola
2616 4961 2830 5014 quoque
2860 4947 3180 5002 tenerabilis
3210 4948 3309 5001 viri
3337 4948 3459 5011 Iba),
3493 4949 3776 5017 quondam

2176 5034 2462 5090 Edessenzc
2498 5037 2729 5091 civitatis
2768 5037 3027 5107 episcopi,
3081 5038 3148 5093 de
3200 5054 3303 5107 qua
3351 5040 3551 5109 pariter
3593 5040 3779 5109 inqui-

2176 5126 2347 5192 sistis,
2381 5126 2620 5195 diligenti
2669 5127 3014 5183 nihilominus
3067 5130 3476 5199 investigatione
3525 5134 3783 5201 qumsivi-

2177 5236 2315 5284 mus,
2360 5221 2402 5275 si
2433 5220 2557 5289 quid
2590 5221 2656 5275 de
2700 5238 2761 5275 ea
2807 5223 2992 5291 priscis
3039 5223 3370 5292 letnporibus
3399 5224 3541 5293 apud
3582 5222 3781 5281 Patres

2176 5319 2391 5365 nostros
2440 5322 2680 5373 motuin,
2711 5312 2797 5366 vel
2836 5313 3115 5378 agitatum,
3148 5314 3261 5366 sive
3307 5314 3620 5381 quaesitum,
3672 5330 3779 5371 seu

2172 5403 2332 5456 fuerit
2352 5404 2725 5457 constitutum.
2759 5402 2825 5456 Et
2848 5404 2971 5472 quia
3001 5401 3198 5457 Gut-ca:
3229 5404 3421 5473 lingua:
3451 5406 3610 5477 (sicut
3633 5422 3776 5458 cun-

2173 5494 2274 5547 ctis
2321 5500 2375 5548 et
2421 5495 2653 5549 maxime
2703 5495 2891 5563 pietati
2938 5502 3129 5547 vestra:
3179 5492 3381 5549 noium'
3410 5496 3535 5565 ρει)
3583 5513 3777 5552 snnms

2172 5585 2365 5652 ignari,
2400 5601 2539 5639 nunc
2569 5601 2666 5655 per
2696 5593 2931 5649 nostros,
2963 5584 3052 5652 qui
3082 5583 3320 5653 ejusdem
3352 5585 3544 5654 lingua:
3570 5586 3769 5640 viden-
