4006 6190
322 307 419 362 1οεί
1518 305 1624 362 ΕΡΙ
1642 307 1870 374 δΤΟίιιεΕ

1971 310 1988 363 Γ
2026 306 2358 365 DECRETA.
3453 307 3553 366 103

312 428 400 471 tur
463 413 662 470 habere
731 413 1007 481 notitiam,
1058 422 1205 482 gesta
1268 417 1439 472 sancti
1491 417 1888 487 venerandique
1920 422 1965 478 Α
1993 433 2100 472 non
2129 417 2303 472 solum
2333 430 2439 470 non
2478 414 2882 480 contradixisse,
2915 428 3100 469 verum
3149 412 3308 468 etiam
3337 414 3560 484 apertis-

308 503 762 560 Chalcedouensis
790 503 1002 558 concilii
1043 503 1096 558 in
1135 504 1481 576 synodalibus
1509 507 1781 563 codicibus
1807 507 1889 562 di-
1991 507 2184 561 simum
2211 513 2506 562 noscuntur
2533 505 2824 576 praebuisse
2849 518 3188 560 consensum.

310 596 658 666 ligentissiuie
683 594 1077 665 perquirentes,
1105 595 1336 652 dilucide
1361 607 1654 668 aperteque
1684 600 1888 670 reperi-
2060 595 2290 666 Propter
2316 597 2745 666 praedicationem
2776 594 2914 660 ﬁdei,
2946 611 3044 665 per
3063 610 3220 665 quam
3245 592 3560 648 venerandae

310 703 448 752 tuus,
477 686 686 741 duabus
726 685 780 740 in
819 686 1004 740 eadem
1054 689 1260 758 synodo
1308 690 1610 746 actionibus
1648 693 1886 761 praedicti
1986 677 2376 743 recordationis
2427 685 2654 759 Cyrillus
2699 686 3090 741 Alexandrinus
3139 685 3450 756 episcopus,
3506 698 3562 743 et

309 779 404 832 viri
447 777 770 832 venerabilis
815 776 920 831 Iba:
966 778 1329 834 examinatum
1381 779 1542 837 fuisse
1587 783 1880 850 negotium,
1987 778 2462 836 reverendissimus
2486 777 2720 835 Joannes
2749 779 3110 833 Antiochenus
3132 779 3372 840 antistes,
3396 785 3558 846 atque

306 870 486 939 ibique
515 885 580 923 ex
615 869 780 937 gestis
820 869 959 938 apud
997 867 1246 924 Photium
1288 869 1411 943 Tyri
1451 883 1510 927 et
1547 872 1882 930 Eustathium

305 957 484 1028 Beryti
513 959 799 1028 episcopos
825 958 1041 1024 habitis,
1069 959 1209 1014 hanc
1229 959 1294 1015 de
1315 976 1418 1030 qua
1439 964 1713 1032 quzeritur,
1743 965 1884 1019 inter

300 1053 494 1104 cetera
524 1051 789 1119 prolatam
818 1049 978 1106 fuisse
1006 1061 1194 1106 contra
1223 1068 1344 1107 eum
1383 1054 1451 1109 ab
1480 1058 1881 1114 accusatoribus

299 1139 417 1206 ejus
440 1139 722 1209 epistolam
748 1157 760 1194 :
785 1155 1012 1211 cumque
1035 1153 1404 1198 consummata
1427 1146 1591 1215 ipsius
1614 1147 1880 1218 discepta-

299 1230 447 1284 tione
476 1231 710 1299 negotii,
741 1246 772 1285 a
799 1232 1118 1287 venerandis
1144 1232 1334 1290 fuisset
1371 1235 1618 1293 Patribus
1645 1242 1876 1309 requisi-

297 1330 433 1386 tum,
465 1321 594 1391 quid
621 1321 690 1377 de
720 1320 958 1391 ejusdem
997 1323 1432 1380 constituendum
1461 1328 1735 1384 videretur
1772 1331 1877 1386 Iba:

295 1413 538 1480 negotio,
588 1421 984 1482 consequenter
1025 1413 1328 1484 hujusmodi
1377 1419 1704 1486 processisse
1749 1436 1876 1476 sen-

294 1502 515 1558 tentias.

363 1609 722 1666 Pascliasinus
750 1621 800 1666 et
839 1611 1143 1682 Lucentius,
1177 1617 1592 1674 reverendissimi
1628 1623 1871 1694 episcopi,

289 1711 338 1755 et
362 1700 667 1771 Bonifacius
689 1703 971 1774 presbyter,
993 1713 1217 1760 tenentes
1237 1707 1406 1762 locum
1418 1711 1555 1765 sedis
1578 1717 1874 1783 apostolica:

1985 884 2172 924 omnes
2201 870 2498 926 Orientales
2531 871 2766 941 episcopi
2796 885 2893 940 per
2921 869 3143 924 Paulum
3172 869 3447 924 Emesenaa
3475 867 3556 924 ci-

1982 961 2164 1016 vitatis
2203 962 2511 1032 episcopum
2548 963 2615 1016 ad
2661 963 3001 1018 concordiam
3050 962 3341 1027 redierunt,
3394 975 3554 1030 quam

1981 1049 2100 1104 lbas
2120 1064 2332 1119 quoque
2359 1051 2411 1105 in
2440 1054 2626 1107 eadem
2656 1052 2880 1122 epistola
2912 1051 3151 1120 laudans,
3180 1052 3408 1106 libenter
3435 1065 3555 1106 am-

1979 1139 2251 1210 plectitur,
2273 1142 2572 1197 orthodoxa
2595 1150 2676 1198 est
2705 1143 2806 1198 Ιὺεθ
2836 1143 3071 1212 episcopi
3098 1159 3127 1196 a
3157 1142 3403 1197 Patribus
3421 1157 3552 1214 pro-

1981 1233 2223 1286 nuntiata
2252 1233 2491 1289 dictatio.
2515 1234 2607 1288 Illa
2629 1250 2756 1289 vero
2779 1250 2897 1303 qua:
2919 1236 2969 1288 in
2999 1236 3109 1304 ipsa
3135 1233 3236 1288 Iba:
3258 1233 3553 1289 sacerdotis

1979 1323 2208 1392 epistola
2259 1324 2312 1377 in
2361 1323 2568 1392 injuriis
2607 1325 2777 1378 beata:
2821 1319 3209 1378 recor'dationis
3245 1322 3425 1393 Cyrilli
3454 1335 3552 1392 per

1978 1428 2216 1467 errorem
2253 1413 2614 1483 iutelligentim
2652 1413 2791 1468 dicta
2835 1421 2991 1480 sunt,
3037 1411 3224 1467 Patres
3263 1413 3316 1465 in
3366 1419 3550 1466 sancta

1978 1501 2402 1558 Chalcedonensi
2431 1503 2635 1574 synodo
2680 1503 2962 1571 epistolam
3009 1502 3416 1572 pronuntiantes
3461 1517 3550 1557 or-

1980 1593 2291 1660 thodoxam,
2321 1595 2621 1649 nullatenus
2649 1603 3002 1665 receperunt:
3029 1596 3225 1665 quippe
3246 1609 3365 1664 qua:
3387 1595 3546 1650 etiam

1979 1687 2092 1755 ipse
2139 1687 2460 1742 venerabilis
2513 1688 2818 1757 episcopus,
2874 1687 3145 1742 intellectu
3191 1687 3550 1758 capitulorum
3638 1707 3648 1714 ·

293 1791 442 1859 (quia
471 1791 620 1846 missi
645 1791 926 1862 apostolici
954 1809 1168 1864 semper
1196 1796 1248 1850 in
1278 1797 1498 1868 synodis
1534 1776 1680 1870 prius
1727 1803 1875 1874 loqui
1909 1790 1954 1850 Β
1979 1776 2096 1874 ΫῙυδ
2124 1777 2344 1874 {minore
2372 1786 2610 1874 Μορμὼ
2642 1778 2896 1874 uiuum.“
2913 1778 3361 1874 Ieru‘a‘tilficm
3384 1779 3548 1874 er-

287 1893 344 1938 ct
372 1883 696 1939 conﬁrmare
725 1885 867 1941 soliti
893 1885 1060 1956 sunt),
1090 1905 1181 1957 per
1195 1887 1568 1946 Paschasiuum
1599 1894 1870 1951 dixerunt:

294 1974 520 2028 Relectis
548 1977 762 2041 chartis,
791 1978 1087 2047 agnovimus
1124 1994 1188 2031 ex
1224 1983 1482 2034 sententia
1511 1985 1874 2040 rererendissi-

287 2083 488 2120 morum
519 2069 891 2136 episcoporum,
925 2067 1071 2123 Ibam
1101 2073 1574 2128 reverendissimum
1603 2078 1872 2133 innoxiam

286 2158 570 2226 approbari
601 2175 620 2212 :
652 2159 838 2212 relecto
859 2161 996 2212 enim
1024 2162 1137 2230 ejus
1173 2163 1391 2230 epistola
1427 2166 1729 2234 agnovimus
1755 2185 1870 2223 eum

285 2248 657 2302 orthodoxam.
690 2246 758 2300 Et
784 2247 845 2302 ob
873 2249 967 2305 hoc
990 2249 1312 2303 decernimus
1339 2253 1385 2304 ei
1407 2253 1648 2308 honorent
1669 2258 1867 2321 episco-

285 2347 439 2406 patus
479 2339 871 2404 restituendum,
919 2348 968 2393 et
1013 2337 1319 2405 Ecclesium,
1370 2359 1402 2395 α
1446 2361 1546 2414 qua
1590 2347 1780 2416 injuste
1820 2361 1871 2404 et

284 2429 472 2482 absens
503 2429 743 2497 expulsus
771 2437 878 2494 est,
908 2430 1276 2500 reparandum.
1320 2431 1399 2486 De
1437 2436 1673 2506 episcopo
1713 2440 1869 2509 igitur

283 2524 614 2577 sanctissimo
644 2521 871 2590 Nonnu,
902 2524 986 2592 qui
1014 2541 1107 2593 pro
1139 2541 1198 2578 eo
1225 2526 1381 2595 paulo
1411 2538 1531 2582 ante
1568 2531 1736 2598 [actus
1759 2542 1866 2600 est,

283 2613 684 2666 existinutionis
715 2614 809 2667 erit
839 2614 1140 2669 venerabilis
1164 2615 1387 2686 episcopi
1410 2616 1741 2674 Antiochena:
1762 2620 1869 2676 Ec-

287 2706 457 2759 clesia:
508 2706 633 2777 quid
677 2713 913 2775 oporteat
965 2707 1029 2760 de
1073 2723 1134 2762 eo
1186 2709 1407 2780 formari
1455 2708 1717 2783 [ﬁrmari]
1762 2713 1868 2769 sive

288 2798 465 2851 statui.

355 2910 628 2965 Anatolius
658 2912 1106 2966 reverendissimus
1134 2913 1543 2984 archiepiscopus
1569 2914 1866 2974 Constanti-

288 3003 485 3073 nopolis
514 3019 660 3057 nocte
690 3003 871 3059 Roma:
899 3005 1032 3058 dixit
1063 3021 1082 3058 :
1116 3003 1214 3058 Dei
1242 3008 1715 3064 amantissimorum
1754 3012 1865 3081 epi-

289 3111 554 3163 scoporum
593 3105 643 3148 et
662 3095 898 3165 judicum
925 3097 1074 3166 ﬁdes,
1114 3113 1176 3150 ac
1219 3097 1369 3152 lectio
1409 3099 1640 3154 omnium
1682 3101 1862 3156 [torum

288 3202 395 3254 quae
412 3196 533 3240 sunt
553 3187 843 3252 subsecuta,
875 3187 1226 3241 demonstrant
1252 3188 1521 3243 innoxium
1547 3189 1696 3245 Ibam
1724 3207 1864 3246 reve-
1893 3168 1936 3229 Ο

287 3278 648 3331 rendissinmm
701 3277 766 3330 ab
815 3278 1226 3332 accusationibus
1273 3295 1385 3350 quae
1433 3279 1594 3335 illatte
1638 3291 1757 3336 sunt
1806 3285 1861 3337 in

288 3384 434 3421 enni:
466 3368 605 3421 unde
649 3383 848 3422 onmem
889 3367 944 3421 in
985 3370 1228 3435 presenti
1273 3371 1612 3438 suspicionem
1652 3370 1858 3440 abjicio,

288 3458 524 3527 quoniam
551 3459 803 3512 consentit
843 3467 892 3511 et
931 3457 1206 3512 subscribit
1245 3460 1292 3513 ei
1328 3476 1442 3532 quae
1480 3477 1615 3514 nunc
1660 3463 1723 3517 de
1758 3464 1864 3533 ﬁde

287 3549 536 3602 sententia
564 3551 688 3602 data
707 3559 784 3604 est
803 3567 834 3602 a
855 3559 1033 3603 sancto
1055 3549 1293 3616 concilio,
1316 3561 1365 3604 et
1391 3552 1621 3620 epistola:
1638 3555 1861 3608 sanctis-

287 3638 398 3691 simi
439 3639 816 3709 archiepiscopi
863 3638 1043 3694 Iioma:
1072 3638 1284 3702 Leonis,
1314 3649 1363 3694 et
1392 3641 1604 3712 dignum
1633 3659 1747 3698 eum
1768 3646 1861 3716 juo

287 3729 394 3782 dico
421 3730 742 3798 episcopatu,
764 3737 815 3782 et
843 3727 1026 3782 habere
1051 3745 1230 3783 curam
1254 3730 1308 3783 in
1333 3747 1435 3801 qua
1453 3732 1652 3802 pridem
1675 3735 1864 3789 existe-

285 3821 366 3872 bat
394 3818 662 3875 Ecclesia.

352 3933 619 3988 Maximus
681 3935 1130 3990 reverendissimus
1193 3936 1460 4006 episcopus
1515 3936 1864 3993 Antiochenus

286 4027 414 4079 dixit
441 4041 460 4079 :
487 4024 576 4079 Ex
604 4027 670 4079 iis
703 4043 816 4098 quae
855 4027 1006 4081 modo
1044 4027 1236 4081 relecta
1262 4036 1402 4090 sunt,
1435 4030 1677 4083 constitui
1704 4033 1867 4084 mani-

285 4122 466 4187 festum
493 4133 624 4182 esse,
656 4119 773 4188 quia
799 4120 864 4172 ab
890 4117 1123 4174 omnibus
1151 4121 1198 4174 ei
1225 4119 1385 4174 illatis
1413 4123 1864 4176 reverendissimus

287 4209 404 4265 Ibus
431 4212 676 4264 innocens
705 4221 781 4264 est
818 4221 1046 4281 repertus
1076 4227 1094 4262 :
1123 4227 1188 4265 ea:
1230 4211 1417 4266 relecto
1455 4229 1571 4267 vero
1617 4215 1863 4283 rescripto

283 4302 536 4370 ιρὶιιοιω,
565 4317 680 4372 qua:
717 4299 932 4370 probata
971 4309 1048 4353 est
1089 4300 1152 4353 ab
1189 4317 1249 4354 eo
1285 4301 1371 4371 qui
1397 4301 1724 4355 adversarius
1751 4302 1862 4371 ejus

281 4395 474 4458 existit,
507 4393 798 4446 orthodoxa
825 4400 900 4445 est
923 4393 1036 4462 ejus
1065 4390 1328 4444 declarata
1358 4391 1590 4446 dictatio.

352 4503 444 4558 llis
473 4505 636 4572 igitur
662 4504 734 4556 ita
763 4504 816 4557 in
843 4511 1043 4558 sanctzc
1075 4500 1527 4556 Chalcedonensis
1553 4501 1742 4572 synodi
1768 4500 1858 4571 ju-
1890 4539 1938 4598 υ

283 4596 420 4649 dicio
462 4594 920 4663 dispositioneque
956 4591 1292 4661 jacentibus,
1331 4600 1387 4646 et
1427 4592 1500 4645 ita
1543 4591 1860 4646 vicariatum

281 4687 418 4739 sedis
447 4685 761 4754 apostolica:
800 4682 1227 4738 venerandorum
1269 4683 1554 4752 prmsulum
1594 4683 1864 4737 sustinen-

287 4777 411 4829 tium
439 4785 496 4831 et
536 4784 858 4830 ceterorum
890 4771 1108 4827 Patrum
1153 4773 1652 4828 interlocutionibus
1685 4772 1866 4827 decla-

284 4870 427 4931 ratis,
452 4868 731 4922 evidenter
751 4867 1098 4928 advertimus,
1122 4865 1266 4936 quod
1287 4866 1354 4920 ab
1379 4865 1462 4919 bis
1480 4865 1571 4934 qui
1600 4865 1650 4918 iu
1676 4865 1863 4919 eadem

282 4969 462 5013 sancta
492 4955 922 5012 Chalcedonensi
950 4954 1158 5026 synodo
1195 4953 1372 5009 locum
1402 4953 1696 5008 beatissimi
1727 4967 1864 5022 prm-

282 5051 579 5106 deeessoris
624 5049 792 5103 nostri
827 5063 979 5118 papa:
1023 5045 1221 5103 Leonis
1265 5046 1502 5101 tenuisse
1543 5055 1858 5114 noscuntur,

284 5143 480 5196 dictum
506 5143 575 5195 sit
609 5159 621 5194 :
655 5139 865 5195 Relectn
893 5141 1004 5211 ejus
1031 5141 1250 5211 epistola
1279 5141 1578 5210 agnovimus
1608 5155 1722 5192 eum
1749 5155 1863 5193 esse

285 5233 621 5294 eatltolicum;
651 5230 802 5285 etab
847 5229 1096 5284 Anatolio
1139 5228 1739 5299 Constantinopolitano
1782 5228 1864 5282 di-

284 5336 424 5380 ctu")
450 5327 524 5380 sit
555 5341 570 5377 :
607 5323 778 5378 Lectio
809 5325 1037 5378 omnium
1067 5339 1180 5392 qua:
1210 5333 1328 5375 sunt
1355 5320 1622 5375 subsecuta
1659 5320 1866 5375 demon-

285 5428 412 5473 strat
456 5415 731 5471 innoxium
771 5412 921 5466 Ibam
951 5411 1427 5466 reverendissimum
1457 5411 1521 5464 ab
1563 5410 1641 5463 Itis
1669 5427 1784 5482 quae
1809 5411 1864 5465 in

283 5525 393 5563 eum
421 5514 748 5561 accusatores
774 5505 1090 5569 intulerant;
1115 5519 1144 5558 a
1169 5503 1400 5557 Maximo
1422 5518 1551 5557 vero
1572 5501 1866 5558 Antioche-

285 5617 353 5654 no
381 5601 584 5653 dictum
606 5598 676 5652 sit
709 5615 720 5625 '
750 5595 836 5649 Ea:
856 5597 1042 5650 relecto
1069 5597 1259 5666 scripto
1281 5595 1509 5663 cpistola!
1533 5595 1670 5663 quod
1689 5595 1865 5664 perla»

281 5699 385 5743 tnm
413 5698 491 5742 est
518 5689 584 5740 ab
612 5687 911 5740 adversario
939 5687 1069 5756 ejus,
1102 5686 1354 5740 cat/colica
1375 5694 1448 5738 est
1471 5685 1579 5753 ejus
1603 5685 1866 5737 declarata

281 5785 532 5849 dictatio;
575 5797 805 5851 quorum
854 5780 1356 5836 interlocutionibus
1401 5777 1582 5834 carteri
1628 5777 1863 5847 episcopi

587 5876 856 5936 ΡΑτιιοι..
907 5871 1125 5931 LXIX.

1977 1864 2249 1922 locutione
2277 1868 2594 1923 venerandae
2615 1870 2886 1923 memoria:
2912 1867 3157 1924 Eunomii
3177 1869 3548 1926 Nicomedien-

1975 1957 2048 2012 sis
2077 1959 2313 2030 episcopi
2342 1961 2394 2014 in
2429 1961 2616 2016 eadem
2662 1970 2846 2016 sancta
2889 1961 3312 2018 Chalcedonensi
3341 1961 3546 2034 synodo

1976 2049 2260 2104 residentis
2311 2050 2711 2106 evidentissime
2758 2051 3094 2117 declaratur;
3147 2051 3290 2120 quod
3353 2052 3424 2105 ita
3487 2067 3547 2106 se

1975 2139 2136 2193 habet
2164 2157 2178 2194 :
2209 2139 2495 2195 Eunomius
2542 2143 2807 2212 episcOpus
2854 2140 3176 2196 Nicomedia
3205 2142 3336 2195 dixit
3376 2157 3394 2194 :
3423 2141 3546 2194 Jam

1972 2226 2175 2297 quidem
2205 2245 2270 2282 ea:
2297 2229 2378 2282 his
2405 2244 2520 2300 qum
2555 2229 2742 2282 relecta
2790 2234 2908 2282 sunt
2951 2231 3194 2283 innoxius
3233 2230 3544 2300 approbatus

1970 2329 2046 2373 est
2075 2319 2252 2374 beatus
2282 2319 2436 2385 Ibas;
2466 2323 2518 2375 in
2547 2322 2725 2394 quibus
2753 2325 2906 2376 etiam
2934 2325 3148 2378 dicendo
3178 2325 3311 2379 male
3338 2325 3546 2396 culpare

1973 2410 2106 2462 visus
2141 2419 2216 2463 est
2256 2411 2604 2465 beatissimum
2643 2411 2922 2483 Cyrillum,
2951 2425 2998 2468 et
3024 2415 3077 2468 in
3104 2417 3373 2485 postremis
3413 2426 3546 2470 recte

1973 2503 2236 2572 confessus
2282 2503 2374 2556 illa
2414 2520 2528 2574 ante
2573 2504 2863 2575 culpaverat
2890 2508 3146 2577 refutauit.
3191 2506 3340 2562 Unde
3367 2519 3414 2562 et
3450 2526 3544 2581 ego

1971 2593 2492 2647 anathematizantem
2529 2611 2644 2648 eum
2688 2593 2986 2650 Nestorium
3032 2606 3082 2650 et
3120 2596 3449 2668 Eutycltetem
3495 2609 3544 2652 et

1968 2685 2128 2754 impia
2173 2702 2347 2739 eorum
2397 2685 2661 2757 dogmata,
2701 2696 2750 2740 et
2789 2690 3186 2742 consentientem
3232 2690 3312 2744 Itis
3356 2706 3471 2761 qute
3511 2707 3544 2743 α

1969 2776 2296 2830 sanctissimo
2325 2777 2706 2848 archiepiscopo
2733 2775 2905 2832 Leone
2929 2780 3120 2848 scripta
3139 2789 3276 2845 sunt,
3299 2793 3346 2834 et
3366 2782 3420 2833 in
3449 2780 3543 2834 hac

1968 2865 2246 2918 universali
2273 2866 2492 2936 synodo,
2523 2867 2732 2937 dignum
2757 2883 2866 2921 esse
2889 2869 3184 2937 episcopatu
3213 2869 3450 2924 decerno.

2037 2953 2169 3008 Nam
2193 2964 2248 3010 et
2272 2957 2590 3012 venerabilis
2612 2959 2885 3014 memoria:
2907 2958 3176 3015 Juvenalis
3201 2959 3543 3014 iuterlocutio

1969 3045 2074 3101 hoc
2101 3045 2243 3101 idem
2269 3047 2534 3115 signiﬁcat
2565 3067 2578 3102 :
2609 3049 2753 3118 quod
2779 3048 2896 3104 lbas
2918 3049 3199 3119 episcopus
3219 3052 3286 3106 de
3310 3066 3376 3106 eo
3397 3049 3542 3119 quod

1969 3143 2158 3191 sancto
2187 3134 2385 3208 Cyrillo
2406 3138 2636 3208 capitula
2662 3137 2776 3208 ejus
2799 3139 2953 3194 aliter
2983 3139 3327 3208 intelligendo
3357 3140 3536 3195 detra-

1966 3234 2142 3296 xerat,
2171 3236 2359 3298 postea
2389 3228 2679 3300 professus,
2711 3231 2854 3301 quia,
2886 3231 2970 3285 his
2989 3231 3055 3285 ab
3080 3246 3146 3285 eo
3168 3232 3467 3301 eXplanatis
3485 3239 3542 3288 et

1965 3332 1994 3371 a
2015 3333 2075 3372 se
2108 3319 2409 3386 intellectis,
2433 3321 2484 3374 in
2505 3321 2936 3376 communionem
2963 3320 3078 3390 ejus
3104 3320 3296 3376 devote
3317 3336 3543 3376 concur-

1965 3409 2117 3478 rerit,
2144 3419 2198 3464 et
2225 3410 2292 3465 de
2321 3411 2404 3466 his
2429 3427 2547 3480 qum
2577 3412 2726 3482 prius
2753 3413 2908 3468 aliter
2936 3412 3270 3468 intellexerat
3309 3412 3379 3466 sit
3406 3426 3540 3467 con-
3635 3483 3641 3490 .

1966 3516 2180 3568 versus;
2212 3510 2498 3571 propterea
2531 3503 2770 3572 recipere
2799 3518 2920 3558 eum
2963 3503 3330 3573 episcopatum
3356 3502 3542 3557 decre-

1966 3594 2064 3660 vit,
2111 3602 2169 3647 ut
2215 3603 2342 3664 pote
2391 3602 2650 3664 quantum
2688 3593 2754 3648 ad
2785 3594 3173 3664 professionem
3204 3594 3324 3648 fidei
3356 3594 3544 3649 ortho-

1965 3685 2166 3740 doxum
2211 3686 2566 3751 existentem,
2614 3687 2686 3740 ita
2736 3685 2923 3740 dicens
2971 3703 2984 3738 :
3036 3683 3136 3749 Qui
3183 3695 3544 3742 convertuntur

1965 3775 2237 3848 Scriptura
2267 3777 2442 3830 divina
2467 3777 2658 3847 suscipi
2680 3776 2859 3848 jubet;
2887 3787 3196 3848 quapropter
3215 3787 3264 3830 et
3287 3779 3351 3832 ab
3381 3779 3544 3833 luere-

1965 3871 2080 3923 ticis
2127 3877 2430 3923 revertentes
2479 3869 2803 3938 suscipimus.
2851 3868 3001 3923 Unde
3041 3870 3292 3940 praevideo
3319 3888 3544 3926 reveren-

1965 3957 2234 4011 dissimum
2275 3956 2424 4011 Ibam
2452 3958 2638 4011 mereri
2664 3958 3009 4025 clementiam,
3039 3961 3158 4028 quia
3183 3969 3232 4012 et
3259 3975 3416 4013 senex
3444 3971 3540 4026 est,

1964 4057 2021 4100 ut
2040 4047 2226 4101 habeat
2254 4049 2576 4118 episcopatus
2598 4050 2834 4119 gradum,
2859 4049 3201 4104 orthodoxam
3222 4052 3542 4106 existentem.

1965 4136 2166 4203 Quibus
2193 4138 2374 4193 verbis
2402 4139 2506 4193 hoc
2544 4138 2874 4208 intelligitur,
2910 4140 3053 4208 quod
3095 4141 3140 4194 si
3182 4141 3249 4195 ab
3278 4142 3546 4197 hmreticis

1963 4230 2244 4284 venientes
2273 4230 2616 4300 suscipimus,
2648 4231 2920 4299 quomodo
2949 4230 3094 4285 Ibam
3129 4234 3220 4301 qui
3247 4241 3329 4287 est
3357 4234 3544 4288 ortho-

1963 4317 2156 4385 doxus,
2186 4327 2241 4373 et
2270 4319 2543 4374 intellectu
2569 4319 2924 4389 capitulorum
2966 4320 3108 4374 beati
3157 4319 3338 4391 Cyrilli
3381 4319 3543 4376 haesi-

1965 4418 2084 4463 tans
2103 4409 2154 4463 ei
2175 4409 2393 4479 obloqui
2415 4409 2562 4464 visus
2583 4416 2684 4476 est,
2710 4424 2851 4465 nunc
2872 4410 2939 4464 ab
2960 4425 3026 4465 eo
3055 4410 3107 4463 in
3134 4425 3240 4479 quo
3262 4410 3542 4466 fallebatur

1965 4503 2240 4558 intellectu
2297 4519 2616 4560 conversum
2662 4519 2768 4559 non
2824 4506 3207 4575 suscipiamus,
3256 4522 3376 4562 cum
3418 4523 3544 4564 eum

1963 4591 2318 4647 orthodoxum
2366 4601 2579 4647 constet
2620 4593 2892 4648 existere?
2944 4593 3129 4663 Neque
3174 4594 3315 4650 enim
3357 4597 3545 4651 ortho-

1963 4680 2160 4735 doxum
2209 4681 2440 4736 existere
2487 4680 2632 4735 Ibam
2677 4681 2878 4736 diceret
2915 4679 3188 4738 Iuvenalis
3227 4683 3539 4753 cpiscopus,

1965 4771 2066 4825 nisi
2096 4787 2163 4825 ex
2193 4770 2370 4825 verbis
2408 4768 2647 4839 epistola:
2697 4770 2814 4837 ejus
2853 4770 3243 4827 confessionem
3287 4772 3406 4827 tldei
3457 4789 3544 4827 or-

1967 4863 2256 4918 thodoxam
2287 4862 2682 4932 comprobaret.
2716 4860 2785 4916 Ut
2814 4871 2992 4918 autem
3030 4872 3286 4934 appareat
3309 4864 3431 4934 quia
3465 4865 3546 4917 iu-

1967 4955 2254 5010 terlocutio
2290 4953 2563 5009 Juvenalis
2592 4953 2840 5010 Eunomii
2872 4955 3272 5010 interlocutioni
3315 4969 3545 5009 concor-

1969 5045 2092 5114 dat,
2122 5046 2285 5100 verba
2314 5046 2426 5116 ipsa
2453 5061 2521 5100 ex
2549 5045 2962 5102 interlocutione
2991 5045 3236 5100 Eunomii
3279 5061 3377 5099 nos
3410 5044 3546 5099 cdo-

1969 5147 2113 5203 cent,
2164 5153 2282 5208 qua:
2323 5138 2463 5193 inter
2488 5139 2590 5192 alia
2619 5138 2693 5192 ita
2732 5152 2791 5193 se
2828 5139 3028 5193 habent
3060 5155 3073 5191 :
3108 5137 3174 5190 In
3202 5135 3378 5208 quibus
3408 5137 3541 5191 enim

1969 5229 2186 5282 dicendo
2211 5229 2346 5282 male
2382 5227 2592 5298 culpare
2618 5229 2756 5282 visus
2789 5237 2865 5282 est
2895 5228 3241 5282 beatissimum
3271 5227 3541 5298 Cyrillum,

1967 5318 2024 5372 in
2053 5319 2323 5388 postremis
2352 5326 2489 5371 recte
2515 5318 2797 5388 confessus,
2819 5317 2913 5370 illa
2934 5332 3046 5387 qua:
3065 5317 3377 5386 culpaverat,
3406 5321 3540 5388 refu-

1971 5412 2115 5464 tavit.
2161 5409 2236 5463 Ex
2267 5409 2459 5479 quibus
2500 5410 2678 5464 verbis
2707 5407 2982 5463 evidenter
3008 5406 3340 5475 declaratur,
3374 5411 3424 5463 in
3455 5407 3544 5464 Iba

1967 5504 2221 5572 episeopo
2274 5502 2404 5555 nihil
2453 5501 2519 5555 de
2566 5498 2904 5554 confessione
2957 5497 3078 5552 fidei
3130 5502 3542 5571 reprehensum,

1967 5609 2125 5664 quam
2181 5600 2393 5645 constat
2441 5605 2558 5644 esse
2605 5589 2911 5656 laudatam;
2961 5591 3053 5645 sed
3103 5593 3349 5647 eumdem
3398 5591 3541 5646 Ibant

1967 5683 2108 5752 quod
2141 5683 2355 5735 fallente
2377 5681 2726 5748 intelligentia
2750 5680 2816 5737 de
2846 5681 3004 5737 beato
3035 5681 3234 5754 Cyrillo
3259 5684 3396 5738 male
3423 5697 3547 5736 sen-

1966 5783 2106 5830 serat
2139 5771 2419 5828 refutasse.
