4006 6190
466 334 567 390 107
615 302 621 308 ’

1866 329 2091 385 VlGiLil
2126 329 2325 384 ΡΛΡᾸΞ

3645 341 3738 389 ΗΝ

538 446 669 501 Nam
725 445 863 500 idem
920 442 1239 497 vtnerahilis
1286 442 1570 515 episcopus
1626 442 1746 499 ibas
1802 459 1867 498 ex
1924 445 2053 514 ipsis
2086 448 2130 505 Λ
2157 444 2423 498 sententia
2453 445 2851 512 condemnavit,
2879 447 3160 502 destruens
3189 445 3512 519 Ephesinam
3545 465 3731 506 secun-

466 537 632 607 gestis
662 536 1108 605 pneeedcutibus,
1148 535 1287 591 sicut
1327 534 1502 590 Photii
1545 545 1599 591 et
1638 535 1899 591 Eustathii
1929 552 2052 591 sen-

466 630 635 686 tentia
665 629 935 690 continet,
974 627 1311 697 apertissime
1342 627 1656 697 perhibetur
1683 628 1881 682 habere
1910 643 1966 682 se
1997 637 2051 683 et

466 721 708 793 recipere
737 720 913 774 onrnia
944 734 1061 786 qua:
1094 719 1143 772 in
1177 717 1439 788 Ephesina
1471 717 1642 786 prima
1671 718 1875 788 synodo
1902 727 2049 785 gesta

466 819 615 878 sunt,
638 820 692 866 et
719 826 871 879 aequa
897 809 1137 877 judicare
1166 824 1284 878 quae
1314 810 1365 863 in
1396 806 1571 863 Nicaea
1596 818 1720 865 sunt
1740 810 2047 872 constituta,

466 911 522 957 et
552 902 751 957 nullam
783 900 1138 954 differentiam
1165 899 1411 954 arbitrari
1438 901 1554 967 ejus
1582 900 1647 954 ad
1672 900 1792 964 alia,
1818 908 1871 953 et
1894 900 2051 954 nimis

465 993 581 1060 ejus
606 995 942 1047 sanctitatem
968 1006 1025 1045 se
1047 991 1291 1045 laudasse
1317 992 1694 1063 pronuntians,
1714 992 1858 1060 quod
1886 1007 2051 1061 prone

466 1083 582 1140 lbas
611 1087 853 1153 sapuerit
891 1098 1079 1137 curare
1107 1098 1202 1137 eos
1237 1084 1327 1153 qui
1357 1084 1449 1137 vel-
1476 1084 1805 1152 suspicione,
1832 1085 1912 1137 vel
1945 1084 2050 1137 alio

466 1177 649 1247 aliquo
697 1175 857 1229 modo
907 1175 1022 1243 ejus
1079 1175 1335 1230 ltedercnt
1382 1176 1692 1245 opinionem
1735 1174 1990 1229 doctrinm
2034 1192 2044 1224 :

467 1285 593 1324 nam
621 1277 677 1323 et
717 1277 839 1339 post
886 1266 1319 1337 explanationem
1368 1267 1649 1322 duodecim
1691 1267 2047 1337 capitulorum

465 1360 607 1416 beati
650 1360 833 1432 Cyrilli
873 1358 1102 1425 factam,
1137 1370 1191 1415 et
1233 1359 1562 1414 intellectum
1605 1360 1720 1427 ejus
1760 1358 1858 1412 sibi
1887 1372 2046 1426 quem

465 1461 686 1508 sanctus
712 1450 942 1523 Cyrillus
973 1450 1022 1504 in
1053 1449 1182 1520 ipsis
1206 1450 1454 1519 capitulis
1480 1449 1669 1504 habuit
1694 1448 2045 1512 declaratum,

466 1552 522 1600 et
558 1544 915 1599 orthodoxum
954 1560 1075 1597 eum
1112 1557 1171 1597 se
1219 1558 1339 1598 cum
1395 1540 1642 1596 omnibus
1689 1540 2049 1595 Orientalibus

466 1635 732 1706 episcopis
762 1634 1046 1699 habuisse,
1076 1642 1132 1688 et
1167 1633 1219 1687 in
1259 1633 1638 1687 communione
1678 1632 1841 1701 ipsius
1880 1646 2048 1700 usque

466 1722 535 1777 ad
567 1724 768 1778 exitum
802 1724 1159 1792 permansisse
1198 1722 1470 1793 professus
1506 1731 1606 1777 est.
1639 1719 1715 1774 Ex
1746 1737 1854 1791 quo
1884 1737 2046 1792 appa-

2154 536 2299 603 dam,
2324 537 2658 607 primamque
2680 539 3021 595 conﬁrmans.

2228 650 2292 706 Et
2316 654 2439 722 quia
2483 653 2638 708 nobis
2665 654 2732 710 de
2770 654 3067 711 Ezechielis
3097 670 3373 730 prophetae
3402 662 3582 717 verbis
3611 664 3733 731 obji-

2153 745 2294 797 citur
2327 745 2473 811 illud,
2503 746 2644 816 quod
2684 745 2752 800 ad
2797 748 3105 803 sacerdotes
3146 749 3440 806 Jerusalem
3482 755 3678 807 malum
3711 769 3739 808 a

2153 837 2295 891 bono
2324 854 2430 891 non
2462 839 2832 893 discernentes
2862 856 2927 893 ex
2969 856 3196 910 persona
3229 841 3436 897 Domini
3468 844 3681 898 dicebat
3723 861 3735 897 :

2159 925 2468 982 Sacerdotes
2510 929 2624 999 ejus
2657 939 2954 996 spernentes
2978 931 3137 1001 legem
3182 950 3346 985 meam
3376 935 3739 1006 coinquinare-

2152 1026 2273 1068 runt
2301 1027 2483 1070 sancta
2508 1034 2658 1081 mea;
2695 1020 2826 1071 inter
2870 1029 3106 1073 sanctum
3136 1031 3182 1073 et
3208 1022 3456 1090 pollutum
3493 1040 3594 1077 non
3625 1024 3737 1076 dis-

2159 1104 2486 1175 tingucbunt,
2510 1141 2515 1146 -
2537 1120 2585 1159 et
2614 1108 2747 1160 inter
2787 1109 3008 1161 medium
3042 1111 3217 1162 numdi
3244 1122 3295 1163 et
3332 1111 3587 1165 immundi
3636 1128 3737 1166 non

2150 1196 2481 1250 set-eruebant
2509 1196 2721 1269 (Eam-li.
2758 1200 2911 1265 xm).
2949 1200 3113 1255 Delivt
3140 1210 3314 1255 vestra
3342 1204 3514 1271 pietas
3538 1205 3739 1273 pariter

2151 1285 2429 1340 nobiscum
2476 1298 2529 1341 et
2563 1292 2934 1343 universorum
2963 1292 3126 1344 corda
3160 1291 3394 1345 ﬁdelium
3425 1310 3491 1347 ex
3522 1294 3602 1346 his
3625 1310 3739 1348 ver-

2149 1374 2232 1428 bis
2260 1378 2568 1440 advertere,
2614 1378 2731 1431 ideo
2765 1394 2867 1431 non
2916 1381 3116 1434 audere
3165 1378 3619 1437 Chalcedonensis
3646 1399 3737 1453 sy-

2154 1471 2278 1526 nodi
2310 1482 2607 1527 retractare
2645 1473 2926 1541 judicium,
2980 1492 3046 1530 ne
3089 1476 3283 1530 ibidem
3331 1477 3733 1533 considentibus

2148 1562 2518 1617 sacerdotibus
2548 1565 2646 1617 ista
2682 1565 2701 1631 (
2726 1565 2868 1635 quod
2907 1566 3081 1635 absit)
3110 1568 3177 1621 ab
3206 1568 3578 1623 btereticorum
3607 1570 3732 1623 insi—

2149 1651 2251 1705 diis
2274 1652 2480 1706 macula
2512 1653 2755 1707 inuratur
2785 1673 2797 1707 :
2829 1664 2886 1708 ut
2911 1671 3006 1710 eos
3038 1656 3177 1709 inter
3199 1665 3446 1711 sanctum
3477 1666 3531 1711 et
3558 1658 3732 1727 pollu-

2152 1749 2283 1807 tum,
2318 1749 2369 1793 et
2413 1741 2552 1796 inter
2580 1742 2812 1797 medium
2860 1743 3043 1798 mundi
3091 1752 3145 1799 et
3185 1745 3440 1800 immundi
3480 1763 3587 1801 non
3635 1764 3733 1817 po-

466 1822 549 1866 τθι
578 1812 823 1866 eumdem
855 1810 1024 1878 "’3’",
1056 1818 1108 1865 εί
1146 1810 1455 1881 Priusquam
1498 1809 1780 1865 ‘1"0deci’“
1816 1812 2045 1880 c“Pimk‘
2083 1820 2122 1877 Β
2152 1833 2315 1887 tuisse
2352 1832 2658 1889 discernere
2704 1837 3073 1899 criminentur,
3106 1836 3149 1890 si
3193 1852 3291 1891 nos
3330 1836 3491 1891 modo
3539 1809 3730 1892 causas

469 1901 609 1956 beati
650 1900 834 1972 Cyrilli
877 1902 1219 1970 intelligeret,
1252 1912 1305 1956 et
1334 1917 1456 1957 cum
1497 1902 1548 1955 in
1579 1901 1657 1955 eis
1692 1903 2049 1971 suspicaretur

468 2007 629 2046 unam
671 1990 868 2046 Christi
910 1991 1189 2061 prmdicari
1232 2002 1498 2057 naturam,
1541 1994 1844 2048 orthodoxo
1886 2010 2045 2049 sensu

466 2081 609 2151 quod
636 2081 775 2136 male
816 2081 1016 2137 dictum
1041 2083 1445 2137 existimaverat
1470 2085 1814 2153 reprobasse,
1845 2094 1899 2138 et
1927 2095 2049 2154 post

464 2171 898 2241 explanationem
917 2171 1229 2226 eorumdem
1255 2172 1558 2227 orthodoxa
1580 2187 1739 2227 sensu
1761 2188 1878 2242 qua:
1900 2182 2047 2230 recte

463 2261 604 2315 dicta
635 2269 965 2328 cognoverat
999 2261 1376 2315 venerabiliter
1404 2262 1725 2332 suscepisse.

533 2348 638 2403 Sed
666 2358 721 2405 et
744 2350 872 2404 illud
900 2349 1262 2405 indubitanter
1283 2360 1597 2405 cunctorum
1623 2349 1858 2407 ﬁdelium
1891 2369 2041 2409 men-

465 2442 604 2495 .ibus
632 2450 798 2512 patet,
822 2442 964 2510 quod
996 2440 1163 2509 magis
1211 2442 1263 2495 in
1296 2439 1563 2511 Ephesina
1608 2445 1844 2499 secunda
1876 2446 2045 2500 haereo

464 2538 569 2588 tico
601 2534 879 2590 intellectu
916 2533 1203 2588 Dioscorus
1242 2548 1366 2588 eum
1410 2532 1703 2604 Eutychete
1732 2534 1892 2589 beato
1938 2533 2041 2606 Cy-

463 2625 585 2682 rillo
626 2634 681 2681 et
731 2626 903 2695 primo
933 2622 1202 2695 Ephesiae
1249 2623 1480 2679 concilio
1508 2624 1861 2679 contumelias
1908 2625 2045 2680 irro-

461 2720 657 2789 garint,
679 2719 771 2788 qui
801 2718 1145 2773 crediderunt
1174 2725 1417 2772 sanctum
1460 2715 1717 2788 Cyrillum
1763 2731 1920 2771 unam
1954 2732 2043 2771 na-

461 2819 637 2864 turam
666 2810 721 2864 in
750 2809 977 2864 Domino
1008 2808 1120 2863 Deo
1165 2802 1499 2864 nostro'lesu
1524 2806 1736 2863 Christo
1778 2823 1876 2879 per
1903 2808 2039 2863 duo-

459 2903 632 2959 decim
672 2918 767 2958 sua
797 2903 1115 2973 prtedicasse
1144 2901 1376 2971 capitula
1423 2918 1435 2954 :
1483 2910 1537 2955 et
1582 2902 1653 2956 ob
1680 2902 1782 2957 hoc
1833 2901 2041 2970 aliquos

458 2993 767 3050 Orientales
795 2995 1098 3066 episcopos,
1129 2995 1219 3066 qui
1268 2994 1423 3049 unius
1452 3003 1657 3049 natura:
1704 2994 2040 3064 przedicatio-

457 3102 580 3142 nem
618 3086 906 3141 noluerunt
934 3086 1230 3155 suscipere,
1282 3084 1568 3140 Dioscorus
1613 3084 1989 3140 condemnavit
2021 3103 2035 3139 :

458 3176 597 3231 inter
625 3191 761 3245 quos
789 3185 843 3232 et
879 3175 1023 3231 ibam
1057 3176 1367 3245 episc0pum
1412 3185 1634 3246 propter
1662 3176 1800 3231 hanc
1828 3177 2037 3246 specia-

455 3269 578 3324 liter
607 3268 727 3325 lidei
749 3269 864 3337 ejus
887 3267 1296 3339 professionem,
1321 3283 1423 3337 qua
1455 3268 1588 3323 duas
1612 3277 1849 3336 naturas,
1873 3284 2035 3325 unam

455 3360 734 3424 virtutem,
762 3376 920 3413 unam
952 3374 1255 3429 personam,
1284 3358 1429 3427 quod
1467 3368 1550 3413 est
1580 3373 1714 3413 unus
1741 3357 1905 3413 Filius
1926 3357 2035 3415 Do-

370 3450 379 3460 ’
456 3449 632 3503 minus
660 3458 845 3504 noster
871 3448 1027 3505 .Iesus
1052 3448 1315 3514 Christus,
1350 3449 1688 3519 apertissime
1725 3448 2028 3515 conﬁtetur,

452 3537 766 3592 luereticum
817 3539 1225 3604 condemnavit;
1295 3548 1349 3593 et
1403 3537 1757 3609 Eutychctem
1811 3547 2034 3609 propter

453 3630 609 3684 unius
648 3638 855 3687 natura:
890 3633 1324 3702 prtedicationem
1356 3634 1492 3687 sicut
1521 3633 1844 3687 catholicum
1874 3649 2031 3689 revo-

449 3720 610 3784 cavit,
652 3722 914 3775 damnans
954 3738 1168 3792 quoque
1215 3732 1435 3793 propter
1462 3723 1688 3775 duarum
1716 3732 2028 3778 naturarum

450 3827 638 3866 torem
669 3820 866 3866 sancta:
896 3812 1286 3867 recordationis
1314 3813 1550 3866 Flaviani
1583 3828 1867 3882 personam
1915 3832 1928 3867 :
1975 3824 2030 3869 et

448 3902 696 3958 inventus
744 3912 827 3957 est
876 3905 989 3974 ipse
1036 3904 1206 3972 magis
1236 3903 1520 3959 Dioscorus
1570 3903 1889 3975 Ephesinam
1919 3907 2029 3976 pri-

428 4010 591 4048 ‘matn
620 3996 883 4065 synodum
914 3995 1099 4049 conari
1128 3995 1426 4063 destruere,
1475 3998 1565 4066 qui
1598 4012 1717 4051 eam
1745 4000 1843 4053 sub
1872 4014 2028 4054 exse-

446 4088 660 4143 crabilis
692 4088 995 4144 intellectus
1026 4089 1258 4157 imagine
1305 4089 1651 4157 defendebat;
1698 4099 1755 4147 et
1800 4092 2028 4163 amplius

446 4180 663 4236 beatum
689 4182 947 4254 Cyrillum
996 4182 1310 4237 criminatus
1348 4192 1429 4238 est
1475 4183 1699 4238 laudans
1738 4184 2027 4240 Dioscorus

446 4278 608 4342 atque
636 4269 933 4344 Eutyches,
965 4288 1124 4341 quam
1155 4271 1275 4328 lbas
1320 4272 1418 4328 sub
1448 4272 1562 4329 falsi
1592 4273 1893 4329 intellectus
1941 4293 2028 4331 er-

445 4377 569 4417 rore
593 4361 924 4433 vituperans.
960 4363 1201 4433 Namque
1228 4378 1349 4418 cum
1376 4363 1491 4417 laus
1513 4372 1673 4433 atque
1700 4364 2024 4434 vituperatio

444 4455 515 4508 ad
539 4471 699 4509 unum
731 4455 1017 4511 tenderent
1060 4456 1389 4510 intellectum
1415 4494 1430 4519 ,
1462 4455 1749 4511 Dioscorus
1774 4465 1829 4511 et
1871 4456 2026 4529 Euty-

446 4546 594 4610 ches,
626 4546 717 4614 qui
751 4545 1121 4610 laudaverunt,
1155 4545 1407 4600 literetico
1436 4546 1626 4614 spiritu
1668 4546 1911 4601 laudasse
1938 4564 2022 4601 re-
2056 4561 2102 4620 [)

443 4635 579 4704 perti
610 4642 755 4698 sunt,
787 4642 946 4703 atque
984 4635 1104 4690 ideo
1133 4643 1260 4690 sunt
1304 4650 1335 4688 a
1383 4642 1568 4689 sancta
1592 4632 2023 4690 Chalcedonensi

444 4726 652 4796 synodo
680 4726 949 4791 damnati;
976 4734 1031 4780 at
1057 4742 1185 4781 vero
1214 4725 1334 4781 ibas
1353 4726 1661 4796 episcopus,
1689 4726 1779 4794 qui
1822 4742 1916 4795 per
1945 4743 2025 4780 er-

443 4832 641 4881 rorem,
675 4833 833 4871 unam
864 4826 1059 4887 putans
1089 4818 1140 4871 in
1167 4817 1250 4871 his
1280 4817 1558 4887 prtedicari
1580 4825 1849 4883 naturam,
1877 4817 2024 4886 prius

442 4908 765 4976 vituperavit
788 4909 1040 4977 capitula,
1072 4917 1126 4963 et
1146 4916 1269 4979 post
1316 4908 1644 4963 declaratum
1685 4906 1784 4960 sibi
1813 4907 2024 4961 intelle-

440 5012 587 5055 ctum
614 5016 825 5066 eorum,
855 5002 1369 5055 conununicatorcm
1399 5014 1458 5055 se
1486 4999 1627 5054 beati
1677 4997 1859 5069 Cyrilli
1899 5015 2019 5052 eum

439 5091 688 5146 onmibus
716 5088 1076 5146 Orientalibus
1099 5107 1218 5147 esse
1249 5091 1520 5161 professus
1548 5101 1648 5155 est,
1677 5100 1731 5144 et
1761 5092 1812 5144 in
1843 5092 2025 5145 catho-

438 5182 554 5235 lica:
576 5181 695 5237 fidei
727 5181 1052 5237 rectitudine
1073 5185 1140 5236 ab
1162 5182 1351 5238 eadem
1374 5180 1798 5236 Chalcedonensi
1816 5181 2020 5253 synodo

434 5271 703 5341 judicatus
731 5283 813 5328 est
834 5275 1218 5343 permansisse.
1252 5270 1378 5327 H.120
1417 5287 1545 5340 ergo
1567 5271 1751 5326 eadem
1782 5273 2018 5344 synodus

436 5366 489 5420 in
520 5365 775 5421 Dioscoro
800 5377 960 5436 atque
985 5366 1295 5439 Eutychete,
1315 5367 1405 5436 qui
1428 5383 1487 5421 sc
1517 5366 1649 5421 falso
1679 5382 1775 5436 per
1796 5368 2013 5424 beatum

432 5454 692 5525 Cyrillum
722 5456 987 5512 velamine
1020 5467 1202 5527 tegere
1241 5457 1571 5518 nitebantur,
1606 5456 1790 5511 videns
1834 5458 2014 5528 potius

434 5543 579 5598 beati
603 5543 785 5615 Cyrilli
816 5546 1286 5616 praedicationibus
1321 5545 1632 5602 Dioscorum
1658 5555 1818 5614 atque
1851 5546 2015 5620 Euty-

435 5635 644 5689 chctein
669 5651 930 5705 apparere
952 5639 1273 5693 contrarios.
1300 5654 1397 5708 per
1419 5637 1521 5692 hoc
1545 5637 1685 5706 quod
1711 5652 1869 5691 unam
1894 5647 2015 5707 post

435 5725 814 5778 alunationem
861 5736 1104 5780 naturam
1162 5726 1475 5798 blasphemo
1528 5727 1716 5796 spiritu
1764 5725 2017 5795 prmdica-

435 5815 583 5876 bant,
618 5816 775 5868 simili
806 5825 965 5885 atque
996 5816 1180 5872 eadem
1214 5818 1525 5875 Dioscorum
1554 5834 1672 5874 cum
1719 5816 2014 5889 Eutychete

2149 1924 2387 1992 ejusdem
2418 1934 2617 1980 sanctae
2660 1927 2847 1996 synodi
2879 1942 2999 1980 eum
3030 1942 3294 1982 consensu
3335 1928 3480 1981 sedis
3509 1937 3730 1997 aposto-

2151 2014 2266 2069 licae
2290 2013 2493 2083 judicio
2524 2017 2853 2081 terminatas,
2889 2018 2987 2071 sub
3015 2018 3254 2087 qualibet
3279 2018 3563 2073 occasione
3582 2018 3730 2072 vide-

2146 2108 2255 2161 rint
2301 2115 2616 2164 retractare.
2669 2107 2960 2179 Propterea
3011 2122 3141 2177 ergo
3187 2109 3522 2179 disciplinam
3569 2120 3731 2178 atque

2142 2202 2398 2270 judicium
2429 2212 2737 2259 sanctorum
2768 2202 2986 2257 Patrum
3015 2218 3112 2257 nos
3144 2203 3196 2257 in
3224 2203 3473 2259 omnibus
3509 2218 3729 2259 conscr-

2147 2304 2354 2357 vantes,
2399 2304 2454 2351 et
2480 2311 2658 2350 rerum
2705 2295 2941 2349 omnium
2984 2294 3391 2364 dispositionem
3432 2293 3725 2349 secundum

2144 2402 2262 2439 eam
2286 2401 2447 2457 quam
2477 2385 2751 2441 reddimus
2783 2385 3044 2439 rationem
3076 2399 3142 2438 ex
3163 2381 3621 2439 Chalcedonensis
3646 2398 3729 2453 sy-

2147 2477 2268 2532 nodi
2287 2476 2487 2546 judicio
2511 2475 2838 2531 declaratam
2870 2490 2989 2529 cum
3020 2474 3151 2529 satis
3181 2472 3515 2544 apertissima
3548 2474 3726 2526 luceat

2142 2568 2388 2633 veritate,
2421 2583 2487 2622 ex
2516 2567 2698 2621 verbis
2738 2565 2981 2637 epistolae
3009 2565 3109 2619 viri
3140 2565 3464 2620 venerabilis
3490 2563 3595 2618 ibas
3639 2579 3724 2617 re-

2141 2658 2379 2713 ctissimo
2402 2672 2464 2712 ac
2489 2657 2728 2726 piissimo
2754 2656 3030 2709 intellectu
3056 2656 3373 2725 perspectis,
3398 2663 3453 2708 et
3472 2670 3536 2708 ex
3560 2656 3726 2724 gestis

2143 2750 2283 2819 apud
2315 2748 2562 2803 Photium
2605 2758 2659 2803 et
2702 2746 3040 2802 Eustathium
3090 2746 3315 2811 habitis,
3348 2753 3403 2801 et
3440 2759 3508 2801 ex
3558 2746 3723 2815 ipsius

2144 2840 2245 2897 Iba:
2272 2841 2508 2910 episcopi
2548 2840 2830 2909 pmsentis
2857 2856 2887 2893 α
2914 2838 3268 2909 praesentibus
3289 2838 3589 2893 intentione
3617 2838 3725 2894 dis-

2142 2947 2325 2997 eussa,
2377 2931 2565 2987 Patres
2596 2941 2808 2987 nostros
2835 2932 2887 2986 in
2924 2930 3268 2986 Chalcedone
3306 2929 3603 2985 residentes
3636 2930 3722 2998 ju-

2140 3023 2372 3077 stissime
2418 3021 2772 3076 orthodoxam
2826 3020 3064 3090 ejusdem
3110 3020 3211 3075 viri
3252 3020 3572 3076 venerabilis
3618 3019 3722 3073 [hae

2141 3117 2377 3187 episcopi
2409 3116 2787 3185 pronuntiasse
2810 3114 2989 3178 ﬁdem,
3005 3123 3062 3169 et
3081 3114 3553 3183 reprehensionem
3574 3113 3722 3167 beati

2062 3183 2108 3248 Ο
2138 3183 2353 3277 Cyrilli,
2385 3183 2546 3276 quam
2595 3205 2904 3260 lmmanitus
2929 3220 3026 3274 per
3064 3219 3306 3259 errorem
3354 3203 3721 3271 intelligentia:

2135 3297 2379 3351 evenisse
2409 3305 2810 3365 cognoverant,
2854 3308 3090 3364 congrua
3132 3294 3503 3350 satisfactione
3532 3307 3723 3365 purga-

2135 3396 2245 3441 tam
2293 3406 2306 3441 :
2344 3388 2624 3458 praesentis
2667 3388 2950 3442 sententia:
2998 3395 3195 3441 nostra:
3242 3385 3563 3440 auctoritate
3609 3392 3722 3439 sta-

2134 3479 2330 3533 tuimus
2352 3487 2513 3547 atque
2541 3477 2895 3540 decernimus,
2914 3491 3036 3531 cum
3063 3477 3116 3531 in
3140 3475 3409 3540 omnibus,
3424 3483 3534 3528 tum
3556 3474 3720 3528 etiam

2133 3572 2186 3625 in
2214 3571 2408 3640 sapius
2432 3577 2729 3625 memorata
2751 3568 3076 3623 venerabilis
3104 3567 3210 3622 Iba:
3233 3566 3462 3637 epistola
3490 3567 3721 3619 inteme-

2131 3668 2307 3715 ratum
2354 3657 2574 3714 Patrum
2615 3659 2671 3714 in
2715 3656 3060 3713 Chalcedone
3100 3654 3449 3711 residentium
3498 3669 3719 3710 manere

2125 3747 2408 3817 judicium.

2199 3860 2309 3916 Nec
2331 3875 2654 3931 quemquam
2683 3859 2754 3915 ad
2780 3858 2996 3937 ordines
3018 3867 3074 3914 et
3121 3858 3410 3926 dignitates
3458 3854 3718 3912 ecclesia-

2129 3955 2290 4009 sticas
2308 3954 2669 4023 pertinentem
2691 3952 2796 4007 hoc
2822 3952 3116 4007 constituto
3144 3959 3334 4006 nostro
3359 3948 3718 4020 permittimus

2129 4044 2418 4115 aliquando
2462 4058 2788 4115 praesumere
2812 4085 2825 4109 ,
2856 4043 2943 4097 vel
2984 4058 3149 4114 super
3187 4040 3426 4111 ejusdem
3473 4040 3719 4110 epistola

2129 4138 2423 4206 negotium,
2452 4136 2539 4191 vel
2589 4136 2708 4191 aliis
2754 4136 2811 4190 in
2836 4134 3264 4190 Chalcedonensi
3309 4133 3543 4189 concilio
3581 4148 3716 4187 con.

2126 4245 2288 4286 sensu
2314 4230 2638 4284 vicariorum
2664 4227 2807 4283 sedis
2835 4227 3145 4297 apostolica:
3181 4224 3433 4292 judicatis
3456 4266 3474 4291 ,
3504 4224 3717 4279 ordina-

2129 4323 2218 4389 tis,
2259 4319 2515 4387 deﬁnitis,
2560 4328 2721 4388 atque
2747 4318 3042 4388 dispositis,
3090 4327 3342 4385 tanquam
3389 4314 3717 4385 imperfectis

2129 4422 2289 4482 atque
2318 4412 2849 4482 reprehensibilibus,
2879 4412 2992 4465 sive
3019 4425 3116 4479 per
3143 4407 3717 4471 additamentum,sive

2129 4518 2224 4572 per
2249 4502 2681 4569 diminutionem,
2710 4501 2823 4556 sive
2852 4515 2948 4571 per
2968 4500 3428 4561 immutationem,
3457 4498 3543 4554 vel
3569 4512 3715 4567 quo-

2126 4606 2235 4659 quo
2264 4593 2423 4645 modo
2452 4590 2645 4659 aliquid
2673 4589 2971 4644 temerarite
2998 4589 3251 4644 novitatis
3279 4588 3497 4645 inferre.

2196 4723 2314 4778 Pari
2356 4724 2564 4777 ratione
2607 4723 2969 4790 decernimus,
3018 4739 3086 4777 ne
3133 4726 3414 4793 quisquam
3465 4723 3717 4795 epistola:

2122 4806 2266 4868 beati
2296 4815 2497 4886 Cyrilli,
2550 4815 2635 4869 cui
2676 4814 2959 4869 duodecim
3003 4824 3128 4868 sunt
3172 4816 3411 4883 subjecta
3450 4815 3718 4884 capitula,

2126 4906 2208 4959 vel
2239 4906 2365 4974 ipsis
2394 4906 2659 4975 capitibus
2704 4905 2964 4961 adversus
2992 4905 3219 4962 Nestorii
3268 4908 3544 4976 perﬁdiam
3578 4924 3716 4975 gro-

2126 4997 2377 5065 mnlgatis
2406 4997 2675 5052 existimet
2713 4997 3077 5065 derogandum
3108 5016 3119 5051 :
3152 5008 3274 5052 eum
3306 5008 3516 5051 constet
3553 5014 3716 5051 eum-

2124 5087 2245 5140 dem
2272 5078 2438 5153 lb'am,
2462 5087 2543 5141 vel
2572 5089 2709 5143 inter
2738 5103 2924 5143 omnes
2940 5088 3239 5142 Orientales
3264 5089 3563 5159 episcopos,
3584 5099 3715 5157 post

2121 5179 2464 5247 explanatum
2493 5178 2591 5233 sibi
2623 5180 2934 5234 earumdem
2965 5180 3320 5247 capitulorum
3352 5179 3710 5243 intellectum,

2120 5270 2261 5323 beati
2289 5270 2468 5341 Cyrilli
2499 5271 3010 5325 communicatorem
3032 5279 3147 5324 toto
3164 5269 3285 5324 vita:
3311 5269 3427 5339 ejus
3458 5279 3717 5339 tempore

2120 5364 2500 5437 permansisse,
2534 5364 2871 5432 abjirientem
2899 5380 2982 5425 ea,
3017 5371 3072 5418 et
3095 5378 3125 5417 a
3149 5364 3260 5417 veri
3292 5363 3595 5418 intellectus
3625 5379 3715 5417 re-

2116 5458 2373 5512 ctitudine
2404 5458 2783 5527 repellentem.
2817 5456 2868 5510 in
2898 5457 3093 5526 quibus
3122 5455 3209 5510 vel
3239 5472 3306 5511 ex
3338 5457 3713 5525 suprascripta

2117 5551 2343 5620 cpistola
2369 5552 2522 5603 unius
2550 5550 2650 5604 lbze
2693 5550 2954 5620 episcopi,
2986 5550 3070 5604 vel
3097 5565 3163 5604 ex
3193 5550 3442 5605 omnibus
3483 5564 3605 5619 qua:
3650 5552 3713 5605 in

2116 5650 2298 5694 sancta
2328 5641 2532 5711 synodo
2560 5638 2983 5695 Chalvedoncnsi
3010 5640 3272 5709 judicata,
3298 5641 3569 5706 ordinata,
3606 5641 3713 5695 dc-

2120 5730 2264 5784 ﬁnita
2298 5741 2458 5799 atque
2489 5731 2746 5801 disposita
2795 5743 2952 5799 sunt,
2997 5735 3067 5787 ita
3118 5733 3406 5803 quidquam
3460 5740 3709 5804 aptatur,

2118 5832 2209 5877 aut
2238 5838 2333 5892 per
2363 5823 2737 5878 auctoritatem
2770 5823 3009 5892 ejusdem
3040 5822 3227 5895 synodi
3267 5834 3359 5877 aut
3387 5836 3709 5895 perversum
