4006 6190
322 388 422 445 100

1495 381 1858 440 EPiSTOLJi
1899 381 1987 435 ET
2028 380 2360 436 DECRETA.

3475 377 3572 432 illi

300 506 489 574 dogma
516 506 784 557 assertum
816 508 936 554 esse
965 496 1195 553 Nestorii
1217 534 1231 559 ,
1265 502 1355 551 aut
1380 494 1493 567 ipse
1540 493 1750 549 dicatur
1778 492 1885 547 Ne—
1921 495 1965 554 Α
1994 507 2131 545 mus.
2166 491 2297 546 Nam
2326 506 2443 560 quae
2472 491 2738 561 patefacta
2770 504 2889 547 sunt
2914 508 3171 563 qnmrerc,
3197 508 3314 562 ane
3345 493 3577 562 perfecta

303 595 500 648 storius
528 601 837 646 excusatus.

373 686 437 739 Et
482 698 550 738 ne
594 682 716 751 quis
768 679 991 734 forsitan
1044 680 1340 735 arbitretur
1382 676 1716 746 atnbiguum,
1747 676 1892 744 quod

304 775 538 847 put-fatis
558 773 749 841 legatis
776 782 940 843 atque
969 772 1181 827 vicariis
1202 770 1347 827 sedis
1374 771 1683 842 apostolicm
1712 787 1741 824 a
1769 771 1896 824 hea-

306 869 513 924 Iissimo
538 881 678 937 papa
710 864 895 920 Leone
926 873 1131 919 tantum
1157 863 1280 919 ﬁdei
1310 878 1492 927 causa,
1521 872 1577 917 et
1606 878 1713 917 non
1734 862 1894 916 etiam

304 960 378 1015 tle
425 958 792 1029 depositorum
840 955 1271 1024 incompetenter
1313 956 1688 1024 episcoporum
1736 951 1899 1006 fuerit

304 1049 652 1105 remeatione
687 1045 1022 1108 mandatum,
1054 1053 1110 1100 et
1136 1046 1290 1114 quasi
1337 1043 1605 1114 superﬁuc
1630 1043 1736 1097 Ihte
1763 1056 1898 1114 quo-

302 1158 416 1209 que
448 1140 732 1196 Edessenze
761 1139 995 1193 civitatis
1032 1139 1273 1209 episcopi
1312 1152 1530 1192 causam
1562 1153 1745 1192 coram
1774 1152 1899 1191 san-

303 1233 411 1286 ctis
425 1230 496 1284 Pa
506 1230 671 1284 tribus
695 1229 968 1284 existimet
984 1229 1266 1296 agitatam;
1296 1227 1509 1283 noverit
1532 1226 1897 1282 beatissimum

305 1340 505 1395 papam
546 1322 783 1377 Leonem
826 1329 1028 1377 sancta:
1065 1319 1493 1376 Chalcedonensi
1534 1319 1743 1391 synodo
1784 1319 1899 1373 haec

305 1416 451 1470 inter
497 1424 693 1470 extera
737 1413 1035 1482 scripsisse,
1075 1412 1305 1468 dicendo
1352 1431 1365 1465 :
1422 1412 1556 1479 Quia
1608 1426 1738 1467 vero
1792 1426 1898 1467 non

302 1504 620 1573 ignoramus
641 1518 740 1573 per
768 1517 964 1572 pravas
991 1502 1360 1558 aemulationes
1387 1510 1583 1557 statum
1614 1500 1899 1555 multarum

306 1596 675 1652 Ecclesiarum
699 1594 865 1650 fuisse
891 1595 1182 1663 turbatum,
1206 1596 1575 1666 plurimosque
1597 1597 1899 1666 episcopos,

300 1689 402 1757 qui
429 1688 677 1743 haeresim
706 1702 815 1742 non
848 1686 1183 1758 reciperent,
1216 1686 1430 1743 sedibus
1473 1687 1584 1742 suis
1613 1686 1817 1757 pulsos,
1849 1697 1903 1741 et

302 1782 362 1836 in
387 1780 574 1836 exsilia
621 1780 978 1848 deportatos,
1020 1788 1184 1849 atque
1227 1779 1280 1833 in
1325 1780 1502 1834 locum
1554 1779 1901 1849 superstitum

1996 588 2123 634 sunt
2163 589 2479 646 retractare,
2512 593 2567 636 et
2607 597 2724 651 qua:
2753 593 2878 638 sunt
2906 584 3125 639 detinita
3157 585 3410 653 convelli,
3456 584 3580 656 quid

1995 670 2138 724 aliud
2169 680 2253 725 est
2280 686 2439 741 quam
2472 671 2541 727 de
2567 673 2775 743 adeptis
2804 675 3005 742 gratias
3028 692 3137 731 non
3165 675 3389 741 referre,
3429 685 3484 732 et
3518 678 3584 732 ad

1997 760 2295 818 interdictae
2321 764 2530 820 arboris
2558 764 2735 820 cibum
2763 767 2814 819 iu
2845 783 3042 836 pravos
3081 770 3357 839 appetitus
3398 773 3585 824 morti-

2000 853 2124 905 fcrze
2169 853 2475 923 cupiditatis
2516 855 2856 912 extendere?
2902 857 2968 910 Et
3011 866 3132 928 post
3171 859 3480 929 aliquanta:
3508 861 3585 916 ita

2000 957 2318 1017 pra-noscat,
2351 950 2541 1020 inquit,
2568 950 2730 1019 igitur
2770 952 2944 1022 pietas
2983 963 3092 1019 tua,
3134 956 3457 1010 venerabilis
3484 956 3583 1012 imo

1999 1048 2240 1108 perator,
2273 1040 2371 1094 hos
2405 1055 2541 1110 quos
2573 1042 2816 1111 spondeo
2843 1044 3176 1113 dirigendos,
3219 1062 3325 1101 non
3357 1046 3423 1102 ad
3452 1064 3585 1104 con—

2000 1128 2288 1199 ﬁigendum
2319 1148 2441 1187 cum
2470 1132 2714 1189 hostibus
2742 1134 2884 1203 ﬁdei,
2914 1152 3016 1192 nec
3056 1140 3371 1194 certandum
3399 1148 3586 1195 contra

2000 1220 2123 1277 illos
2154 1236 2182 1275 a
2211 1223 2340 1278 sedc
2369 1226 2665 1293 apostolica
2696 1226 3033 1296 profecturos
3064 1249 3077 1282 :
3104 1230 3229 1298 quia
3259 1230 3327 1286 de
3355 1231 3515 1287 rebus
3535 1243 3589 1286 et

2004 1314 2144 1382 apud
2177 1314 2409 1369 Nicmam
2453 1324 2507 1370 et
2535 1318 2677 1387 apud
2708 1318 3128 1390 Chalcedonem,
3167 1321 3306 1377 sicut
3333 1322 3446 1379 Deo
3474 1324 3590 1394 pla-

2000 1404 2134 1469 cuit,
2169 1403 2402 1461 delinitis
2435 1407 2638 1461 nullum
2670 1394 2928 1465 audemus
2956 1411 3095 1466 inire
3135 1420 3441 1477 tractatum,
3472 1421 3590 1468 tan-

2003 1510 2163 1563 quam
2194 1495 2353 1550 dubia
2384 1497 2469 1551 vel
2497 1497 2706 1552 inﬁrma
2737 1500 2863 1568 sint,
2895 1516 3015 1564 qua:
3043 1509 3191 1557 tanta
3213 1519 3310 1574 per
3336 1504 3592 1575 Spiritum

2002 1596 2248 1641 sanctum
2279 1586 2434 1644 tinxit
2455 1592 2764 1648 auctoritas.

2076 1676 2189 1734 Nec
2214 1695 2320 1735 non
2350 1680 2489 1736 idem
2512 1682 2703 1741 beatus
2729 1685 3096 1755 prmdecessor
3115 1699 3300 1743 nosmr
3321 1703 3456 1759 papa
3481 1689 3588 1745 Leo

2007 1767 2076 1822 ad
2107 1768 2383 1838 praefatum
2405 1774 2771 1847 venerabilem
2796 1776 3092 1845 Augustum
3119 1780 3171 1833 in
3200 1780 3302 1835 alia
3324 1781 3550 1851 epistola
3575 1802 3588 1835 :

301 1874 448 1927 alios
476 1873 824 1936 substitutos;
854 1871 936 1926 his
974 1870 1220 1942 primitus
1250 1869 1558 1926 vulneribus
1599 1868 1903 1925 adhibenda
1935 1875 1982 1934 Β
2009 1859 2124 1915 Νοη
2151 1862 2317 1929 Sin”,
2341 1863 2436 1928 ait,
2468 1875 2655 1921 contra
2686 1867 2922 1924 deﬂeta!
2966 1868 3360 1942 Omnipotentis
3405 1874 3596 1929 trium-

303 1976 398 2020 est
421 1964 689 2018 medicina
714 1963 957 2033 justitite,
988 1978 1057 2018 ne
1097 1965 1381 2035 quisquam
1429 1974 1612 2019 careat
1647 1964 1898 2035 propriis,

304 2057 399 2113 vel
424 2057 585 2112 aliter
613 2065 797 2111 utatur
831 2056 1043 2112 alienis.

385 2145 454 2201 Et
479 2162 550 2202 ne
576 2146 697 2217 quis
736 2146 947 2203 dubitet
994 2157 1173 2203 utrum
1214 2162 1277 2203 ca
1306 2164 1427 2219 quae
1453 2148 1523 2204 de
1566 2147 1905 2204 restitutione

302 2238 692 2310 episcopon
719 2246 871 2307 gesta
897 2247 1026 2294 sunt
1044 2239 1098 2293 in
1123 2237 1553 2296 Chalcedonensi
1576 2239 1805 2311 synodo,
1837 2240 1905 2295 ad

303 2331 609 2387 beatissimi
652 2330 847 2387 Leonis
874 2330 1077 2387 fuerint
1114 2329 1379 2402 perducta
1421 2331 1697 2397 notitiam,
1734 2341 1791 2389 et
1836 2333 1906 2388 ab

300 2423 502 2481 eodem
530 2423 870 2493 confirmata,
918 2424 1091 2496 ipsam
1119 2426 1300 2496 potius
1344 2425 1539 2497 synodi
1583 2426 1906 2482 relationem

301 2517 380 2573 ad
434 2518 807 2575 beatissimum
865 2518 1103 2575 Leonem
1154 2519 1607 2590 pnedecessorem
1660 2527 1905 2575 nostrum

300 2610 574 2665 directam
603 2624 841 2678 congrua
888 2610 1071 2680 legere
1115 2610 1477 2668 sollicitudine
1505 2626 1612 2665 non
1642 2610 1859 2666 omittat
1888 2629 1903 2665 :

301 2700 468 2771 cujus
496 2709 622 2772 post
649 2702 754 2756 alia
794 2700 848 2757 in
888 2700 994 2757 ﬁne
1021 2702 1139 2758 hmo
1165 2702 1330 2758 verba
1360 2710 1487 2757 sunt
1519 2718 1533 2753 :
1557 2700 1783 2756 Omnem
1814 2717 1909 2754 vo-

302 2792 396 2849 bis
417 2800 699 2862 gestorum
729 2792 837 2847 vim
866 2793 1139 2850 insinuare
1166 2794 1474 2849 curavimus
1503 2791 1573 2847 ad
1598 2792 1907 2848 consisten~

306 2886 443 2937 tiam
473 2892 734 2950 nostram,
765 2891 822 2938 et
853 2897 1042 2939 eorum
1070 2899 1189 2956 qua:
1214 2898 1246 2939 a
1273 2883 1430 2940 nobis
1465 2891 1588 2938 acta
1634 2891 1760 2938 sunt
1783 2899 1911 2939 con-

306 2977 676 3035 tinuationem
702 2988 759 3034 et
780 2979 1213 3050 dispositionem.
1250 2978 1376 3033 Post
1403 2994 1633 3048 quorum
1662 2978 1906 3032 notitiam

304 3069 457 3125 idem
478 3067 824 3123 beatissimus
851 3083 991 3140 papa
1018 3067 1127 3123 Leo
1153 3068 1220 3123 ad
1253 3066 1353 3138 piae
1383 3066 1655 3122 memoriae
1683 3064 1908 3121 Pulche-

308 3161 450 3218 riam
482 3161 775 3230 Augustam
803 3159 1006 3230 gratias
1034 3160 1277 3216 referens
1305 3158 1374 3214 de
1416 3156 1678 3215 restitutis
1705 3155 1913 3227 episco-

2009 1952 2145 2021 phos
2194 1954 2449 2011 redivivis
2488 1972 2781 2030 exsurgere
2833 1961 3069 2018 motibus
3104 1965 3370 2021 exstincta
3417 1975 3595 2022 certa-

2007 2043 2179 2108 mina;
2225 2048 2523 2115 pnesertim
2554 2065 2676 2104 cum
2709 2054 2760 2105 in
2801 2050 3005 2124 [Forte,
3059 2052 3136 2125 id]
3177 2054 3445 2112 damnatis
3485 2059 3595 2128 jam

2008 2132 2210 2189 dudum
2252 2136 2628 2195 haereticorum
2657 2143 2878 2199 ausibus
2900 2146 3122 2201 omnino
3146 2162 3260 2203 non
3306 2148 3487 2215 liceat,
3542 2162 3597 2208 et

2008 2222 2097 2277 hic
2125 2223 2328 2282 fructus
2353 2227 2456 2299 piis
2485 2229 2760 2287 laboribus
2787 2231 3073 2305 debeatur,
3104 2245 3163 2291 ut
3200 2240 3378 2295 omnis
3404 2238 3592 2297 Eccle-

2008 2316 2102 2372 siae
2122 2319 2400 2388 plenitudo
2424 2322 2479 2378 in
2508 2338 2617 2378 sua:
2638 2325 2857 2381 unitatis
2877 2327 3147 2386 soliditate
3167 2345 3357 2388 secura
3385 2348 3594 2404 perma-

2010 2411 2158 2479 n’eat,
2180 2411 2421 2484 nihilque
2449 2428 2672 2485 prorsus
2710 2415 2779 2473 de
2821 2418 2960 2476 bene
2995 2421 3307 2479 constitutis
3337 2435 3598 2483 retracte-

2010 2509 2099 2557 tur
2128 2521 2143 2557 :
2176 2505 2299 2574 quia
2331 2513 2455 2577 post
2482 2507 2749 2577 legitimas
2782 2519 2839 2567 et
2867 2511 3127 2571 divinitus
3167 2515 3454 2588 inspiratas
3478 2534 3600 2575 con-

2009 2595 2321 2653 stitutiones
2349 2599 2490 2654 velle
2531 2598 2844 2672 conﬂigere,
2875 2621 2984 2661 non
3031 2606 3241 2677 paciﬁci
3283 2616 3368 2665 est
3412 2613 3596 2680 animi,

2009 2685 2105 2743 sed
2135 2685 2371 2758 rebellis,
2403 2689 2616 2747 dicente
2660 2692 2921 2764 Apostolo
2953 2716 2967 2751 :
3011 2697 3192 2756 Verbis
3221 2704 3359 2757 enim
3387 2716 3597 2759 conten-

1990 2777 2131 2833 dere
2159 2779 2291 2835 nihil
2317 2780 2444 2836 utile
2480 2792 2575 2849 est,
2620 2784 2722 2838 nisi
2750 2786 2820 2839 ad
2860 2787 3238 2846 sabuci-sionem
3278 2795 3596 2850 audientium

2011 2868 2100 2940 (II
2131 2869 2263 2925 Tim.
2294 2871 2377 2943 ιι).
2410 2872 2544 2928 Nam
2569 2874 2613 2930 si
2636 2876 2887 2933 humanis
2915 2881 3355 2948 persuasionibus
3384 2901 3596 2957 semper

2011 2962 2317 3034 disceptare
2344 2964 2416 3021 sit
2444 2966 2690 3035 liberum,
2713 2985 2985 3041 nunquam
3015 2972 3204 3030 deesse
3227 2985 3483 3045 poterunt
3507 2979 3598 3048 qui

2008 3056 2225 3112 veritati
2253 3056 2488 3112 audeant
2509 3058 2801 3127 resultare,
2828 3069 2884 3115 et
2912 3061 2983 3117 de
3013 3064 3296 3120 mundanze
3322 3067 3598 3137 sapientim

2009 3145 2339 3217 loquacitate
2359 3146 2653 3204 conﬁdere.
2679 3147 2810 3204 Item
2835 3160 2957 3222 post
2985 3168 3154 3222 pauca
3188 3172 3202 3208 :
3240 3154 3334 3211 Pic
3362 3157 3518 3214 nobis
3542 3167 3599 3214 et

310 3253 414 3325 pis,
462 3252 537 3307 ita
578 3252 762 3308 scribit
800 3270 813 3305 :
854 3250 1149 3308 Clementia
1198 3251 1362 3321 igitur
1398 3259 1574 3306 vestra
1616 3258 1909 3320 cognoscat
1935 3240 1979 3303 C
2009 3248 2321 3295 constanter
2348 3239 2637 3296 Videndum
2664 3250 2767 3309 εει,
2799 3257 2885 3309 ne.
2923 3244 3048 3299 dum
3078 3246 3262 3301 talium
3307 3246 3599 3319 disputatio

311 3360 536 3400 onlnem
567 3343 865 3400 Romanam
910 3342 1203 3400 Ecclesium
1245 3343 1313 3398 de
1351 3342 1617 3398 universis
1664 3340 1784 3395 ﬁdei
1813 3356 1907 3396 vc-

309 3447 444 3491 strze
473 3435 726 3506 cperibus
754 3436 1043 3506 plurimum
1076 3434 1357 3505 gratulari,
1380 3435 1493 3491 sive
1520 3434 1662 3504 quod
1695 3434 1911 3502 legatio-

313 3541 445 3579 nem
476 3534 716 3580 nostram
740 3525 829 3595 pio
858 3539 954 3595 per
981 3525 1160 3580 omnia
1186 3523 1400 3593 juvistis
1424 3522 1643 3590 aﬁ'eetu,
1682 3531 1738 3577 et
1762 3522 1908 3593 quod

313 3615 630 3672 sacerdotes
674 3617 972 3672 catholicos
995 3655 1009 3680 ,
1060 3616 1151 3685 qui
1182 3616 1249 3670 ah
1278 3615 1531 3672 Ecclesiis
1573 3616 1684 3671 suis
1710 3614 1907 3684 iniusta

317 3707 533 3761 fuerant
569 3704 724 3775 ejecti
769 3706 1056 3769 sententia,
1108 3706 1412 3761 reduxistis.
1445 3704 1589 3761 Ecce
1638 3714 1693 3761 et
1738 3705 1792 3760 in
1840 3719 1910 3759 eo

314 3800 468 3871 quod
512 3799 694 3853 omnia
741 3808 892 3868 gesta
942 3797 1253 3853 beatissimo
1300 3812 1438 3869 papa
1487 3797 1654 3853 Leoni
1706 3795 1908 3853 directa

319 3900 465 3955 sunt,
490 3905 673 3945 rerum
702 3897 973 3958 gestarum
1019 3889 1085 3943 ad
1115 3905 1237 3944 eum
1287 3888 1542 3959 perducta
1583 3889 1776 3943 notitia
1804 3897 1907 3954 est,

320 3991 375 4033 et
397 3979 452 4033 in
470 3979 859 4035 recurrentium
886 3980 1097 4035 actione
1117 3979 1407 4049 gratiarum
1433 3994 1610 4034 rerum
1639 3987 1909 4048 gestarum

318 4067 664 4124 conﬁrmatio
690 4067 1013 4124 declaratur.

396 4160 515 4215 Non
560 4160 867 4218 dubitamus
911 4162 1072 4231 igitur
1107 4163 1346 4217 omnium
1392 4163 1625 4219 ﬁdelium
1666 4164 1912 4220 sensibus

325 4252 674 4320 pa.efactum,
721 4267 843 4323 qua:
887 4254 1100 4311 vicnriis
1136 4255 1279 4309 beati
1330 4254 1525 4310 Leonis
1574 4271 1741 4326 papze,
1793 4256 1913 4310 loco

322 4356 445 4407 ejus
465 4341 672 4413 synodo
703 4343 1074 4413 pnesentibus,
1105 4344 1172 4397 ah
1199 4345 1388 4399 eodem
1413 4343 1569 4400 fuerit
1598 4345 1913 4416 dispensan-

321 4435 515 4486 darnm
549 4447 726 4487 rerum
776 4432 946 4488 forma
995 4435 1269 4501 mandata,
1298 4435 1384 4490 vel
1433 4436 1619 4506 quales
1649 4437 1714 4491 ad
1741 4453 1910 4506 expu-

323 4536 396 4585 κη
415 4526 596 4575 nulum
624 4524 959 4595 perceperint
984 4527 1245 4593 actiones,
1279 4527 1363 4580 vel
1387 4544 1504 4598 quin
1531 4528 1598 4580 ah
1628 4528 1717 4581 ilio
1746 4541 1911 4596 gene-

2011 3329 2330 3400 admittilur,
2362 3332 2447 3389 his
2468 3349 2588 3404 quin
2614 3333 2868 3391 divinitus
2895 3337 3111 3393 deﬁnita
3144 3347 3269 3395 sunt
3308 3342 3600 3398 anetoritas

2009 3420 2320 3490 derogetur.
2362 3422 2495 3479 Item
2534 3422 2588 3479 in
2636 3425 2864 3495 epistola
2894 3441 3046 3497 papa:
3072 3426 3267 3485 Leonis
3294 3429 3362 3485 ad
3399 3428 3601 3486 Anato-

2011 3511 2141 3567 lium
2188 3510 2846 3584 Constantinopolitanum
2893 3518 3251 3589 episcopum:
3300 3519 3372 3575 Ut
3416 3530 3600 3579 autem

2010 3604 2127 3660 haec
2154 3603 2460 3660 exhortatio
2488 3604 2554 3658 ad
2583 3606 2822 3660 omnium
2875 3605 3096 3664 fratrum
3141 3610 3311 3679 possit
3352 3613 3600 3667 notitiam

2012 3695 2327 3766 pervenire,
2382 3695 2674 3765 diligentia:
2697 3705 2891 3753 vestrae
2926 3714 3055 3753 cura
3103 3700 3376 3770 perﬁciat,
3430 3703 3554 3771 quia
3580 3742 3599 3769 ,

2012 3785 2159 3856 quod
2185 3800 2326 3857 saepe
2352 3785 2634 3842 dicendum
2663 3796 2765 3851 est,
2800 3796 2913 3843 tota
2945 3788 3132 3859 religio
3159 3788 3463 3847 Christiana
3488 3800 3601 3849 tur-

2014 3876 2193 3943 batur,
2219 3878 2264 3933 si
2305 3877 2599 3947 quidquam
2640 3877 2708 3933 de
2737 3878 2819 3933 his
2858 3893 2979 3948 quae
3024 3879 3167 3950 apud
3193 3879 3601 3939 Chalcedonam

2016 3972 2310 4026 constituta
2347 3977 2475 4025 sunt
2502 3969 2855 4037 convellatur,
2899 3980 2955 4027 et
2980 3986 3101 4041 qua:
3141 3989 3207 4029 ex
3254 3972 3435 4030 divina
3477 3983 3604 4033 sunt

2016 4062 2370 4134 disitositione
2397 4063 2730 4135 composita,
2783 4064 2890 4119 ulla
2930 4065 3209 4136 patiamini
3258 4067 3497 4124 novitate
3524 4076 3604 4125 te-

2016 4172 2162 4211 tuera
2169 4156 2210 4210 ri
2220 4196 2232 4209 .

2087 4248 2193 4304 Sed
2222 4257 2277 4302 et
2305 4247 2647 4306 beatissimus
2676 4247 3043 4318 praedecessor
3069 4258 3255 4305 noster
3279 4264 3414 4320 papa
3466 4250 3604 4307 Sim-

2017 4340 2209 4411 plicius
2239 4339 2305 4394 ad
2334 4339 2606 4396 Zenonem
2631 4339 2926 4408 Augustino
2947 4341 3027 4398 sic
3055 4341 3196 4397 inter
3222 4352 3418 4397 caetera
3439 4342 3603 4398 dicit:

2019 4428 2199 4501 Neque
2228 4430 2415 4500 aliquis
2432 4427 2628 4499 dubius
2656 4431 2876 4484 rationis
2897 4441 2946 4485 et
2967 4431 3199 4502 trepidus
3211 4433 3395 4487 mentis
3424 4448 3605 4504 exspe-

2018 4530 2118 4575 ctet
2147 4523 2262 4575 novi
2290 4521 2489 4594 aliquid
2516 4530 2632 4593 post
2659 4519 3079 4577 Chalcedonensc
3122 4523 3395 4579 concilium
3422 4534 3606 4581 contra

323 4612 427 4668 ηιξ
454 4612 704 4680 com-mo,
733 4615 1051 4685 pmsideme
1074 4633 1139 4673 ac
1163 4620 1540 4673 consentiente
1564 4635 1658 4690 per
1684 4619 1912 4675 vicarios
1940 4620 1992 4682 ι)
2017 4611 2343 4683 deﬁnitiones
2364 4611 2527 4682 ipsius
2547 4614 2819 4667 retractari
2841 4630 2857 4666 :
2888 4614 3009 4686 quia
3030 4630 3122 4685 per
3146 4617 3435 4671 uniuersum
3466 4633 3620 4673 mun-

325 4722 456 4759 suos
506 4707 653 4760 sedis
698 4708 1010 4776 apostolicae
1055 4709 1305 4778 pnesule,
1350 4709 1547 4765 fuerint
1588 4711 1912 4775 constituta;

327 4811 446 4864 qum
488 4812 668 4866 neque
709 4798 903 4863 minus,
949 4814 1124 4869 neque
1160 4799 1363 4868 augeri,
1415 4817 1588 4869 neque
1620 4801 1912 4871 perfringi,

333 4900 509 4954 neque
532 4901 690 4955 posse
737 4887 815 4941 fas
855 4897 940 4943 est
967 4890 1034 4943 ah
1064 4888 1243 4959 aliquo
1275 4890 1576 4945 retractari.
1607 4890 1719 4945 Non
1754 4892 1915 4947 licere

330 4984 512 5031 autem
538 4978 856 5033 venerandae
877 4978 1329 5036 Chalcedonensis
1356 4981 1542 5053 synodi
1571 4992 1766 5037 statuta
1785 5000 1917 5038 con-

332 5067 480 5135 \‘l‘ut,
500 5069 583 5125 vel
614 5069 856 5141 quolibet
893 5070 1078 5125 colore
1104 5086 1200 5125 seu
1247 5069 1401 5125 titulo
1442 5071 1743 5137 retractari,
1775 5087 1913 5142 pta:-

330 5167 677 5222 deecssorum
718 5173 1024 5219 nostrorum
1065 5179 1233 5234 pauca
1263 5162 1331 5219 de
1369 5164 1659 5220 innumeris
1705 5166 1913 5236 prolata

331 5256 622 5311 mnstituta
648 5269 746 5308 nos
773 5252 989 5318 docent,
1004 5267 1072 5307 es
1099 5252 1241 5308 illius
1260 5254 1528 5323 praecipue
1549 5254 1691 5310 beati
1724 5253 1917 5311 Leonis

332 5346 749 5417 predecessoris
794 5344 965 5400 nostri
1010 5345 1274 5416 epistols,
1324 5362 1433 5415 quo
1467 5346 1520 5401 in
1548 5347 1761 5403 vicariis
1806 5350 1917 5401 suis

332 5453 546 5495 summo
575 5437 804 5509 praasule
836 5436 1013 5493 ﬂoruit
1040 5448 1283 5493 sanctum
1321 5437 1763 5496 Chalcedonensc
1794 5457 1920 5495 con-

335 5528 538 5585 cilium.
564 5529 653 5584 Ait
677 5542 911 5597 namque
937 5527 989 5582 in
1020 5528 1244 5599 epistola
1270 5530 1334 5584 ad
1366 5529 1463 5601 piae
1482 5529 1751 5586 memoria:
1783 5530 1918 5584 Len-

338 5637 463 5676 nem
486 5624 784 5691 Angustum
812 5621 885 5675 ita
917 5638 931 5674 :
965 5619 1090 5677 limo
1131 5633 1311 5678 autem
1355 5622 1449 5679 Dei
1475 5641 1696 5680 munera
1726 5628 1796 5679 ita
1827 5626 1918 5679 (ιιι-

341 5728 482 5767 :num
511 5714 666 5767 nobis
687 5713 941 5769 divinitus
966 5714 1335 5777 conferuntur.
1375 5717 1419 5772 si
1445 5716 1512 5772 de
1540 5717 1623 5771 his
1649 5732 1767 5787 qum
1794 5728 1919 5772 sunt

342 5805 573 5874 paestita
600 5820 707 5860 non
753 5804 1089 5861 inveniamur
1133 5807 1347 5877 ingrati,
1395 5816 1449 5863 et
1471 5816 1724 5876 tanquam
1774 5810 1917 5863 nulla

342 5893 450 5951 sint
476 5909 595 5967 qua!
643 5894 823 5964 adepti
861 5912 1066 5962 sumus,
1102 5898 1373 5956 contraria
1413 5899 1593 5971 potius
1633 5909 1916 5974 exspecte-

2020 4702 2143 4754 dttnt
2172 4700 2431 4756 insolubili
2458 4701 2814 4759 observatione
2843 4706 3092 4759 retinetur
3117 4708 3256 4777 quod
3302 4725 3333 4760 ιι
3363 4709 3606 4763 sacerdo-

2020 4802 2124 4846 tum
2147 4793 2479 4848 universitate
2505 4804 2584 4849 est
2611 4797 2962 4851 constitutum.

2089 4883 2222 4941 Item
2254 4897 2581 4943 memoratus
2611 4902 2747 4959 papa
2770 4887 3075 4961 Simplicius
3104 4890 3304 4946 Zenoni
3330 4891 3567 4960 Augusto
3592 4910 3606 4946 :

2020 4976 2212 5033 Nullus
2259 4979 2329 5032 ad
2356 4994 2509 5033 aures
2558 4990 2738 5035 vestrm
2783 4982 2992 5048 pictatis
3016 4983 3319 5053 perniciosis
3357 4984 3608 5039 mentibus

2025 5069 2286 5139 pandetur
2319 5086 2601 5125 accessus:
2651 5072 2797 5125 nulla
2846 5075 3166 5127 retractandi
3220 5074 3283 5127 de
3327 5075 3610 5131 veterrimis

2024 5160 2215 5230 ﬁducia
2238 5163 2577 5216 concedatur:
2600 5164 2674 5217 sic
2694 5163 2945 5219 Itmresum
2962 5165 3176 5235 denique
3197 5166 3611 5223 machinamenta

2026 5263 2326 5309 cunctarum
2372 5255 2733 5311 ecclesias'icis
2779 5267 3040 5329 prostrata
3079 5258 3320 5327 decretis,
3350 5276 3611 5333 nunquam

2026 5344 2266 5398 sinuntur
2294 5347 2759 5417 oppugnationibus
2805 5351 2931 5403 elisa
2961 5364 3207 5419 reparare
3233 5353 3537 5406 certamina.

2098 5434 2229 5492 Item
2265 5436 2553 5507 pnedictus
2573 5453 2710 5509 papa
2759 5438 3067 5508 Simplicius
3103 5437 3170 5494 ad
3201 5441 3478 5512 praefatum
3510 5442 3611 5498 Ze-

2028 5543 2226 5586 nonem
2252 5531 2544 5599 Augustum
2579 5544 2593 5583 :
2625 5530 2711 5583 Ita
2745 5528 3178 5585 Chalcedonensis
3209 5534 3394 5604 synodi
3420 5536 3612 5587 consti-

2030 5633 2155 5683 tuta,
2199 5623 2276 5677 vel
2303 5638 2417 5692 quia
2451 5622 2618 5675 beata
2658 5623 2919 5676 memoria:
2948 5624 3293 5693 prtrdecessor
3321 5640 3459 5679 mens
3509 5622 3611 5679 Leo

2026 5715 2312 5785 apostolica
2362 5714 2638 5767 traditione
2685 5714 2970 5785 perdocuit,
2996 5716 3299 5769 intemerata
3330 5719 3495 5787 vigure
3518 5717 3610 5785 ju-

2028 5805 2189 5858 bentis
2221 5822 2237 5858 :
2270 5807 2389 5876 quia
2419 5822 2512 5861 nec
2539 5804 2645 5860 ulla
2672 5808 2824 5863 modo
2868 5808 3138 5892 retractari
3166 5818 3351 5879 potest,
3384 5809 3519 5876 quod
3546 5806 3605 5859 il-

2024 5897 2195 5956 lorum
2218 5901 2521 5973 deﬁnitione
2546 5902 2768 5972 sopitum
2786 5912 2879 5963 est.
