4006 6190
394 319 488 370 III

1766 291 1989 347 VltilLll
2031 288 2233 346 I'AP.E

3553 282 3646 335 H2

463 435 689 491 Constat
708 441 839 499 ergo
867 441 933 482 ex
955 419 1188 495 prmfatis
1219 414 1536 473 testinoniis
1551 412 1786 477 Patrum,
1813 426 1971 481 quam
2003 412 2048 471 Α
2075 412 2228 479 quasi
2284 425 2444 481 prave
2485 408 2624 464 dicta
2679 408 2951 478 corrigere
2977 445 2995 472 ,
3038 411 3133 459 aut
3175 400 3290 457 vult
3341 396 3649 469 imperfecta

395 536 581 583 tenere
607 522 897 579 debeamus
918 530 1017 585 pro
1044 508 1351 581 apostolica:
1373 506 1517 562 sedis
1546 503 1889 564 rectitudine,
1920 510 1977 556 et

394 635 492 688 pro
522 610 838 671 universalis
883 604 1138 661 Ecclesia:
1184 597 1634 662 consideratione,
1667 592 1974 650 cautelam:

2079 503 2349 573 supplere.

2149 609 2308 677 Ecce,
2336 606 2656 663 venerabilis
2703 605 3017 675 imperator,
3040 601 3162 657 luce
3207 599 3404 656 clarius
3433 598 3661 654 demon-

399 709 547 778 ﬁlllus
575 720 674 760 “05
702 714 917 771 (ιιιοίιυθ
969 693 1193 751 caulem
1217 690 1326 759 jam
1353 686 1553 742 dudum
1604 696 1893 778 memores}
1923 680 1979 735 in
2077 708 2281 756 strator
2301 700 2441 753 hanc
2466 712 2567 754 nos
2587 696 2836 751 habuisse
2864 710 3079 764 semper
3120 693 3173 747 in
3204 700 3508 747 sanctarum
3529 705 3661 759 qua-

400 773 518 856 cam
540 812 704 867 quam
734 804 860 849 tunc
878 788 1199 846 dederamus
1228 781 1298 838 ad
1319 781 1565 835 Mennam
1597 773 1980 832 Constantino-

2121 800 2205 843 tor
2227 788 2559 860 synodorum
2604 786 2908 843 reverentia
2948 784 3305 846 voluntatem,
3328 791 3383 837 et
3407 796 3660 850 quaecun-

402 895 696 964 politannm
725 888 1038 958 episcopum
1068 877 1374 950 epistolam,
1402 888 1561 942 quam
1592 880 1705 924 tum
1742 880 1973 964 pratsena

404 955 541 1043 tibus
558 955 801 1056 pluribus
820 972 1190 1034 sacerdotibus
1215 977 1270 1023 et
1288 966 1522 1035 glorioso
1551 968 1763 1027 senatu,
1790 955 1980 1056 Mennp

403 1044 599 1139 sanauit
628 1068 1018 1132 recordationis
1065 1064 1321 1135 episcopo
1349 1066 1542 1114 vestra:
1576 1049 1874 1108 clementia:
1903 1044 1983 1101 of-

405 1177 628 1233 ferente,
662 1176 717 1223 et
745 1165 947 1237 pietate
988 1167 1167 1214 vestra
1214 1152 1371 1208 nobis
1399 1164 1524 1205 cum
1572 1145 1689 1215 ejus
1713 1154 1984 1199 consensu

405 1266 721 1324 restituente
738 1236 1034 1327 receptam,
1065 1257 1323 1321 quantum
1353 1243 1421 1298 ad
1443 1242 1601 1296 trium
1624 1236 1982 1309 capitulorum

407 1372 624 1415 causam
645 1324 898 1425 pertinet,
922 1356 1260 1403 evacuamus,
1294 1337 1596 1391 nullatenus
1625 1348 1655 1386 a
1679 1329 1785 1386 loci
1816 1324 1986 1383 nostri

407 1463 568 1523 atque
594 1444 856 1520 propositi
906 1433 1387 1505 circumspectione
1427 1434 1722 1489 cessantes,
1771 1434 1989 1520 compe-

408 1510 613 1601 teriteui
655 1510 1110 1594 Chalcedonensis
1154 1523 1343 1596 synodi
1375 1518 1731 1576 reverentiam
1776 1510 1989 1601 curavi-

411 1649 528 1688 mus
555 1628 802 1686 omnibus
827 1622 1103 1684 exhibere,
1131 1617 1270 1672 sicut
1298 1612 1465 1668 series
1492 1607 1731 1678 ejusdem
1761 1606 1990 1659 testatur

411 1721 669 1795 epistolzn,
699 1716 850 1785 cujus
873 1711 940 1767 ad
968 1704 1298 1781 probandam
1319 1699 1585 1758 cautelam
1609 1703 1849 1795 nostram
1873 1691 1991 1745 sub-

2081 893 2187 949 que
2226 894 2258 933 a
2300 881 2503 933 sanctis
2526 877 2775 932 Patribns
2800 877 2852 930 in
2883 874 3086 931 eisdem
3110 873 3513 929 considentibus
3532 870 3664 927 deﬁ-

2085 971 2192 1024 nita
2235 970 2319 1025 vel
2371 978 2573 1025 statuta
2600 968 2973 1037 sivejudicata
3001 974 3147 1033 sunt,
3173 965 3492 1019 intemerata
3539 978 3664 1034 per-

2083 1075 2322 1116 manere.
2353 1059 2692 1115 Manentibus
2739 1074 2868 1126 ergo
2918 1057 3167 1112 omnibus
3194 1070 3312 1124 qua:
3341 1054 3409 1108 de
3438 1055 3665 1124 epistola

2083 1154 2189 1209 Iba:
2218 1169 2554 1223 personaqne
2601 1153 2717 1222 ejus
2765 1152 2818 1206 ia
2859 1159 3168 1206 sanctorum
3199 1147 3418 1201 Patrum
3446 1154 3501 1200 et
3527 1147 3669 1202 sedis

2086 1247 2397 1317 apostolicae
2425 1246 2746 1302 vicariorum
2777 1240 3278 1298 interlocutionibus
3305 1239 3671 1306 continentur,

2088 1339 2216 1395 illud
2248 1338 2403 1393 nobis
2432 1337 2789 1405 omnibusque
2817 1332 3117 1396 catholicis,
3146 1330 3341 1400 aequali
3395 1329 3673 1385 voluntate

2086 1427 2352 1492 sufﬁciat,
2408 1425 2554 1496 quod
2600 1424 2709 1480 illic
2759 1424 2859 1478 sibi
2913 1428 3100 1477 sancta
3142 1420 3382 1492 synodus
3426 1417 3674 1474 sufﬁcere

2090 1533 2251 1590 posse
2297 1517 2579 1581 clamavit,
2613 1514 2844 1569 dicendo
2879 1531 2893 1567 :
2926 1512 3233 1567 Nestorium
3288 1518 3345 1565 et
3390 1509 3507 1579 ejus
3544 1509 3678 1579 dog-

2092 1619 2235 1664 mata
2285 1609 2454 1663 tnodo
2487 1607 2906 1661 anathematizet
2937 1622 2949 1658 :
2983 1619 3093 1674 quo
3116 1603 3461 1657 anathemate
3488 1600 3675 1655 nefan-

2091 1701 2434 1757 dissimorum
2476 1697 2707 1753 Nestorii
2734 1705 2792 1751 et
2819 1695 3133 1767 Eutychetis
3177 1694 3246 1748 ab
3288 1692 3377 1749 [ba
3423 1693 3680 1763 episcopo

411 1785 637 1886 ἱέεῖηιιιε
686 1819 953 1880 Ρθνβθυεδ
996 1801 1062 1855 de
1110 1794 1356 1869 Plurimis
1407 1811 1421 1845 ³
1461 1791 1671 1886 (ίυίιὶιιε-
1709 1785 1990 1886 diliget“?
2022 1785 2066 1845 Β
2094 1793 2254 1849 toties
2306 1792 2531 1857 iterato,
2565 1790 2731 1845 totius
2784 1788 3113 1844 satisfactum
3165 1800 3287 1842 esse
3336 1785 3529 1858 synodi
3578 1801 3676 1841 vo-

416 1872 953 1975 inspectis-qualiter
992 1889 1134 1961 apud
1181 1901 1279 1942 nos
1323 1890 1510 1939 sancta
1544 1872 1996 1973 Chalcedonensis

414 1961 648 2067 synodus
676 1986 927 2045 inviolata
954 1976 1311 2053 permanserit
1338 1982 1501 2042 atque
1526 1971 1853 2067 permaneat.
1886 1961 1998 2064 εξνὶ-

415 2052 609 2144 ὰῦθιιωι·
654 2052 974 2139 ostenditur.
1025 2070 1303 2140 Siquidem
1343 2066 1409 2121 de
1454 2062 1646 2118 eadem
1684 2054 1893 2128 synodo
1925 2052 1998 2106 ita

418 2194 516 2235 nos
546 2177 599 2231 iu
640 2174 753 2244 ipsa
797 2165 1025 2240 epistola
1071 2170 1256 2217 nostra
1284 2164 1491 2214 certum
1519 2161 1602 2208 est
1642 2151 1781 2204 inter
1807 2154 1998 2202 cretera

419 2240 682 2340 posuisse,
711 2263 952 2317 dicentes
979 2274 992 2311 :
1022 2254 1157 2311 Cum
1186 2251 1328 2322 apud
1356 2264 1457 2303 nos
1484 2242 1765 2300 manifesta
1792 2240 2002 2295 ratione

420 2328 739 2431 perclareat,
771 2352 1076 2422 quicunque
1125 2345 1177 2397 in
1208 2335 1591 2396 contumeliam
1619 2328 1869 2385 antefataa
1910 2342 2003 2398 sy-

423 2421 550 2506 nodi
600 2421 803 2514 aliquid
851 2447 1021 2496 tentat
1067 2448 1248 2504 agere,
1292 2431 1395 2486 sibi
1441 2427 1620 2498 potius
1674 2421 2000 2477 nociturum.

423 2543 553 2599 item
579 2545 702 2610 post
722 2535 824 2593 alia
858 2551 872 2586 :

492 2602 602 2686 Sed
648 2627 693 2684 si
742 2622 1017 2679 evidenter
1060 2615 1215 2671 nobis
1243 2612 1429 2667 fuisset
1468 2616 1742 2664 ostensum
1773 2605 1827 2659 in
1879 2602 2007 2685 ipsis

423 2722 588 2792 gestis
615 2717 794 2789 potius
842 2709 1133 2772 contineri,
1177 2704 1356 2759 nullus
1403 2699 1629 2755 auderet
1660 2704 1819 2752 tanta:
1865 2707 2007 2764 prae-

424 2782 749 2884 sumptionis
775 2815 964 2861 auctor
994 2799 1247 2861 existere,
1286 2802 1344 2850 ut
1372 2789 1593 2861 aliquid,
1626 2786 1847 2859 quodin
1877 2782 2006 2839 illud

424 2876 1095 2967 sane-tissimumjudicium
1135 2887 1452 2960 productum
1482 2889 1584 2943 est,
1615 2879 1761 2934 velut
1789 2876 2008 2932 dubium

423 2998 689 3069 judicaret
722 3011 733 3045 :
767 3004 892 3046 cum
939 2981 1263 3041 credendum
1301 2979 1371 3033 sit
1411 2976 1532 3031 illos
1564 2981 1689 3027 tunc
1717 2976 2010 3040 praesentes

429 3061 734 3159 aprznsenti
763 3092 942 3137 rerum
968 3071 1231 3129 memoria
1276 3065 1584 3134 diligentius
1622 3061 1785 3116 etiam
1800 3067 2010 3159 praeter

427 3148 688 3249 scriptum
739 3171 916 3241 aliqua
962 3162 1266 3235 requirere,
1290 3155 1379 3212 vel
1429 3152 1652 3209 delinire
1680 3148 1882 3205 certius
1910 3160 2009 3249 po-
2034 3159 2077 3220 ρ

431 3238 616 3331 tuisse,
646 3260 791 3335 quod
829 3238 986 3312 nobis
1033 3260 1163 3307 tunc
1201 3255 1324 3319 post
1370 3251 1520 3300 tanta
1570 3250 1813 3310 tempora
1864 3238 2012 3292 velut

430 3329 613 3431 ignota
660 3329 826 3410 causa
856 3348 1105 3405 videatur
1149 3341 1476 3409 ambiguum,
1502 3350 1625 3392 cum
1665 3340 1720 3387 et
1749 3333 1853 3387 hoc
1874 3329 2016 3384 defe-

429 3423 580 3511 ratur
608 3444 923 3504 reverentia:
951 3436 1303 3511 synodorum,
1333 3439 1393 3486 ut
1421 3438 1475 3485 ct
1505 3429 1558 3483 in
1579 3427 1669 3482 his
1683 3440 1804 3496 quae
1838 3423 2012 3477 minus

431 3544 820 3613 intelliguntur,
851 3550 1039 3592 earum
1085 3534 1310 3587 cedatur
1348 3522 1676 3580 auctoritati.
1709 3521 1843 3575 ltem
1890 3525 2014 3589 post

430 3639 537 3694 alia
567 3654 579 3688 :
609 3609 785 3690 Salvis
809 3626 1058 3686 omnibus
1089 3630 1251 3690 atque
1272 3619 1325 3672 in
1377 3632 1445 3670 ua
1473 3621 1730 3685 perpetua
1765 3609 2013 3664 ﬁrmitate

431 3726 781 3788 durantibus,
831 3732 951 3789 qum
998 3715 1052 3770 in
1104 3711 1358 3775 Nicaeno,
1396 3700 2010 3770 Constantinopolitano,

429 3818 698 3892 Ephesino
745 3811 940 3882 primo,
990 3813 1154 3875 atque
1200 3793 1649 3858 Chalcedonensi,
1693 3790 2015 3847 venerandis

430 3885 683 3968 constant
703 3900 949 3959 conciliis
970 3894 1208 3958 delinita,
1241 3885 1770 3958 etprzedecessorum
1799 3886 2016 3936 nostro-

430 4017 552 4060 rum
601 3993 924 4053 auctoritate
954 3987 1189 4052 ﬁrmata,
1215 3990 1272 4038 et
1311 3979 1518 4037 cunctis
1544 3977 1636 4046 qui
1668 3976 1720 4030 in
1746 3989 2016 4029 memora-

431 4094 501 4147 tis
527 4086 729 4146 sanctis
772 4080 1015 4138 conciliis
1042 4073 1272 4132 abdicati
1320 4079 1464 4136 sunt,
1516 4069 1634 4124 sine
1681 4065 2017 4122 dubitatione

342 4208 347 4213 ·
431 4178 716 4244 damnatis,
749 4182 804 4231 et
830 4173 915 4228 his
959 4166 1305 4224 nihilominus
1348 4160 1628 4224 absolutis,
1682 4158 1749 4214 de
1779 4172 2010 4228 quorum

435 4275 500 4329 ab
540 4269 727 4327 iisdem
770 4263 992 4338 synodis
1039 4256 1383 4315 absolutione
1413 4254 1689 4309 decretum
1737 4257 1838 4305 est.
1882 4249 2016 4305 ltem

453 4372 556 4420 »οει
578 4361 682 4417 alia
715 4376 729 4414 :

453 4386 556 4420 )OSI.
578 4386 682 4417 alla
715 4386 728 4414 ὅ

434 4386 455 4438 ι
506 4446 875 4509 Anatbematis
922 4440 1204 4500 sententia:
1271 4451 1393 4495 eum
1447 4448 1660 4506 quoque
1706 4431 2015 4494 subdentes,

2098 1887 2310 1943 luutati.

2170 1998 2264 2053 llis
2295 1998 2454 2068 igitur
2473 2012 2503 2051 a
2526 1995 2683 2052 nobis
2696 2009 2817 2050 cum
2846 1993 2993 2049 omni
3024 1992 3259 2062 undique
3281 1990 3491 2047 cautela
3515 1998 3679 2062 atque

2101 2088 2376 2156 diligentia
2406 2094 2630 2156 propter
2670 2083 2993 2141 servandam
3036 2082 3400 2137 inviolabilem
3431 2096 3682 2136 reveren-

2104 2178 2229 2231 tiam
2258 2174 2631 2246 przedictarum
2645 2173 2975 2245 synodornm
2999 2178 3055 2226 et
3075 2170 3388 2226 earumdem
3407 2170 3686 2225 venerabi-

2103 2270 2174 2324 lia
2224 2268 2516 2324 constituta
2562 2266 2835 2337 dispositis
2859 2303 2875 2329 ,
2926 2279 3198 2320 memores
3257 2263 3515 2333 scriptum
3568 2276 3688 2317 esse

2107 2363 2288 2434 (Prov.
2319 2359 2477 2433 nu),
2507 2360 2767 2415 terminos
2793 2365 3008 2429 patrum
3038 2365 3344 2413 nostrorum
3391 2371 3490 2411 nos
3516 2363 3689 2409 trans-

2104 2454 2335 2511 cendere
2357 2468 2464 2507 non
2509 2452 2732 2519 debere,
2777 2449 3063 2505 statuimus
3092 2455 3149 2503 et
3169 2447 3530 2512 decernimus,
3560 2446 3689 2501 nulli

2105 2544 2175 2599 ad
2204 2542 2422 2599 ordines
2463 2549 2519 2597 et
2551 2539 2839 2610 dignitates
2865 2538 3261 2595 ecclesiasticas
3302 2538 3596 2602 pertinenti
3628 2538 3691 2592 li-

2105 2649 2229 2690 cere
2276 2632 2569 2701 quidquam
2609 2630 2937 2686 contrarium
2985 2628 3070 2684 his
3098 2643 3214 2698 quae
3264 2627 3513 2698 praesenti
3544 2642 3692 2683 as.-.e-

2106 2730 2313 2783 ruimus
2341 2727 2428 2782 vel
2456 2724 2741 2780 statuimus
2761 2724 3056 2780 constituto
3083 2721 3153 2777 de
3179 2735 3324 2792 saepe
3344 2720 3503 2777 dictis
3526 2722 3694 2780 tribus

2109 2820 2356 2891 capitulis
2404 2825 2497 2873 aut
2546 2816 2890 2873 conscribere
2917 2815 3003 2870 vel
3043 2812 3310 2885 proferre,
3342 2823 3437 2869 aut
3472 2829 3695 2883 compo-

2110 2928 2242 2968 nere
2290 2911 2374 2966 vel
2400 2910 2617 2977 docere,
2647 2917 2742 2964 aut
2787 2908 3021 2977 aliquam
3051 2914 3175 2978 post
3212 2914 3538 2978 praesentem
3560 2900 3697 2960 difﬁ-

2110 3005 2371 3061 nitionem
2399 3017 2618 3059 movere
2649 3001 2874 3057 ulterius
2900 3001 3272 3070 quaestionem.
3298 2997 3358 3053 Si
3399 2997 3526 3068 quid
3566 3011 3697 3051 vero

2109 3095 2176 3151 de
2203 3095 2392 3151 iisdem
2441 3093 2614 3149 tribus
2659 3093 2909 3164 capitulis
2933 3101 3124 3148 contra
3149 3091 3265 3147 hmo
3287 3106 3406 3161 qua:
3436 3091 3522 3146 hic
3550 3104 3699 3145 asse-

2111 3185 2317 3244 ruimus
2338 3186 2426 3243 vel
2453 3186 2759 3251 statuimus,
2803 3186 3024 3241 nomine
3068 3184 3438 3254 cujuscunque
3458 3183 3523 3238 ad
3550 3182 3700 3239 ordi-

2110 3295 2207 3336 nes
2238 3287 2295 3335 et
2335 3279 2623 3349 dignitates
2667 3276 3059 3334 ecclesiasticas
3094 3269 3420 3346 pertinentis
3465 3274 3700 3340 factum,

2112 3373 2336 3440 dictum,
2365 3381 2528 3444 atque
2556 3372 2922 3441 conscriptum
2955 3377 3059 3434 est,
3090 3368 3179 3424 vel
3223 3367 3407 3432 fuerit,
3431 3374 3486 3422 et
3506 3382 3535 3421 a
3558 3381 3699 3436 quo-

2112 3466 2245 3523 libet
2299 3467 2602 3535 ubicunque
2649 3474 2943 3534 repertum,
2976 3462 3081 3518 hoc
3122 3460 3297 3517 modis
3344 3461 3592 3515 omnibus
3630 3476 3697 3516 ex

2113 3556 2438 3611 auctoritate
2488 3554 2637 3610 sedis
2686 3554 3015 3624 apostolica},
3049 3552 3134 3608 cui
3180 3567 3277 3622 per
3328 3554 3553 3623 gratiam
3603 3552 3701 3607 Dei

2113 3648 2482 3719 pmsidemus,
2514 3645 2829 3701 refutamus.

2735 3799 3089 3840 SUBSCEIPTIO.

2187 3897 2416 3954 Juvante
2463 3898 2576 3954 Deo
2617 3905 2674 3953 et
2719 3911 2817 3967 per
2855 3894 3021 3966 ipsius
3057 3896 3283 3965 gratiam
3312 3896 3537 3965 Vigilius
3588 3895 3706 3966 epi-

2116 4008 2313 4063 scopus
2338 4000 2538 4048 sanctae
2566 3991 2822 4047 Ecclesiae
2866 3990 3147 4046 catholicae
3180 3991 3327 4047 urbis
3369 3992 3555 4047 Roma:
3576 3994 3706 4048 huic

2116 4085 2410 4140 constituto
2434 4092 2620 4139 nostro
2639 4082 2949 4152 subscripsi.

2491 4239 2924 4280 SUBSCRIPTIONES
2962 4239 3341 4279 EPISCOPORUM.

2190 4325 2424 4381 Joannes
2448 4324 2744 4395 Episcopus
2766 4324 3020 4379 Ecclesiae
3042 4323 3340 4378 Marsorum
3355 4322 3488 4378 huic
3506 4325 3714 4381 consti-

2122 4428 2238 4474 tuto
2269 4418 2615 4474 consentiens
2644 4416 2952 4488 subscripsi.

436 4547 527 4618 qui
556 4542 756 4615 qlmvis
778 4546 970 4595 contra
998 4532 1309 4606 praedictam
1325 4528 1587 4602 synodum
1615 4522 2014 4581 Chalcedonen-
2043 4526 2092 4587 ι)
2190 4516 2475 4571 Zacchacns
2500 4515 2786 4585 episcopus
2807 4513 3058 4571 Ecclesia:
3077 4514 3404 4587 Scyllaceum
3431 4517 3553 4573 huic
3574 4534 3717 4574 cun-

436 4614 581 4707 s-em,
603 4636 686 4692 vel
715 4628 991 4706 praesenti,
1016 4626 1103 4681 vel
1147 4622 1398 4693 qumlibet
1436 4621 1488 4674 in
1531 4618 1631 4673 hac
1659 4630 1821 4671 causa
1849 4614 1962 4669 sive
1986 4626 2017 4666 a

440 4704 613 4793 nobis,
641 4704 757 4781 sive
784 4736 814 4774 a
835 4717 1243 4789 quibuscnnque
1270 4716 1421 4781 gesta
1441 4708 1709 4778 scriptave
1736 4704 2017 4760 inveniun-

439 4840 543 4890 tur,
573 4834 673 4893 pro
702 4815 880 4884 aliqua
901 4806 1196 4878 susceperit
1225 4804 1477 4858 ﬁrmitate
1502 4818 1516 4866 ;
1544 4808 1600 4857 et
1645 4807 1829 4855 sancta
1858 4796 2017 4851 Chal—

437 4891 753 4970 cedonensis
780 4900 1037 4976 synodus,
1071 4897 1223 4967 cujus
1246 4908 1441 4963 magna
1489 4899 1546 4947 et
1592 4891 1911 4945 inconcussa
1932 4894 2016 4943 est

439 5005 680 5067 ﬁrmitas,
706 5002 966 5069 perpetua
994 4998 1048 5046 et
1086 4986 1416 5053 veneranda,
1446 4984 1585 5039 sicut
1611 4981 1843 5047 Nicacna,
1874 4979 2015 5035 Con-

437 5071 913 5162 stantinopolitana
940 5091 1100 5152 atque
1121 5078 1388 5149 Ephesina
1414 5074 1583 5145 prima
1612 5071 1831 5132 habent,
1862 5083 2015 5123 suam

443 5158 1043 5243 teneant—ﬁrmitatem.
1074 5172 1208 5227 Item
1257 5174 1378 5238 post
1407 5164 1510 5219 alia
1545 5181 1558 5216 :
1586 5158 2019 5216 Anathematiza-

441 5291 558 5333 mus
605 5282 659 5327 et
704 5286 826 5327 eum
871 5278 1088 5339 quoque
1128 5261 1432 5333 quicunque
1464 5262 1704 5310 sanctam
1726 5251 2018 5318 Ni:-a:nam,

439 5363 1113 5433 Constantinopolitanam,
1172 5351 1500 5423 Ephesinam
1547 5347 1806 5417 primam,
1858 5352 2021 5413 atque

441 5453 930 5514 Chalcedoneusem
952 5446 1318 5506 sanctissimas
1345 5439 1583 5514 synodos
1612 5439 1664 5493 iu
1697 5452 1803 5491 una
1835 5443 1891 5492 et
1919 5435 2021 5490 im.

440 5550 704 5607 maculata
737 5543 839 5599 ﬁde
869 5542 1129 5612 apostolis
1167 5542 1551 5599 consonantes,
1582 5540 1639 5588 et
1688 5529 1756 5584 ab
1809 5535 2022 5599 aposto-

439 5649 555 5704 lica:
603 5639 745 5697 sedis
770 5635 1086 5707 prmsulibus
1110 5632 1419 5695 roboratas,
1440 5643 1547 5683 non
1597 5635 1650 5682 et
1680 5622 1905 5678 ﬁdeliter
1931 5635 2020 5675 se-

437 5741 642 5815 quitur,
665 5741 719 5791 et
745 5727 1023 5802 aequaliter
1052 5732 1338 5779 veneratur
1371 5739 1383 5773 :
1416 5729 1472 5775 et
1509 5734 1601 5788 qut
1625 5732 1690 5772 ea
1719 5728 1838 5785 qua:
1858 5714 1909 5768 in
1941 5713 2022 5782 ip-

438 5805 517 5891 sis
570 5823 810 5887 conciliis
854 5832 976 5891 quae
1025 5812 1229 5887 praefati
1282 5825 1463 5870 sumus
1515 5817 1665 5879 gesta
1722 5812 1868 5872 sunt,
1911 5805 2022 5858 vult

2126 4609 2315 4665 stituto
2337 4608 2682 4665 consentiens
2706 4607 3019 4677 subscripsi.

2194 4699 2386 4756 Pastor
2431 4697 2798 4754 misericordia
2834 4698 2931 4753 Dei
2978 4698 3262 4769 episcopus
3310 4698 3560 4753 Ecclesiae
3587 4699 3720 4754 Ico-

2122 4790 2323 4845 niensis
2353 4788 2669 4859 metropolis
2695 4788 2819 4843 huic
2860 4792 3154 4844 constituto
3210 4791 3554 4845 consentiens
3579 4790 3712 4845 sub-

2120 4880 2327 4950 scripsi.

2194 4972 2508 5027 Vincentius
2524 4970 2807 5042 episcopus
2830 4969 3323 5040 Claudiopolitanus
3345 4973 3720 5042 metropoleos

2125 5063 2251 5117 huic
2280 5062 2571 5117 constituto
2593 5062 2938 5116 consentiens
2965 5060 3271 5129 subscripsi.

2196 5156 2481 5210 ZiCChIBUS
2525 5154 2811 5224 episco,‘us
2853 5158 3073 5220 rogatus
3127 5167 3156 5205 a
3207 5151 3371 5207 fratre
3420 5152 3721 5210 Valentino

2127 5249 2382 5317 episcopo
2438 5245 2597 5301 Silvae
2627 5242 2902 5311 Candidaa,
2932 5243 3049 5312 ipso
3100 5250 3363 5311 praesente
3403 5252 3458 5298 et
3487 5260 3730 5299 consen-

2129 5343 2295 5396 tienlc
2350 5347 2405 5393 et
2456 5338 2585 5392 mihi
2635 5335 2890 5397 dictante,
2933 5333 3059 5389 huic
3104 5334 3401 5389 constituto
3449 5351 3546 5405 pro
3587 5334 3724 5406 ipso

2128 5431 2437 5501 subscripsi.
2936 5487 2942 5491 _

2197 5521 2439 5577 Julianus
2490 5520 2706 5575 humilis
2752 5518 3041 5588 episcopus
3095 5515 3349 5572 Ecclesia:
3399 5514 3720 5587 Ciugulaum

2129 5614 2253 5669 lznie.
2275 5614 2568 5669 constituto
2595 5610 2942 5667 consentiens
2970 5606 3276 5679 subscripsi.

2202 5706 2396 5761 Paulus
2414 5705 2626 5760 humilis
2646 5702 2813 5772 gratia
2834 5701 2929 5757 Dei
2953 5700 3237 5771 cpiscopus
3258 5697 3513 5754 Ecclesia:
3527 5699 3713 5769 Ulpia-

2131 5800 2309 5855 ncnsis
2357 5799 2480 5853 huic
2526 5796 2840 5863 constituto,
2870 5790 3014 5863 quod
3045 5790 3381 5847 beatissimus
3408 5805 3543 5860 papa
3571 5789 3733 5861 Vigi-
