4006 6190
347 240 447 299 113

343 362 443 416 lius
470 362 523 416 in
568 377 731 417 causa
778 364 939 418 trium
991 364 1349 433 capitulorum
1372 363 1614 433 protulit,
1647 362 1713 415 ad
1741 363 1922 416 omnia
1954 380 1997 433 Α

341 451 701 521 suprascripta
727 455 1073 509 consentiens
1096 455 1412 525 subscripsi.

412 552 693 621 Proiectus
733 556 1018 625 episcopus
1047 555 1343 610 NitSSlL‘InllB
1371 555 1604 610 civitatis
1646 554 1771 608 huic
1798 570 1930 609 eou-

342 644 530 698 stitutu
556 632 903 700 consentiens
932 646 1243 717 subscripsi.

412 744 678 800 Fabianus
704 747 875 814 gratia
928 747 1021 801 Dei
1068 747 1354 818 episc0pus
1382 747 1709 815 Zapparenm
1739 743 1928 798 civita-

341 834 415 889 tis
452 835 572 890 nuic
601 836 916 898 constituto,
949 835 1090 905 quod
1129 836 1471 904 beatissimus
1519 848 1657 903 papa
1705 831 1929 900 Vigilius

341 925 393 978 in
426 941 582 979 causa
609 927 767 980 trium
798 927 1157 996 capitulorum
1183 927 1423 996 protulit,
1450 926 1515 979 ad
1542 925 1720 979 omnia
1747 939 1932 993 supra-

338 1017 539 1084 scripta
570 1018 915 1072 consentiens
937 1018 1181 1089 subscrip
1196 1018 1247 1071 :i.

414 1127 705 1186 Primasius
734 1130 827 1185 Dei
858 1132 1026 1203 gratia
1054 1131 1341 1200 episcopus
1368 1129 1599 1183 civitatis
1626 1126 1929 1182 Adrumeti-

337 1237 445 1287 me,
476 1238 595 1291 qua:
620 1223 783 1277 etiam
810 1222 1254 1293 Justinianopolis
1283 1223 1495 1286 dicitur,
1521 1221 1735 1276 concilii
1770 1221 1929 1290 Byza-

335 1315 498 1378 ceni,
543 1314 666 1369 huic
712 1315 1046 1379 constituto,
1077 1313 1222 1383 quod
1277 1312 1467 1367 beatus
1516 1326 1652 1381 papa
1706 1310 1930 1378 Vigilius

337 1407 392 1461 in
447 1422 609 1462 causa
666 1408 830 1461 trium
887 1407 1244 1477 capitulorum
1286 1404 1541 1476 protulit,
1584 1402 1928 1458 consentiens

334 1498 653 1570 subscripsi.

411 1607 718 1678 Stephanus
768 1607 1056 1679 episcopus
1101 1607 1351 1663 Ecclesim
1405 1605 1756 1662 Ariminensis
1802 1605 1928 1660 huic

335 1699 635 1754 constituto
656 1701 1002 1755 consentiens
1030 1699 1339 1771 subscripsi.

1522 240 1876 295 El‘lSTOl..E
1918 241 2000 294 ΕΤ
2044 241 2380 295 DECRETA.

3514 244 3613 301 Hb

2098 361 2341 416 Julianus
2370 362 2655 431 episcopus
2706 361 2960 417 Ecclesne
3004 362 3300 420 Melitensis
3322 363 3446 419 huic
3484 380 3617 420 cou-

2032 452 2221 507 stituto
2243 451 2585 506 consentiens
2612 451 2928 521 subscripsi.

2105 542 2435 612 Redemptus
2465 543 2748 612 episcopus
2794 541 3050 598 Ecclesiae
3097 542 3443 598 Nomentanae
3490 543 3617 599 huic

2033 632 2325 686 constituto
2346 632 2688 686 consentiens
2712 631 3024 701 subscripsi.

2106 721 2397 778 Venantius
2427 723 2709 793 episcopus
2734 721 2985 778 Ecclesiae
3013 722 3311 795 Lippiensis
3337 722 3617 798 [Liparen-

2032 812 2128 883 sis]
2157 813 2284 868 huic
2308 814 2601 868 constituto
2631 817 2977 869 consentiens
2997 814 3311 884 subscripsi.

2104 903 2507 970 Quodvultdeus
2531 905 2813 974 episcopus
2843 904 3094 960 Ecclesia:
3122 906 3379 961 Numanus
3412 906 3608 979 [Nuceo

2032 994 2197 1066 ranae]
2229 995 2352 1049 huic
2379 996 2674 1051 constituto
2704 997 3049 1052 consentiens
3072 997 3393 1067 subscripsi.

2107 1085 2486 1155 Theophanius
2535 1086 2948 1142 archidiaconus
2998 1096 3200 1142 sancta:
3229 1087 3484 1144 Ecclesia:
3513 1087 3617 1142 Ro~

2034 1194 2204 1232 manu:
2227 1179 2350 1233 huic
2377 1179 2672 1234 constituto
2702 1180 3044 1235 consentiens
3065 1179 3374 1250 subscripsi.

2102 1267 2348 1337 Pelagius
2377 1268 2668 1323 miserante
2699 1269 2812 1324 Deo
2840 1269 3097 1324 diaconus
3126 1277 3330 1325 sanctae
3357 1268 3611 1326 Ecclesia).

2036 1357 2291 1413 Romamn
2319 1358 2444 1413 huic
2468 1358 2762 1413 constituto
2792 1360 3136 1414 consentiens
3165 1359 3478 1429 subscripsi.

2106 1447 2297 1502 Petrus
2346 1448 2634 1502 miserante
2674 1448 2783 1502 Deo
2832 1457 3029 1503 sancta:
3076 1448 3331 1505 Ecclesia:
3359 1448 3617 1504 Romana:

2034 1538 2292 1603 diaconus
2316 1537 2441 1592 huic
2470 1538 2764 1592 constituto
2794 1540 3138 1594 consentiens
3166 1538 3479 1609 subscripsi.

2118 1620 2311 1683 Datum
2338 1628 2512 1698 pridie
2541 1628 2655 1683 idus
2689 1628 2828 1694 Maii,
2860 1629 3157 1700 imperante
3184 1629 3403 1695 domino
3430 1636 3617 1684 nostro

2032 1720 2334 1776 Justiniano
2372 1727 2632 1789 perpetuo
2673 1717 2912 1789 Augusto
2957 1736 3099 1775 anno
3142 1719 3210 1773 27
3261 1728 3385 1790 post
3422 1735 3617 1776 consu-

413 1815 719 1869 Alcxander
737 1815 1024 1885 episcopus
1064 1814 1320 1870 Ecclesia:
1359 1812 1623 1869 Melitena:
1649 1812 1774 1867 huic
1799 1827 1930 1867 con-
1960 1783 2008 1842 Β
2035 1811 2204 1865 latum
2232 1783 2415 1866 Basilii
2439 1783 2538 1863 viri
2561 1783 2842 1864 clarissimi
2864 1825 3006 1864 anno
3036 1808 3105 1863 12
3152 1810 3205 1865 in
3232 1783 3625 1865 Constantino-

1518 1892 1540 1915 Ι

332 1908 530 1963 stituto
558 1910 904 1965 consentiens
923 1908 1236 1978 subscripsi.

2035 1905 2276 1975 politana
2303 1902 2519 1959 civitate
2542 1902 2713 1972 (Anno
2737 1902 2930 1957 Christi
2950 1899 3098 1972 555).

1309 2154 1697 2216 EPISTOLA
1744 2153 2085 2215 LEGATIS
2129 2151 2643 2224 FRANCORUM,

698 2294 806 2346 QUI
850 2293 1483 2338 οοηςτΑΝΤιΝοΡοιιδι
1528 2294 2176 2352 PROFICISCEBANTUB,
2223 2295 2303 2337 AB
2348 2293 2577 2336 ITALIE
2621 2291 2905 2336 CLEBICIS
2953 2292 3248 2347 DIRBCTA,

336 2396 483 2476 Qua
511 2408 853 2480 suggerunt
888 2406 957 2459 ut
995 2399 1234 2478 Vigilio
1269 2418 1446 2480 papa:
1482 2408 1536 2480 et
1579 2399 1770 2480 Dacia
1804 2401 2087 2480 episcopo
2129 2399 2615 2480 Mcdiolanensi,
2645 2397 2758 2477 qui
2809 2398 2879 2459 in
2913 2398 3119 2480 eadem
3152 2399 3303 2459 urbe
3328 2398 3404 2460 ob
3428 2401 3621 2462 trium

431 2478 857 2559 Capitulurum
905 2476 1395 2541 controversiam
1441 2478 1514 2538 ab
1570 2476 1938 2557 imperatore
1977 2476 2352 2542 Iustiniano
2402 2476 2819 2552 vexabantur,
2892 2478 3115 2540 solatio
3159 2488 3343 2559 atque
3375 2480 3622 2542 auxilio

426 2576 551 2618 esse
576 2556 895 2618 studeant.

876 2767 1014 2822 με.
1056 2751 1379 2823 smnon

644 2875 937 2916 ADNOXITIO
967 2876 1035 2915 DE
1066 2874 1323 2915 EPlS'l'OLA
1355 2874 1632 2924 SEQUENTI.

421 2951 494 3007 Ut
522 2950 812 3023 sequentem
842 2949 1111 3015 epistolam
1141 2949 1237 3001 hoc
1266 2949 1377 3003 loco
1406 2948 1801 3018 subjiceremus,
1834 2963 1936 3001 non

343 3046 398 3099 id
427 3044 599 3098 solum
615 3032 798 3106 suasit,
823 3039 959 3111 quod
985 3040 1293 3094 mentionem
1321 3040 1480 3110 faciat
1509 3039 1740 3107 epistola:
1761 3038 1937 3109 Vigilii

344 3152 502 3207 papae
537 3134 608 3187 ad
651 3133 985 3186 Aurelianum
1022 3132 1373 3185 Arelatensem
1397 3170 1411 3193 ,
1453 3147 1605 3201 quam
1635 3132 1789 3201 paulo
1819 3141 1938 3182 ante

343 3228 711 3299 produximus,
737 3224 970 3296 quodque
998 3240 1111 3277 cum
1139 3223 1209 3276 ad
1232 3221 1555 3276 Francorum
1585 3222 1777 3292 legatos
1808 3222 1938 3275 scri-

344 3330 440 3389 pta
465 3320 551 3382 sit,
578 3317 640 3371 ab
663 3319 895 3372 instituto
923 3327 1100 3370 nostro
1123 3316 1294 3368 aliena
1319 3315 1530 3368 minime
1551 3314 1783 3367 videatur
1806 3330 1822 3367 :
1848 3314 1941 3367 sed

349 3417 449 3467 hoc
488 3414 645 3465 etiam
686 3412 937 3480 imprimis
972 3408 1221 3479 permorit
1244 3445 1259 3468 ,
1304 3404 1439 3477 quod
1479 3404 1547 3457 ad
1576 3404 1939 3458 illustrandum

359 3504 544 3575 Vigilii
574 3519 743 3556 rerum
773 3502 1044 3555 historiam
1075 3502 1233 3553 multa
1277 3498 1538 3552 contineat
1568 3512 1682 3566 qua:
1705 3496 1829 3549 alibi
1856 3497 1940 3549 via:

349 3603 630 3648 occurrant
658 3610 677 3647 :
704 3593 800 3647 etsi
845 3591 980 3664 quod
1025 3591 1094 3644 ad
1138 3590 1231 3644 illa
1269 3598 1464 3673 specta}
1507 3602 1622 3660 qua:
1663 3588 1715 3641 in
1759 3588 1944 3643 Sancti

425 3788 453 3814 ⁸
501 3775 613 3831 Etsi
677 3777 999 3847 subscriptio
1063 3776 1373 3847 nullahest,
1432 3784 1608 3831 tamen
1649 3792 1757 3845 quo
1797 3792 1939 3832 anno

352 3848 551 3916 scripta
580 3847 651 3901 sit
679 3845 903 3915 cpistola
936 3848 1049 3915 ipsa
1095 3845 1299 3914 prodit,
1348 3861 1466 3913 qum
1497 3856 1707 3916 sextum
1740 3861 1937 3901 annum

354 3914 603 3970 numerat
629 3917 697 3971 ab
717 3914 969 3984 ingressu
998 3917 1173 3984 Vigilii
1205 3931 1355 3984 papa:
1382 3916 1433 3969 in
1462 3918 1645 3970 urbem
1673 3914 1941 3970 Constan-

356 3986 763 4055 tinopolitanam
786 4026 802 4049 ,
831 3985 1124 4041 secundum
1167 4002 1235 4040 ex
1269 4000 1376 4051 quo
1408 3986 1715 4039 Anastasius
1743 3986 1810 4039 ab
1841 3990 1941 4040 Au-

354 4056 643 4111 reliaueusi
691 4058 885 4111 missus
932 4056 1105 4109 fuerat
1152 4056 1218 4107 ad
1266 4055 1535 4122 Vigilimu.
1599 4056 1938 4109 Ana~tasium

354 4127 497 4180 enim
526 4141 669 4180 anno
696 4125 892 4180 Christi
1055 4125 1121 4178 ad
1151 4124 1398 4191 Vigilium
1432 4125 1599 4193 pridie
1632 4125 1747 4180 idus
1773 4123 1941 4179 Julius

429 4197 666 4251 rvenisse
702 4196 886 4251 docuit
922 4196 1146 4264 epistola
1177 4194 1207 4246 7
1250 4194 1444 4263 Vigilii.
1488 4194 1729 4261 Vigilium
1774 4210 1938 4263 porro

429 4212 666 4251 rvemsse
702 4212 886 4251 uocmt
922 4212 1146 4264 eptsmta
1186 4212 1203 4246 ι
1257 4212 1444 4263 νιςιιιι.
1494 4212 1729 4261 "gutum
1774 4212 1938 4263 porro

354 4212 882 4335 gnstantinopolim
921 4281 1063 4319 anno
1100 4263 1201 4316 547
1231 4264 1473 4335 ineunte
1494 4265 1788 4331 ingrchum
1819 4280 1939 4319 esse

355 4344 545 4390 auctor
564 4343 651 4389 est
677 4332 729 4389 in
751 4335 1019 4390 Chronico
1048 4333 1406 4388 Marcellinus.
1438 4332 1784 4403 Consequens
1810 4348 1939 4403 ergo

357 4403 457 4458 fuit
484 4412 542 4457 ut
569 4406 852 4475 epistulam
891 4407 1035 4459 anno
1072 4403 1178 4457 55:!
1206 4402 1645 4475 ascriberemus.’
1667 4403 1782 4475 J.\_c.
1826 4402 1940 4458 SIB-

356 4472 687 4530 uoanosf—
714 4473 867 4529 Hunc
914 4472 1513 4543 libellunrrSirmondus
1555 4482 1673 4543 post
1721 4472 1934 4528 Baronii

357 4554 585 4613 mortem
616 4545 870 4611 vulgavit,
893 4559 1141 4613 annoque
1168 4541 1275 4613 552
1296 4541 1566 4613 scriptum
1587 4543 1830 4613 credidit,
1859 4546 1934 4599 uti

353 4614 518 4668 etiam
547 4612 787 4669 Cointius
811 4616 878 4667 ad
906 4611 1102 4667 annum
1132 4611 1254 4666 552.
1288 4612 1483 4666 Verum
1515 4628 1656 4666 anno
1687 4611 1780 4665 551
1816 4629 1938 4667 exa-

360 4692 536 4737 ratum
589 4684 928 4740 demonstrat
995 4683 1143 4736 card.
1186 4683 1427 4737 Norisius
1486 4683 1537 4735 in
1598 4682 1809 4736 dissert.
1870 4684 1937 4738 de

355 4769 391 4808 ν
417 4754 622 4822 synodo
646 4794 663 4819 ,
704 4770 770 4823 ex
800 4769 867 4807 eo
895 4754 1036 4823 quod
1066 4754 1117 4807 in
1164 4769 1232 4807 eo
1281 4753 1421 4806 nulla
1472 4752 1643 4821 Vigilii
1674 4751 1820 4823 l‘ugze
1868 4753 1934 4807 ad

358 4825 655 4892 proximam
684 4822 1040 4879 Chalcedonis
1068 4825 1256 4878 urbem
1292 4824 1496 4877 mentio
1533 4824 1621 4877 sit.
1662 4822 1930 4887 Secundo,

356 4894 479 4961 quia
506 4895 559 4948 in
586 4910 653 4949 eo
682 4893 861 4947 libello
890 4894 1165 4957 scribitur,
1195 4893 1340 4962 quod
1367 4893 1675 4947 Anastasius
1705 4893 1931 4963 quidam,

356 4980 501 5034 quem
529 4972 739 5018 sanctus
759 4963 1025 5034 episcopus
1048 4964 1352 5034 Aurelianus
1372 4964 1688 5034 Arelatensis
1718 4964 1937 5017 civitatis

356 5026 430 5086 6d
452 5026 798 5103 beatissimum
843 5026 1030 5103 papam
1068 5026 1194 5087 ‘ante
1232 5034 1326 5086 hoc
1363 5032 1619 5087 biennium
1658 5034 1938 5100 direxerat,

356 5103 546 5175 ibidem
590 5105 645 5175 in
693 5102 878 5157 Galliis
914 5102 1099 5175 aliqua
1145 5105 1450 5168 mentiatur,
1479 5104 1599 5172 quia
1635 5113 1685 5157 et
1724 5105 1862 5175 ipse1
1883 5112 1940 5157 ut

356 5170 807 5244 Constantinopoli
834 5176 977 5228 exire
996 5170 1192 5243 posset,
1222 5170 1540 5244 promisitse
1566 5170 1794 5227 omnium
1820 5171 1943 5228 Gal-

357 5243 646 5298 licanorum
690 5244 1044 5313 episcOporum
1093 5244 1163 5297 ad
1210 5243 1511 5297 damnanda
1551 5243 1791 5314 capitula
1844 5261 1938 5314 pro

357 5313 535 5382 quibus
566 5314 675 5367 lucc
700 5313 951 5369 scandala
981 5323 1094 5368 orta
1124 5322 1275 5379 sunt,
1306 5315 1506 5366 animos
1542 5313 1809 5367 inclinare.
1844 5313 1938 5370 Cui

360 5392 410 5436 et
428 5385 641 5451 pra'mia
663 5385 884 5452 plurima
911 5384 1091 5437 dantes
1118 5385 1349 5437 districte
1372 5383 1441 5437 ibi
1467 5383 1531 5436 de
1559 5385 1652 5438 hoc
1674 5385 1935 5453 implendo

358 5462 683 5507 sacramenta
705 5463 953 5521 pra'stare
978 5456 1243 5523 fecerunt;
1274 5463 1322 5507 et
1346 5470 1446 5506 non
1476 5457 1817 5523 permiserunt
1845 5471 1935 5523 per

358 5524 592 5577 eumdem
621 5525 953 5576 Anastasium
973 5524 1341 5595 beatissimum
1371 5540 1559 5595 papam
1587 5526 1708 5595 quit
1738 5528 1790 5578 in
1820 5527 1935 5593 ipsa

360 5608 515 5646 causa
542 5603 780 5664 ageretur
798 5592 1054 5717 Kratribus
1084 5596 1188 5648 suis
1217 5610 1246 5647 e
1281 5592 1469 5663 iscopis
1501 5592 1783 5648 Gallicanis
1812 5592 1938 5649 scri-

358 5662 493 5717 bere.
522 5674 630 5717 etc.
692 5663 761 5717 At
847 5666 1109 5717 uastasius
1137 5612 1307 5717 pridie
1336 5664 1453 5717 idus
1480 5662 1644 5717 Julias
1673 5665 1800 5717 anni
1830 5662 1934 5717 549

393 5677 493 5727 ere.
522 5674 630 5719 etc.
692 5672 761 5717 At

357 5729 564 5791 litteras
591 5733 989 5790 Aurelianensis
1016 5729 1256 5807 episcopi
1285 5733 1476 5802 Vigilio
1505 5734 1759 5804 tradidit,
1792 5743 1849 5790 ut
1878 5736 1931 5791 in

847 5666 1109 5721 uastasius
1137 5662 1453 5734 pridieiidus
1480 5662 1644 5719 Julias
1673 5665 1800 5718 anni
1830 5662 1934 5719 549
1953 5699 1970 5712 ο

2041 2769 2186 2823 Petri
2215 2770 2269 2823 in
2303 2769 2589 2824 llormisda
2617 2769 2834 2823 basilica
2861 2786 2951 2840 per
2977 2770 3076 2824 vim
3103 2780 3283 2824 contra
3308 2771 3455 2825 illum
3481 2780 3624 2842 gesta

2040 2869 2423 2925 commemorat,
2457 2860 2637 2914 eadem
2662 2861 2777 2930 ipsa
2806 2862 3177 2929 conﬁrmantur
3204 2861 3259 2914 in
3286 2861 3447 2930 ips'us
3481 2860 3623 2930 Vigi-

2039 2952 2096 3005 lii
2123 2952 2339 3020 epistola
2371 2948 2462 3015 15,
2493 2966 2607 3021 qua:
2646 2966 2761 3003 cum
2803 2952 2985 3004 mutila
3017 2952 3086 3004 sit
3112 2952 3166 3004 in
3196 2952 3413 3023 vulgatis
3443 2968 3621 3006 exem-

2040 3042 2288 3113 plaribus,
2321 3045 2523 3111 integra
2550 3050 2722 3095 exstat
2745 3042 2801 3094 in
2830 3040 3004 3094 codice
3032 3043 3384 3111 manuscripto
3416 3041 3625 3096 Sancta!

2045 3132 2231 3188 Mariae
2257 3132 2581 3199 themensis,
2614 3147 2679 3184 ea:
2699 3148 2797 3201 quo
2826 3140 2875 3185 et
2903 3132 3037 3185 hanc
3065 3148 3262 3204 quoque
3287 3142 3515 3188 nostram
3536 3133 3626 3187 dco

1995 3217 2012 3238 ⁴
2043 3228 2401 3297 prompsimus.

2421 3398 2448 3426 ει
2474 3386 2806 3443 EPISTOLA
2833 3388 3265 3445 LEGATARIIS'.

2114 3496 2191 3551 lta
2217 3512 2276 3552 se
2305 3497 2358 3550 in
2387 3498 2636 3553 omnibus
2676 3498 2923 3567 gentibus
2951 3498 3253 3553 Christiana
3292 3497 3423 3554 ﬁdes
3455 3499 3625 3568 gratia

2045 3588 2223 3645 divina
2265 3596 2528 3657 operante
2567 3584 2854 3653 diﬂ‘undit,
2895 3594 2955 3642 ut
2982 3587 3378 3657 quantumlibet
3423 3589 3543 3658 quis
3572 3591 3624 3644 in

2050 3776 2153 3831 line
2183 3791 2366 3830 earum
2396 3775 2619 3844 legitur;
2666 3790 2834 3845 quare
2862 3790 2983 3831 cum
3021 3782 3146 3829 ante
3181 3773 3456 3845 biennium
3485 3775 3627 3830 idem

2048 3848 2114 3900 ad
2146 3847 2394 3914 V'igilium
2426 3843 2664 3909 venerit,
2686 3843 2910 3899 libellus
2938 3847 3039 3900 iste
3067 3860 3209 3901 anno
3239 3843 3335 3899 551
3373 3845 3623 3914 scriptus.

2048 3915 2313 3971 Praeterea
2344 3916 2457 3970 hmc
2484 3916 2534 3969 in
2567 3931 2633 3970 eo
2662 3915 2910 3983 leguntur
2941 3934 2954 3968 :
2996 3914 3215 3970 Veniens
3245 3916 3383 3969 enim
3408 3914 3479 3969 ibi
3508 3925 3628 3970 ante

2047 4004 2138 4040 sea:
2175 4002 2340 4040 annos
2380 3987 2505 4057 istos
2536 3985 2859 4057 beatissimus
2888 4002 3025 4054 papa
3063 3984 3282 4057 Vigilius
3303 4028 3318 4048 ,
3349 3987 3512 4057 magis
3540 4002 3627 4057 au-

2048 4065 2177 4118 tem,
2210 4065 2263 4125 ut
2292 4055 2429 4125 quod
2459 4057 2621 4109 verius
2651 4064 2724 4109 est
2752 4055 2982 4119 dicatur,
3014 4055 3173 4125 prope
3201 4056 3446 4125 riolentcr
3473 4056 3625 4108 dedu-

2048 4073 2177 4118 tem,
2210 4073 2263 4107 tu
2328 4073 2427 4108 uoa
2459 4073 2621 4109 venus
2651 4073 2724 4109 est
2752 4073 2982 4119 atcamr,
3014 4073 3173 4125 prope
3201 4073 3446 4110 t‘totentcr
3473 4073 3625 4108 aeau-

2044 4135 2172 4179 ctus.
2207 4073 2518 4196 Etg’igilius
2546 4126 2595 4178 in
2620 4142 2715 4179 sua
2745 4126 3165 4196 encyclicadata
3194 4125 3277 4179 die
3296 4124 3626 4196 5_Februarii

2045 4196 2170 4249 anni
2215 4193 2359 4265 552,
2397 4205 2517 4249 ante
2559 4207 2749 4265 septem
2793 4193 2958 4250 annos
3004 4195 3172 4248 Roma
3215 4210 3274 4250 se
3315 4194 3627 4265 discessisse

2045 4273 2291 4319 testatur.
2340 4264 2398 4318 Si
2427 4265 2607 4333 itaque
2654 4281 2824 4319 annus
2866 4264 2971 4317 552
3002 4265 3263 4334 septimus
3282 4273 3368 4334 est
3396 4280 3426 4318 a
3458 4264 3626 4334 profe-

2046 4336 2225 4389 ctione
2253 4334 2430 4403 Vigilii
2467 4332 2535 4389 ex
2575 4335 2706 4389 urbe
2747 4334 2916 4389 Roma
2941 4376 2955 4400 ,
2989 4332 3161 4388 annus
3200 4332 3295 4385 551
3331 4332 3515 4403 sextus
3543 4347 3627 4388 est

1992 4406 1997 4413 ’
2046 4405 2114 4459 ab
2151 4405 2342 4458 eadem
2392 4404 2723 4473 profectione
2755 4421 2767 4456 :
2803 4420 2909 4458 nou
2958 4419 3090 4457 vero
3127 4404 3195 4473 ab
3231 4404 3349 4469 ejus
3391 4402 3622 4457 adventu

2044 4472 2595 4554 ConstantinOpolim,
2628 4474 2695 4527 ad
2728 4489 2888 4542 quem
2922 4473 3104 4529 clerici
3133 4472 3299 4527 Italia:
3327 4489 3434 4527 non
3465 4475 3635 4545 respi-

2042 4552 2208 4598 ciunt.

2115 4613 2298 4684 Neque
2347 4614 2465 4683 quis
2514 4613 2659 4668 dicat
2705 4628 2823 4668 cum
2868 4612 3249 4684 Sirmondoﬂin
3280 4612 3505 4681 epistola
3536 4613 3625 4667 illa

2044 4685 2311 4739 numerari
2340 4692 2548 4739 sextum
2579 4698 2775 4736 annum
2802 4684 2869 4737 ab
2896 4685 3133 4751 ingressu
3165 4683 3337 4751 Vigilii
3366 4684 3625 4738 Constan-

2044 4754 2348 4824 tinopolim,
2378 4754 2671 4810 secundum
2698 4769 2827 4807 vero
2850 4770 2915 4808 ex
2940 4770 3047 4823 quo
3077 4755 3385 4808 Anastasius
3411 4755 3477 4805 ah
3501 4753 3627 4824 Are-

2045 4822 2238 4879 latensi
2268 4826 2540 4895 epise0p0_
2558 4822 2969 4895 missus__f_ucrat
2994 4825 3061 4895 ad
3095 4824 3372 4892 Vigilium;
3403 4831 3459 4895 et
3489 4822 3625 4895 Ana-

2045 4896 2269 4950 stasium
2305 4891 2465 4949 anno
2503 4892 2704 4948 Christi
2748 4891 2851 4946 550
2889 4894 2955 4948 ad
2997 4891 3248 4960 Vigilium
3294 4892 3460 4963 pridie
3505 4892 3621 4944 idus

2042 4964 2213 5034 Iulias
2241 4965 2550 5034 pervenisse
2573 5002 2587 5025 ,
2638 4965 2887 5033 huncque
2913 4962 3430 5031 Constantinopolim
3481 4976 3620 5034 anno

2043 5033 2143 5087 547
2167 5031 2385 5089 ineunte
2408 5035 2676 5089 introisse.
2716 5031 2849 5088 Nam
2871 5036 3197 5097 Anastasius,
3223 5048 3328 5085 non
3358 5031 3620 5098 superiori

2042 5120 2202 5171 anno,
2233 5104 2327 5159 sed
2353 5120 2493 5161 anno
2523 5103 2643 5169 549,
2668 5103 3186 5172 Constantinopolim
3212 5102 3474 5172 pervenit,
3503 5102 3619 5171 ipso

2043 5174 2238 5244 Vigilio
2261 5185 2398 5231 teste
2427 5177 2479 5229 in
2507 5175 2734 5244 epistola
2763 5190 2889 5228 mox
2913 5171 3095 5244 citata,
3124 5171 3228 5244 et};
3251 5171 3478 5244 Beronio
3502 5172 3621 5228 loco

2040 5239 2138 5302 suo
2167 5246 2410 5301 recitata.
2444 5245 2519 5300 Ea
2545 5239 2689 5300 enim
2721 5246 2869 5297 tertio
2895 5243 3138 5297 calendas
3166 5239 3299 5294 Maii
3323 5243 3448 5295 anui
3474 5244 3619 5310 quino

2041 5317 2322 5385 gentesimi
2365 5315 2789 5385 quinquagesimi
2831 5315 3027 5385 scripta
3054 5353 3068 5373 ,
3102 5313 3153 5365 in
3182 5327 3287 5378 qua
3317 5314 3509 5385 asserit
3539 5312 3619 5385 Vi-

2039 5381 2195 5454 éilius
2221 5401 2281 5441 se
2309 5381 2401 5441 eas
2430 5381 2633 5441 litteras
2672 5381 2950 5437 Anastasio
2984 5381 3275 5454 deferente,
3298 5383 3473 5454 pridie
3500 5384 3615 5436 idus

2038 5452 2210 5511 Iulias
2245 5457 2544 5526 suscepisse
2566 5497 2580 5520 ,
2612 5456 2859 5526 ideoque
2909 5452 3452 5526 pritlie__idtts___Julias
3494 5455 3618 5526 anni

2036 5521 2451 5595 quingentesimi
2497 5524 2643 5578 noui.
2692 5521 2930 5595 Denique
2977 5521 3187 5595 libellus
3224 5522 3312 5595 ille
3342 5538 3483 5575 anno
3516 5521 3621 5575 55?.

2037 5592 2270 5664 scriptus
2311 5610 2428 5649 esse
2457 5610 2563 5648 non
2607 5594 2809 5664 potuit,
2858 5608 2979 5664 c_um
3005 5635 3020 5659 ,
3051 5602 3109 5647 ut
3137 5592 3322 5646 titulus
3350 5607 3462 5664 equs
3494 5604 3620 5661 prte-

2038 5660 2169 5729 l'ert,
2200 5664 2427 5719 traditus
2449 5660 2624 5736 fuerit
2655 5661 3193 5736 legatis__Francorum
3213 5702 3226 5724 ,
3255 5664 3348 5736 qui
3363 5660 3618 5736 Constan-

2036 5735 2304 5806 tinOpolim
2328 5729 2783 5806 proﬁciscebanlur
2832 5731 2895 5788 lli
2920 5743 3094 5789 autem
3119 5729 3377 5787 anno’b’a‘il
3408 5747 3436 5784 a
3463 5730 3621 5784 Theo-
