4006 6190
426 276 528 332 “5

1828 266 2050 324 VIGILII
2090 266 2176 322 PA
2185 264 2293 319 ΡιιΕ

3599 268 3697 318 Hii

422 390 526 445 isto
550 388 746 445 saeculo
776 383 1038 459 proficiat,
1071 388 1159 444 illa
1190 386 1359 456 magis
1384 399 1505 455 qua:
1532 392 1732 439 :cterna
1758 390 1883 438 sunt
1908 394 2004 450 per
2035 382 2081 441 Α
2111 386 2171 432 ιιι
2226 377 2328 434 hac
2369 378 2577 432 ratione
2621 385 2837 433 sanctus
2892 393 3029 450 papa
3075 377 3298 449 Vigilius
3345 378 3696 433 constitutus

421 481 590 552 ipsius
620 480 779 535 fidem
809 489 865 536 et
894 493 1134 534 amorem
1162 478 1345 547 cupiat
1380 476 1647 541 obtinere,
1679 476 1855 530 sciens
1883 474 2009 541 quia

424 578 475 631 in
499 574 601 630 hac
627 574 737 628 vita
757 587 918 629 nemo
941 585 1060 627 esse
1090 578 1351 640 perpetuo
1380 576 1577 640 potest,
1603 568 1655 621 in
1687 567 1775 621 illa
1806 576 2006 634 autem,

422 677 518 723 aut
547 668 600 722 in
626 667 839 737 requie,
872 672 965 719 aut
993 664 1047 718 in
1079 662 1251 732 pteuis
1275 661 1557 732 perpetuis
1583 660 1652 714 sit
1685 660 1914 714 futurus.
1944 656 2012 711 Et

422 768 709 830 propterea
738 754 1019 811 audientes
1047 762 1279 808 vestram
1319 751 1545 820 gloriam
1584 749 1650 805 ad
1679 750 1881 819 regiam
1922 764 2013 803 ur-

422 851 545 907 bem
571 851 624 904 in
646 849 973 919 legationem
997 861 1115 902 esse
1137 845 1415 909 directam,
1436 852 1827 913 cognoscentes
1847 845 2010 899 etiam

421 957 522 1013 per
560 940 797 1011 aliquos,
828 939 920 1009 qui
948 953 1006 993 se
1034 936 1199 992 vestri
1230 936 1477 992 notitiam
1507 936 1709 991 habere
1737 934 2006 998 dixerunt,

421 1034 619 1087 famam
648 1041 703 1087 et
730 1030 1049 1101 sapientiam
1079 1037 1315 1083 vestram
1340 1070 1354 1091 ,
1397 1028 1513 1083 haec
1538 1028 1693 1083 vobis
1734 1026 1803 1083 de
1830 1027 2012 1082 multis

422 1141 541 1196 quae
570 1133 689 1179 acta
720 1132 845 1179 sunt
866 1163 881 1187 ,
928 1138 1097 1192 pauca
1137 1121 1204 1175 ad
1235 1119 1644 1175 instructionem
1692 1134 2013 1190 quacunque

422 1218 710 1278 occasione
739 1214 1022 1271 referenda
1061 1213 1459 1269 transmisimus
1490 1231 1503 1267 :
1537 1227 1635 1283 per
1658 1216 1779 1283 quae
1806 1225 2011 1280 cogno-

422 1307 587 1361 scatis
614 1307 1020 1376 persecutiones
1047 1312 1102 1359 et
1127 1302 1435 1372 violentias,
1457 1317 1593 1372 quas
1622 1302 1731 1358 illic
1757 1301 2010 1358 sacerdo-

424 1407 506 1454 tes
556 1398 848 1464 catholici,
902 1407 956 1451 et
1003 1397 1310 1466 quicunque
1357 1395 1754 1453 ecclesiasticas
1800 1397 2013 1466 regulas

422 1505 642 1547 servare
671 1491 969 1559 voluerint,
998 1491 1294 1561 patiuntur.
1337 1490 1575 1546 Veniens
1611 1491 1754 1545 enim
1785 1491 1856 1545 ibi
1885 1498 2013 1545 ante

422 1598 519 1640 sex
544 1598 714 1639 annos
743 1582 917 1656 [Anno
952 1581 1057 1637 547
1080 1623 1095 1649 ,
1128 1599 1302 1637 mense
1330 1582 1610 1656 Januario]
1641 1584 1774 1639 istos
1802 1583 2009 1638 beatis-

423 1674 592 1730 simus
618 1689 757 1745 papa
784 1673 1027 1743 Vigilius,
1051 1675 1221 1744 magis
1249 1682 1451 1741 autem,
1476 1675 1701 1746 utquod
1720 1675 1903 1731 verius
1930 1684 2014 1731 est

2112 468 2257 538 quod
2288 468 2340 523 in
2371 468 2485 539 ipsa
2513 484 2674 524 causa
2706 468 2926 532 fecerat,
2953 469 3163 539 publice
3187 470 3240 523 in
3261 480 3532 524 conventu
3556 485 3694 524 rm-

2112 570 2284 632 peret,
2300 561 2621 618 denuntians
2633 562 2756 631 quia
2772 562 2816 616 si
2836 562 2955 631 quis
2967 560 3275 618 Gnncorum
3296 562 3697 633 episcoporum,

2114 670 2284 723 usque
2311 654 2379 710 ad
2409 654 2724 709 universalis
2758 654 2970 709 concilii
3010 662 3331 718 tractatum,
3364 653 3431 709 de
3460 654 3576 710 istis
3602 671 3697 711 ca»

2113 744 2296 815 pitulis
2325 744 2524 814 aliquid
2551 742 2805 810 fecisset,
2847 752 2939 798 aut
2968 744 3286 800 facientibus
3316 745 3696 813 acquievisset.

2114 852 2145 893 a
2183 837 2562 893 communione
2605 837 2747 892 sedis
2790 836 3099 907 apostolica:
3143 837 3351 893 alienus
3388 838 3648 895 existeret
3681 857 3694 894 :

2112 929 2371 1000 quoniam
2402 928 2839 1000 frequentcr’ipsi
2868 928 3108 1000 episcopi
3154 926 3328 985 Grzeci
3355 929 3421 984 ad
3451 930 3698 985 volunta-

2113 1030 2222 1076 tem
2254 1020 2509 1091 principis
2535 1019 2920 1079 damnaverant
2947 1019 3179 1090 capitula
3211 1019 3343 1090 ipsa,
3369 1020 3507 1074 unde
3535 1035 3699 1075 causa

2114 1120 2261 1166 mota
2290 1119 2401 1176 est,
2432 1108 2525 1166 sed
2564 1106 2903 1165 beatissimus
2941 1123 3078 1179 papa
3119 1124 3309 1163 manus
3336 1125 3522 1163 eorum
3553 1125 3581 1162 a
3613 1124 3697 1163 se-

2114 1202 2398 1258 reniSsimo
2426 1202 2751 1271 imperatore
2775 1207 3078 1270 receperat.
3106 1198 3244 1254 Sunt
3268 1197 3436 1255 Graeci
3461 1199 3699 1269 episcopi

2115 1292 2376 1348 habentes
2404 1291 2598 1347 divites
2645 1297 2701 1346 et
2729 1290 3012 1360 Opulentas
3043 1289 3296 1345 ecclesias
3320 1328 3335 1353 ,
3385 1298 3440 1343 et
3471 1305 3577 1344 non
3606 1306 3701 1360 pa-

2114 1386 2321 1440 tiuntur
2345 1383 2481 1439 duos
2510 1397 2723 1439 menses
2747 1398 2777 1437 a
2807 1397 2985 1437 rerum
3014 1382 3500 1437 ecclesiasticarum
3526 1382 3699 1436 domi-

2114 1477 2336 1532 natione
2363 1473 2616 1547 suspendi
2648 1491 2661 1528 :
2694 1489 2793 1543 pro
2821 1488 2927 1544 qua
2961 1488 3021 1527 re
3048 1472 3343 1528 secundum
3383 1481 3597 1545 tempus
3646 1482 3703 1525 et

2115 1566 2413 1625 secundum
2456 1566 2789 1622 voluntatem
2839 1565 3168 1636 principum,
3209 1563 3469 1633 quidquid
3517 1564 3585 1618 ab
3624 1564 3704 1618 eis

2116 1660 2399 1729 qumsitum
2430 1656 2591 1711 fuerit
2618 1657 2736 1711 sine
2764 1655 3118 1711 altercatione
3158 1655 3524 1713 consentiunt.
3563 1652 3700 1709 Cum

422 1767 666 1830 dicatur,
716 1781 887 1836 prope
934 1766 1200 1820 violenter
1255 1765 1554 1831 deductus,
1609 1774 1892 1836 coeperunt
1936 1767 2009 1823 ibi

2123 1754 2236 1808 Afri
2265 1751 2535 1823 episcopi,
2561 1749 2630 1805 de
2657 1749 2852 1819 quibus
2887 1748 3083 1819 smpius
3113 1748 3316 1803 dictum
3345 1756 3459 1816 est,
3488 1748 3538 1802 in
3569 1748 3704 1802 civi-

422 1858 596 1929 ipsum
628 1866 977 1929 exspectare,
1010 1865 1068 1911 ut
1094 1857 1494 1912 damnationem
1534 1857 1835 1927 aliquorum
1865 1860 2014 1931 capi-

425 1949 660 2004 tulorum
691 1947 894 2004 faceret
919 1990 937 2015 ,
976 1964 1074 2018 per
1101 1963 1260 2017 quam
1290 1957 1474 2003 sancta
1504 1948 1739 2019 synodus
1784 1947 2014 2005 Chalce-~

422 2041 695 2107 donensis,
719 2055 839 2109 qua?
866 2038 1024 2094 tidem
1051 2039 1392 2105 catholicam,
1421 2039 1699 2095 insistente
1730 2049 1856 2096 tunc
1880 2042 2011 2097 bea-

424 2134 634 2188 tissimo
661 2147 800 2203 papa
832 2130 1047 2197 Leone,
1078 2140 1268 2185 contra
1308 2130 1547 2191 diversas
1577 2131 1810 2189 luereses
1841 2133 2011 2189 vindi-

422 2225 599 2290 cavit,
646 2224 822 2278 modis
871 2222 1120 2276 omnibus
1166 2221 1484 2275 solveretur.
1545 2221 1650 2277 Sed
1701 2237 1822 2277 cum
1874 2239 2012 2293 papa

423 2314 649 2383 Vigilius
670 2313 725 2368 in
746 2313 852 2369 hac
875 2321 1031 2382 parte
1058 2328 1166 2367 non
1197 2312 1360 2367 vellet
1380 2312 1637 2368 adhibere
1665 2329 2008 2381 consensum,

418 2405 528 2477 jam
560 2415 685 2469 tunc
712 2404 837 2459 talis
864 2404 1121 2460 violentia
1149 2402 1290 2460 facta
1320 2413 1437 2472 est,
1470 2413 1527 2461 ut
1556 2405 1767 2475 publice
1798 2407 1850 2461 in
1880 2422 2013 2462 con-

421 2505 587 2557 ventu
630 2495 880 2553 clamarit
911 2493 1240 2553 :Contestor
1282 2496 1431 2563 quia,
1466 2496 1569 2551 etsi
1614 2511 1703 2551 me
1740 2498 2011 2567 captivum

421 2588 651 2653 tenetis,
685 2588 902 2643 beatum
934 2585 1152 2640 Petrum
1190 2568 1493 2656 apostolum
1532 2589 1803 2657 captivum
1832 2588 2013 2644 facere

419 2696 528 2735 non
554 2678 802 2750 potestis.
839 2677 1028 2732 Postea
1060 2685 1237 2731 tamen
1261 2685 1493 2733 tractatu
1518 2678 1702 2735 habito
1729 2680 2012 2749 przedictus

419 2778 636 2827 sanctus
663 2784 803 2840 papa
833 2768 1052 2837 Vigilius
1081 2767 1179 2821 sub
1208 2768 1384 2840 aliqua
1414 2769 1810 2839 dispensatione
1842 2772 2010 2841 ipsam

418 2878 639 2918 causam
676 2860 1042 2927 ordinaverit,
1069 2860 1302 2915 sollicite
1332 2861 1601 2916 monendo
1634 2877 1700 2916 ne
1727 2878 1824 2932 per
1852 2878 2012 2917 occa-

418 2955 627 3010 tionem
667 2953 901 3023 aliquam
940 2952 1249 3023 supradicta
1290 2953 1528 3025 synodus
1554 2964 1832 3023 pateretur
1866 2956 2009 3024 inju-

418 3046 575 3103 riam.
607 3044 675 3103 Et
694 3045 939 3116 quamvis
967 3061 1067 3100 nec
1092 3046 1195 3100 hoc
1216 3046 1359 3115 quod
1389 3062 1525 3118 papa
1556 3048 1758 3103 fecerat
1787 3050 2008 3120 acquie-

2116 1854 2283 1900 tatem
2310 1843 2511 1913 regiam
2545 1841 2935 1912 pervenissent,
2967 1848 3248 1910 caperent
3277 1839 3355 1894 eis
3382 1855 3525 1903 nunc
3549 1839 3702 1894 blan-

2114 1934 2395 2001 dimentis,
2425 1948 2568 1989 nunc
2596 1932 2893 1996 terroribus
2920 1939 3246 2000 extorquere
3265 1973 3281 1999 ,
3314 1938 3370 1985 ut
3399 1930 3703 2001 pnnberent

2114 2030 2169 2085 in
2216 2027 2578 2098 capitulorum
2625 2024 2971 2080 damnatione
3020 2038 3365 2079 consensum.
3423 2020 3528 2077 Sed
3576 2038 3701 2076 cum

2114 2120 2420 2175 nullatenus
2449 2117 2527 2172 eis
2555 2125 2881 2185 extorquere
2912 2115 3235 2184 potuissent,
3266 2113 3587 2169 concinnata
3619 2122 3701 2167 est

2114 2227 2275 2268 causa
2296 2218 2486 2267 sancto
2508 2208 2778 2278 Reparato
2805 2206 3060 2277 episcopo
3075 2204 3524 2275 Carthaginiensi,
3548 2205 3701 2275 quasi

2114 2300 2478 2361 Areobindam
2508 2300 2826 2368 magistrum
2858 2297 3089 2353 militum
3125 2311 3155 2350 a
3194 2292 3444 2350 Guutarit
3473 2301 3702 2365 tyranno

2115 2393 2168 2447 in
2200 2392 2378 2447 Africa
2409 2389 2627 2446 fecisset
2648 2389 2843 2455 occidi,
2875 2399 2929 2447 et
2957 2388 3055 2447 Sub
3086 2388 3189 2453 hoc
3217 2385 3400 2443 colore
3430 2386 3480 2439 in
3511 2386 3704 2441 exsilio

2114 2486 2431 2557 deportatus
2458 2493 2560 2539 est.
2592 2483 2708 2539 Hoc
2737 2483 2977 2537 videntes
3003 2481 3090 2535 alii
3121 2481 3246 2544 duo,
3272 2481 3362 2550 qui
3387 2480 3527 2534 inter
3557 2479 3702 2550 ipsos

2115 2587 2170 2633 et
2195 2578 2479 2632 sanctitate
2501 2575 2620 2630 vita:
2650 2583 2706 2630 et
2725 2574 3022 2629 divinarum
3054 2572 3448 2647 Scripturarum
3475 2571 3701 2626 scicntia

2114 2677 2240 2727 sunt
2268 2668 2485 2730 ornati,
2537 2666 2605 2722 ad
2631 2674 2873 2722 sanctam
2902 2664 3254 2734 Euphemiam
3302 2661 3701 2718 Chalcedonii-ni

2114 2760 2385 2829 fugerunt,
2425 2766 2484 2813 et
2511 2758 2584 2813 ibi
2635 2772 2805 2825 usque
2852 2756 3014 2812 hodie
3049 2756 3148 2815 sub
3197 2764 3344 2809 tanta
3380 2755 3701 2809 necessitate

2108 2853 2294 2922 jacent
2316 2892 2331 2918 ,
2364 2859 2421 2905 ut
2443 2891 2458 2916 ,
2500 2866 2621 2905 cum
2655 2848 2965 2904 infirmitate
2995 2848 3238 2919 corporis
3268 2847 3573 2902 laborantes
3604 2863 3701 2902 nec

2114 2943 2381 3000 medicum
2412 2943 2652 2997 invenire
2680 2950 3009 3009 mereantur,
3034 2940 3266 3011 pericula
3292 2942 3549 2998 innueusa
3578 2955 3699 3005 sns-

2114 3039 2344 3092 tineant.
2385 3034 2672 3091 Praefectus
2716 3049 2843 3089 vero
2881 3032 3107 3101 Africus,
3151 3033 3195 3087 si
3240 3030 3375 3111 quos
3414 3032 3619 3087 invenit
3648 3031 3700 3084 in

419 3145 612 3203 verunt
638 3136 877 3199 Africani
905 3143 1068 3205 atque
1111 3135 1368 3191 Dalmata:
1395 3138 1702 3194 sacerdotes
1726 3140 2005 3211 recipere;
2036 3146 2083 3209 ο
2117 3129 2295 3185 Africa
2325 3129 2643 3199 episcopos,
2676 3142 2705 3181 a
2749 3136 2768 3180 ι
2794 3142 2987 3181 causas
3013 3125 3257 3196 proprias
3287 3125 3581 3192 habentes.
3610 3131 3702 3177 aut

420 3235 602 3283 tamen
649 3228 815 3299 etrapit
857 3228 1053 3284 iterum
1111 3230 1430 3298 saepedictus
1485 3230 1829 3287 beatissimus
1872 3247 2010 3303 papa

420 3314 642 3385 Vigilius
670 3317 737 3372 ad
768 3318 872 3373 hoc
897 3318 1148 3388 compelli
1174 3358 1189 3383 ,
1232 3327 1291 3373 ut
1337 3319 1582 3375 absolute
1631 3322 1745 3391 ipsa
1776 3322 2009 3392 capitula

418 3408 534 3464 sine
563 3407 756 3480 synodi
779 3407 1236 3465 Chalcedonensis
1261 3411 1538 3466 mentione
1565 3411 1867 3468 damnaret.
1899 3412 2009 3469 Sed

418 3515 555 3572 papa
586 3515 695 3556 non
725 3500 1074 3570 acquiescens
1102 3501 1206 3561 hoc
1236 3501 1416 3558 facere
1437 3543 1453 3569 ,
1501 3509 1556 3558 et
1599 3502 1785 3559 videns
1822 3520 1882 3560 se
1924 3506 2009 3560 ni-

418 3593 584 3647 mium
631 3592 928 3663 ingravari,
970 3592 1104 3648 dixit
1152 3601 1282 3649 tunc
1334 3595 1680 3651 serenissimo
1730 3596 2003 3666 principi:

420 3684 767 3741 Venianthuc
781 3684 975 3738 fratres
998 3683 1165 3737 nostri
1188 3698 1254 3737 ex
1278 3683 1528 3738 omnibus
1553 3684 1845 3752 provinciis
1857 3684 2008 3753 quini

416 3785 510 3845 aut
536 3777 654 3833 seni
681 3776 941 3847 episcopi,
967 3782 1023 3828 et
1045 3772 1305 3844 quidquid
1332 3775 1432 3828 sub
1457 3774 1867 3843 tranquillitate,
1898 3783 2010 3829 tra-

418 3877 565 3926 ctatu
584 3868 792 3933 habito,
823 3866 1074 3922 omnibus
1100 3866 1273 3920 visum
1299 3864 1477 3930 fuerit,
1509 3880 1631 3920 cum
1661 3881 1795 3935 pace
1824 3865 2008 3935 dispo-

419 3973 609 4014 nemus
644 3976 656 4010 :
689 3956 815 4027 quia
857 3956 975 4017 sine
1018 3970 1287 4010 consensu
1325 3956 1563 4010 omnium
1594 3955 1693 4010 ista
1721 3997 1736 4021 ,
1789 3971 1907 4026 qua!
1955 3967 2010 4013 et

418 4049 677 4122 synodum
703 4048 1200 4103 Chalcedonenscm
1232 4047 1283 4101 in
1316 4046 1535 4101 dubium
1565 4048 1752 4103 venire
1782 4049 2008 4118 faciunt,

417 4149 473 4195 et
500 4138 810 4195 scandalum
840 4136 1094 4193 fratribus
1132 4138 1264 4193 meis
1302 4148 1599 4206 generant,
1648 4139 1795 4195 solus
1834 4139 2010 4196 facere

418 4231 725 4286 nullatenus
760 4231 1118 4302 acquiescam.
1153 4230 1296 4287 Missi
1328 4239 1455 4285 sunt
1483 4246 1613 4301 ergo
1639 4248 1668 4285 a
1697 4233 2007 4289 clementis-

417 4321 555 4379 simo
602 4323 841 4393 principe
890 4322 958 4377 ad
1006 4321 1235 4381 Africam
1285 4331 1340 4378 et
1385 4322 1692 4396 Illyricum,
1734 4333 1793 4378 ut
1826 4325 2009 4381 venire

417 4412 658 4483 episc0pi
711 4413 1042 4469 debuissent.
1096 4412 1203 4468 Sed
1250 4413 1318 4469 de
1365 4413 1576 4485 Illyrico
1610 4414 1786 4469 nullus
1824 4416 2041 4472 venire'

2111 3222 2384 3292 simplices
2404 3220 2487 3274 vel
2517 3220 2750 3291 ignaros,
2774 3226 2870 3272 aut
2895 3218 3111 3272 venales
3139 3224 3193 3271 et
3222 3223 3438 3287 paratos
3467 3215 3533 3269 ad
3563 3230 3699 3286 pra:-

2112 3314 2299 3380 mituu,
2345 3313 2563 3382 collegit
2604 3321 2660 3367 et
2696 3310 2894 3366 direxit
2941 3309 3066 3365 inde
3114 3322 3565 3376 unumquemque.
3618 3304 3699 3361 Ex

2112 3408 2306 3478 quibus
2355 3415 2531 3462 tamen
2582 3420 2718 3461 unus
2770 3412 2894 3458 ante
2942 3404 3075 3457 istos
3127 3411 3333 3472 septem
3382 3416 3554 3455 annos
3601 3413 3701 3469 pro

2113 3500 2390 3556 adulteriis
2415 3500 2525 3555 suis
2550 3507 2678 3554 tunc
2706 3497 2773 3553 de
2800 3498 3016 3553 civitate
3062 3496 3209 3564 regia
3257 3510 3377 3552 cum
3407 3492 3702 3565 opprobrio

2113 3592 2319 3661 ejectus
2356 3599 2411 3646 et
2449 3590 2500 3645 in
2532 3604 2723 3644 navem
2755 3588 3055 3658 impositus,
3088 3587 3152 3641 ad
3186 3586 3419 3651 Africam
3448 3594 3533 3640 est
3557 3585 3700 3639 dire-

2113 3693 2248 3738 ctus.
2284 3681 2351 3735 Et
2380 3695 2506 3736 ecce
2535 3695 2632 3749 pcr
2658 3679 2843 3749 quales
2872 3677 3119 3733 homines
3147 3678 3201 3731 in
3230 3675 3453 3745 singulis
3484 3675 3702 3744 provin-

2113 3773 2210 3828 ciis
2238 3780 2437 3827 sancta:
2466 3769 2719 3826 Ecclesiae
2760 3768 3123 3833 dissensiones
3175 3775 3230 3821 et
3259 3766 3512 3827 scandala
3543 3779 3701 3834 gene-

2113 3871 2318 3919 rantur.
2371 3859 2591 3916 Mittunt
2634 3860 2795 3915 etiam
2826 3858 2895 3913 ad
2934 3857 3342 3927 Carthaginem,
3375 3864 3431 3911 et
3455 3857 3615 3911 alium
3646 3856 3700 3911 iu

2114 3957 2233 4012 loco
2259 3953 2432 4009 sancti
2479 3952 2735 4022 Reparati
2763 3951 2999 4022 episcopi
3044 3959 3231 4007 contra
3270 3964 3459 4005 omnes
3488 3947 3702 4017 regulas

2113 4060 2169 4105 et
2194 4058 2380 4105 contra
2411 4049 2590 4104 omnia
2619 4056 2818 4104 statuta
2848 4045 3067 4100 Patrum
3116 4044 3429 4116 episcopum
3458 4040 3699 4096 ordinari

2113 4140 2399 4198 fecerunt:
2431 4140 2576 4209 quod
2621 4155 2741 4195 cum
2793 4138 2957 4193 nimia
3005 4135 3265 4192 effusione
3318 4131 3592 4203 sanguinis
3642 4139 3698 4184 et

2113 4236 2333 4291 interitu
2362 4235 2652 4289 multorum
2694 4233 3062 4288 innocentium
3094 4230 3370 4285 hominum
3400 4227 3588 4282 fecisse
3615 4224 3702 4279 di-

2113 4336 2324 4383 cuntur.
2367 4324 2835 4395 Constantinopoli
2876 4338 3005 4378 vero
3035 4328 3315 4390 creperum
3345 4319 3534 4373 iterum
3564 4315 3698 4369 bea-

2113 4418 2375 4473 tissimum
2416 4431 2610 4487 papam
2665 4414 2913 4483 Vigilium
2966 4411 3324 4484 compellere,
3363 4417 3422 4463 ut
3466 4407 3513 4462 si
3559 4405 3696 4466 Afri,

415 4502 605 4558 voluit.
636 4502 713 4556 De
744 4503 922 4558 Africa
950 4519 1079 4559 vero
1106 4517 1229 4559 cum
1252 4505 1362 4572 jam
1394 4504 1558 4573 aliqui
1589 4504 1898 4573 proximare
1926 4506 2006 4560 ci-
2038 4532 2087 4591 ι)
2114 4518 2276 4579 atque
2301 4507 2623 4579 Illyriciani,
2654 4506 2742 4560 vel
2769 4505 3028 4560 Dalmata:
3055 4503 3294 4574 episcopi
3325 4499 3549 4561 nollent,
3581 4499 3701 4567 ipse
3762 4539 3770 4547 .

418 4595 567 4651 vitati
598 4598 758 4665 regia:
792 4598 1121 4667 dicerentur,
1151 4599 1287 4653 dixit
1322 4614 1459 4669 papa
1501 4599 1723 4667 Vigilius
1750 4601 2003 4671 principi,

420 4695 479 4743 ut
506 4688 551 4742 si
581 4688 630 4743 ei
660 4674 766 4749 non
806 4688 1082 4747 sufﬁceret
1130 4691 1258 4745 illud
1302 4690 1447 4761 quod
1496 4699 1621 4746 ante
1667 4691 2002 4755 decreverat,

418 4778 688 4846 redderet,
716 4789 769 4834 et
799 4788 1050 4852 tanquam
1081 4781 1148 4837 de
1177 4798 1319 4838 novo
1346 4798 1508 4838 causa
1536 4798 1656 4837 cum
1685 4782 1769 4838 his
1795 4783 1885 4853 qui
1914 4800 2008 4839 vc-

419 4868 538 4925 nire
568 4869 793 4925 nuntiati
827 4880 952 4927 sunt
981 4880 1323 4931 tractaretur.
1368 4873 1624 4929 Praestitit
1650 4871 1811 4940 igitur
1843 4873 2004 4941 Deus,

420 5050 640 5106 debaldo
661 5066 788 5121 rege
811 5052 1135 5108 Francorum
1156 5050 1673 5121 Constantinopolim
1704 5052 1851 5111 missi
1878 5062 2004 5115 sunt

421 5135 514 5175 an.
548 5121 614 5174 17
642 5122 768 5178 belli
798 5122 1045 5188 Golhici,
1077 5123 1167 5191 qui
1201 5124 1252 5175 in
1279 5138 1438 5179 cursu
1468 5122 1567 5178 fuit
1598 5138 1765 5192 usque
1793 5123 1859 5187 ad
1892 5139 2005 5179 ver-

422 5205 557 5244 num
603 5200 815 5262 tempus
859 5194 1137 5263 sequentis
1163 5192 1362 5249 Christi
1405 5194 1531 5249 anni
1557 5234 1571 5258 ,
1605 5195 1759 5263 cujus
1787 5193 2002 5255 hiemali

426 5267 671 5333 tempore
699 5264 906 5333 legatos
934 5262 1031 5319 via:
1058 5279 1179 5318 sese
1208 5263 1419 5319 dedisse
1447 5262 1857 5333 existimandum
1894 5280 2001 5320 non

426 5337 530 5403 est.
562 5330 728 5403 Docet
750 5330 894 5389 enim
936 5332 1229 5403 Procnpius
1259 5333 1347 5388 lib.
1382 5351 1432 5388 IV
1471 5333 1601 5388 Bell.
1633 5330 1837 5403 Goth.ﬁ,
1879 5349 2000 5403 cap.

425 5397 533 5465 Ἃ,
563 5401 630 5455 de
675 5405 841 5471 gestis
885 5421 1028 5461 anno
1072 5397 1197 5458 belli
1240 5404 1449 5459 Guthici
1483 5405 1548 5457 t7
1576 5403 1736 5457 verba
1779 5397 2001 5469 faciens,

427 5486 549 5525 culti
579 5483 900 5527 conventum
931 5486 1077 5531 esset
1118 5477 1258 5529 inter
1287 5474 1522 5530 Francos
1549 5483 1606 5529 et
1631 5472 1837 5528 Gothos
1868 5484 1923 5527 ut
1952 5491 2012 5530 se

428 5543 482 5595 in
514 5541 677 5596 Italiae
705 5544 930 5597 invicem
960 5547 1123 5599 armis
1151 5562 1255 5599 non
1286 5546 1629 5605 lacesserent,
1659 5542 2014 5599 Justininnum

431 5614 565 5679 Aug.
611 5612 678 5667 ad
720 5613 1130 5668 Tlleodcbuldum
1180 5615 1505 5671 Francorum
1550 5630 1727 5683 regem
1779 5616 2011 5681 legatum

431 5687 640 5738 misisse
674 5683 943 5738 Leontium
978 5693 1311 5750 senatorem,
1352 5687 1744 5754 postulaturum
1777 5694 1832 5737 ut
1862 5700 2010 5741 arma

428 5769 611 5808 secum
642 5754 898 5807 adversus
945 5755 1151 5823 Gothos
1189 5756 1466 5821 iungeret,
1498 5757 1751 5823 cederetq
1791 5770 1821 5808 e
1853 5754 2007 5817 locis.

430 5840 542 5893 qua:
575 5823 945 5881 Tltcodebcrtns
994 5827 1043 5878 in
1097 5822 1256 5882 Italia
1306 5839 1485 5880 contra
1513 5827 1603 5894 jus
1631 5822 1835 5898 [exieris
1869 5841 2010 5883 orcus

2110 4615 2232 4654 cum
2262 4596 2463 4653 Graecis
2501 4598 2768 4668 episcopis
2797 4597 2985 4652 eadem
3015 4594 3249 4665 capitula
3288 4591 3692 4647 condemnaret.

2110 4688 2216 4746 Sed
2241 4690 2551 4745 beatissimo
2576 4705 2711 4759 papa
2744 4688 2936 4757 Vigilio
2965 4687 3268 4742 nullatenus
3298 4683 3698 4752 acquiesccnte,

2110 4781 2285 4836 edicta
2315 4797 2382 4837 ex
2413 4781 2629 4835 nomine
2659 4780 2921 4850 imperiali
2952 4788 3059 4833 tam
3086 4778 3139 4833 in
3167 4775 3403 4832 Ecclesia
3432 4772 3701 4827 Constan-

2113 4874 2463 4944 tin0politana
2509 4888 2669 4942 quam
2719 4874 2772 4927 in
2823 4871 3048 4929 diversis
3075 4870 3208 4927 locis
3254 4868 3507 4939 suspendi
3546 4864 3698 4919 fece-

2112 5065 2317 5126 posset;
2345 5053 2438 5111 sed
2459 5051 3141 5126 Leontiojlteodebaldum
3171 5052 3509 5124 respondisse
3538 5069 3599 5110 se
3628 5054 3699 5110 ad

2112 5121 2427 5183 societatem
2458 5123 2581 5178 belli
2613 5126 2663 5177 in
2683 5121 2890 5178 Gothos
2921 5125 3103 5195 venire
3133 5139 3239 5195 non
3260 5121 3455 5193 posse;
3483 5134 3538 5179 et
3562 5141 3702 5195 quo-

2110 5196 2178 5252 ad
2217 5197 2335 5251 loca
2366 5196 2453 5249 illa
2477 5233 2492 5258 ,
2533 5202 2741 5262 patrem
2788 5209 2944 5248 suum
2975 5192 3409 5249 Theodebertnm
3441 5192 3703 5250 Romanis

2111 5283 2217 5323 non
2242 5266 2522 5336 eripuisse.
2551 5262 2660 5336 sed
2688 5264 2751 5317 de
2782 5263 2888 5336 Itis,
2912 5264 3082 5336 inquit
3104 5262 3706 5336 Tlteodebaldus,_lega-

2112 5347 2188 5391 tos
2213 5333 2530 5407 Byzimtimn
2543 5334 2796 5407 mittemus
2818 5333 3001 5407 brevi._
3005 5333 3050 5387 Η
3060 5336 3103 5387 is
3123 5333 3295 5399 dictis,
3310 5337 3513 5407 rentisit
3532 5333 3704 5407 Leon-

2111 5403 2277 5475 tium,
2310 5417 2359 5460 et
2388 5405 2728 5476 Lendnrdumg
2744 5421 2927 5476 genere
2956 5403 3220 5476 Francmn
3248 5405 3319 5476 ad
3345 5403 3700 5460 Justiniannm

2119 5478 2471 5548 Augtlegavit
2502 5492 2614 5529 cum
2647 5474 2971 5548 tribusnliis.
3004 5476 3167 5548 Atque
3196 5475 3271 5528 illi
3302 5492 3415 5529 cum
3445 5478 3705 5546 peruenis-

2118 5546 2227 5603 sent
2252 5546 2580 5618 Byzantium,
2608 5563 2714 5618 rem
2742 5546 2887 5618 cujus
2911 5547 3081 5618 gratia
3112 5557 3372 5618 venerant,
3405 5563 3471 5600 ea:
3500 5557 3706 5618 senten-

2117 5621 2191 5673 tia
2220 5614 2587 5688 roufecernnt.
2627 5614 2809 5688 inquit
2842 5614 3153 5688 Procopius.
3199 5617 3254 5670 Si
3291 5618 3484 5688 itaque,
3502 5617 3707 5681 legatio

2118 5690 2203 5743 illa
2235 5686 2376 5742 anno
2535 5687 2701 5747 obita,
2735 5686 2943 5757 liln‘llus
2971 5686 3055 5742 ille
3089 5689 3191 5743 hoc
3215 5702 3355 5742 anno
3382 5687 3617 5757 scriptus
3646 5696 3706 5741 et

2117 5760 2303 5829 legatis
2335 5759 2578 5813 traditus.
2615 5758 2750 5813 Αδτ.
2787 5756 2929 5810 Ι“Α‹.ι.
