4006 6190
328 268 424 322 1ἶ7

1532 264 1887 323 EPISTOLAZ
1930 262 2014 317 ET
2057 261 2391 318 DECRETA.

3496 271 3597 327 “8

320 398 481 455 runt,
519 403 617 459 per
659 404 781 458 qua:
825 389 1013 445 eadem
1059 388 1294 460 capitula
1340 387 1742 444 damnarentur.
1789 389 1907 453 Quo
1939 394 1984 447 Α
2016 364 2179 453 ipsius
2210 382 2368 438 falsas
2396 382 2661 438 conscribi
2708 381 2974 448 fecerunt,
3014 392 3214 439 etcum
3244 384 3371 453 ipsis
3400 385 3602 440 chartis

320 486 470 537 tacto
511 481 851 538 beatissimus
898 497 1035 552 papa
1079 497 1270 539 omnes
1297 482 1583 552 episcopos
1611 480 1908 547 admonuit,

320 576 509 634 dicens
539 595 553 630 :
587 576 902 648 Quicunque
953 577 1143 633 edictis
1172 577 1289 632 istis
1317 591 1640 632 consensum
1672 575 1911 645 prtebere

324 667 557 723 voluerit
576 708 589 730 ,
620 668 759 722 sciat
780 683 840 723 se
870 667 1182 739 apostolicae
1216 667 1362 723 sedis
1387 666 1767 722 communione
1794 681 1912 720 sus-

324 774 572 830 pensum.
621 759 728 816 Sed
777 768 834 816 et
873 767 1093 815 sanctus
1118 760 1311 815 Dacius
1357 758 1770 814 Mediolanensis
1799 757 1914 829 epi-

321 867 521 919 scopus
547 853 997 908 contestationem
1035 853 1276 908 omnium
1304 852 1405 907 sub
1433 866 1621 920 magna
1651 849 1911 906 vocifera-

324 943 477 998 tione
502 942 795 1012 deposuit,
835 943 1063 999 dicens:
1096 943 1234 999 Ecce
1275 958 1376 1012 ego
1413 952 1466 997 et
1505 957 1628 1011 pars
1668 943 1908 996 omnium

320 1034 667 1089 sacerdotum
685 1073 703 1098 ,
739 1034 882 1088 inter
905 1050 1041 1104 quos
1069 1033 1311 1090 Ecclesia
1341 1048 1459 1087 mea
1489 1032 1776 1087 constituta
1805 1040 1906 1095 est,

325 1124 373 1178 id
403 1131 489 1179 est
517 1122 732 1187 Callias,
760 1123 1098 1192 Burgundiaa,
1129 1124 1363 1195 Spaniai,
1400 1122 1647 1189 Liguriae,
1677 1119 1909 1175 Emiliae

320 1224 487 1285 atque
530 1215 770 1271 Venetia:
790 1254 805 1278 ,
851 1223 1127 1271 contestor
1153 1216 1279 1285 quia
1308 1215 1614 1285 quicunque
1654 1215 1706 1269 in
1736 1214 1906 1269 edicta

319 1304 421 1359 ista
450 1306 806 1369 consenserit,
837 1306 1321 1376 suprascriptarnm
1349 1306 1742 1374 provinciarum
1774 1320 1908 1375 pon-

321 1395 496 1450 tiﬁces
543 1397 1029 1452 communicatores
1079 1396 1281 1452 habere
1328 1411 1433 1450 non
1487 1396 1733 1466 poterit;
1783 1396 1908 1467 quia

318 1492 536 1539 constat
562 1483 705 1554 apud
736 1501 824 1541 me
852 1485 1026 1541 edicta
1057 1485 1157 1541 ista
1188 1492 1429 1540 sanctam
1460 1483 1720 1556 synodum
1750 1484 1909 1542 Chal-

317 1573 683 1629 cedoneusem
710 1583 768 1630 et
794 1574 954 1629 ﬁdem
983 1575 1303 1631 catholicam
1333 1576 1670 1644 perturbare.
1701 1575 1775 1630 De
1802 1590 1909 1644 qua

318 1680 383 1719 re
426 1682 655 1721 accensa
684 1675 769 1721 est
792 1675 981 1721 contra
1009 1666 1376 1723 beatissimum
1406 1681 1600 1736 papam
1631 1675 1686 1721 et
1713 1675 1902 1721 contra

2016 474 2346 545 Stephanum
2376 472 2659 542 quemdam
2690 474 2756 528 de
2806 474 2870 532 iis
2890 489 3033 551 quos
3076 475 3503 529 sollicitavcrunt
3534 478 3601 530 ad

2012 565 2218 620 Italiam
2244 582 2365 620 cum
2394 565 2583 633 legatis
2606 563 2904 620 Gothorum
2935 566 3212 627 miserunt,
3249 575 3304 620 ut
3332 583 3426 636 per
3455 565 3607 623 falsi~

2013 665 2152 711 tates
2180 666 2237 711 et
2265 657 2416 711 doios
2444 656 2744 725 aliquorum
2773 658 2981 711 ειηὶιιιοε
3011 666 3198 711 contra
3231 660 3600 713 beatissimum

2010 761 2222 817 papam,
2245 746 2388 815 quod
2402 745 2542 801 Deus
2565 744 2676 800 ﬁeri
2700 762 2806 800 non
2832 746 3127 815 permittat,
3157 747 3206 800 in
3234 748 3336 802 illis
3359 750 3604 816 partibus

2010 840 2249 894 excitare
2278 837 2577 893 videantur.
2628 836 2787 893 Unde
2833 851 3088 907 rogamus
3132 846 3185 892 et
3234 846 3607 894 contestamur

2017 933 2242 1003 gloriam
2274 942 2507 988 vestram
2550 946 2650 1001 per
2684 930 2918 986 futurum
2968 931 3061 987 Dei
3111 932 3278 987 nostri
3319 931 3603 1000 judicium,

2015 1023 2161 1092 quod
2187 1023 2362 1079 omnis
2385 1021 2623 1079 conditio
2652 1022 2882 1077 humana
2910 1019 3182 1087 formidat,
3216 1030 3276 1079 ut
3297 1021 3363 1076 ad
3393 1022 3606 1092 provin-

2013 1117 2124 1170 cias
2156 1124 2361 1169 vestras
2396 1115 2511 1169 haec
2548 1113 2729 1169 omnia
2771 1113 3028 1169 velociter
3068 1113 3315 1168 indicetis
3339 1154 3356 1181 ,
3396 1130 3463 1169 ne
3510 1124 3605 1168 aut

2009 1206 2096 1260 isti
2122 1206 2419 1276 subripiunt
2445 1206 2537 1275 qui
2559 1206 2705 1260 missi
2727 1211 2870 1271 sunt,
2901 1213 2993 1259 aut
3021 1206 3334 1261 Anastasius
3358 1206 3574 1277 quidam
3590 1248 3606 1274 ,

2010 1312 2166 1367 quem
2196 1305 2413 1350 sanctus
2448 1280 2732 1366 episcopus
2768 1294 3088 1350 Aurelianus
3117 1293 3445 1351 Arelatensis
3472 1297 3605 1352 civi-

2011 1387 2136 1442 tatis
2164 1387 2231 1442 ad
2261 1388 2625 1443 beatissimum
2668 1403 2862 1458 papam
2911 1398 3033 1441 ante
3065 1389 3167 1443 hoc
3216 1388 3488 1443 biennium
3515 1390 3591 1444 di-

2010 1487 2257 1542 rexerat,
2290 1478 2484 1532 ibidem
2516 1478 2568 1531 in
2601 1477 2786 1532 Galliis
2814 1477 2991 1546 aliqua
3023 1479 3311 1534 mentiatur
3343 1497 3355 1532 :
3390 1480 3516 1548 quia
3546 1490 3603 1535 et

2016 1568 2152 1638 ipse,
2182 1583 2305 1623 cum
2342 1568 2411 1623 de
2440 1567 2907 1638 Constantinopoli
2937 1569 3086 1623 exire
3111 1585 3218 1624 non
3250 1577 3450 1641 posset,
3481 1587 3609 1626 usus

2016 1671 2100 1716 est
2127 1661 2376 1729 consilio,
2407 1670 2466 1716 ut
2495 1663 2835 1731 promitteret
2870 1676 2928 1716 se
2958 1662 3196 1715 omnium
3227 1663 3605 1735 episcoporum

317 1756 544 1811 Decium
581 1757 895 1829 episcopum
945 1757 1214 1811 iracundia
1264 1757 1574 1827 principalis
1619 1774 1632 1810 :
1664 1764 1719 1811 et
1759 1764 1907 1810 tanta
1945 1760 1987 1820 Β
2015 1753 2414 1808 Gallicanorum
2448 1752 2514 1807 ad
2542 1753 2845 1809 damnanda
2875 1752 3106 1823 capitula
3136 1769 3235 1823 pro
3272 1754 3467 1823 quibus
3496 1754 3609 1810 haec

317 1854 514 1902 contra
544 1862 640 1901 eos
666 1861 826 1916 agere
873 1856 1153 1918 cmperunt
1178 1890 1192 1916 ,
1232 1860 1291 1902 ut
1315 1887 1330 1909 ,
1376 1847 1478 1903 nisi
1508 1848 1574 1903 ad
1604 1856 1914 1904 sanctorum

319 1936 577 1991 basilicas
596 1937 984 2006 confugissent,
1008 1937 1073 1993 ad
1098 1937 1368 1992 interitum
1392 1938 1513 1993 vita}
1535 1947 1910 2008 pervenerant.

317 2026 387 2081 Et
420 2036 600 2083 tamen
630 2027 974 2085 beatissimus
1009 2043 1147 2098 papa
1184 2027 1440 2098 Vigilius,
1468 2043 1570 2084 nec
1599 2028 1651 2082 in
1687 2027 1907 2084 basilica

320 2118 478 2173 Beati
512 2116 654 2173 Petri
680 2117 839 2173 sedes
869 2126 1012 2173 tutas
1041 2118 1244 2173 habere
1275 2119 1506 2185 meruit;
1538 2119 1591 2174 in
1622 2128 1825 2173 tantum
1857 2126 1913 2173 ut

316 2210 431 2264 illic
458 2217 676 2279 praeter,
704 2209 769 2262 ad
792 2224 950 2278 quem
976 2208 1120 2265 fures
1148 2217 1202 2264 et
1230 2207 1512 2264 homicida?
1544 2209 1914 2265 tantummodo

317 2302 615 2371 pertinent,
647 2301 970 2356 mitteretur.
1014 2300 1115 2367 Qui
1143 2316 1265 2357 cum
1296 2300 1637 2355 multitudine
1663 2301 1911 2369 militum,

317 2390 546 2456 spatlias
578 2389 805 2445 nudatas
831 2398 886 2444 et
911 2402 1069 2445 arcus
1099 2396 1282 2445 tensos
1320 2389 1679 2460 portantium,
1720 2404 1912 2459 supra—

319 2479 524 2533 dictam
552 2479 832 2533 basilicam
887 2479 1146 2534 introivit.
1203 2478 1321 2546 Quo
1348 2479 1497 2541 viso,
1530 2487 1748 2535 sanctus
1776 2494 1913 2550 papa

319 2570 610 2623 Columnas
637 2568 822 2622 altaris
850 2568 1127 2638 amplexus
1156 2579 1237 2622 est
1268 2586 1280 2621 :
1312 2567 1404 2622 sed
1438 2567 1527 2622 ille
1555 2566 1835 2623 ferocitate
1860 2576 1915 2622 et

324 2659 510 2713 animo
540 2659 843 2714 concitatus
868 2701 884 2727 ,
925 2658 1100 2728 primo
1128 2659 1196 2713 de
1234 2659 1391 2712 altari
1420 2658 1676 2712 diaconos
1705 2657 1823 2727 ejus
1860 2667 1913 2713 et

320 2747 553 2803 clericos
582 2764 613 2801 a
643 2748 855 2817 capillis
903 2757 1077 2803 tentes
1126 2748 1286 2815 ejecit
1307 2790 1321 2812 ,
1345 2755 1549 2819 postea
1579 2763 1709 2801 vero
1738 2747 1910 2816 ipsum

318 2847 569 2894 sanctum
599 2854 791 2909 papam
821 2839 909 2893 alii
935 2854 965 2893 a
992 2838 1229 2908 pedibu:,
1260 2839 1347 2892 alii
1378 2853 1408 2892 a
1438 2836 1641 2907 capillis
1667 2845 1721 2892 et
1750 2837 1910 2892 barba

317 2939 533 2984 tentum
562 2929 857 2984 crudeliter
884 2929 1288 2984 abstrahebant.
1331 2929 1438 2984 Sed
1466 2943 1587 2983 cum
1614 2928 1703 2982 ille
1731 2927 1915 2982 altaris

318 3022 605 3077 columnas
633 3038 740 3076 non
771 3021 1084 3088 dimitteret,
1118 3022 1314 3077 cecidit
1343 3021 1532 3086 altare,
1564 3029 1620 3075 et
1650 3020 1913 3075 columnae

2017 1844 2268 1898 scandala
2298 1852 2415 1899 orta
2445 1850 2590 1908 sunt,
2622 1843 2832 1899 animos
2861 1843 3140 1899 inclinare.
3174 1842 3271 1898 Cui
3304 1852 3359 1899 et
3388 1844 3604 1918 prwmia

2026 1934 2254 2003 plurima
2285 1935 2476 1989 dantes
2503 1933 2743 1989 districte
2779 1933 2850 1988 ibi
2892 1932 2960 1989 de
2999 1934 3101 1989 hoc
3129 1933 3402 2005 implendo
3432 1949 3606 1989 sacra-

2022 2029 2205 2077 menta
2235 2030 2492 2095 priestare
2520 2022 2801 2085 fecerunt;
2855 2030 2911 2076 et
2960 2038 3067 2076 non
3116 2023 3477 2092 permiserunt
3514 2038 3610 2093 per

2019 2114 2266 2170 eumdem
2291 2114 2631 2169 Anastasium
2655 2113 3018 2167 beatissimum
3044 2128 3229 2183 papam
3260 2113 3382 2182 q‘uid
3416 2114 3465 2166 in
3498 2114 3606 2183 ipsa

2017 2223 2180 2263 causa
2228 2213 2480 2275 ageretur
2535 2205 2786 2259 fratribus
2847 2205 2959 2260 suis
3011 2206 3279 2276 episcopis
3322 2205 3610 2262 Gallicanis

2016 2297 2254 2352 scribere
2279 2338 2294 2365 ,
2340 2295 2441 2350 nisi
2472 2303 2679 2349 tantum
2728 2296 2795 2350 de
2824 2296 2942 2351 aliis
2969 2298 3143 2352 causis
3169 2340 3183 2364 ,
3214 2306 3267 2352 et
3295 2298 3419 2366 quia
3451 2297 3606 2354 fidem

2014 2387 2331 2443 catholicam
2351 2427 2365 2452 ,
2398 2395 2453 2441 et
2480 2396 2711 2457 quatuor
2738 2386 3066 2460 synodorum
3097 2389 3488 2453 reverentiam,
3521 2405 3609 2444 se-

2016 2479 2247 2535 cundum
2272 2478 2614 2535 traditionem
2633 2477 2849 2533 Patrum
2870 2480 3103 2535 custodit
3122 2489 3282 2550 atque
3300 2492 3604 2539 conservat.

2016 2567 2143 2623 Haec
2172 2582 2300 2637 ergo
2330 2569 2612 2640 prudentia
2643 2578 2840 2635 vestra,
2875 2577 2933 2624 ut
2961 2578 3015 2625 et
3044 2569 3095 2623 in
3129 2570 3244 2625 isto
3274 2572 3470 2627 saeculo
3501 2588 3610 2626 ma-

2016 2674 2174 2728 gnam
2203 2660 2623 2717 vicissitudinem
2650 2701 2666 2727 ,
2708 2668 2762 2716 et
2791 2662 2844 2715 in
2886 2660 3063 2717 futuro
3095 2662 3257 2716 vitam
3288 2674 3543 2718 mternam
3576 2679 3606 2718 a

2018 2749 2129 2805 Deo
2160 2751 2529 2821 omnipotente
2560 2752 2812 2822 recipiat,
2842 2751 2941 2806 sub
2969 2752 3116 2806 omni
3145 2752 3356 2807 cautela
3385 2762 3439 2809 et
3466 2753 3604 2808 cclcc

2015 2843 2176 2896 ritate
2202 2840 2265 2897 ad
2298 2841 2628 2913 provinciam
2665 2843 2913 2912 dignetur
2945 2834 3219 2909 scribere;
3267 2844 3605 2900 admonendo

2022 2940 2079 2984 ut
2107 2930 2341 3001 episcopi
2375 2931 2584 2989 illarum
2625 2933 2852 3002 partium
2885 2931 3192 2988 beatissimo
3222 2949 3370 3004 papa:
3400 2942 3456 2990 et
3489 2950 3608 2989 san-

2021 3029 2109 3076 cto
2138 3020 2302 3077 Dacio
2333 3023 2586 3094 episcopo
2616 3022 2871 3094 epistolas
2899 3023 3160 3092 dirigant,
3193 3035 3504 3080 constantes
3538 3042 3606 3082 ne

320 3113 519 3182 aliqua:
557 3112 739 3168 fractre
778 3123 933 3181 sunt,
965 3122 1019 3168 et
1048 3122 1309 3184 quantum
1349 3114 1414 3169 ad
1444 3114 1620 3184 ipsos,
1652 3113 1725 3169 ibi
1752 3129 1913 3185 super
1937 3128 1983 3191 ρ
2020 3115 2288 3169 novitates
2332 3114 2538 3184 aliquas
2590 3114 2831 3184 recipere
2876 3115 3149 3186 patiantur
3174 3154 3189 3175 .
3230 3125 3285 3171 et
3313 3125 3371 3169 ut
3399 3117 3609 3172 animos

320 3202 500 3270 ipsum
532 3203 708 3258 altare
736 3204 789 3257 in
822 3204 1062 3274 partibus
1091 3204 1229 3258 mitti
1261 3204 1464 3258 habuit.
1496 3203 1602 3260 Sed
1631 3203 1794 3271 Deus,
1824 3205 1915 3274 qui

323 3292 379 3347 in
410 3294 609 3349 talibus
636 3295 896 3363 angustiis
924 3311 1137 3366 semper
1166 3299 1355 3351 adesse
1382 3295 1649 3364 dignatur,
1680 3303 1787 3350 tam
1818 3296 1917 3351 ali-

326 3401 562 3454 quorum
592 3401 659 3440 ex
691 3387 821 3456 ipsis
858 3386 1151 3450 militibus,
1184 3401 1344 3455 quam
1374 3386 1579 3456 populi,
1611 3387 1701 3456 qui
1731 3386 1797 3441 ad
1829 3396 1915 3442 tu-

326 3476 555 3529 multum
590 3485 829 3542 venerat,
865 3479 1073 3532 animos
1102 3478 1167 3531 ad
1199 3478 1620 3534 misericordiam
1656 3495 1917 3549 provoca-

330 3568 437 3633 vit,
470 3578 523 3623 et
552 3578 837 3639 coeperunt
873 3585 1035 3627 voces
1071 3581 1234 3641 atque
1275 3572 1535 3627 stridores
1573 3574 1786 3628 mittere
1819 3592 1829 3626 :
1864 3582 1919 3629 et

323 3661 406 3718 sic
445 3663 674 3732 contigit
709 3671 768 3718 ut
790 3663 958 3731 judcx
1004 3665 1301 3735 iniquitatis
1349 3665 1686 3735 supradictus
1723 3676 1920 3738 prmtor

326 3766 449 3808 cum
474 3753 731 3809 ministris
748 3754 1081 3812 crudelitatis
1108 3772 1216 3810 suze
1240 3757 1455 3811 territus
1474 3756 1725 3825 fugiendo
1747 3756 1919 3813 disce-

330 3844 504 3897 deret.
546 3842 742 3899 Postea
775 3853 950 3900 tamen
976 3854 1315 3901 sacramenta
1345 3849 1552 3917 accepit
1579 3847 1919 3903 beatissimus

331 3948 468 4003 papa
491 3973 509 3998 ,
553 3942 604 3989 et
636 3944 856 3989 sanctus
898 3935 1090 3992 Dacius
1119 3938 1402 4007 episcopus
1426 3977 1440 4001 ,
1484 3937 1569 3993 vel
1597 3953 1787 3994 omnes
1828 3940 1917 4009 qui

329 4038 455 4077 cum
484 4023 612 4093 ipsis
640 4024 705 4079 ad
734 4026 852 4081 loca
880 4035 1066 4081 sancta
1095 4026 1470 4099 confugerant,
1498 4028 1623 4098 quia
1651 4029 1731 4085 eis
1761 4045 1919 4084 nemo

331 4113 474 4167 ultra
505 4114 815 4169 violentiam
844 4115 1080 4181 faceret,
1122 4132 1222 4173 nec
1251 4117 1430 4173 invitis
1457 4118 1525 4173 de
1554 4118 1919 4173 ecclesiastica

329 4219 493 4256 causa
518 4204 714 4274 aliquid
739 4214 1111 4274 extorqueret;
1137 4215 1191 4261 et
1211 4207 1291 4261 sic
1314 4206 1525 4261 interim
1550 4215 1673 4263 sunt
1697 4210 1915 4278 egressi.

331 4296 441 4351 Sed
469 4307 525 4351 ct
554 4297 712 4353 hodie
736 4339 752 4363 ,
794 4307 903 4352 tam
936 4300 1064 4369 ipsis
1093 4315 1251 4370 quam
1280 4299 1507 4355 diversis
1535 4299 1625 4368 qui
1674 4300 1726 4354 in
1758 4301 1918 4357 obse-

329 4387 461 4455 quio
489 4403 676 4443 eorum
715 4397 875 4454 sunt,
922 4391 1097 4445 varias
1140 4390 1533 4460 inquietudines
1560 4401 1615 4446 et
1645 4392 1920 4447 molestias

2017 3220 2204 3260 eorutn
2249 3207 2485 3261 fraterna
2533 3209 2905 3265 consolatione
2951 3208 3292 3264 conﬁrment.
3332 3210 3437 3269 Sed
3468 3218 3520 3265 et
3550 3212 3603 3267 in

2017 3299 2237 3355 civitate
2272 3300 2454 3370 regia,
2485 3301 2629 3369 quod
2659 3301 2885 3372 potestis
2914 3302 2968 3355 in
3000 3301 3112 3372 ipsa
3144 3317 3304 3357 causa
3325 3343 3338 3369 ,
3370 3303 3607 3359 maxime

2017 3399 2206 3447 sancto
2232 3393 2485 3463 episcOpo
2523 3393 2681 3448 Dacio
2710 3393 2915 3449 adesse“
2943 3409 3063 3450 cum
3103 3394 3195 3449 Dei
3227 3394 3427 3450 auxilio
3454 3394 3607 3450 festi-

2020 3491 2143 3536 nate
2175 3500 2187 3534 :
2220 3483 2553 3552 postulantes
2589 3495 2645 3538 ut
2688 3500 2809 3540 eum
2854 3494 2979 3555 post
3021 3484 3090 3541 15
3118 3495 3212 3542 aut
3244 3487 3310 3540 l6
3339 3503 3509 3543 annos
3539 3487 3607 3541 ad

2019 3587 2169 3626 suam
2219 3570 2514 3627 Ecclesium
2562 3572 2743 3629 redire
2791 3575 3054 3631 concedat
3087 3594 3100 3628 :
3137 3577 3261 3645 quia
3309 3593 3431 3633 cum
3469 3593 3607 3648 pene

2023 3677 2213 3718 onmes
2242 3664 2479 3735 episcopi
2504 3680 2641 3735 quos
2662 3665 2912 3721 ordinare
2932 3667 3086 3731 solet,
3111 3667 3249 3722 sicut
3271 3668 3411 3722 bene
3438 3669 3605 3733 scitis,

2018 3756 2217 3811 mortui
2246 3757 2372 3823 sint,
2395 3757 2654 3814 immensa
2682 3759 2863 3829 populi
2892 3758 3177 3814 multitudo
3198 3759 3315 3815 sine
3337 3759 3604 3829 baptismo

2022 3850 2267 3904 moritur.
2301 3849 2474 3905 Petite
2504 3852 2688 3915 etiam,
2722 3858 2779 3903 ut
2810 3851 3054 3906 eumdem
3098 3859 3341 3905 sanctum
3386 3849 3602 3908 Darium

2019 3940 2172 3994 vobis
2202 3940 2382 3995 videre
2410 3941 2606 4009 liceat,
2636 3950 2692 3995 et
2717 3942 2783 3996 ab
2812 3958 2870 3996 se
2910 3957 3151 4012 qumrcre
3178 3957 3297 4012 qua:
3325 3958 3484 3997 causa
3513 3944 3606 4012 sit,

2020 4047 2052 4100 q
2080 4033 2164 4088 .od
2196 4041 2303 4086 tam
2330 4032 2491 4100 longo
2522 4041 2764 4102 tempore
2794 4033 2859 4088 ad
2887 4032 3182 4089 Ecclesiam
3212 4050 3361 4088 suam
3390 4035 3608 4090 minime

2025 4124 2095 4177 sit
2128 4137 2398 4178 reversus.
2442 4122 2678 4177 Solliciti
2707 4133 2886 4179 tamen
2918 4140 3037 4180 esse
3066 4125 3376 4193 dignemini,
3409 4126 3532 4195 quia
3563 4127 3606 4181 si

2021 4213 2110 4281 qui
2142 4213 2375 4282 capitula
2405 4213 2647 4268 damnari
2674 4214 2891 4271 volunt.
2927 4214 3130 4284 fingunt
3156 4231 3215 4269 se
3244 4224 3298 4270 et
3327 4215 3483 4268 tidem
3514 4231 3606 4269 ca-

2022 4305 2277 4361 tholicam
2334 4306 2642 4371 vindicare,
2697 4315 2752 4361 et
2798 4305 3292 4362 Chalcedonenscm
3342 4307 3605 4377 synodum

2022 4397 2267 4451 venerari
2296 4412 2418 4450 cum
2452 4397 2611 4451 nobis
2645 4397 2922 4462 omnibus,
2955 4406 3014 4452 ut
3042 4396 3131 4465 qui
3162 4397 3411 4466 ignorant
3440 4398 3609 4451 inten-

330 4489 620 4544 gcnerant,
654 4481 885 4551 praemiis
924 4481 1150 4537 clericos
1187 4489 1242 4536 et
1277 4497 1461 4538 servos
1492 4498 1677 4537 eorum
1720 4483 1917 4538 immit-
1945 4508 1999 4567 D
2024 4488 2222 4542 tionem
2251 4502 2438 4542 eorum
2469 4488 2750 4542 videantur
2785 4488 2985 4557 aliquid
3027 4488 3282 4557 injustum
3324 4497 3601 4558 expetere.

332 4578 539 4634 tentes,
572 4578 631 4623 ut
661 4570 712 4623 in
754 4568 889 4624 facie
925 4571 1163 4640 ipsorum
1194 4580 1399 4627 stantes
1439 4572 1661 4641 injurias
1701 4574 1780 4628 eis
1818 4590 1919 4645 pu-

332 4661 471 4715 blice
502 4659 723 4725 faciant,
754 4670 809 4717 et
835 4661 903 4717 de
930 4663 1296 4718 mansionibus
1324 4663 1534 4733 aliquos
1570 4665 1622 4718 in
1654 4664 1914 4734 obsequio

332 4764 521 4804 eorum
549 4750 756 4819 positos
777 4751 1002 4820 jactant.
1047 4752 1153 4809 Sed
1180 4754 1254 4808 illi
1283 4755 1459 4809 omnia
1490 4769 1611 4809 cum
1647 4756 1736 4809 Dei
1770 4757 1922 4810 auxi-

336 4840 411 4892 lio
433 4840 701 4908 patienter
730 4842 1025 4913 accipiunt,
1076 4843 1367 4900 dummodo
1398 4846 1557 4900 nullis
1601 4846 1921 4917 prasjudiciis

333 4938 534 4985 sancta:
559 4927 839 4998 Ecclesize,
882 4932 1042 4988 nullis
1067 4934 1393 4991 novitatibus
1426 4937 1666 5006 praebere
1702 4938 1921 4993 videan-

333 5029 425 5073 tur
451 5034 750 5075 asscnsum.
795 5022 938 5078 Missi
977 5032 1102 5078 sunt
1130 5025 1293 5080 etiam
1326 5026 1489 5096 aliqui
1532 5027 1587 5082 in
1618 5030 1920 5099 provincias

331 5109 502 5166 Italia:
526 5154 543 5179 ,
585 5123 644 5167 ut
687 5114 732 5169 si
780 5124 1001 5183 possent
1047 5118 1358 5174 mentiendo
1398 5120 1577 5190 aliqua
1606 5122 1674 5177 de
1705 5124 1921 5179 nomine

335 5203 596 5272 ipsorum,
628 5205 732 5261 hoc
785 5217 868 5261 est
896 5208 1190 5266 beatissimi
1222 5226 1373 5281 papa:
1402 5222 1456 5266 et
1486 5213 1657 5269 sancti
1686 5215 1922 5285 episcopi

336 5291 505 5358 Decii,
536 5294 660 5350 odia
688 5298 765 5351 eis
791 5299 846 5352 in
894 5298 1000 5355 illis
1044 5302 1284 5371 partibus
1313 5300 1543 5369 faciant,
1579 5312 1633 5359 et
1662 5304 1715 5358 in
1745 5304 1921 5360 locmn

336 5397 523 5440 comm
552 5385 690 5443 alios
713 5389 1026 5461 episcopos,
1057 5394 1147 5464 qui
1191 5395 1519 5450 novitatibus
1558 5397 1917 5464 consentiant,

332 5475 597 5531 suadeant
623 5477 863 5551 ordinari
891 5500 905 5538 :
938 5481 992 5538 in
1020 5492 1230 5540 tantum
1261 5494 1401 5541 utet
1442 5502 1605 5541 unum
1651 5488 1917 5543 notarium

328 5582 397 5620 ex
432 5572 605 5626 servis
646 5573 939 5631 beatissimi
980 5592 1134 5649 papa:
1165 5578 1506 5647 progenitum
1536 5579 1694 5634 simul
1721 5580 1921 5634 sollici-

339 5664 590 5727 taverint,
616 5667 707 5735 qui
746 5684 962 5725 manum
992 5672 1163 5727 sancti
1192 5686 1346 5743 papa:
1374 5671 1569 5726 imitari
1600 5672 1812 5733 dicitur.
1845 5684 1920 5739 Cl.

340 5764 601 5821 quantum
652 5760 1012 5831 comperimus
1037 5800 1052 5828 ,
1093 5763 1307 5821 chartas
1354 5762 1560 5835 aliquas
1601 5761 1667 5817 de
1706 5763 1924 5820 nomine

2025 4579 2134 4635 Vos
2160 4578 2453 4635 Christiani
2497 4587 2549 4634 et
2579 4580 2786 4635 nobiles
2813 4580 2950 4648 viri,
2981 4580 3123 4636 cauti
3153 4588 3346 4647 estote,
3379 4589 3438 4635 ut
3465 4581 3609 4650 quod

2023 4670 2305 4741 potestatis
2340 4670 2709 4726 sacerdotibus
2737 4668 3055 4726 Christiana:
3083 4671 3273 4741 plebis,
3304 4671 3396 4740 qui
3428 4685 3611 4741 perse-

2023 4761 2254 4817 cutionis
2280 4763 2523 4831 pondere
2547 4762 2776 4831 gemitus
2804 4761 2871 4816 de
2900 4762 3029 4833 ipsis
3058 4762 3305 4817 medullis
3335 4761 3605 4823 emittunt,

2022 4852 2235 4922 aliquod
2257 4851 2552 4908 remedium
2572 4851 2657 4906 vel
2678 4853 2929 4907 solatium
2950 4852 3239 4908 videamini
3262 4851 3569 4922 prmstitisse
3592 4867 3607 4916 ;

2021 4955 2286 5018 quatenus
2307 4944 2449 5001 Deus
2470 4947 2522 5001 in
2543 4946 2627 5001 die
2645 4946 3015 5001 retributionis
3035 4960 3280 5014 magnam
3304 4941 3607 4997 mercedem

2022 5049 2077 5094 et
2118 5039 2370 5110 prmclara
2401 5055 2624 5095 munera
2654 5055 2755 5109 pro
2784 5039 2885 5095 hac
2915 5037 3357 5109 compensatione
3387 5033 3605 5089 tribuat.

2024 5130 2150 5185 Haec
2194 5130 2338 5186 enim
2381 5132 2559 5186 omnia
2600 5133 2844 5201 quzedam
2894 5129 3215 5186 fidelissima:
3256 5139 3497 5196 persona:
3542 5125 3610 5181 de

2025 5222 2493 5293 Constantinopoli
2515 5224 2794 5279 venientes
2816 5223 2888 5277 ita
2915 5230 3035 5277 acta
3057 5236 3178 5277 esse
3199 5219 3466 5279 veraciter
3485 5234 3611 5274 con-

2028 5311 2394 5368 firmaverunt.
2444 5311 2550 5368 Sed
2587 5320 2643 5368 et
2682 5312 2851 5367 multa
2880 5312 3174 5368 crudeliter
3197 5310 3340 5367 circa
3367 5310 3609 5367 diversos

2023 5399 2280 5455 diaconos
2304 5409 2361 5456 et
2386 5401 2610 5458 clericos
2640 5402 2817 5466 Afros,
2844 5401 2936 5473 qui
2967 5400 3044 5456 eis
3066 5401 3374 5459 consentire
3400 5401 3607 5466 nolunt,

2025 5499 2145 5547 arta
2173 5509 2293 5550 esse
2325 5494 2406 5549 vel
2437 5494 2553 5564 agi,
2586 5494 3036 5565 interdictumque
3075 5510 3195 5552 esse
3232 5496 3481 5553 omnibus
3509 5492 3612 5548 Ro.

2029 5583 2198 5637 manis
2234 5600 2302 5638 ne
2331 5585 2394 5639 ad
2424 5585 2789 5641 beatissimum
2819 5601 3012 5656 papam
3071 5586 3348 5645 accedant.
3392 5587 3468 5643 De
3495 5588 3612 5659 qui~

2029 5670 2127 5723 bus
2155 5672 2404 5727 omnibus
2433 5671 2547 5726 hate
2576 5688 2742 5742 pauca
2773 5674 2873 5729 sub
2900 5676 3173 5732 anxietate
3205 5677 3388 5746 glorim
3418 5685 3614 5731 vestrae

2031 5762 2396 5820 fr-stinavimus
2442 5762 2719 5836 indicare,
2773 5776 2829 5824 ut
2879 5782 2974 5838 pro
3024 5767 3261 5824 remedio
3312 5767 3610 5824 animarum
