4006 6190
472 319 576 377 H9

1855 288 2079 349 VlGILfl
2113 283 2314 342 PAPJE

3627 271 3729 331 fi.

458 442 771 493 vestrarum
799 443 929 487 cura
956 425 1108 483 vobis
1136 422 1208 480 sit
1240 434 1400 491 supra
1430 429 1618 474 omnes
1649 421 1800 470 actus
1840 409 1907 466 de
1950 409 2051 462 ista
2081 410 2132 470 Α
2159 401 2321 472 igitur
2347 397 2577 469 proferri
2605 404 2660 452 et
2690 397 2802 466 ipsa
2830 408 2983 452 sacra
3025 391 3300 464 diptycba,
3328 396 3388 444 ut
3415 401 3603 444 omnes
3632 399 3727 444 co-

470 540 661 592 causa,
691 537 811 592 qua:
851 517 1160 588 specialiter
1189 512 1285 567 Dei
1312 519 1393 566 est
1418 550 1433 576 ,
1477 507 1716 576 cogitare
1741 545 1757 572 ,
1798 510 1858 555 ut
1886 501 1939 554 in
1969 497 2055 552 die

469 615 676 688 iudicii,
709 591 850 668 sicut
874 609 1073 665 dictum
1103 613 1219 673 est,
1248 618 1357 658 non
1386 599 1643 656 offensam
1685 595 1753 651 de
1781 591 2056 662 negligen—

472 685 566 777 tia,
597 707 693 764 sed
721 701 1023 760 mercedem
1049 698 1116 754 de
1138 697 1281 752 bono
1305 702 1428 748 actu
1450 689 1691 746 invenire
1715 685 1948 758 possitis.

491 805 2042 850 ___________________.__.__—

545 931 923 994 EXEMPLUM
953 926 1203 987 SACRIE
1230 921 1588 980 EPISTOLIE
1617 914 1988 974 JUSTINIANI

475 1067 709 1114 80811⁵τῶ
767 1065 832 1104 AD
881 1058 1228 1102 BEATISSIMUI
1281 1053 1518 1096 JOANNEI
1574 1044 2058 1091 HETROPOLITANUM

1110 1145 1419 1187 EPISCOPUII.

547 1248 920 1320 Significamus
965 1253 1068 1300 tuae
1109 1240 1384 1299 sanctitati
1429 1239 1684 1308 colligere
1723 1248 1911 1290 omnes
1939 1231 2064 1287 reli-

477 1343 810 1414 giosissimos
853 1339 1159 1409 episcopos,
1205 1335 1297 1404 qui
1327 1333 1394 1388 de
1423 1338 1514 1386 tua
1559 1327 1765 1401 synodo
1803 1333 1964 1389 sunt,
2009 1333 2065 1380 et

478 1433 761 1504 pervenire
799 1430 854 1485 in
901 1428 1332 1499 Mopsuestenam
1377 1422 1651 1477 civitatem
1681 1427 1735 1474 et
1761 1416 2068 1486 requisitio-

481 1540 605 1581 nem
647 1521 898 1578 subtilem
955 1518 1131 1573 facere
1187 1511 1634 1572 convenientibus
1682 1507 1944 1564 universis
1993 1505 2066 1561 ibi

484 1612 792 1672 constitutis
821 1609 1124 1666 senioribus
1167 1605 1494 1668 hominibus,
1537 1602 1652 1656 sive
1691 1597 1921 1662 clericis,
1955 1596 2068 1651 sive

485 1707 660 1776 laicis,
703 1712 760 1760 et
786 1703 991 1758 discere
1017 1701 1083 1757 ab
1113 1701 1262 1772 ipsis,
1293 1699 1338 1754 si
1385 1701 1718 1765 cognoscunt
1747 1701 1958 1761 tempus
2002 1705 2066 1744 ex

481 1813 590 1868 quo
617 1797 857 1852 ablatum
888 1803 971 1850 est
1011 1808 1206 1848 nomen
1257 1789 1526 1846 Theodori
1567 1803 1597 1842 a
1635 1786 1802 1843 sacris
1831 1793 1857 1823 ⁸·
1890 1785 2067 1856 dipty-
2102 1802 2146 1860 Β

483 1892 619 1950 cbis.
651 1889 709 1946 Si
736 1904 867 1944 vero
897 1887 924 1927 ι)
970 1903 1078 1942 non
1125 1885 1469 1940 meminerint
1497 1897 1565 1938 ex
1593 1895 1702 1951 quo
1730 1879 1838 1934 hoc
1867 1877 2065 1932 factum

483 1989 588 2050 est,
635 1979 997 2037 confiteantur
1023 1977 1129 2033 hoc
1175 1967 1372 2047 ipsum,
1403 1973 1548 2045 quod
1587 1989 1697 2028 non
1740 1975 2071 2040 cognoscunt

486 2073 744 2128 insertum
774 2077 866 2123 aut
889 2067 1234 2138 praedicatum
1266 2066 1318 2120 in
1347 2063 1547 2120 sanctis
1575 2061 1842 2133 diptycbis
1870 2071 2068 2113 nomen

489 2160 786 2228 Theodori,
833 2167 888 2214 et
915 2157 1256 2229 proferantur
1283 2155 1438 2210 vobis
1462 2161 1518 2208 et
1551 2153 1666 2222 ipsa
1704 2150 1978 2222 diptycha,
2012 2156 2074 2203 ut

490 2250 833 2322 cognoscatis
857 2248 976 2319 quis
1005 2263 1104 2318 pro
1129 2248 1221 2302 illo
1264 2246 1496 2302 insertus
1537 2251 1620 2298 est
1651 2261 1663 2296 :
1696 2251 1752 2297 et
1777 2242 1910 2296 tales
1937 2255 2071 2296 con-

489 2343 752 2399 fessiones
771 2341 936 2412 gestis
964 2340 1308 2410 recipientes,
1341 2346 1396 2392 et
1423 2336 1618 2392 vestris
1648 2334 2076 2405 suggestionibus

489 2433 898 2504 coniungentes,
931 2431 1234 2488 subscribat
1261 2438 1318 2485 et
1345 2437 1434 2484 tua
1475 2428 1734 2485 sanctitas
1763 2426 1818 2480 in
1865 2425 1994 2496 ipsis
2023 2432 2077 2480 et

491 2527 675 2582 exteri
686 2523 1074 2594 religiosissimi
1091 2521 1332 2592 episcopi
1349 2538 1361 2573 :
1377 2528 1432 2575 et
1446 2520 1524 2574 sic
1544 2519 1756 2586 dirigite
1771 2534 1932 2572 unam
1956 2517 2078 2587 qui-

493 2617 618 2674 dem
639 2616 707 2672 ad
723 2631 840 2680 nos,
867 2614 1089 2669 alteram
1117 2627 1248 2668 vero
1269 2611 1336 2666 ad
1357 2609 1752 2665 sanctissimum
1777 2622 1992 2677 papam.
2014 2605 2081 2659 Et

497 2711 602 2767 hoc
631 2717 812 2765 tamen
828 2703 1170 2761 manifestum
1193 2702 1304 2768 fiat,
1329 2699 1766 2768 etunusquisque
1779 2713 1966 2752 eorum
1989 2695 2081 2765 qui

497 2799 844 2864 conﬁtentur,
865 2797 1047 2853 dicant
1065 2808 1123 2851 et
1148 2792 1493 2849 manifestent
1513 2797 1646 2861 quot
1672 2795 1757 2844 est
1777 2802 2037 2842 annorum
2064 2804 2077 2839 :

499 2903 556 2950 et
584 2907 682 2948 vos
707 2905 839 2946 vero
867 2889 921 2944 in
960 2887 1193 2958 propriis
1235 2883 1664 2941 confessionibus
1690 2881 1988 2950 significate
2016 2878 2084 2934 de

500 2984 758 3060 praedicto
783 2981 1040 3053 capitulo,
1080 2986 1135 3035 et
1173 2992 1336 3050 quem
1367 2991 1466 3047 pro
1496 2973 1784 3030 Theodoro
1824 2973 2085 3026 insertum

503 3075 805 3132 invenistis.
844 3073 1168 3142 Scripsimus
1193 3077 1372 3124 autem
1403 3074 1461 3123 et
1499 3063 1801 3120 Marthanio
1829 3062 1946 3119 viro
1972 3077 2085 3117 ma-

501 3167 703 3237 gnifico
722 3179 824 3236 pro
851 3164 976 3229 hoc,
1007 3171 1065 3216 ut
1093 3161 1210 3216 sine
1236 3159 1345 3215 ulla
1375 3157 1633 3214 dilatione
1667 3156 1767 3212 ista
1797 3161 2086 3224 agerentur
2114 3179 2158 3241 Ο

508 3263 567 3316 et
594 3255 751 3312 nobis
774 3253 1134 3308 mitterentur.
1169 3249 1318 3318 Legi.

576 3343 774 3400 Datum
819 3341 1029 3398 decimo
1074 3338 1325 3396 calendas
1367 3335 1552 3392 Junias
1597 3333 2084 3403 Constantinopoli,

505 3435 717 3508 imperii
743 3434 946 3490 domini
982 3432 1150 3487 nostri
1195 3429 1481 3486 Iustiniani
1509 3435 1774 3499 perpetuo
1809 3437 1832 3466 ο
1865 3425 2090 3494 Augusti

510 3544 655 3585 anno
683 3528 944 3598 vigesimo
973 3534 1165 3597 quarto
1186 3567 1201 3591 ,
1247 3532 1372 3594 post
1411 3521 1746 3578 consulatum
1776 3518 1958 3573 Basilii
1993 3517 2090 3573 viri

508 3620 790 3677 clarissimi
819 3634 962 3675 anno
985 3632 1128 3672 nono
1161 3615 1372 3688 (Christ.
1408 3612 1550 3684 550).

780 3777 1060 3834 ALTERA
1090 3772 1462 3831 JUSTINIANI
1497 3769 1826 3827 EPISTOLA

615 3973 620 3978 λ
692 3909 875 3951 COSIE
903 3904 1238 3947 SANCTISSIHO
1280 3901 1526 3942 EPISCOPO
1559 3901 1916 3940 MOPSUSSTLE.

587 4004 961 4077 Significamus
1002 4011 1107 4058 tua:
1134 3998 1425 4066 sanctitati,
1452 3997 1595 4069 quod
1621 3996 1874 4066 jussimus
1901 3994 2096 4051 Joanni

517 4098 833 4156 beatissimo
861 4094 1282 4164 metrOpolitano
1297 4090 1662 4147 Anazarbente
1676 4088 2096 4162 [Justinianopo-

515 4187 964 4262 litante]civitatis
992 4186 1244 4254 colligere
1263 4198 1450 4239 omnes
1476 4180 1766 4252 provincia:
1793 4179 2097 4249 episcopos,

515 4291 571 4338 et
591 4281 874 4353 pervenire
903 4279 954 4332 in
977 4284 1213 4332 vestram
1242 4274 1534 4336 civitatem,
1567 4279 1623 4326 et
1649 4269 1896 4325 subtilem
1925 4267 2100 4338 inqui-

513 4375 767 4430 sitionem
812 4370 991 4426 facere
1037 4365 1483 4424 convenientibus
1527 4364 1776 4420 omnibus
1820 4361 1962 4433 apud
2003 4375 2102 4415 vos

517 4461 830 4521 constitutis
867 4460 1171 4516 senioribus
1198 4457 1504 4513 hominibus
1527 4498 1544 4524 ,
1585 4455 1700 4511 sive
1726 4453 1956 4518 clericis,
1985 4451 2101 4506 sive

517 4557 708 4623 laicis,
755 4561 811 4610 ct
857 4554 1064 4608 discere
1108 4553 1175 4607 ab
1219 4551 1322 4605 illis
1352 4589 1368 4616 ,
1422 4549 1466 4603 si
1513 4553 1846 4617 cognoscunt
1889 4560 1957 4600 ex
1992 4557 2100 4612 quo

516 4647 757 4704 ablatum
787 4653 874 4700 est
899 4659 1094 4699 nomen
1123 4640 1394 4697 Theodori
1421 4655 1451 4693 a
1481 4639 1682 4694 sanctis
1710 4635 1978 4707 diptycbis
2010 4651 2025 4686 :
2058 4633 2103 4688 si

522 4752 655 4794 vero
687 4734 714 4774 ά
746 4752 854 4792 non
881 4734 1226 4791 meminerint
1264 4734 1332 4789 de
1371 4741 1636 4802 tempore,
1675 4738 1730 4784 et
1759 4727 1973 4798 quando
2001 4726 2107 4781 hoc

522 4829 698 4901 ipsum
729 4827 926 4884 factum
953 4834 1054 4894 est,
1086 4835 1141 4881 et
1179 4827 1284 4880 hoc
1323 4824 1497 4894 ipsum
1539 4820 1920 4882 confiteantur,
1960 4815 2106 4884 quod

521 4934 631 4976 non
657 4926 993 4987 cognoscunt
1021 4932 1217 4972 nomen
1249 4913 1516 4969 Theodori
1536 4912 1589 4966 in
1619 4907 1821 4966 sanctis
1841 4905 2108 4978 diptychis

525 5011 786 5069 insertum
824 5009 912 5065 vel
939 5009 1288 5081 praedicatum
1319 5007 1492 5078 ipsum
1521 5005 1575 5059 in
1607 4999 1855 5058 ecclesia.
1879 4995 2109 5068 Oportet

509 5273 517 5281 -
593 5245 621 5276 “
647 5241 875 5297 Veteres
896 5238 1038 5301 libri,
1066 5233 1322 5290 Theodori
1349 5231 1530 5301 sacris.

594 5309 627 5347 δ
667 5293 840 5366 iidem
851 5293 983 5365 libri
1013 5293 1036 5360 τ’
1061 5307 1122 5362 Si
1150 5315 1340 5358 autem.
1380 5300 1446 5356 Et
1486 5298 1649 5371 paulo
1689 5302 1836 5368 post,
1885 5293 2106 5348 alteram

527 5388 722 5445 autem,
742 5389 798 5435 et
823 5397 912 5434 vos
933 5387 1121 5432 autem.

610 5433 1253 5519 E‘Legendummerpetui.
1281 5443 1372 5498 Sic
1393 5442 1554 5519 etiam
1587 5440 1644 5519 in
1667 5434 1913 5519 sequenti
1943 5433 2104 5503 epist.

601 5521 627 5559 ά
655 5505 881 5576 νεῶιεε
917 5505 1034 5573 libri
1065 5505 1175 5573 z'Si
1215 5523 1407 5570 autent.
1439 5512 1505 5567 Et
1531 5505 1980 5584 postea,’alteram
2011 5519 2108 5558 au-

535 5601 656 5646 tem.
685 5589 754 5645 Et
778 5605 905 5645 mox
935 5607 948 5642 :
979 5589 1048 5641 Et
1080 5589 1174 5642 hoc
1202 5595 1393 5641 autent.

607 5672 629 5699 ο
655 5660 846 5724 Paris.,
878 5660 1119 5729 primum.

611 5731 629 5770 ί
666 5726 888 5785 Veteres
914 5730 1050 5789 libri,
1077 5726 1371 5781 sacerdotii.

610 5810 632 5849 ι
659 5799 848 5866 Paris,
881 5800 1218 5854 sanctissime.

2156 500 2419 564 gnoscant
2458 487 2845 559 religiosissimi
2874 485 3133 557 episcopi,
3164 499 3271 554 quo
3299 482 3489 538 ordine
3515 480 3729 536 nomina

2155 587 2532 658 episcoporum
2576 584 2630 637 in
2659 581 2922 652 diptycbis
2950 579 3247 633 recitantur
3279 593 3291 628 :
3335 582 3393 629 et
3428 573 3532 628 boc
3563 573 3733 642 ipsum

2156 678 2499 735 manifestum
2537 691 2633 732 vos
2661 676 2837 730 facere
2879 687 2977 743 per
3017 667 3422 738 suggestionem
3449 672 3682 718 vestram
3718 678 3731 716 :

2159 779 2216 827 et
2241 768 2612 826 confessiones
2659 765 2825 835 gestis
2865 759 3346 818 intervenientibus
3381 755 3733 822 recipientes,

2159 870 2215 917 et
2242 860 2435 917 vestris
2464 857 2852 927 coniungentes
2897 849 3328 921 suggestionibus
3351 886 3368 913 ,
3420 843 3738 902 subscribite

2161 967 2349 1009 omnes
2376 949 2586 1007 collecti
2615 945 2876 1018 episcopi,
2908 952 2963 999 et
2983 943 3062 998 sic
3089 940 3304 1009 dirigite
3333 953 3490 992 uuam
3522 933 3738 1008 quidem

2163 1042 2229 1097 ad
2257 1057 2376 1104 nos,
2400 1040 2623 1095 alteram
2646 1051 2773 1091 vero
2805 1033 2872 1089 ad
2888 1031 3281 1088 sanctissimum
3305 1040 3523 1098 papam.
3547 1023 3614 1078 Et
3641 1021 3744 1074 lmc

2162 1148 2291 1188 vero
2308 1130 2398 1185 fiat
2418 1128 2758 1185 manifestum
2779 1127 2832 1180 in
2849 1119 3276 1181 confessionibus
3286 1130 3494 1179 eorum,
3513 1126 3569 1165 ut
3591 1128 3742 1163 mitts-

2163 1223 2393 1293 quisque
2413 1221 2557 1276 dicat
2578 1228 2634 1274 et
2645 1215 2952 1272 manifestet
2971 1218 3104 1283 quot
3125 1218 3207 1266 est
3225 1221 3511 1263 annorum.
3540 1202 3690 1270 Legi.

2236 1313 2430 1369 Datum
2456 1309 2740 1366 undecimo
2768 1304 3019 1362 calendas
3045 1300 3232 1356 Junias
3257 1291 3742 1362 Constantinopoli,

2168 1405 2378 1476 imperii
2421 1402 2625 1458 domini
2664 1399 2836 1455 nostri
2882 1394 3168 1452 Iustiniani
3216 1396 3480 1462 perpetuo
3526 1384 3747 1454 Augusti

2170 1512 2313 1552 anno
2343 1495 2600 1564 vigesimo
2628 1498 2824 1562 quarto
2848 1530 2864 1556 ,
2908 1495 3033 1559 post
3073 1483 3412 1541 consulatum
3443 1477 3622 1532 Basilii
3653 1473 3749 1529 viri

2171 1590 2453 1650 clarissimi
2492 1604 2634 1644 anno
2659 1602 2825 1643 nono.

2382 1698 2762 1757 SUGGESTIO
2798 1694 3043 1752 SYNODI
3088 1682 3543 1748 OECUMENIC/E

2511 1780 3351 1848 CONSTANTINOPOLITAN/E
3379 1779 3423 1833 ll

2790 1898 2857 1936 AD
2887 1893 3148 1935 νιοιιιυιι.

2241 1978 2478 2033 Decebat
2501 1989 2626 2031 vere
2657 1988 2777 2029 cum
2800 1971 3026 2042 primam
3045 1978 3068 2005 ο
3093 1965 3298 2041 [Forte,
3327 1958 3488 2030 inter]
3511 1956 3760 2015 sacerdo-

2172 2079 2254 2124 tes
2289 2068 2306 2106 τ
2339 2067 2654 2136 dignitatem
2683 2061 2862 2118 sortiti
2891 2060 3019 2115 estis
3042 2054 3428 2119 sanctissimiS,
3457 2065 3522 2106 ea
3553 2062 3670 2119 qua:
3698 2044 3764 2098 ad

2172 2169 2478 2218 sanctarum
2505 2157 2862 2212 Ecclesiarum
2901 2160 3097 2208 statum
3138 2146 3452 2218 respiciunt,
3483 2138 3764 2196 manifesta

2174 2260 2368 2308 vestrm
2383 2248 2638 2304 divinitus
2660 2247 2936 2301 honorata:
2951 2238 3269 2296 beatitudini
3286 2236 3418 2291 fieri.
3439 2232 3553 2288 Hoc
3569 2231 3706 2285 bene
3737 2225 3764 2264 ³⁸

2178 2351 2232 2398 et
2259 2338 2753 2397 Christianissimus
2782 2342 2964 2390 noster
2995 2333 3290 2402 imperator
3317 2325 3683 2386 considerans,
3712 2328 3769 2374 et

2179 2434 2246 2490 ad
2284 2440 2518 2488 vestram
2567 2428 2850 2485 scientiam
2902 2423 3146 2494 quaedam
3173 2463 3188 2489 ,
3236 2434 3355 2489 qum
3379 2417 3447 2472 de
3485 2412 3772 2469 Theodoro

2179 2522 2450 2596 quondam
2479 2521 2870 2591 Mopsuestenac
2902 2513 3155 2570 Ecclesiae
3177 2511 3431 2581 episcopo
3454 2514 3598 2561 mota
3622 2510 3770 2565 sunt,

2177 2615 2338 2686 jussit
2381 2612 2593 2670 referri.
2626 2609 2884 2665 Piissimis
2923 2608 3066 2662 enim
3108 2604 3176 2660 ad
3218 2619 3315 2658 nos
3344 2598 3537 2655 litteris
3563 2610 3689 2651 usus
3726 2594 3774 2661 ί,

2183 2707 2434 2762 hortatus
2464 2710 2548 2758 est
2577 2702 2644 2756 ad
2675 2701 3111 2770 Mopsuesteuam
3141 2694 3414 2751 civitatem
3457 2686 3775 2749 convenire,

2183 2811 2304 2867 quae
2325 2809 2432 2851 una
2461 2791 2711 2848 secunda:
2742 2789 2942 2844 Ciliciae
2964 2795 3067 2854 est,
3089 2796 3144 2840 et
3186 2798 3308 2839 cum
3333 2780 3626 2836 subtilitate
3653 2791 3779 2846 per-

2185 2865 2417 2941 scrutari
2461 2881 2676 2952 quando
2705 2878 3045 2942 Tbeodorus,
3078 2873 3165 2944 qui
3198 2873 3324 2928 olim
3351 2869 3618 2941 prtedictze
3645 2865 3780 2919 civi-

2187 2977 2314 3032 tatis
2343 2975 2442 3029 fuit
2481 2975 2768 3044 episcopus
2793 3013 2808 3039 ,
2857 2969 3022 3024 sacris
3061 2965 3325 3036 diptycbis
3354 2965 3558 3031 ejectus
3589 2965 3691 3021 est,
3721 2965 3780 3012 et

2189 3065 2469 3122 manifesta
2501 3078 2563 3118 ea
2597 3071 2704 3116 tam
2732 3061 2849 3129 ejus
2878 3055 3252 3128 tranquillitati
3286 3068 3444 3123 quam
3477 3059 3667 3105 vestra:
3695 3047 3781 3101 tli-

2187 3157 2388 3211 vinitus
2436 3154 2710 3208 honoratae
2759 3150 2937 3204 facere
2985 3145 3320 3202 beatitudini.
3371 3141 3563 3197 Statim
3617 3139 3783 3208 igitur

2189 3217 2572 3316 Mopsuestiain
2619 3242 2958 3306 accedentes,
2991 3235 3448 3306 religiosissimum
3478 3243 3785 3299 congrega-

2191 3338 2367 3391 vitnus
2413 3335 2656 3397 clerum,
2701 3342 2756 3388 et
2806 3331 3014 3386 fidelem
3045 3330 3162 3399 ejus
3191 3325 3468 3398 pupulum,
3518 3323 3785 3390 eligentes

2191 3445 2288 3484 cos
2315 3427 2407 3497 qui
2437 3427 2679 3481 seniores
2717 3433 2873 3490 sunt,
2916 3423 3006 3495 qui
3049 3430 3104 3477 et
3144 3422 3378 3476 retinere
3409 3416 3628 3471 forsitan
3668 3428 3787 3470 me-

2192 3524 2359 3579 moria
2390 3532 2615 3594 possunt
2649 3523 2660 3572 i
2699 3521 3049 3576 subtilitatem
3081 3518 3194 3587 ejus
3223 3515 3365 3586 quod
3394 3514 3730 3584 quaerebatur
3768 3530 3782 3566 :

2194 3627 2249 3674 et
2277 3617 2454 3673 divina
2497 3623 2553 3670 et
2587 3613 2858 3669 adoranda
2889 3612 2968 3666 eis
2995 3617 3360 3680 proponentcs
3388 3603 3694 3672 Evangelia,
3726 3611 3791 3656 ut

2195 3712 2557 3784 suspicionem
2581 3709 2663 3764 sui
2697 3705 2991 3762 testimonii
3022 3702 3402 3766 emumlarrnt,
3433 3697 3613 3751 dicere
3656 3694 3790 3748 invi-

2197 3805 2446 3868 tavimus,
2477 3803 2522 3856 si
2552 3800 2732 3855 sciunt
2759 3814 2865 3868 quo
2891 3806 3134 3865 tempore
3162 3790 3426 3846 Theodori
3453 3787 3655 3856 antiqui
3689 3800 3790 3837 n0-

2196 3910 2319 3950 men
2348 3892 2515 3949 sacris
2554 3889 2783 3958 ejectum
2812 3897 2894 3942 est
2923 3884 3209 3956 diptychis.
3244 3881 3318 3934 Illi
3353 3893 3480 3932 vero
3520 3875 3544 3912 ιί
3589 3875 3792 3928 multos

2199 4000 2402 4051 annos,
2443 3991 2496 4038 et
2535 3996 2688 4036 suam
2731 3975 3057 4034 excedentes
3106 3970 3420 4027 memoriam
3476 3981 3594 4022 esse
3636 3965 3792 4033 jura-

2198 4081 2424 4136 verunt,
2476 4086 2542 4126 ex
2594 4085 2702 4138 quo
2760 4067 2902 4121 nulla
2952 4063 3194 4134 ejusdem
3248 4058 3519 4113 Theodori
3573 4071 3790 4109 mento-

2198 4164 2278 4220 ria
2317 4162 2483 4219 sacris
2529 4158 2798 4230 diptycbis
2845 4154 3087 4210 infertur.
3133 4149 3393 4221 Cyrillum
3436 4155 3614 4199 autem
3660 4143 3793 4196 reli-

2201 4257 2365 4326 giosa:
2409 4252 2685 4307 memoriae
2727 4245 3099 4302 Alexandrina:
3129 4239 3362 4297 civitatis
3398 4235 3705 4308 pontificem
3735 4235 3795 4288 in

2205 4345 2320 4417 ejus
2359 4345 2481 4400 loco
2513 4341 2827 4409 inscriptum
2857 4351 2976 4393 esse
3021 4332 3071 4396 ι,
3106 4340 3267 4400 atque
3297 4343 3362 4384 ex
3393 4325 3633 4397 patribus
3677 4323 3796 4377 suis

2204 4438 2418 4493 audisse
2461 4439 2806 4491 asseruerunt
2853 4439 2912 4480 ιη.
2963 4426 3069 4482 Sed
3099 4439 3284 4478 eorum
3326 4434 3446 4490 qua:
3475 4418 3796 4473 dicebantur

2203 4531 2549 4586 subtilitatem
2569 4525 2970 4592 iuvestigantes,
2987 4528 3042 4574 et
3068 4533 3166 4589 per
3191 4517 3301 4586 ipsa
3331 4513 3570 4569 venimus
3586 4520 3611 4546 η
3633 4525 3796 4564 sacra

2206 4619 2483 4692 diptycba,
2509 4625 2565 4672 et
2592 4622 2928 4671 mortuorum
2955 4609 3332 4680 episcoporum
3359 4599 3799 4658 connumeratioo

2209 4689 2339 4765 nem'
2359 4706 2832 4764 considerabamus
2853 4709 2877 4736 ο
2910 4717 2923 4752 :
2967 4707 3024 4754 et
3051 4695 3318 4752 Theodori
3348 4692 3563 4763 quidem
3604 4689 3658 4743 in
3692 4705 3799 4743 an-

2207 4800 2527 4870 tiquioribus
2551 4794 2882 4865 temporibus
2911 4790 3110 4846 nullam
3135 4786 3448 4842 memoriam
3467 4781 3797 4846 invenimus,

2209 4896 2263 4952 in
2294 4896 2410 4966 ipso
2436 4907 2568 4948 vero
2597 4889 2702 4944 ﬁne
2747 4899 3024 4942 sacrorum
3073 4881 3445 4952 diptychorum
3475 4872 3802 4928 Theodorus

2207 4993 2442 5064 scriptus
2483 4996 2585 5056 est,
2632 4999 2793 5058 quem
2841 4995 3029 5038 omnes
3057 4992 3230 5050 nuper
3273 4971 3491 5045 quidem
3519 4976 3801 5025 mortuum

2282 5219 2312 5257 ιι
2342 5218 2486 5272 Idem
2509 5213 2679 5270 codex
2700 5253 2715 5280 ,
2741 5209 2858 5264 Hoc
2885 5207 3224 5280 vehementer.

2291 5287 2306 5328 ί
2341 5289 2485 5343 Idem
2515 5277 2709 5348 codex,
2730 5281 2914 5335 litteris
2939 5277 3228 5332 destinatis.

2291 5360 2304 5411 i
2343 5357 2610 5412 Bellovac.
2624 5394 2640 5418 ,
2668 5360 2894 5422 possent.

2289 5409 2314 5468 ll
2344 5409 2714 5481 vetereslib'ri
2749 5439 2761 5474 :
2800 5419 2890 5474 Illi
2933 5427 3122 5471 autem.
3155 5413 3222 5468 Et
3260 5411 3419 5478 infra,
3463 5411 3516 5464 in
3552 5409 3665 5474 ipso
3698 5422 3805 5461 att-

2217 5510 2338 5555 tem.
2371 5496 2439 5550 Et
2470 5503 2679 5565 postea,
2705 5508 2770 5546 ea:
2800 5489 3009 5565 Galatia
3037 5495 3229 5540 autem.

2296 5569 2312 5608 1
2346 5559 2507 5621 fidem
2536 5564 2674 5628 libri,
2703 5577 2812 5615 esse
2841 5559 3162 5625 inscriptum.

2292 5650 2330 5678 In
2368 5636 2562 5700 Paris.,
2585 5651 2639 5688 se
2661 5633 2923 5686 adserunt.

2294 5719 2320 5748 ιι
2350 5708 2493 5762 ldetn
2525 5698 2715 5765 eodex,
2747 5698 3207 5771 prwscrulavimus.

2300 5789 2322 5817 ο
2355 5777 2500 5833 Idem
2524 5774 2713 5840 codex,
2742 5770 3197 5825 considerarimtts.

3841 5213 3858 5288 ι
