4006 6190
245 281 341 336 {2|

1438 261 1793 322 EPISTOLIE
1833 260 1921 316 ET
1963 259 2302 316 DECRETA.

3416 252 3520 308 12?.

240 419 362 460 esse
379 401 648 466 dixerunt,
681 415 748 455 ex
777 397 990 456 Galatia
1015 410 1150 452 vero
1174 403 1354 450 ortum
1384 407 1505 448 esse
1527 387 1822 462 provincia.
1858 390 1903 448 Α
1931 385 2127 456 quibus
2149 382 2370 438 credere
2395 395 2634 451 possum,
2658 395 2727 434 ex
2749 376 2938 432 ordine
2965 373 3272 437 clericatus,
3301 377 3394 424 aut
3421 367 3523 424 lai-

240 494 395 551 Hunc
435 503 490 549 et
518 509 618 547 nos
649 507 841 548 omnes
873 489 1043 546 nostri
1072 498 1094 525 ἰ
1135 485 1349 544 concilii
1391 493 1600 554 partem
1627 483 1826 537 factum

239 596 367 641 ante
403 585 697 640 triennium
739 591 1015 638 mortuum
1053 594 1174 634 esse
1201 575 1575 647 cognoscimus
1604 573 1651 626 ι’.
1701 573 1828 627 Haec

239 678 314 732 ita
334 675 551 736 habere,
578 673 689 743 ipsa
711 681 862 740 gesta
890 668 1042 724 vobis
1066 666 1417 723 sanctissimis
1437 662 1783 718 manifestent
1810 678 1823 713 :

237 784 358 838 qua:
397 766 587 821 humili
615 764 950 834 suggestioni
993 762 1402 831 coniungentes,
1453 756 1521 811 ad
1547 755 1828 810 scientiam

237 867 471 916 vestram
501 856 909 912 destinavimus.
939 853 1046 908 Sed
1075 852 1308 922 petimus
1329 847 1585 902 divinitus
1601 846 1832 914 inspira-

239 961 322 1006 tos
355 965 455 1004 vos
477 946 900 1016 religiosissimis
926 953 980 1014 et
1013 944 1184 999 Deum
1219 939 1555 1012 placentibus
1579 947 1602 976 α
1637 937 1832 992 vestris

239 1039 576 1094 orationibus
604 1053 711 1092 non
742 1036 973 1091 humiles
1001 1032 1294 1090 suffulcire.

521 1144 991 1202 JURAMENTUM
1039 1140 1270 1198 VIGILII
1320 1137 1544 1194 PAP/E.

302 1239 516 1294 Iuravit
543 1239 888 1294 beatissimus
919 1252 1056 1307 papa
1088 1235 1316 1302 Vigilius
1339 1234 1561 1289 domino
1588 1231 1832 1302 piissimo

239 1331 578 1401 imperatori,
622 1334 674 1383 in
703 1328 990 1400 prmsentia
1022 1334 1229 1389 nostra,
1261 1325 1313 1379 id
1343 1330 1442 1390 est,
1468 1323 1572 1377 mei
1596 1320 1834 1392 episcopi

239 1419 502 1477 Caesarem
557 1419 913 1491 Cappadocia:
973 1416 1281 1479 Theodori,
1344 1423 1400 1470 et
1456 1415 1562 1468 mei
1626 1412 1835 1482 patricii

239 1512 488 1582 Cethegi,
535 1527 635 1582 per
658 1513 914 1566 virtutem
945 1516 1255 1564 sanctorum
1297 1507 1570 1561 clavorum
1607 1520 1671 1559 ex
1714 1503 1835 1572 qui-

241 1605 336 1660 bus
366 1603 661 1661 cruciﬁxus
689 1611 775 1658 est
813 1602 1070 1657 Dominus
1121 1599 1262 1655 Deus
1289 1607 1476 1654 noster
1505 1597 1657 1653 Jesus
1683 1596 1839 1651 Chri-

239 1703 375 1760 stus,
400 1703 457 1749 et
482 1709 581 1764 per
624 1701 808 1748 sancta
837 1700 1072 1761 quatuor
1100 1689 1412 1759 Evangelia,
1449 1689 1521 1743 ita
1552 1703 1650 1759 per
1679 1690 1835 1743 istam

241 1786 500 1840 virtutem
548 1785 723 1840 sancti
771 1758 937 1846 freni,
971 1792 1028 1838 et
1067 1797 1167 1853 per
1209 1758 1312 1836 ista
1369 1758 1564 1836 sancta
1603 1788 1836 1849 quatuor
1875 1776 1916 1832 Β
1943 1758 2146 1853 [θότξεν

238 1875 534 1946 Evangelia
567 1875 748 1946 :quod
769 1891 890 1931 cum
920 1875 1124 1946 pietate
1163 1881 1343 1928 vestra
1373 1889 1479 1927 uno
1502 1873 1706 1940 animo,
1735 1886 1837 1925 una

237 1967 546 2036 voluntate,
587 1968 693 2023 hoc
713 1967 870 2030 velle,
892 1967 1004 2021 hoc
1031 1965 1236 2031 conari,
1262 1965 1334 2018 ita
1365 1977 1548 2032 agere,
1579 1970 1840 2032 quantum

235 2075 556 2129 possumus,
586 2067 645 2114 ut
691 2060 789 2114 ista
823 2059 922 2112 tria
951 2058 1206 2128 capitula,
1255 2057 1307 2112 id
1337 2065 1440 2121 est,
1493 2054 1839 2111 Theodorum

235 2150 690 2222 lopauestenum
719 2166 843 2207 cum
882 2151 1096 2220 scriptis
1125 2150 1255 2216 suis,
1289 2156 1345 2204 et
1397 2147 1680 2218 epistolam
1722 2161 1841 2218 quae

235 2241 444 2298 dicitur
472 2241 599 2311 Ibm,
621 2252 678 2297 et
717 2242 1020 2311 conscripta
1062 2239 1391 2294 Theodoreti
1431 2246 1620 2294 contra
1650 2238 1840 2293 ortho-

237 2332 442 2388 doxam
474 2332 636 2388 fidem
659 2340 715 2390 et
752 2341 939 2388 contra
961 2332 1248 2388 duodecim
1276 2332 1512 2402 capitula
1536 2331 1710 2387 sancti
1739 2330 1842 2400 Cy-

238 2423 345 2478 rilli
399 2422 565 2486 dicta,
616 2423 1049 2479 condemnentur
1097 2431 1152 2478 et
1197 2423 1748 2485 anathematizentur;
1787 2427 1844 2474 et

240 2513 379 2570 nihil
403 2530 504 2585 pro
525 2514 610 2570 his
651 2514 918 2586 capitulis,
962 2528 1140 2584 neque
1169 2529 1268 2584 per
1289 2529 1395 2579 me,
1422 2527 1599 2584 neque
1627 2527 1726 2583 per
1747 2525 1843 2566 eos

307 2640 334 2670 ⁸
376 2633 606 2689 Veteres
634 2635 777 2700 libri,
810 2637 980 2689 vestri.

305 2701 336 2744 δ
377 2701 574 2771 Paris.,
607 2706 958 2776 cognovimus.

246 2839 315 2873 Ν

309 2833 2814 2863 _______________________________,_

1929 470 2027 541 eis,
2059 483 2251 530 contra
2280 472 2610 528 voluntatem
2635 469 2848 540 pietatis
2876 474 3069 521 vestrm
3099 472 3194 518 aut
3215 476 3402 532 agere,
3435 467 3525 513 aut

1931 570 2099 639 loqui,
2125 576 2218 622 aut
2246 567 2468 622 consilia
2497 566 2625 619 dare
2656 563 2938 618 secretius.
2965 558 3027 612 Et
3048 559 3093 614 si
3121 557 3242 627 quis
3271 553 3402 608 mihi
3425 552 3526 605 ali-

1929 661 2060 730 quid
2089 658 2420 714 contrarium
2445 656 2658 719 dixerit,
2686 661 2778 709 aut
2801 653 2866 706 de
2901 651 3016 705 istis
3046 646 3315 718 capitulis,
3345 651 3439 698 aut
3462 641 3528 695 de

1931 752 2056 818 lide,
2082 759 2176 806 aut
2203 761 2391 806 contra
2423 748 2831 817 rempublicam,
2876 745 3039 798 istum
3068 740 3186 793 sine
3212 736 3404 791 mortis
3435 745 3528 800 pe-

1931 845 2104 900 riculo
2129 842 2318 913 pietati
2350 849 2545 895 vestrae
2573 836 2948 898 manifestabo,
2987 842 3039 888 et
3062 846 3182 900 qua:
3222 827 3354 881 mihi
3381 823 3532 880 locu-

1934 946 2021 990 tus
2036 944 2120 989 est
2147 953 2159 988 :
2192 935 2267 989 ita
2296 941 2353 986 ut
2373 941 2597 1002 propter
2627 930 2802 984 locum
2833 941 3011 981 meum
3040 933 3325 992 personam
3356 929 3528 973 meam

1934 1043 2042 1082 non
2074 1027 2308 1096 prodas:
2358 1035 2414 1080 et
2460 1040 2548 1079 me
2597 1024 2694 1078 ista
2733 1019 3070 1075 custodiente
3109 1028 3232 1081 erga
3274 1011 3529 1080 pietatem

1939 1128 2190 1183 vestram,
2223 1120 2484 1173 honorem
2510 1132 2686 1170 meum
2722 1115 2773 1168 iu
2805 1113 3052 1167 onmibus
3083 1120 3302 1163 servare
3325 1100 3528 1173 promi-

1935 1211 2081 1274 sisti;
2107 1209 2201 1264 sed
2225 1218 2280 1264 et
2305 1223 2591 1278 personam
2615 1207 3030 1276 opinionemque
3048 1214 3222 1254 meam
3240 1193 3531 1258 custodire,

1937 1313 2145 1359 etcum
2178 1303 2273 1358 Dei
2322 1301 2596 1370 adjutorio
2644 1296 2970 1355 defendere;
3019 1293 3111 1346 sed
3157 1299 3212 1345 et
3258 1283 3536 1358 privilegia

1939 1393 2194 1450 Ecclesiae
2240 1409 2373 1448 mea:
2421 1406 2658 1446 servare.
2691 1388 2797 1442 Sed
2843 1395 2898 1440 et
2944 1381 3203 1438 chartula:
3234 1378 3350 1432 ista:
3405 1370 3533 1427 nulli

1942 1485 2144 1557 [Forte,
2172 1492 2226 1538 ut
2254 1483 2408 1555 nulli]
2433 1481 2804 1543 ostendantur,
2827 1474 3176 1532 nihilominus
3197 1464 3533 1540 promisistis.

1942 1574 2205 1630 Promitto
2234 1582 2497 1644 praeterea
2550 1571 2693 1640 quod
2724 1571 2775 1622 in
2809 1570 2906 1621 ista
2939 1579 3103 1620 causa
3135 1562 3298 1616 trium
3329 1555 3536 1626 capitu-

1943 1666 2136 1729 lorum,
2165 1665 2527 1735 quodcunque
2554 1663 2713 1716 debel
2736 1657 2849 1713 ﬁeri
2866 1653 3224 1712 communiter
3247 1655 3539 1703 tractamus

2172 1754 2516 1825 tractemus];
2551 1763 2605 1808 et
2639 1751 2781 1822 quod
2815 1750 2942 1804 utile
2974 1747 3130 1801 nobis
3154 1743 3326 1796 visum
3355 1736 3536 1800 fuerit,

1945 1850 2050 1903 hoc
2077 1847 2337 1903 faciamus
2361 1863 2482 1900 cum
2511 1844 2778 1913 adjutorio
2803 1842 2914 1895 Dei.
2941 1840 3132 1892 Datum
3156 1841 3238 1888 est
3261 1833 3366 1886 hoc
3391 1829 3540 1896 jura-

1948 1949 2188 1994 mentum
2231 1937 2634 2009 quintodecimo
2657 1935 2743 1989 die
2767 1932 2962 1986 mensis
2989 1926 3230 1995 Augusti,
3253 1920 3544 1987 indictione

1947 2049 2064 2099 xm,
2094 2033 2307 2102 imperii
2337 2031 2539 2085 domini
2569 2028 2739 2083 nostri
2762 2022 3046 2079 Justiniani
3075 2034 3218 2073 anno
3245 2016 3341 2080 ‘25,-
3361 2011 3545 2066 novies

1946 2133 2070 2194 post
2092 2101 2430 2179 consulatum
2457 2121 2637 2175 Basilii
2662 2120 2756 2172 viri
2792 2112 3102 2172 clarissimi.
3137 2108 3250 2178 Ego
3295 2101 3545 2158 Theodo-

1950 2232 2042 2270 rus
2072 2215 2440 2269 misericordia
2459 2214 2552 2267 Dei
2578 2212 2864 2281 episcopus
2885 2207 3142 2261 Cmsarcae
3169 2196 3544 2268 Cappadocim,

1950 2306 2076 2362 huic
2122 2306 2380 2360 chartulae
2421 2303 2712 2372 juramenti
2767 2300 2918 2354 testis
2973 2291 3287 2360 subscripsi.
3331 2286 3545 2341 Flavius

1949 2397 2220 2466 Cethegus
2249 2397 2330 2450 vir
2360 2396 2618 2466 patricius
2681 2393 2806 2447 huic
2851 2387 3110 2446 chartula:
3143 2381 3436 2453 juramenti
3463 2387 3543 2432 te-

1950 2488 2050 2544 stis
2077 2487 2388 2556 subscripsi.

2031 2635 2052 2664 ε
2085 2624 2310 2682 Veteres
2339 2625 2480 2690 libri,
2516 2619 2858 2694 placantibus.

2825 2813 3546 2843 ___———-———‘

1133 2962 1159 2991 ⁸
1185 2954 1567 3016 EPISTOLA
1611 2955 2108 3018 DECRETALIS
2143 2949 2422 3012 VlGlLll
2470 2943 2696 3006 PAPJE

1032 3100 1151 3142 PRO
1193 3096 1716 3142 CONFIRMATIONE
1761 3096 2013 3149 QUINTE
2050 3092 2278 3137 SYNODI
2327 3083 2767 3131 OECUMENICE.

1298 3181 1390 3247 (Ex
1417 3183 1746 3243 manuscripto
1781 3180 1956 3229 codice
2000 3175 2318 3227 bibliothecas
2341 3168 2555 3233 Regiam

1810 3300 2014 3316 _

322 3433 404 3496 τῷ
431 3424 689 3496 ἀγαπητῷ
717 3417 912 3490 ἀδελφῷ
933 3416 1200 3486 Εὖτυχίῳ,
1228 3412 1458 3482 Βιγίλιος.

320 3518 400 3572 τά
432 3511 695 3569 σκάνδαλα
716 3553 730 3576 ,
765 3509 898 3582 ἅπερ
938 3507 1081 3562 ὁτοῦ
1118 3506 1432 3577 ἀνθρωπίνου
1473 3502 1648 3575 ’γένους
1679 3499 1866 3575 ἐχθρὸς

257 3615 330 3680 τῷ
358 3609 630 3679 σύμπαντι
655 3605 829 3674 κόσμῳ
868 3599 1131 3676 διήγειρεν.
1161 3595 1326 3655 οὐδεὶς
1366 3595 1555 3667 ἀγνοεῖ.
1587 3591 1765 3651 Οὕτως
1800 3593 1868 3650 ὡς

261 3700 316 3754 τὸ
336 3701 518 3754 οἰκεῖον
545 3695 776 3768 βούλημα
816 3693 942 3770 πρὸς
969 3690 1028 3743 τὸ
1055 3685 1332 3755 ἀνατρέψαι
1364 3688 1451 3742 τήν
1493 3688 1586 3736 τοῦ
1629 3686 1758 3735 Θεοῦ
1790 3680 1870 3732 ἐκ-

263 3793 472 3850 κλησίαν
496 3791 548 3844 ἓν
578 3786 666 3858 ὅλῃ
686 3793 748 3860 τῇ
777 3783 1034 3854 οἰκουμένῃ
1062 3778 1399 3849 διακειμένην,
1426 3775 1642 3828 ἕκαστον
1680 3771 1871 3842 φαύλου

267 3889 471 3939 σκοποῦ
499 3881 850 3954 τυγχάνοντα,
877 3877 1150 3950 πληρῶσαι
1179 3873 1266 3944 οἵῳ
1297 3869 1484 3929 δήποτε
1507 3867 1679 3942 τρόπῳ
1707 3886 1876 3921 σπου-

270 3975 489 4042 δάζοντα
506 4016 520 4040 ,
553 3976 608 4028 οὐ
633 3972 778 4044 μόνον
804 3972 853 4034 ἐξ
880 3969 1122 4041 ὀνόματος
1148 3965 1274 4021 ἰδίου
1293 4009 1306 4032 ,
1344 3965 1468 4018 ἀλλά
1503 3964 1588 4016 καί
1618 3962 1666 4024 ἐξ
1692 3959 1874 4032 ἡμετέ-

270 4087 388 4142 ρου,
418 4070 508 4120 καὶ
538 4066 589 4128 ἐξ
619 4060 808 4126 ἄλλων,
840 4059 925 4116 διὰ
963 4065 1048 4112 τοῦ
1077 4058 1266 4130 λέγειν,
1305 4055 1336 4114 ἦ
1375 4060 1466 4111 τοῦ
1497 4054 1733 4128 γράφειν,
1765 4049 1877 4107 διὰ-

271 4177 402 4232 γορα
428 4154 728 4211 πλάσασθαι
754 4152 1029 4207 πεποίηκεν
1088 4151 1162 4208 εἰς
1189 4150 1456 4206 τοσοῦτον,
1488 4142 1564 4196 ὅτι
1593 4143 1728 4213 ἡμᾶς
1749 4140 1879 4210 μετά

272 4255 372 4304 τῶν
418 4237 670 4318 ἀδελφῶν,
721 4249 802 4297 καί
832 4240 1226 4296 συνεπισκὸπων
1270 4240 1411 4309 ἡμῶν
1458 4237 1508 4290 ἐν
1548 4243 1611 4308 τῇ
1655 4231 1880 4304 βασιλίδι

273 4341 418 4396 πόλει
444 4337 744 4412 διάγοντας,
781 4338 867 4390 καί
894 4333 990 4406 ἴσῳ
1017 4333 1307 4402 σεϐάσματι
1337 4333 1432 4390 τὰς
1459 4329 1726 4401 τέσσαρας
1757 4347 1880 4380 συν·

275 4429 429 4491 ὁδους
453 4429 810 4489 δκδικοῦντας,
841 4429 924 4480 καί
951 4427 1000 4478 ἐν
1022 4432 1085 4500 τῇ
1114 4430 1213 4479 τῶν
1239 4424 1504 4492 τεσσάρων
1533 4420 1728 4474 τούτων
1754 4438 1878 4471 συν-

276 4521 411 4577 όδων
447 4526 543 4591 μ.ιᾲ
587 4523 671 4572 καί
714 4527 776 4592 τῇ
818 4519 950 4592 αὐτῇ
1003 4521 1183 4572 πίστει
1223 4516 1449 4584 ἀμώμως
1491 4510 1880 4572 διατελοῦντας,

277 4622 396 4677 τοῖς
439 4615 724 4685 σοφίσμασι
751 4621 844 4672 τῆς
879 4611 1013 4666 οὕτω
1059 4615 1288 4684 πονηρᾶς
1329 4609 1673 4684 πανουργίας,
1720 4608 1884 4661 αὐτὰν

279 4711 579 4784 ἐπιχείρισε
603 4706 815 4762 diri-civ“
856 4707 987 4759 ὥστε
1018 4707 1152 4773 ἡμᾶς
1191 4705 1312 4763 τοὺς
1347 4708 1393 4756 ἑν
1426 4706 1521 4772 μιᾷ
1565 4702 1736 4755 πίστει
1763 4697 1886 4768 ὁμό-

288 4818 472 4874 φρονας
499 4794 791 4868 γεγονότας.
815 4797 901 4847 καί
922 4791 1094 4857 ὄντας,
1119 4795 1594 4865 γαταφρονήσαντας
1615 4797 1705 4848 τῆς

285 4899 427 4964 qui;
477 4891 683 4960 ἀγάπης
737 4889 809 4947 εἰς
857 4885 1119 4958 διχόνοιαν
1170 4884 1490 4953 ἀπαχθῆναι.
1541 4877 1666 4934 Ἀλλ’
1716 4876 1887 4935 ἐπειδή

285 4985 507 5056 Χριστὸς
531 4982 557 5035 ὁ
586 4981 710 5040 Θεὸς
743 4982 882 5050 ἡμῶν
902 5019 918 5043 ,
963 4976 1019 5036 ὅς
1049 4977 1158 5030 ἐστι
1199 4982 1300 5048 φῶς
1340 4972 1590 5033 ἀληθινὸν,
1627 4967 1678 5023 ὃν
1711 4967 1892 5027 σκότος

286 5077 348 5128 οὐ
373 5074 788 5144 καταλαμϐάνει,
827 5075 1000 5132 πάσης
1029 5071 1348 5140 συγχυσιως
1376 5072 1466 5124 τῆς
1499 5064 1638 5134 ἡμῶν
1675 5059 1893 5119 διανοίας

286 5170 694 5229 ἆποκινηθείσης,
725 5168 854 5240 πρὸς
883 5169 1081 5240 εἰρήνην
1105 5169 1194 5220 τήν
1221 5160 1513 5231 οἰκουμένην
1535 5154 1891 5216 ἀνεκαλέσατο,

291 5263 373 5314 καί
412 5260 700 5321 ἐκκλησίαν,
755 5259 887 5311 ὥστε
933 5257 996 5309 τὰ
1042 5255 1299 5326 ὀφείλοντα
1343 5248 1722 5304 διατυπωθῆναι
1770 5243 1893 5318 παρ’

296 5360 455 5422 iussin.
489 5352 945 5407 ἀποκαλύπτοντος
974 5352 1063 5402 τοῦ
1097 5347 1294 5420 κυρίου,
1322 5344 1401 5395 καί
1425 5349 1514 5399 τῆς
1539 5339 1765 5395 ἀληθείας
1790 5337 1897 5390 ἀνι·-

296 5445 633 5516 χνενθιίσης,
666 5437 1004 5513 σωτηριωδῶς
1043 5437 1393 5508 πληρωθῆναυ
1439 5428 1522 5484 διὰ
1567 5434 1714 5482 τοῦτο
1755 5447 1899 5497 γινω-

298 5537 462 5593 σιέτω
487 5535 634 5606 ὑμῶν
660 5535 916 5603 σύμπασα
955 5527 1225 5599 ἀδελφότης
1242 5568 1256 5593 ,
1284 5522 1362 5578 ὅτι
1393 5541 1489 5597 περ
1517 5522 1608 5579 τὰς
1635 5520 1898 5593 τέσσαρας

1735 4786 1881 4842 ἀδελ-
1916 4793 1966 4851 D
1992 4777 2176 4832 habita

1891 3408 1938 3471 C
2042 3406 2252 3460 Dilecto
2278 3399 2430 3454 fratri
2458 3391 2750 3464 Eutychio,
2790 3386 3034 3457 Vigilius.

2046 3489 2310 3549 Scaudala
2331 3500 2450 3556 quae
2468 3480 2688 3537 humani
2710 3476 2926 3545 generis
2950 3470 3198 3527 inimicus
3228 3470 3282 3524 in
3313 3467 3568 3522 universo

1973 3582 2177 3642 mundo
2198 3576 2474 3638 excitavit,
2496 3572 2674 3627 nullus
2697 3570 2910 3636 ignorat
2934 3583 2947 3617 :
2974 3563 3110 3616 adeo
3137 3569 3196 3614 ut
3221 3572 3568 3626 unumquem.

1975 3691 2082 3747 que
2111 3669 2456 3746 propositum
2485 3677 2642 3720 suum
2673 3659 2741 3714 ad
2769 3653 3186 3712 subvertendam
3237 3650 3333 3704 Dei
3379 3648 3569 3703 Eccle-

1975 3746 2113 3827 siam
2161 3781 2260 3838 per
2309 3761 2620 3817 universum
2667 3752 2857 3809 orbem
2905 3746 3194 3809 diffusam,
3243 3754 3571 3811 quocunque

1976 3863 2140 3920 modo
2171 3857 2396 3928 implere
2417 3857 2754 3920 satagentem
2777 3887 2792 3911 ,
2826 3859 2936 3899 non
2963 3848 3169 3894 tantum
3197 3851 3296 3890 suo
3326 3832 3569 3896 nomine,

1977 3955 2074 4012 sed
2105 3925 2269 4010 etiam
2301 3954 2509 4011 nostro,
2558 3951 2721 4012 atque
2765 3937 3019 4000 aliorum,
3069 3931 3282 3984 diversa
3325 3936 3436 3980 tum
3486 3925 3572 3980 lo—

1979 4043 2229 4119 quendo,
2273 4050 2388 4096 tum
2427 4032 2716 4092 scribendo
2741 4072 2756 4098 ,
2806 4036 3139 4094 componere
3169 4017 3444 4088 impulerit
3478 4032 3491 4067 :
3521 4013 3577 4068 in

1984 4104 2188 4193 tantum
2211 4141 2272 4188 ut
2300 4146 2398 4185 nos
2419 4129 2566 4198 ipsos
2591 4137 2696 4177 una
2719 4134 2840 4174 cum
2866 4114 3118 4170 fratribus
3164 4118 3218 4163 et
3240 4104 3577 4177 coepiscopis

1983 4226 2212 4290 nostris,
2238 4224 2292 4277 in
2319 4196 2454 4275 urbe
2475 4214 2622 4283 regia
2653 4211 2933 4277 degentes,
2964 4213 3018 4259 et
3047 4201 3241 4270 mquali
3269 4196 3576 4253 reverentia

1983 4288 2217 4391 quatuor
2258 4310 2498 4386 synodos
2525 4305 2892 4365 vindicantes,
2947 4304 3003 4351 et
3045 4295 3098 4348 in
3142 4306 3247 4346 una
3280 4288 3582 4355 eademque

1986 4379 2218 4482 quatuor
2237 4379 2449 4460 illarum
2472 4396 2802 4470 synodorum
2832 4389 2935 4442 [ide
2961 4386 3173 4440 sincere
3201 4379 3578 4450 persistentes,

1987 4468 2438 4560 cavillationibus,
2467 4468 2720 4546 versutiis
2740 4493 2796 4538 et
2818 4481 2944 4536 dolo
2967 4477 3111 4532 malo
3141 4473 3208 4527 ab
3239 4472 3305 4525 iis
3335 4468 3577 4523 dividere

1988 4601 2216 4651 conatus
2266 4587 2463 4649 fuerit;
2516 4583 2589 4635 ita
2621 4587 2679 4633 ut
2717 4568 3036 4640 nosmetipsi
3065 4566 3157 4636 qui
3185 4563 3425 4632 ejusdem
3458 4575 3580 4614 cum

1989 4688 2095 4742 illis
2122 4695 2371 4746 eramus,
2423 4683 2479 4730 et
2513 4685 2717 4734 sumus,
2752 4666 2820 4721 de
2867 4663 2968 4718 fide
2998 4656 3312 4717 sentcntiae,
3362 4653 3584 4719 insuper

2217 4743 2507 4827 dilectione
2550 4762 2785 4816 fraterna
2819 4756 2872 4809 in
2915 4748 3240 4807 discordiam
3272 4743 3584 4799 abierimus.

2001 4868 2105 4924 Sed
2133 4863 2386 4934 quoniam
2410 4856 2654 4912 Christus
2676 4851 2816 4903 Deus
2841 4853 3045 4909 noster,
3075 4839 3166 4909 qui
3193 4845 3276 4891 est
3307 4835 3398 4887 lux
3427 4845 3577 4895 vera,

1998 4921 2168 5032 quem
2187 4955 2426 5012 tenebrat:
2451 4965 2558 5004 non
2585 4936 3075 5013 comprehendunt,
3103 4929 3249 4986 omni
3273 4921 3588 5032 COIIfllSilcﬂle

2001 5008 2032 5108 εἰ
2059 5048 2326 5106 mentibus
2356 5041 2554 5098 nostris
2585 5042 2814 5095 remota,
2843 5028 3155 5083 universum
3186 5018 3372 5073 orbem
3405 5019 3460 5064 et
3490 5008 3590 5063 Ec-

2003 5145 2224 5204 clesiam
2255 5138 2322 5194 ad
2353 5149 2538 5207 pacem
2570 5124 2874 5187 revocavit,
2908 5121 2981 5174 ita
3013 5125 3072 5171 ut
3101 5126 3219 5181 qua:
3250 5124 3278 5162 a
3310 5102 3468 5206 nobis
3493 5101 3591 5155 de-

2003 5236 2143 5291 ﬁniri
2175 5193 2395 5294 debent,
2421 5223 2701 5278 revelante
2734 5213 2984 5274 Domino,
3016 5215 3073 5262 ct
3102 5201 3334 5294 veritate
3364 5193 3592 5249 investi-

2005 5289 2129 5397 gata
2176 5289 2467 5378 salubriter
2507 5311 2728 5381 impleta
2775 5305 2902 5360 sint.
2947 5297 3154 5352 Idcirco
3183 5289 3322 5397 sciat
3351 5295 3590 5397 vestrum

2008 5380 2258 5473 universa
2289 5404 2616 5467 fraternitas,
2642 5396 2785 5469 quod
2816 5401 3050 5465 quatuor
3071 5381 3330 5456 synodos,
3360 5380 3467 5434 hoc
3506 5382 3592 5431 est

2007 5471 2982 5572 Eicmnam,Constantinopolitanam,
3012 5477 3340 5550 Ephesinam
3366 5471 3593 5542 primaut

377 5738 406 5769 ⁸
441 5729 595 5787 Hanc
645 5744 769 5788 esse
804 5725 1199 5800 supposititiam
1230 5719 1513 5796 epistolam
1553 5715 1749 5788 probat
1797 5712 1862 5768 R.
1900 5711 1959 5768 Ρ.
1994 5708 2150 5764 Joau.
2200 5697 2494 5760 Gamerius
2539 5693 2595 5750 in
2639 5689 2787 5749 notis
2836 5685 2902 5744 ad
2947 5682 3280 5742 Breviarituu
3329 5674 3590 5735 Liberati.

312 5799 639 5863 ﬂammans.
