4006 6190
487 224 588 280 1:23

1869 219 2093 309 vwth
2125 219 2326 275 nam:

3650 226 3750 283 ιιι

486 341 754 403 συνόδους,
779 344 1011 398 τουτέστι
1038 347 1126 401 τήν
1156 341 1210 394 ἐν
1229 350 1428 412 δικαίᾳ,
1458 346 1545 401 την
1583 340 1630 393 ἐν
1659 354 2064 394 ιωνσταντινου-

2188 347 2225 393 :t
2244 337 2762 406 Chalcedonensem,
2776 353 2879 394 una
2897 354 3020 395 cum
3043 341 3230 397 iisdem
3252 342 3507 399 fratribus
3527 352 3747 410 ηοειιιὶς,

482 438 656 499 πόλει,
688 441 781 495 τήν
806 437 855 488 έν
875 434 1059 507 Ἐφέσῳ
1089 436 1296 506 πρώτην
1313 475 1327 499 ,
1367 434 1451 486 καί
1474 439 1564 490 τήν
1598 433 1646 485 έν
1668 429 1946 490 Χαλκηδόνι
1975 434 2068 484 σύν

487 532 663 588 αὐτοῖς
685 531 822 600 idem
846 525 1092 595 ἀδελφοῖς,
1119 527 1169 578 ἐν
1195 530 1328 578 πᾶσι
1368 527 1454 578 καί
1483 523 1764 592 δεχόμεθα,
1793 525 1875 576 καί
1897 526 2069 596 θεοφι-

488 621 567 674 λεῖ
600 620 796 693 διανοίᾳ
842 622 1252 693 προσκυνοῖμεν,
1285 618 1371 669 καὶ
1405 613 1694 685 ὁμοψύχως
1731 614 2067 686 φυλάττομεν.

488 714 589 764 κίχε
645 712 690 764 οἷ
733 729 864 771 τινες
916 707 1103 766 δήποτε
1144 710 1230 768 τὰς
1285 708 1440 766 αὐτὰς
1487 706 1636 778 άγέας
1682 705 1962 769 συνόδους,
2018 708 2068 759 ἐν

487 807 620 854 πᾶσι
645 807 752 859 τοῖς
782 799 869 853 ὐπ’
894 800 1059 854 αὐτῶν
1086 801 1205 870 περί
1237 806 1329 858 τῆς
1357 799 1503 870 ἁγίας
1532 803 1754 858 πίστεως
1777 797 2067 870 όρισθείσιν,

487 894 579 945 οὐκ
617 893 980 955 ἀκολουθοῦσι,
1008 892 1228 950 τούτους
1255 891 1545 966 ἀλλοτρίους
1581 897 1673 947 τοῦ
1713 891 1951 961 συλλόγου
1982 898 2065 949 τῆς

491 980 642 1053 ἁγίας
680 985 763 1036 καί
790 983 1049 1041 καθολικῆς
1089 982 1350 1041 ἐκκλησίας
1385 983 1625 1060 κρίνομεν.
1671 982 1759 1034 Διά
1794 988 1945 1035 τοῦτο
1980 986 2070 1038 τὴν

490 1071 631 1140 ὑμῶν
660 1070 969 1142 ἀδελφότητα
996 1073 1053 1127 τό
1078 1072 1204 1144 πλρ⁹
1224 1075 1362 1144 ἡμῶν
1391 1072 1651 1142 γενόμενον
1679 1071 1859 1126 εἰδέναι
1894 1070 2075 1146 βουλόμ-

490 1181 658 1231 μενοι,
711 1164 911 1223 τούτοις
973 1164 1244 1236 γράμμασι
1294 1163 1571 1222 κατάδηλον
1625 1165 1758 1237 αὐτῇ
1808 1172 2072 1236 ποιοῦμεν.

493 1250 694 1312 Ἐπειδὴ
718 1252 878 1308 οὐδενί
905 1254 1178 1327 ἀμφίξολόν
1206 1254 1544 1321 έστιν,όπόσα
1563 1256 1810 1314 κεκίνηται
1839 1260 2075 1328 περὶτῶν

488 1350 642 1413 τριῶν
668 1345 940 1418 κεφαλαίων
956 1386 972 1409 ,
1000 1347 1239 1400 τουτέστι
1270 1349 1390 1421 περὶ
1415 1343 1681 1421 Θεοδώρου
1709 1352 1799 1400 τοῦ
1825 1366 1950 1401 ποτε
1976 1359 2074 1402 Mo-

490 1434 771 1505 ψουεστίας
794 1437 1094 1499 ἐπισκόπου,
1127 1438 1210 1490 καί
1236 1444 1334 1492 τῶν
1356 1437 1513 1490 αὐτοῦ
1542 1436 1962 1510 συγγραμμάτων
1978 1476 1993 1501 ,
2021 1440 2078 1492 οὐ

491 1537 590 1602 μὴν
626 1533 747 1585 ἀλλά
776 1536 858 1586 καί
891 1542 989 1589 τνῖιν
1017 1541 1105 1588 τοῦ
1146 1533 1458 1610 Θεοδωρίτου
1497 1536 1948 1610 συγγραμμάτων,
1993 1536 2078 1588 καί

491 1631 584 1682 τῆς
622 1623 889 1684 ἐπιστολῆς
930 1633 1020 1684 τῆς
1047 1626 1314 1696 λεγομένης
1353 1625 1475 1699 παρ’
1504 1622 1621 1679 "lgor
1648 1628 1921 1702 γεγράφθαι
1950 1625 2077 1700 πρὸς

2169 428 2224 483 in
2253 430 2502 484 omnibus
2530 431 2873 500 suscipimus,
2903 442 2960 486 et
2979 432 3175 487 devota
3197 444 3378 489 mente
3404 449 3718 489 veneramur
3736 477 3749 497 ,

2169 527 2331 586 atque
2349 519 2675 573 unanimiter
2692 535 2990 574 servamus.
3022 520 3147 576 Etsi
3170 523 3261 592 qui
3291 524 3508 579 easdem
3538 536 3753 582 sanctas

2168 610 2404 681 synodos
2443 611 2494 664 in
2522 611 2770 665 omnibus
2797 626 2917 681 qua:
2940 613 3009 668 ab
3038 614 3167 684 ipsis
3193 615 3262 670 de
3289 625 3475 670 sancta
3509 615 3615 672 [ide
3642 619 3744 673 de-

2175 699 2324 755 ﬁnita
2375 709 2502 755 sunt
2542 717 2654 757 non
2706 711 3034 772 sequuntur,
3085 720 3180 760 eos
3214 720 3245 760 a
3295 716 3436 762 θαλίη
3466 718 3666 765 sanctzn
3695 717 3756 764 et

2170 792 2453 848 catholicae
2494 792 2749 850 Ecclesia:
2790 796 2997 851 alienos
3034 795 3357 865 iudicamus.
3410 803 3756 873 Quapropter

2172 885 2541 941 desiderantes
2584 902 2648 941 ea
2677 887 2817 943 scire
2865 888 3259 944 fraternitatem
3289 900 3524 947 vestram
3569 910 3692 965 quae
3719 910 3748 949 a

2174 977 2329 1030 nobis
2359 977 2494 1030 facta
2525 986 2668 1043 sunt,
2702 978 2788 1034 his
2818 980 3018 1036 nostris
3046 981 3238 1038 litteris
3268 983 3366 1053 ipsi
3408 986 3750 1042 manifestum

2173 1067 2417 1124 facimus.
2451 1068 2716 1137 Quoniam
2748 1073 2881 1127 nulli
2906 1073 3125 1129 dubium
3156 1083 3240 1131 est
3278 1085 3413 1146 quot
3439 1089 3752 1150 quantaque

2175 1168 2322 1215 mota
2369 1168 2516 1229 sunt,
2566 1163 2636 1217 ob
2675 1164 2777 1216 tria
2824 1165 3057 1233 capitula
3077 1204 3093 1231 ,
3124 1165 3230 1221 hoc
3258 1177 3341 1223 est
3367 1169 3436 1223 de
3466 1167 3752 1226 Theodoro

2175 1252 2304 1307 olim
2351 1252 2686 1323 Mopsuestia:
2714 1256 3001 1325 episcopo,
3049 1258 3272 1326 ejusque
3318 1261 3563 1331 scriptis,
3594 1263 3756 1330 quin-

2176 1344 2337 1397 etiam
2361 1343 2428 1397 de
2455 1344 2671 1415 scriptis
2693 1343 3039 1412 Theodoreti,
3063 1348 3207 1404 etde
3231 1350 3459 1419 epistola
3487 1366 3608 1420 qua:
3628 1353 3756 1408 dici-

2179 1438 2265 1485 tur
2287 1432 2486 1501 scripta
2511 1434 2579 1487 ab
2603 1432 2692 1488 lba
2716 1433 2783 1488 ad
2801 1434 2989 1490 Marim
3004 1435 3219 1493 Persam
3239 1457 3254 1501 ;
3285 1449 3341 1495 et
3360 1455 3522 1511 quam
3543 1442 3754 1498 diversa

2177 1519 2246 1575 de
2275 1521 2444 1576 tribus
2472 1521 2575 1576 illis
2603 1523 2853 1592 capitulis
2879 1524 3021 1580 dicta
3071 1537 3235 1597 atque
3272 1532 3576 1600 conscripta
3606 1543 3752 1588 sunt.

2178 1611 2306 1668 Ideo
2344 1614 2391 1669 si
2420 1615 2473 1671 in
2504 1616 2651 1670 omni
2675 1618 2894 1684 negotio
2923 1619 3200 1688 sapientia:
3227 1622 3370 1678 ratio
3397 1625 3655 1692 postulat,
3700 1635 3759 1679 ut

489 1715 665 1786 Μάρην
692 1713 775 1767 τὸν
815 1715 1033 1788 Πέρσην
1076 1718 1159 1769 καί
1199 1714 1410 1791 διάφορα
1446 1719 1690 1789 περὶτῶν
1725 1700 1886 1772 αὐτῶν
1929 1738 2077 1789 κεφα·

2188 1704 2233 1758 id
2271 1704 2338 1760 de
2366 1720 2473 1777 quo
2501 1708 2758 1776 quaeritur
2793 1716 3114 1777 retractetur
3140 1754 3156 1779 ,
3204 1728 3377 1782 neque
3409 1700 3598 1784 pudori
3640 1731 3759 1772 esse

491 1804 642 1858 λαίων
676 1806 935 1877 γεγένηταί
962 1826 1037 1869 τε,
1067 1809 1154 1861 καί
1179 1808 1491 1884 γέγραπται“
1536 1813 1618 1862 καί
1647 1806 1734 1863 διά
1763 1814 1945 1872 τοῦτο,
1978 1807 2078 1880 εὖγε

493 1893 544 1946 έν
572 1896 727 1949 παντὶ
752 1897 1019 1969 πράγματι
1049 1896 1076 1950 ό
1106 1905 1195 1955 τῆς
1225 1902 1402 1969 σοφίας
1428 1898 1569 1969 λόγος
1603 1900 1814 1953 ἀπαιτεῖ
1840 1899 1900 1953 τὸ
1928 1902 2081 1963 ζητη-

491 1986 570 2039 θέν
593 1966 1053 2058 ἀναψηλαφᾶσθαι,
1096 1990 1179 2042 καί
1219 1989 1305 2040 ούκ
1340 1986 1494 2047 αἰδώς
1538 1983 1665 2042 εἶναι
1706 1988 1912 2058 ὀφείλει,
1945 1990 2079 2045 ὥστε

495 2073 699 2150 σπουδῇ
732 2083 823 2136 τῆς
867 2077 1128 2140 ἀληθείας,
1162 2079 1221 2131 τό
1260 2080 1403 2153 παρὰ
1444 2083 1533 2136 τήν
1575 2080 1747 2152 ἀρχὴν
1775 2081 1865 2150 μέν
1904 2101 2080 2155 παρα-

492 2161 711 2237 λειφθέν,
750 2165 947 2239 εὑρεθέν
975 2165 1029 2220 δέ
1063 2169 1193 2239 μετά
1225 2174 1391 2223 ταῦτα
1430 2166 1846 2245 δημοσηυθῆναι,
1876 2167 2081 2243 πόσῳγε

495 2257 679 2326 μᾶλλον
721 2267 839 2320 ταῖς
886 2259 1321 2322 ἐκκλησιαστικαῖς
1365 2264 1639 2318 ὑποθέσεσι
1683 2270 1836 2319 τοῦτο
1873 2263 2084 2339 ἁρμόζει

488 2347 863 2415 ηυλάττεσθαιζ
889 2348 1072 2406 Ὀπότε
1097 2350 1238 2409 δῆλόν
1264 2354 1375 2407 ἔστι
1403 2357 1524 2415 τούς
1552 2356 1690 2424 ἡμῶν
1708 2357 1963 2431 πατέρας.
1998 2358 2083 2409 καί

497 2436 719 2507 μάλιστα
742 2440 829 2494 τόν
852 2446 1238 2515 μακαριώτατον
1263 2445 1614 2515 Δύγουστῖνον,
1638 2448 1722 2500 τὸν
1761 2445 2086 2517 έκῖιάμῲαντα

497 2527 549 2579 έν
573 2536 681 2588 τοῖς
709 2529 858 2590 θείοις
892 2531 1087 2604 λόγος,
1126 2541 1217 2594 τῆς
1246 2531 1520 2605 Ῥωμαῖκῆς
1559 2535 1866 2608 εὐγλωττίας
1906 2536 2089 2593 διδάσ-

499 2614 644 2668 καλον
674 2617 1068 2689 ἀναψηλαφῆσαί
1087 2641 1141 2675 τε
1164 2624 1285 2681 τούς
1304 2624 1519 2683 οἰκείους
1546 2623 1741 2696 λόγους,
1766 2628 1852 2678 καί
1879 2623 2088 2697 διορθώ-

500 2707 693 2761 σασθαι
722 2708 786 2762 τά
812 2709 952 2781 αὐτῷ
979 2713 1207 2787 εἰρημένα
1225 2753 1239 2777 ,
1280 2714 1360 2765 καί
1393 2715 1459 2767 τὰ
1498 2714 1927 2787 παραλειφθέντα,
1958 2717 2087 2787 μετά

499 2801 669 2852 ταῦτα
715 2796 769 2854 δέ
809 2800 1073 2870 εὑρεθέντα
1114 2805 1539 2876 προστεθηκέναι.
1583 2810 1670 2860 ιίοιί
1714 2809 1859 2877 ἡμεῖς
1902 2806 2088 2879 ὁμοίως

502 2897 606 2951 τοῖς
633 2894 881 2952 τοιούτοις
909 2893 1250 2966 ύποδείγμασι
1273 2899 1673 2973 προτραπέντες,
1702 2899 1750 2951 ἐν
1770 2906 1831 2974 τῇ
1851 2899 2089 2962 ὑποθέσει

502 2988 602 3036 τῶν
623 2985 1055 3052 μνημονευθέντων
1094 2993 1246 3060 τριῶν
1276 2988 1563 3059 κεφαλαίων,
1588 2986 1698 3042 οὐδέ
1717 3009 1841 3042 ποτε
1863 2991 2087 3047 ἀπέστη·

499 3074 592 3143 μεν
619 3070 899 3145 δι’ίρεύνης
919 3076 1182 3148 γινόμενοι.
1208 3078 1260 3132 τί
1284 3080 1401 3151 περὶ
1423 3083 1521 3132 τῶν
1544 3079 1916 3154 προειρημένων
1931 3086 2082 3156 τριῶν
2110 3107 2158 3172 C

505 3162 805 3234 κεφαλαίων,
837 3166 885 3219 έν
920 3174 1028 3226 τοῖς
1052 3174 1152 3223 τῶν
1179 3170 1431 3246 ἡμετέρων
1470 3171 1741 3243 γράμμασι
1780 3167 1992 3228 δύνηται
2024 3173 2082 3225 τὸ

505 3253 840 3328 ἀληθέστερον
863 3256 1139 3331 εὑρεθῆναι.
1167 3256 1308 3313 Ὀθεν
1331 3261 1537 3335 φανερὸν
1563 3262 1732 3332 γέγονε
1763 3258 1846 3314 διὰ
1867 3263 2088 3337 καθαρᾶς

507 3346 756 3411 ἀληθείας,
790 3350 840 3402 ἓν
867 3358 971 3409 τοῖς
999 3353 1279 3425 εἰρημένοις
1313 3350 1573 3426 Θεοδώρου
1598 3357 1697 3407 τοῦ
1727 3352 2089 3424 Μοψουεστίας

508 3432 669 3508 λόγοις
708 3444 814 3498 τοῖς
851 3447 1126 3510 πανταχοῦ
1170 3441 1637 3511 στολιτευομένοις,
1683 3444 1750 3498 τά
1786 3444 1988 3499 ὶναντία
2026 3450 2089 3519 τῇ

508 3528 627 3600 ὀρθῇ
657 3530 830 3584 πίστει
866 3533 949 3584 καί
985 3539 1099 3590 ταῖς
1143 3530 1494 3594 διδασκαλίαις
1521 3541 1623 3590 τῶν
1657 3533 1816 3607 ἁγίων
1854 3536 2090 3611 πατέρων

508 3621 855 3697 περιέχεσθαι.
887 3624 1073 3691 Ἀμέλει
1095 3645 1175 3679 τοι
1204 3629 1289 3679 καὶ
1318 3627 1365 3679 οἱ
1393 3626 1527 3699 ἅγιοι
1554 3628 1770 3701 πατέρες
1798 3628 1912 3682 κατ’
1935 3630 2090 3683 αὐτοῦ

510 3711 784 3784 γράφοντες
829 3709 990 3773 ἰδίους
1016 3714 1195 3785 λόγους
1218 3717 1350 3788 πρὸς
1375 3715 1699 3772 διδασκαλίαν
1729 3725 1820 3778 τῆς
1839 3717 1989 3788 ἁγίας
2014 3719 2092 3774 έκ-

511 3799 720 3862 κλησίας
747 3802 1158 3858 καταλελοίπασι.
1201 3808 1290 3861 Καὶ
1329 3808 1430 3880 γὰρ
1467 3813 1515 3859 εν
1556 3813 1677 3868 ταῖς
1721 3804 1895 3870 ἄλλαις
1926 3810 2092 3881 μύτοῦ

513 3889 856 3963 βλασφημίαις
881 3902 1105 3969 φανερῶς
1134 3896 1287 3952 αὐτὸν
1326 3899 1570 3977 εἰρηκέναι
1594 3899 1916 3976 εὑρίσκομεν,
1949 3898 2094 3957 ἄλλον

513 3976 641 4037 εἶναι
660 3983 748 4035 τόν
774 3985 896 4038 Θεὸν
923 3984 1091 4057 λόγον,
1123 3991 1207 4041 καί
1230 3984 1374 4043 ἄλλον
1404 3990 1487 4043 τόν
1513 3988 1861 4063 Χριστόν,ύπὸ
1884 3999 1983 4047 τῶν
2005 4001 2094 4054 τῆς

514 4068 697 4141 ψυχῆς
724 4074 899 4129 παθῶν
924 4079 1009 4131 καί
1046 4085 1144 4131 τῶν
1180 4088 1271 4139 τῆς
1304 4082 1494 4153 σαρκὸς
1544 4082 1817 4153 ἐπιθυμιῶν
1854 4083 2094 4155 ένοχλού·

515 4180 690 4231 μενον,
732 4168 819 4219 καί
840 4174 938 4220 τῶν
976 4170 1225 4242 χειρόνων
1250 4176 1381 4225 κατά
1407 4175 1578 4250 μικρὸν
1604 4175 1933 4247 ἀφιστάμενον
1967 4178 2095 4253 πρός

516 4253 582 4305 τά
618 4255 877 4327 κρείττονα
904 4266 966 4331 τῇ
990 4270 1220 4334 προκοπῇ
1253 4269 1352 4317 τῶν
1379 4262 1535 4339 ἴργων
1573 4264 1888 4332 ἐληλυθέναι,
1922 4272 2008 4325 καί
2033 4276 2096 4344 τῇ

516 4343 745 4418 πολιτείᾳ
775 4342 983 4420 ἄμωμον
1006 4351 1283 4420 γενόμενον.
1311 4360 1403 4408 Και
1444 4359 1511 4414 ὡς
1535 4356 1676 4426 ψιλὸν
1705 4355 1967 4434 ἄνθρωπον
2002 4342 2097 4433 βα*-

517 4434 854 4492 πτισθῆναεέν
875 4438 1084 4509 ὀνόματι
1102 4445 1319 4518 πατρὸς,
1344 4447 1478 4512 υῗοῡ,
1502 4450 1586 4501 καί
1612 4447 1758 4522 ἁγίου
1781 4453 2091 4525 πνεύματος,
2123 4474 2175 4533 D

519 4526 603 4577 καί
628 4523 711 4580 διὰ
737 4534 830 4581 τοῦ
865 4530 1229 4603 βαπτίσματος
1264 4542 1355 4595 τήν
1385 4541 1544 4609 χάριν
1572 4547 1663 4597 τοῦ
1703 4540 1850 4613 ἁγίου
1877 4546 2100 4616 πνεύμα-

518 4635 606 4674 τος
632 4615 889 4691 εἶληφέντι,
921 4624 1007 4676 καί
1028 4623 1287 4686 υἱοθεσίας
1325 4630 1600 4691 ἠξιῶσθαι⁸
1626 4633 1705 4687 καί
1729 4631 1838 4686 καθ’
1860 4615 2098 4706 ὁμοίωσιν

519 4705 783 4775 βασιλικῆς
804 4711 992 4773 εἰκόνος
1019 4715 1091 4774 εἰς
1113 4716 1391 4787 πρόσωπον
1415 4726 1509 4774 τοῦ
1537 4729 1662 4775 Θεοῦ
1683 4722 1837 4792 λόγου
1867 4705 1951 4779 τόν
1984 4734 2101 4802 Χρι-

518 4797 641 4852 στὸν
680 4808 1092 4874 προσκυνεῖσθαι.
1127 4812 1222 4863 Καὶ
1243 4812 1377 4881 μετά
1411 4816 1502 4869 τήν
1535 4814 1814 4868 ἀνάστασιν
1848 4812 2103 4890 ἄτρεπτον

517 4909 549 4942 τ
589 4897 639 4949 ῖς
666 4892 902 4960 ἐννοίαις,
951 4900 1036 4953 καί
1080 4901 1341 4961 παντελῶς
1386 4903 1736 4976 ἀναμάρτητον
1779 4908 2095 4975 γεγενῆσθαι.

518 4980 649 5051 Πρὸς
667 4983 867 5044 τούτοις
886 4980 1017 5051 εἶπε,
1039 4990 1230 5048 ταύτην
1246 4993 1541 5063 γεγενῆσθαι
1558 4997 1648 5052 τήν
1665 4995 1841 5051 ἕνωσιν
1855 5002 1945 5053 τοῦ
1967 5004 2096 5053 Θεοῦ

518 5068 670 5141 λόγου
694 5074 822 5147 πρὸς
856 5077 940 5130 τόν
964 5080 1212 5152 Χριστὸν,
1249 5080 1431 5137 ὁποίαν
1470 5081 1497 5139 ό
1529 5084 1811 5146 ἀπόστολος
1837 5082 1945 5142 εἷπε
1981 5091 2100 5163 περὶ

519 5169 613 5218 τοῦ
638 5163 817 5241 ἀνδρὸς
838 5170 921 5225 καί
947 5178 1038 5229 τῆς
1061 5173 1314 5243 γυναικός·
1342 5172 1603 5232 (Ἔσονται
1631 5178 1677 5230 οἱ
1703 5176 1794 5232 δύο
1824 5182 1896 5239 εἰς
1928 5179 2099 5254 σάρκα

519 5257 699 5325 μίαν-ε
736 5262 820 5313 καὶ
844 5258 923 5315 ὅτι
950 5263 1081 5332 μετά
1108 5268 1199 5322 τήν
1221 5265 1497 5321 ἀνάστασιν
1521 5268 1818 5340 έμφυσήσας
1857 5268 1885 5323 ό
1922 5271 2097 5340 κύριος

518 5354 628 5406 τοῖς
654 5349 924 5418 μαθηταῖς,
945 5356 1025 5407 κα³
1055 5356 1231 5427 εἰπών,
1260 5354 1479 5411 (Λάϐετε
1507 5363 1710 5427 πνεῦμα
1736 5356 1893 5429 ἅγιον,
1910 5360 2002 5413 »ού
2022 5358 2097 5415 δέ·

520 5434 648 5493 δωκε
672 5440 845 5503 αὐτοῖς
871 5450 1074 5518 πνεῦμα
1103 5444 1261 5516 ἅγιον.
1284 5448 1498 5517 Ὁμοίως
1525 5449 1612 5505 καί
1637 5455 1791 5504 τοῦτο
1825 5450 2098 5519 ὶτόλμησεν

522 5528 696 5594 εἰπεῖν,
737 5529 815 5587 ότι
851 5537 939 5591 τήν
965 5532 1226 5605 ὁμολογίιν
1249 5536 1307 5594 ἣν
1336 5542 1519 5605 Θωμᾶς
1541 5538 1846 5603 ἐποιήσατο,
1876 5539 2100 5608 ψηλαφή-

521 5641 623 5680 σας
650 5623 741 5682 τὰς
768 5630 951 5693 χεῖρας
997 5629 1074 5679 καὶ
1098 5630 1190 5681 τήν
1214 5626 1434 5696 πλευρὰν
1463 5634 1554 5684 τοῦ
1590 5631 1764 5706 κυρίου
1782 5668 1797 5695 ,
1838 5631 1967 5700 μετά
2009 5635 2099 5690 τήν

524 5711 832 5777 ἀνάστασιν,
858 5713 1028 5783 λέγων,
1060 5713 1144 5768 «Ὀ
1162 5718 1331 5789 κύριος
1353 5739 1449 5787 μου
1468 5760 1481 5785 ,
1514 5722 1598 5774 καί
1635 5719 1660 5775 ό
1690 5717 1811 5780 Θεός
1842 5740 1960 5788 μου,
1984 5738 2001 5770 ›
2029 5725 2100 5790 μὴ

2182 1793 2379 1860 debet,
2430 1812 2550 1851 cum
2583 1813 2646 1852 ea
2677 1813 2798 1868 qua:
2826 1799 2894 1855 ab
2922 1802 3074 1856 initio
3105 1805 3298 1861 omissa
3317 1846 3333 1870 ,
3361 1807 3539 1863 studio
3567 1808 3763 1866 deinde

2184 1885 2425 1942 veritatis
2454 1887 2817 1957 inveniuntur,
2852 1891 2904 1944 in
2933 1894 3204 1962 publicum
3232 1896 3507 1965 eduntur;
3554 1910 3761 1969 quanto

2184 1979 2354 2048 magis
2383 1979 2764 2037 ecclesiasticis
2787 1981 3267 2054 disceptationibus
3290 1991 3575 2056 convenit,
3609 2006 3762 2046 eam-

2183 2070 2306 2126 dem
2335 2072 2602 2128 rationem
2643 2074 2697 2129 in
2738 2075 2844 2130 illis
2873 2091 3090 2147 quoque
3119 2080 3440 2138 observari?
3486 2081 3763 2154 Prmcipue

2185 2176 2308 2216 cum
2338 2162 2681 2219 manifestum
2708 2164 2779 2218 sit
2810 2163 2997 2221 Patres
3027 2178 3265 2236 nostros,
3295 2181 3352 2225 et
3380 2173 3612 2228 maxime
3630 2174 3761 2229 bea-

2185 2253 2448 2308 tissimum
2477 2254 2830 2324 Augustinum
2850 2296 2865 2322 ,
2907 2258 3000 2327 qui
3030 2259 3081 2313 in
3111 2260 3306 2316 divinis
3334 2261 3626 2334 Scripturis
3649 2266 3765 2320 cla-

2186 2342 2310 2406 ruit,
2344 2341 2602 2399 Romana:
2628 2345 2952 2416 eloquentia:
2982 2350 3296 2417 magistrum
3315 2392 3330 2415 ,
3382 2354 3598 2423 propria
3627 2356 3767 2410 scri-

2184 2440 2277 2509 pta
2304 2443 2648 2506 retractasse,
2677 2435 2928 2508 dictaque
2974 2455 3071 2495 sna
3102 2443 3428 2507 correxisse,
3473 2454 3635 2514 atque
3678 2445 3767 2499 illa

2186 2537 2307 2591 qua:
2348 2525 2637 2589 omiserat,
2672 2542 2736 2582 ac
2760 2527 2952 2583 deinde
2985 2530 3295 2600 invenerat,
3337 2534 3626 2590 addidisse.
3658 2535 3767 2593 Nos

2187 2629 2403 2684 quoque
2424 2617 2672 2672 similiter
2694 2619 2800 2674 illis
2821 2622 3083 2690 exemplis
3111 2623 3337 2691 incitati,
3371 2624 3422 2680 in
3452 2634 3767 2682 controver-

2186 2705 2264 2759 sia
2296 2706 2451 2760 trium
2470 2709 2827 2778 capitulorum
2849 2727 3011 2781 supra
3037 2723 3477 2779 memoratorum,
3494 2731 3766 2786 nunquam

2189 2794 2534 2863 destitimus,
2584 2799 2710 2869 quin
2743 2801 3186 2871 investigaremus
3223 2805 3352 2873 quid
3390 2806 3459 2861 de
3498 2807 3766 2876 pmdictis

2189 2888 2361 2945 tribus
2387 2891 2665 2960 capitulis,
2700 2892 2753 2947 in
2782 2892 2999 2949 Patrum
3028 2905 3335 2953 nostrorum
3359 2898 3554 2954 litteris
3586 2900 3767 2955 verius

2188 2979 2418 3034 inveniri
2443 2989 2644 3051 posset.
2681 2982 2832 3038 Unde
2864 2986 3035 3055 patuit
3064 3001 3272 3054 revera,
3308 2987 3467 3044 dictis
3495 2988 3767 3045 Theodori

2189 3067 2528 3141 Mopsuestia:
2584 3074 2925 3129 sermonibus
2974 3077 3064 3146 qui
3119 3076 3317 3147 ubique
3344 3077 3762 3148 redarguuntur,

2187 3160 2442 3231 pleraque
2468 3164 2738 3216 contraria
2764 3173 2926 3220 recta:
2945 3162 3065 3221 lidei
3093 3175 3147 3221 et
3168 3166 3430 3223 doctrinis
3456 3177 3765 3224 sanctorum

2188 3250 2407 3306 Patrum
2438 3253 2705 3308 contineri
2733 3272 2746 3307 :
2776 3270 2944 3323 quare
2964 3256 3066 3327 ipsi
3086 3258 3260 3313 sancti
3292 3257 3478 3314 Patres
3507 3262 3770 3316 adversus

2188 3358 2315 3398 eum
2344 3344 2668 3409 scribentes,
2700 3354 2960 3403 tractatus
2998 3363 3127 3405 suos
3174 3350 3241 3404 ad
3281 3360 3483 3407 sancta:
3513 3352 3769 3408 Ecclesia:

2189 3433 2551 3495 eruditionem
2610 3438 2962 3508 reliquerunt.
3045 3439 3257 3495 Etenim
3341 3443 3480 3497 inter
3532 3452 3759 3499 czrteras

2190 3525 2354 3594 ipsius
2379 3526 2739 3596 blasphemias
2777 3538 2965 3598 aperte
3006 3530 3178 3600 ipsum
3207 3531 3406 3587 dixisse
3431 3533 3762 3600 invenimus,

2192 3614 2355 3669 alium
2376 3630 2497 3670 esse
2523 3615 2690 3671 Deum
2719 3619 2961 3685 verbum,
2993 3628 3048 3674 et
3068 3620 3231 3675 alium
3259 3620 3553 3688 Christum,
3582 3638 3611 3677 a
3643 3638 3770 3694 pas-

2191 3705 2435 3767 sionibus
2476 3708 2668 3769 anima:
2705 3717 2762 3764 et
2807 3712 3256 3781 concupiscentiis
3282 3715 3462 3771 carnis
3490 3724 3768 3785 vexatum,

2194 3805 2250 3852 et
2275 3798 2532 3867 paulatim
2572 3815 2605 3855 a
2633 3801 2929 3858 minoribus
2953 3805 3295 3862 recedentem
3322 3807 3388 3862 ad
3419 3807 3642 3862 meliora
3673 3823 3771 3877 per

2195 3889 2493 3960 profectum
2524 3907 2746 3961 operum
2770 3895 3099 3963 pervenisse,
3124 3904 3180 3950 et
3205 3898 3619 3957 conversatione
3647 3899 3778 3953 irre-

2196 3980 2611 4051 prehensibilem
2642 3980 2859 4038 factum.
2892 3983 2960 4037 Et
2983 3994 3040 4041 ut
3067 3985 3264 4040 nudum
3295 3987 3568 4043 hominem
3595 3987 3775 4058 bapti-

2196 4078 2373 4125 zatum
2397 4070 2558 4127 fuisse
2580 4072 2631 4127 in
2656 4076 2873 4130 nomine
2897 4075 3087 4142 Patris,
3107 4077 3225 4132 Filii
3245 4086 3301 4133 et
3320 4078 3553 4148 Spiritus
3571 4080 3772 4151 sancti,

2195 4170 2252 4216 et
2278 4176 2376 4232 per
2403 4163 2665 4232 baptisma
2695 4166 2922 4233 gratiam
2952 4168 3123 4223 sancti
3151 4167 3380 4239 Spiritus
3399 4170 3696 4239 accepisse,
3718 4178 3774 4225 et

2197 4252 2541 4322 adoptionem
2581 4258 2955 4324 promeritam.
2987 4258 3051 4313 Et
3079 4260 3144 4314 ad
3178 4261 3482 4331 exemplum
3525 4263 3774 4331 imaginis

2197 4344 2578 4417 imperatoria,
2611 4347 2678 4403 ob
2706 4363 2990 4419 personam
3011 4351 3107 4406 Dei
3128 4340 3298 4408 ‘Verbi
3320 4351 3591 4410 Christum
3634 4354 3774 4412 ado-

2196 4444 2326 4499 rari.
2351 4443 2419 4501 Et
2446 4453 2570 4516 post
2596 4449 3052 4505 resurrectionem
3084 4451 3468 4507 immutabilem
3494 4454 3776 4521 cogitatio-

2200 4533 2379 4603 nibus,
2429 4543 2485 4590 et
2524 4537 2743 4593 omnino
2772 4538 3175 4609 impeccabilem
3220 4539 3441 4597 factum.
3485 4541 3774 4607 Pmterea,

2199 4622 2335 4678 dixit
2363 4639 2483 4680 eam
2511 4626 2766 4683 unionem
2792 4629 2884 4684 Dei
2910 4628 3074 4684 Verbi
3104 4629 3298 4687 factam
3329 4631 3495 4688 fuisse
3517 4632 3586 4687 ad
3616 4632 3774 4688 Chr-io

2197 4720 2337 4768 stum
2366 4715 2577 4785 qualem
2618 4718 2910 4787 Apostolus
2946 4719 3082 4773 dixit
3123 4719 3192 4774 de
3230 4721 3347 4777 viro
3393 4729 3450 4776 et
3496 4721 3725 4777 muliere
3754 4738 3773 4775 :

2200 4803 2369 4861 Erunt
2415 4807 2515 4861 duo
2544 4810 2600 4861 in
2638 4826 2796 4864 carne
2822 4827 2926 4864 una
2968 4809 3023 4880 (1
3052 4810 3171 4866 Cor.
3204 4812 3300 4880 vr).
3348 4811 3419 4866 Et
3461 4813 3606 4881 quod
3653 4824 3778 4882 post

2198 4897 2672 4962 resurrectionem,
2702 4914 2823 4953 cum
2845 4898 3169 4956 insuﬂlasset
3194 4900 3452 4955 Dominus
3479 4901 3774 4971 discipulis,

2199 4992 2255 5040 et
2274 4984 2529 5042 dixisset:
2552 4987 2780 5057 Accipite
2806 4988 3062 5059 Spiritum
3081 4999 3338 5055 sanctum,
3364 5005 3469 5043 non
3498 4991 3645 5044 dedit
3675 4990 3778 5046 illis

2201 5074 2460 5145 Spiritum
2506 5086 2774 5135 sanctum.
2822 5079 3084 5137 Similiter
3113 5081 3218 5135 hoc
3244 5096 3460 5151 quoque
3503 5096 3666 5136 ausus
3696 5090 3779 5137 est

2201 5167 2417 5229 dicere.
2465 5168 2612 5238 quod
2660 5168 3056 5225 confessionem
3100 5184 3261 5239 quam
3307 5169 3541 5224 Thomas
3587 5170 3778 5237 edidit,

2203 5264 2499 5311 attrectans
2527 5272 2718 5315 manus
2754 5267 2807 5312 et
2839 5258 2977 5313 latus
3006 5259 3219 5314 Domini
3270 5266 3395 5329 post
3422 5262 3779 5316 resurrectio-

2201 5358 2344 5407 nem,
2374 5346 2557 5402 dicens
2589 5364 2602 5398 :
2634 5346 2886 5403 Dominus
2918 5365 3057 5403 meus
3086 5357 3136 5403 et
3172 5347 3315 5405 Deus
3343 5365 3521 5417 meus,
3563 5364 3671 5405 non
3713 5348 3780 5404 ad

2203 5443 2473 5500 Christum
2490 5446 2674 5501 retulit
2700 5448 2898 5517 (neque
2923 5449 3066 5503 enim
3079 5447 3397 5504 Theodorus
3410 5448 3485 5503 ait
3506 5447 3779 5503 Christum

2205 5549 2326 5590 esse
2366 5535 2613 5606 Deum);
2663 5536 2755 5592 sed
2799 5545 3023 5608 propter
3061 5538 3321 5594 miracula
3366 5538 3779 5593 resurrectionis

2207 5636 2510 5697 stupentem
2552 5627 2811 5685 Thomam
2862 5627 3110 5684 laudasse
3147 5628 3315 5685 Deum
3339 5670 3355 5695 ,
3405 5643 3580 5699 eaque
3615 5628 3779 5686 verba

2208 5714 2425 5773 dixisse.
2471 5715 2624 5784 Quod
2667 5726 2845 5774 autem
2885 5719 3038 5789 pejus
3082 5728 3183 5786 est,
3237 5720 3288 5773 in
3336 5719 3779 5793 interpretatione
