4000 6186
297 335 402 389 Hii

1212 332 1349 388 PRO
1389 329 1830 389 DAMNATIONE
1867 328 2084 384 TRIUM
2124 327 2635 387 CAPiTULORUM.

3478 341 3580 394 Mli

296 457 431 511 Item
458 461 618 527 etiam
646 464 864 510 centum
892 454 1280 527 quinquaginta
1320 463 1628 527 sanctorum
1661 450 1880 506 Patrum
1914 452 1953 506 Α
1988 462 2193 500 munem
2247 446 2525 517 quamdam
2582 448 2880 504 columnam
2928 449 3075 506 nobis
3123 458 3369 508 adversus
3418 472 3577 525 prava

511 526 602 594 qui
633 526 1159 597 ConstantinOpulim
1189 526 1497 595 congregati
1520 535 1664 578 sunt.

371 633 637 689 Credimus
684 637 738 693 in
785 636 943 691 u‘num
992 635 1158 691 Deum
1204 635 1416 691 Patrem
1465 636 1883 707 omnipotentem,

232 730 239 739 '
294 728 548 796 factorem
576 729 693 789 ctrli
717 739 767 783 et
796 740 969 795 tet-rte,
1012 729 1291 783 visibilium
1320 729 1548 782 omnium
1575 736 1622 781 et
1652 725 1886 780 invisibi-

289 820 424 872 lium
445 864 457 883 ,
508 828 556 874 et
604 821 658 872 in
700 837 860 874 unum
890 820 1169 875 Dominum
1195 819 1377 873 Iesum
1400 818 1660 872 Christum
1690 815 1887 870 Filium

296 907 394 962 Dei
436 911 777 982 unigenitum,
820 919 997 965 natum
1020 928 1086 966 ea:
1111 909 1271 965 Patre
1311 920 1432 964 ante
1457 910 1632 964 omnia
1672 908 1886 974 stecula,

294 998 463 1053 Deum
502 1018 676 1056 verum
704 1002 768 1056 de
799 1000 911 1057 Deo
940 1018 1090 1068 vero,
1130 1011 1328 1069 natum,
1376 1018 1481 1055 non
1525 1003 1741 1072 factum,
1772 1016 1891 1054 con-

289 1091 691 1146 substantialem
737 1091 908 1157 Patri,
950 1110 1041 1164 per
1059 1109 1207 1164 quem
1224 1093 1407 1147 omnia
1443 1093 1587 1163 facta
1614 1100 1753 1155 sunt,
1801 1089 1887 1159 qui

289 1193 507 1254 praptcr
534 1200 631 1239 nos
658 1174 888 1238 homines
918 1193 967 1237 et
996 1184 1216 1241 salutem
1258 1192 1491 1255 nostram
1521 1180 1803 1240 descendit,
1837 1187 1887 1234 et

290 1274 600 1329 incarnatus
627 1283 704 1329 est
732 1274 794 1327 de
824 1273 1028 1347 Spiritu
1069 1283 1249 1328 sancto
1287 1282 1338 1327 et
1380 1271 1556 1326 Maria
1596 1271 1809 1343 Virgine
1838 1278 1887 1323 et

290 1365 609 1419 hamanatus
637 1407 655 1435 ,
701 1375 751 1420 et
793 1366 1070 1438 cruciﬁxus
1112 1374 1188 1421 est
1230 1381 1323 1436 pro
1372 1365 1519 1418 uobis
1559 1362 1651 1417 sub
1698 1362 1888 1418 Pontio

286 1455 495 1524 Pilato,
524 1466 575 1512 et
601 1458 831 1529 sepultus
857 1468 953 1523 est,
986 1468 1035 1513 et
1064 1459 1347 1513 resurrexit
1377 1459 1529 1511 tertia
1561 1459 1662 1521 die,
1702 1473 1887 1511 ascen-

289 1550 370 1602 dit
393 1552 448 1604 in
481 1550 658 1616 ctelos,
689 1560 740 1603 et
764 1550 894 1605 sedit
925 1550 994 1603 ad
1022 1549 1292 1619 dexteram
1320 1547 1518 1613 Patris,
1550 1549 1735 1601 iterum
1766 1564 1885 1601 ven-

290 1648 443 1693 turus
471 1656 589 1693 cum
612 1639 783 1712 gloria
796 1639 1040 1710 judicare
1061 1641 1198 1695 vivos
1226 1648 1275 1694 et
1301 1648 1550 1702 mortuos,
1576 1638 1727 1709 cujus
1742 1640 1888 1711 regni

290 1748 401 1786 non
432 1733 530 1786 erit
556 1732 705 1802 ﬁnis,
736 1740 786 1786 et
814 1734 870 1787 in
896 1730 1152 1805 Spiritum
1181 1742 1419 1787 sanctum
1445 1715 1711 1786 dominum
1738 1740 1787 1786 et
1814 1731 1889 1785 vi-

1990 536 2236 608 dogmata
2268 538 2592 604 enitentem,
2626 538 2695 592 ad
2718 541 3166 612 conﬁrmationem
3196 554 3450 604 rectorum
3482 545 3581 601 do-

1988 639 2221 700 gmatum
2247 632 2418 704 utique
2446 632 2762 686 intellectum
2791 635 3067 701 cooptavit.
3102 633 3204 689 His
3231 652 3453 709 namque
3496 640 3580 709 qui

1988 721 2043 773 in
2074 721 2203 774 duos
2229 721 2367 791 ﬁlios
2398 721 2798 791 dispensationis
2827 722 3019 778 divina:
3048 727 3347 803 mysteripm
3380 729 3579 782 discer-

1989 829 2109 881 pere
2138 813 2374 867 nituntar
2400 814 2643 878 obsistit;
2672 822 2722 867 et
2752 814 2868 869 illos
2896 816 2982 885 qui
3010 816 3307 886 passibilem
3338 818 3582 874 deitatem

1994 904 2258 975 Unigeniti
2287 908 2402 960 ausi
2431 914 2550 960 sunt
2588 907 2778 971 dicere,
2822 924 2855 961 a
2885 925 3033 963 sacro
3063 920 3191 964 coetu
3227 911 3461 978 expellit.
3516 908 3581 966 Et

1989 997 2068 1049 his
2097 997 2184 1067 qui
2213 996 2266 1050 in
2296 996 2494 1050 duabus
2523 998 2725 1052 naturis
2768 994 2960 1051 Christi
3009 1008 3464 1069 temperamentum
3492 996 3597 1056 aut!

1988 1088 2342 1159 confusionem
2372 1089 2648 1159 exquirunt
2687 1089 2902 1142 resistit.
2953 1087 3017 1143 Et
3060 1106 3145 1144 eos
3193 1091 3280 1161 qui
3327 1093 3580 1147 ca’lcstem

1989 1190 2078 1236 aut
2124 1180 2334 1238 alterius
2365 1182 2587 1254 alicujus
2629 1199 2739 1237 esse
2773 1183 3078 1238 substantiae
3106 1184 3285 1238 dicunt
3329 1202 3483 1256 quam
3513 1203 3578 1241 ea:

1993 1272 2140 1328 nobis
2171 1275 2448 1344 assumpsit
2490 1274 2620 1328 serui
2650 1278 2892 1345 fortnam,
2924 1285 2979 1328 ut
3004 1276 3262 1331 dementes
3297 1278 3477 1350 abigit.
3508 1277 3581 1332 Et

1989 1367 2073 1437 qui
2099 1365 2229 1418 duas
2256 1365 2460 1437 quidem
2509 1375 2630 1419 ante
2659 1367 2943 1420 unitionem
2976 1377 3189 1421 naturas
3236 1365 3450 1422 Domini
3494 1371 3579 1442 fa-

1989 1456 2251 1522 bulantur,
2303 1473 2459 1510 unam
2490 1473 2605 1511 vero
2634 1468 2747 1528 post
2775 1459 3058 1512 unitionem
3091 1459 3416 1532 conﬁngunt,
3447 1477 3577 1515 con-

1989 1547 2217 1602 demnat.
2253 1547 2536 1620 Sequenter
2563 1551 2722 1619 igitur
2769 1563 2980 1605 sanctos
3031 1551 3213 1606 Patres
3244 1569 3405 1607 unum
3436 1569 3578 1608 eum-

1991 1638 2204 1711 demque
2230 1640 2467 1710 conﬁteri
2498 1639 2544 1693 Γ
2546 1642 2692 1695 ilium
2724 1650 2774 1696 et
2815 1641 3097 1697 Dominum
3142 1653 3374 1700 nostrum
3400 1643 3578 1701 Iesum

1991 1729 2255 1786 Christum
2283 1741 2629 1786 consonantes
2678 1749 2855 1787 omnes
2889 1736 3147 1801 docemus,
3205 1736 3439 1791 eumdem
3471 1754 3580 1807 per-

288 1823 611 1893 s-iﬁcantem,
639 1842 705 1880 es:
743 1824 906 1879 Patre
930 1826 1311 1896 procedentem,
1344 1842 1458 1880 cum
1488 1825 1648 1880 Patre
1665 1834 1716 1879 et
1744 1823 1886 1879 Filio
1922 1838 1963 1896 Β
1994 1825 2181 1895 fectum
2225 1825 2279 1877 in
2325 1824 2533 1885 dcitate,
2576 1825 2807 1880 eumdem
2837 1829 3119 1899 perfectum
3149 1830 3201 1883 in
3232 1828 3577 1894 humanitate,

286 1912 685 1969 coadorandum
733 1924 782 1969 et
827 1916 1251 1987 gloriﬁcandum,
1300 1918 1387 1988 qui
1432 1916 1631 1971 locutus
1674 1926 1753 1970 est
1798 1933 1889 1981 per

287 2014 507 2058 sanctos
535 2006 833 2077 prophetas.
874 2014 922 2061 et
948 2007 1001 2060 in
1030 2024 1190 2061 unam
1218 2008 1528 2063 catholicam
1568 2015 1618 2061 et
1647 2009 1890 2076 apostoli-

284 2111 411 2149 cam
436 2092 746 2152 Ecclesium.
776 2093 1096 2170 Conﬁtentur
1117 2115 1275 2152 unum
1311 2096 1586 2168 baptisma,
1617 2106 1668 2151 et
1707 2099 1888 2152 remis-

284 2191 492 2245 sionem
513 2201 860 2261 peccatorum.
899 2191 1185 2263 Speramus
1208 2191 1631 2246 resurrectionem
1659 2198 1888 2245 mortuo-

283 2296 427 2338 rum.
463 2280 620 2335 vitam
647 2282 809 2351 futuri
839 2280 1037 2336 sccculi.
1068 2281 1253 2335 Amen.

360 2370 634 2442 διεβίω-ει
661 2372 866 2444 quidem
895 2373 965 2426 ad
992 2372 1200 2443 plenam
1227 2372 1573 2444 cognitionem
1603 2372 1809 2443 pietatis
1836 2380 1886 2426 et

282 2464 746 2535 conﬁrmationem
775 2467 985 2536 sapiens
1013 2467 1109 2521 hoc
1147 2476 1198 2522 et
1225 2467 1457 2520 salutare
1484 2466 1672 2520 divina:
1699 2466 1886 2537 gratia:

283 2555 600 2627 symbolum.
652 2554 734 2612 De
765 2557 926 2613 Patre
950 2559 1089 2613 enim
1128 2568 1176 2613 et
1207 2556 1351 2613 Filio
1394 2567 1444 2613 et
1467 2565 1649 2613 sancto
1682 2558 1885 2627 Spiritu

284 2650 659 2719 perfectionem
684 2649 855 2713 docet,
887 2660 937 2705 et
965 2648 1180 2706 Domini
1213 2650 1633 2704 humanationem
1658 2647 1885 2725 ﬁdeliter

286 2744 656 2810 accipientibus
685 2754 1046 2816 reprtesentat.
1080 2744 1189 2801 Sed
1215 2743 1463 2816 quoniam
1491 2743 1544 2798 hi
1575 2744 1664 2816 qui
1694 2743 1883 2798 verita-

290 2838 355 2892 tis
402 2837 682 2911 reprobare
722 2838 1153 2907 prtedicationem
1189 2848 1447 2893 conantur
1494 2854 1587 2908 per
1641 2836 1881 2907 proprias

287 2932 511 2987 hereses
538 2949 698 2987 novas
727 2948 873 2989 voces
900 2941 1204 3004 genuerunt,
1254 2930 1308 2985 hi
1353 2928 1556 3001 quidem
1582 2928 1882 2999 mysterium

287 3025 426 3096 god
450 3042 549 3097 pro
574 3026 725 3081 nobis
757 3033 836 3080 est
878 3024 1094 3080 Domini
1122 3023 1528 3095 dispensationis
1557 3035 1883 3089 corrumpere

287 3124 683 3185 prcsumentes,
721 3124 770 3171 et
800 3114 896 3171 Dei
925 3116 1191 3188 genitricis
1219 3130 1391 3170 vocem
1421 3113 1485 3167 de
1515 3111 1731 3184 Virgine
1754 3108 1880 3163 Ma-

287 3208 369 3263 ria
396 3206 571 3261 dicere
597 3217 889 3272 renuentes,
925 3206 1019 3261 alii
1047 3222 1164 3261 vero
1193 3205 1551 3276 confusionem
1576 3200 1880 3269 permixtio-
1908 3226 1953 3289 ρ

287 3314 507 3369 me
526 3298 939 3367 introducam“,
966 3306 1016 3352 et
1040 3313 1201 3351 unam
1220 3311 1332 3351 esse
1354 3302 1598 3348 naturam
1627 3292 1802 3345 carnis
1829 3298 1878 3345 et

286 3388 497 3444 deitatis
529 3388 688 3444 stulte
712 3388 1085 3461 conﬁngentes,
1119 3394 1167 3441 et
1193 3383 1492 3456 passibilem
1517 3381 1770 3453 unigeniti
1800 3378 1883 3433 di-

285 3481 463 3534 vinam
492 3487 736 3533 naturam
773 3495 864 3549 per
901 3478 1258 3550 confusionem
1288 3481 1582 3544 portentose
1628 3471 1878 3534 dicentes,

286 3568 350 3624 ob
374 3569 472 3625 hoc
498 3570 608 3624 illis
631 3586 836 3626 omnem
859 3568 1296 3624 machinationem
1323 3573 1504 3621 contra
1527 3563 1686 3635 ﬁdem
1704 3562 1881 3620 volens

285 3660 530 3713 clzmdere
552 3676 784 3731 praesens
814 3676 952 3714 nunc
979 3669 1162 3714 sancta
1189 3667 1240 3713 et
1263 3674 1457 3730 magna
1488 3664 1643 3726 atque
1668 3655 1879 3710 univer-

285 3751 417 3806 salis
441 3751 693 3822 synodus,
724 3751 1150 3822 prcvdicationem
1179 3751 1315 3803 hanc
1335 3747 1399 3803 ab
1428 3748 1577 3803 initio
1605 3748 1882 3803 inconcus-

285 3860 405 3899 sam
430 3846 642 3909 doceas,
687 3844 922 3911 deﬁnivit
949 3842 1307 3914 principaliter
1338 3849 1677 3895 trecentorum
1703 3839 1881 3895 decem

284 3945 339 3990 et
366 3946 483 3990 octo
508 3947 809 3990 sanctorum
835 3945 1043 4008 patrum
1077 3935 1235 4007 ﬁdem
1263 3950 1475 3990 manere
1499 3932 1876 3989 intentabilem.

287 4024 361 4080 Et
403 4036 616 4098 propter
652 4027 770 4083 illos
799 4028 1004 4100 quidem
1030 4029 1116 4098 qui
1146 4027 1421 4082 adversum
1450 4035 1691 4081 sanctum
1712 4026 1881 4096 Spiri-

287 4126 398 4170 tum
414 4128 648 4188 pugnant
675 4127 837 4189 poste.
853 4118 953 4173 iori
982 4126 1209 4186 tempore
1239 4134 1270 4170 a
1297 4114 1539 4170 Patribas
1568 4115 1709 4186 apud
1739 4113 1879 4169 Con-

284 4208 685 4277 stantinopolim
714 4205 822 4262 CL.
855 4208 1203 4279 congregatis,
1236 4207 1300 4260 de
1325 4205 1618 4260 substantia
1647 4204 1878 4275 Spiritus

284 4302 537 4356 traditam
562 4302 856 4357 doctrinam
885 4301 1204 4363 corroborat,
1237 4315 1392 4371 quam
1412 4298 1491 4352 illi
1513 4294 1751 4351 omnibus
1779 4312 1878 4351 no-

285 4402 397 4446 tam
433 4394 687 4465 fecerunt,
743 4410 847 4449 non
875 4393 1023 4465 quasi
1056 4391 1194 4463 quod
1222 4389 1420 4461 aliquid
1463 4397 1599 4442 esset
1627 4389 1796 4441 minus
1824 4387 1880 4441 in

282 4484 693 4555 pracedentibus
734 4486 1059 4557 inferentes;
1107 4483 1198 4537 sed
1244 4483 1307 4536 de
1337 4481 1539 4552 Spiritu
1586 4488 1768 4535 sancto
1796 4481 1880 4534 in-

284 4571 544 4627 tellectum
590 4591 770 4630 eorum
811 4575 1055 4629 adversus
1094 4589 1186 4627 eos
1213 4573 1299 4645 qui
1329 4572 1734 4627 dominationem
1761 4573 1877 4644 ejus
1904 4598 1959 4659 Ι)

285 4681 535 4736 respuere
559 4676 902 4734 tentaverunt,
932 4666 1323 4739 Scripturarum
1358 4664 1666 4720 testimoniis
1706 4664 1878 4719 decla-

282 4763 481 4810 rantes.
522 4754 613 4810 Pr;
631 4766 747 4828 pter
786 4757 904 4813 illos
934 4773 1050 4812 vero
1089 4755 1177 4828 qui
1201 4755 1500 4828 mysterium
1531 4753 1881 4823 dispensatio-

281 4846 371 4901 nis
396 4863 727 4921 corrumpere
752 4851 1058 4915 moliuntur,
1090 4857 1141 4904 et
1160 4864 1344 4920 purum
1375 4848 1631 4903 hominem
1657 4863 1770 4901 esse
1791 4847 1879 4919 qui

277 4953 351 4992 α
395 4949 583 4994 sancta
621 4938 833 5013 Virgine
879 4939 1057 4994 Maria
1092 4948 1246 4993 natus
1283 4946 1360 4992 est
1399 4930 1729 5008 impudenter
1751 4936 1874 4991 deli-

276 5040 481 5097 rantes,
527 5033 773 5101 epistolas
810 5031 948 5086 beati
990 5030 1174 5102 Cyrilli
1202 5029 1578 5084 Alexandrinae
1625 5026 1877 5083 Ecclesia:

275 5123 522 5193 prauis
538 5124 816 5194 synodicae
836 5123 909 5176 ad
931 5119 985 5176 Ν
988 5121 1234 5176 estorium
1259 5129 1307 5174 et
1328 5118 1401 5174 ad
1418 5118 1552 5174 alios
1571 5135 1662 5190 per
1682 5116 1874 5173 Orien-

278 5226 382 5268 tem
430 5231 690 5287 congruas
751 5216 1029 5270 existentes
1084 5213 1308 5283 suscepit
1366 5211 1438 5266 ad
1496 5210 1872 5267 convincendas

278 5304 517 5363 Nestorii
542 5308 799 5373 resanias,
822 5308 1304 5377 interpretationem
1334 5320 1450 5359 vero
1475 5320 1650 5359 eorum
1678 5303 1764 5376 qui
1786 5320 1872 5357 sa-

275 5399 464 5456 lutaris
483 5400 710 5471 symboli
736 5399 821 5471 pio
843 5399 955 5455 zelo
978 5414 1131 5454 nosse
1158 5396 1475 5460 desiderant,
1506 5396 1688 5468 quibus
1715 5396 1871 5450 etiam

274 5493 552 5563 epistolam
578 5508 825 5563 magnam
852 5500 903 5546 et
928 5489 1149 5546 senioris
1169 5488 1309 5543 urbis
1332 5487 1568 5559 praesulis
1591 5486 1873 5540 beatissimi

275 5590 328 5637 et
351 5582 673 5636 sanctissimi
700 5581 1077 5653 archiepiscopi
1105 5577 1315 5646 Leonis,
1345 5592 1458 5651 quae
1485 5578 1678 5649 scripta
1705 5586 1780 5632 est
1800 5575 1875 5631 ad

278 5681 480 5729 sancta
515 5673 780 5728 memoria:
807 5672 1254 5743 archiepiscOpum
1283 5667 1596 5724 Flavianum
1626 5667 1694 5721 ad
1732 5668 1876 5739 peri-

278 5769 523 5824 mendum
572 5765 822 5839 Eutycius
868 5767 1061 5823 malam
1103 5764 1520 5838 intelligentiam,
1559 5772 1616 5818 ut
1661 5774 1779 5834 pote
1823 5774 1875 5820 et

273 5861 448 5934 magni
493 5854 639 5916 illius
672 5858 814 5917 Petri
840 5858 1157 5934 confessioni
1203 5866 1587 5931 congruentem,
1636 5864 1686 5912 et
1732 5874 1871 5912 cont-

1990 1912 2154 1968 Deum
2187 1930 2303 1969 vere
2329 1923 2378 1969 et
2408 1916 2666 1991 hominem
2696 1933 2827 1981 vere,
2857 1918 3089 1972 eumdem
3117 1935 3183 1973 ea:
3212 1922 3388 1975 anima
3418 1924 3582 1977 ratio-

1988 2007 2100 2061 nali
2127 2016 2176 2060 ει
2204 2024 2436 2078 corpore,
2471 2007 2961 2064 consubstantialem
2991 2009 3147 2065 Patri
3165 2014 3441 2067 secundum
3466 2015 3579 2070 dei-

1989 2098 2168 2167 tatem,
2218 2102 2709 2157 consubstantialem
2740 2103 2888 2159 nobis
2911 2105 3143 2159 eumdem
3174 2107 3458 2162 secundum
3483 2109 3582 2163 hu-

1988 2195 2312 2260 manitatem,
2345 2212 2437 2265 per
2460 2196 2634 2249 omnia
2675 2194 2821 2251 nobis
2867 2197 3090 2251 similem
3123 2198 3316 2271 absque
3345 2211 3581 2270 peccato,

1987 2296 2107 2341 ante
2133 2287 2321 2341 alecula
2351 2287 2556 2359 quidem
2584 2288 2649 2342 de
2682 2288 2839 2343 Patre
2858 2291 3088 2360 genitum
3109 2293 3388 2346 secundum
3411 2293 3580 2348 deita-

1989 2389 2106 2445 tem,
2148 2379 2202 2433 in
2237 2381 2532 2434 novissimis
2562 2389 2733 2435 autem
2763 2380 2942 2436 diebus
2977 2383 3206 2438 eumdem
3247 2396 3457 2456 propter
3484 2404 3581 2442 nos

1985 2479 2036 2524 et
2063 2477 2273 2542 propter
2294 2470 2514 2524 salutem
2543 2481 2777 2526 nostram
2806 2489 2875 2528 ea:
2901 2471 2959 2526 Μ
2964 2475 3078 2527 aria
3118 2472 3331 2546 Virgine
3358 2474 3452 2531 Dei
3476 2475 3579 2532 Ce-

1986 2561 2177 2615 nitrice
2222 2561 2505 2616 secundum
2564 2562 2942 2618 humanitatem
2967 2604 2983 2629 ,
3036 2581 3194 2619 unum
3248 2567 3584 2640 eamdemque

1986 2650 2248 2707 Christum
2279 2650 2325 2704 F
2327 2652 2476 2707 ilium
2504 2651 2785 2708 Dominum
2808 2656 3148 2726 unigenitum,
3170 2657 3225 2710 in
3255 2656 3454 2713 duabus
3482 2675 3579 2712 na-

1986 2744 2141 2810 turis,
2166 2745 2456 2817 inconfuse,
2487 2744 2897 2812 immutabiliter,
2936 2745 3176 2811 indivise,
3204 2749 3576 2818 inseparabili-

1987 2842 2065 2887 ter
2091 2833 2499 2905 agnoscendum,
2547 2850 2803 2907 nusquam
2839 2834 3046 2890 sublata
3094 2836 3392 2906 differentia
3431 2847 3583 2893 natu-

1987 2940 2167 2979 rarum
2207 2935 2418 2997 propter
2443 2926 2748 2991 unitionem,
2782 2927 3047 2999 magisque
3088 2927 3233 2981 salva
3258 2930 3578 2999 proprietate

1985 3016 2250 3089 utriusque
2296 3028 2517 3084 naturae,
2569 3026 2619 3072 et
2647 3019 2700 3073 in
2730 3034 2889 3072 unam
2916 3036 3194 3091 personam
3225 3030 3378 3093 atque
3403 3023 3572 3078 subsi-

1985 3108 2227 3163 stentiam
2254 3116 2664 3175 concurrentem,
2691 3127 2796 3165 non
2825 3111 2881 3166 in
2908 3111 3039 3166 duas
3058 3129 3307 3184 personas
3329 3117 3585 3185 partitum-

1984 3204 2141 3269 atque
2167 3197 2414 3266 divisum,
2457 3199 2551 3254 sed
2570 3216 2728 3254 unum
2756 3208 2806 3255 et
2846 3201 3081 3256 eumdem
3118 3199 3166 3255 F
3169 3202 3315 3257 ilium
3345 3205 3581 3276 unigeni-

1983 3290 2091 3338 tum
2136 3281 2302 3339 Deum
2332 3283 2552 3339 Verbum
2582 3282 2862 3341 Dominum
2900 3285 3081 3341 Iesum
3115 3286 3397 3355 Christum,
3438 3293 3574 3347 sicut

1983 3382 2106 3429 ante
2138 3376 2402 3447 propheta:
2429 3376 2494 3429 de
2522 3393 2582 3431 eo
2624 3388 2674 3431 et
2701 3380 2813 3449 ipse
2840 3396 2934 3435 nos
2959 3380 3111 3436 Jesus
3140 3378 3376 3439 Christus
3400 3386 3578 3440 erudi-

1982 3464 2071 3528 vit,
2113 3473 2165 3517 et
2210 3461 2432 3518 Patrum
2462 3465 2606 3520 nobis
2652 3467 2939 3538 symbolum
2970 3472 3208 3527 tradidit.
3262 3472 3360 3528 llis
3412 3476 3576 3547 igitur

1981 3571 2100 3611 cum
2125 3555 2270 3611 omni
2306 3556 2531 3627 undique
2564 3558 2961 3630 scrupulositatc
2986 3571 3037 3615 et
3063 3562 3336 3635 diligentia
3364 3584 3396 3620 a
3427 3567 3583 3623 nobis

1981 3646 2268 3719 dispositis,
2310 3648 2544 3718 deﬁnivit
2571 3658 2756 3704 sancta
2774 3658 2826 3705 et
2850 3653 3160 3708 universalis
3186 3654 3417 3726 synodus
3447 3657 3576 3712 alte-

1981 3757 2096 3794 ram
2140 3742 2297 3812 ﬁdem
2342 3741 2471 3797 nulli
2517 3742 2671 3797 licere
2717 3746 2958 3817 proferre
2985 3747 3062 3802 vel
3091 3748 3434 3818 conscribere,
3481 3762 3574 3805 aut

1982 3851 2307 3906 componere,
2337 3844 2425 3890 aut
2453 3837 2666 3904 sentire,
2697 3848 2788 3892 aut
2816 3838 3001 3894 docere
3043 3839 3217 3896 aliter.
3264 3840 3372 3898 Eos
3401 3853 3573 3899 autem

1980 3927 2069 3996 qui
2091 3927 2206 3981 ausi
2236 3937 2358 3980 sunt
2393 3943 2704 3998 componere
2742 3929 2899 3995 ﬁdem
2927 3931 3169 3997 alteram,
3201 3938 3571 4009 autproferre,

1982 4026 2071 4071 aut
2098 4016 2301 4083 docere,
2333 4025 2423 4072 aut
2456 4018 2663 4073 tradere
2692 4022 2914 4077 alterum
2942 4025 3252 4096 symbolum,
3286 4027 3580 4085 volentibus

1979 4109 2058 4164 vel
2086 4126 2151 4164 ex
2180 4111 2467 4182 gentilitate
2508 4111 2578 4165 ad
2611 4115 2930 4186 agnitionem
2976 4119 3228 4186 veritatis,
3274 4121 3351 4176 vel
3377 4137 3443 4176 ea;
3479 4119 3575 4176 Ju-

1981 4202 2130 4269 dan's,
2162 4204 2240 4258 vel
2260 4221 2327 4258 ea;
2364 4204 2551 4258 Iueresi
2581 4221 2882 4279 quacunque
2926 4209 3174 4275 converti,
3212 4212 3335 4281 hos,
3387 4216 3434 4269 si
3462 4216 3575 4285 epi-

1980 4298 2124 4367 scopi
2154 4298 2348 4368 fuerint
2376 4306 2467 4350 aut
2492 4298 2687 4364 clerici,
2717 4296 2914 4354 alienos
2943 4316 3056 4355 esse
3077 4304 3342 4373 episcopos
3371 4301 3439 4357 ab
3465 4306 3572 4375 cpi-

1977 4398 2193 4459 scopatu
2216 4394 2266 4442 et
2294 4388 2511 4443 clericos
2540 4406 2572 4442 a
2600 4389 2737 4444 clero
2766 4406 2786 4457 ;
2825 4390 2870 4445 si
2909 4408 3025 4447 vero
3054 4393 3299 4447 monachi
3323 4408 3414 4449 aut
3452 4394 3575 4450 laici

1981 4479 2194 4549 fuerint,
2226 4479 2681 4533 anathematizari.

2054 4567 2402 4625 Dilectissimo
2432 4570 2584 4642 fratri
2611 4568 2874 4627 Flaviano
2903 4569 3025 4628 Leo;

2054 4661 2224 4716 Lectis
2259 4661 2550 4717 dilectionis
2582 4670 2683 4718 tate
2711 4662 2918 4731 litteris,
2969 4652 3100 4738 quiis
3131 4671 3383 4724 miramur
3407 4672 3571 4742 fuisse

1982 4762 2088 4808 tam
2108 4769 2273 4819 seras,
2304 4760 2353 4808 et
2376 4762 2637 4825 gestorum
2666 4755 3041 4827 episcopalium
3066 4758 3252 4815 ordine
3294 4762 3571 4829 recensito,

1980 4844 2191 4901 tandem
2228 4845 2353 4918 quid
2397 4845 2539 4915 apud
2573 4862 2661 4902 vos
2707 4847 2967 4903 scandali-
2988 4860 3173 4906 contra
3218 4853 3568 4925 integritatem

1983 4936 2110 5008 ﬁdei
2138 4945 2377 4991 exortum
2405 4938 2585 5008 fuisset
2609 4939 3004 5009 agnovimus,.et
3026 4956 3141 5014 qua
3158 4943 3303 5011 prius
3323 4942 3568 4998 videban-

1984 5038 2069 5089 tur.
2112 5029 2313 5084 occulta
2365 5045 2503 5084 nunc
2548 5029 2703 5085 nobis
2743 5040 2973 5086 reserata
3030 5041 3336 5104 patuerunt,
3387 5033 3572 5106 quibus

1981 5118 2264 5193 Eutyches,
2290 5122 2376 5193 qui
2404 5118 2710 5194 presbyterii
2720 5123 2924 5177 nomine
2935 5121 3258 5178 Itonorabilis
3276 5122 3568 5197 videbatur,

1981 5212 2199 5267 multum
2238 5212 2542 5283 imprudens
2580 5221 2630 5268 et
2658 5216 2815 5269 nimis
2843 5215 3115 5286 imperitus
3139 5214 3469 5283 ostenditur;
3511 5228 3572 5274 ut

1970 5303 2088 5374 jam
2116 5304 2179 5358 de
2200 5304 2311 5374 ipso
2338 5303 2535 5358 dictum
2554 5305 2622 5359 sit
2649 5322 2681 5358 a
2703 5306 2956 5377 propheta
2989 5320 3007 5358 :
3053 5303 3238 5360 Noluit
3263 5305 3571 5377 intelligere

1979 5402 2036 5447 ut
2064 5394 2205 5449 bene
2245 5403 2459 5463 ageret,
2504 5395 2842 5465 iniquitatem
2891 5394 3183 5453 meditatus
3216 5408 3299 5454 cst
3326 5399 3379 5454 in
3404 5401 3569 5456 cubili

1976 5500 2096 5541 suo.
2141 5484 2281 5550 Quid
2325 5496 2498 5541 autem
2527 5488 2755 5558 iniquius
2782 5504 2936 5561 quam
2983 5488 3143 5561 impia
3171 5506 3355 5559 sapere
3393 5501 3443 5547 et
3481 5510 3571 5546 sa-

1980 5579 2318 5651 pientioribus
2367 5580 2763 5651 doctoribusque
2810 5597 2913 5637 non
2941 5580 3170 5637 cedere?
3214 5583 3324 5641 Sed
3351 5584 3405 5640 in
3434 5585 3571 5641 hanc

1980 5670 2332 5741 insipientiam
2357 5672 2551 5728 cadant
2582 5672 2671 5744 qui
2687 5689 2814 5740 cum
2835 5675 2908 5731 ad
2944 5678 3358 5749 cognoscendam
3384 5677 3571 5734 verita-

1980 5773 2081 5818 tem
2109 5763 2283 5833 aliquo
2312 5763 2663 5836 impediuntur
2708 5765 2945 5835 obscuro,
2989 5783 3094 5823 non
3144 5765 3214 5821 ad
3238 5767 3575 5842 pronheticas

1980 5871 2165 5923 roces,,.
2198 5873 2299 5914 non
2329 5856 2401 5914 ad
2423 5854 2737 5931 apostolicus
2770 5861 2986 5928 litteras,
3032 5874 3124 5915 nec
3153 5856 3222 5914 ad
3249 5844 3598 5934 evangelicae.
