4074 6188
397 329 498 387 M7

1594 322 1820 387 VIGlLll
1858 328 1961 385 PP.
2003 323 2486 388 CONSTITUTUM

3580 333 3681 396 ⁸48

396 426 756 494 auctoritates,
796 425 891 481 sed
935 424 1005 481 ad
1050 420 1351 499 semetipsos
1401 434 1675 480 recurrunt
1707 442 1724 488 ;
1771 434 1824 480 et
1866 424 1981 480 ideo
2012 428 2063 488 Α
2087 434 2304 479 vestram
2332 434 2382 479 et
2409 426 2541 478 hanc
2570 425 2907 481 uniter-sulem
2937 435 3173 485 sanctam
3211 434 3486 503 synodum.
3516 433 3682 507 Euty-

396 516 640 589 magistri
666 517 860 571 erroris
888 517 1140 581 existunt,
1188 518 1312 590 quia
1342 517 1572 572 veritatis
1602 516 1843 588 discipuli
1882 534 1988 571 non

401 609 633 678 fuerunt.
673 605 739 663 Et
767 597 962 665 cmtera
992 623 1111 678 qntc
1158 610 1211 665 in
1242 610 1433 667 eadem
1465 611 1693 683 epistola
1725 627 1893 681 usque
1921 612 1986 665 ad

398 694 567 753 tinem
597 698 965 754 continentur.
1005 689 1148 753 Data
1173 698 1290 755 idus
1330 698 1520 756 lunias
1547 700 1748 756 Asterio
1777 704 1826 756 et
1857 701 1989 757 Pro-

399 797 584 860 togene
611 786 931 844 consulibus.

467 880 511 940 Ῑ.
550 883 910 957 Posteaquam
938 885 1083 942 beati
1116 878 1570 944 Chalcedonensis
1589 884 1801 945 concilii
1831 901 1995 959 expo-

399 976 655 1033 sitionem
685 972 770 1034 vel
797 978 943 1034 beati
972 970 1170 1036 Leonis
1197 981 1482 1050 epistolam
1511 972 1579 1037 de
1604 989 1788 1037 sancta
1819 990 1874 1036 et
1901 996 1993 1036 or-

400 1064 637 1125 thodoxa
669 1061 772 1125 tide
794 1070 1093 1140 posuimus.
1122 1086 1243 1142 qua:
1271 1087 1376 1126 una
1404 1073 1701 1141 eademque
1725 1078 1807 1128 est
1830 1072 1991 1127 trium

399 1158 821 1230 prarcedentium
848 1163 1199 1233 synodorum,
1230 1163 1283 1218 id
1313 1171 1414 1225 est,
1440 1154 1689 1228 Nicmnze,
1720 1155 1991 1220 Constan-

403 1251 797 1321 ﬁnopolitanm,
827 1252 991 1322 atque
1019 1242 1304 1323 Ephesium
1332 1253 1521 1324 prima:
1548 1260 1605 1309 et
1632 1248 1743 1308 Deo
1768 1246 1993 1323 juvante

402 1345 457 1395 tn
487 1356 553 1397 ea
586 1357 685 1397 nos
706 1341 853 1397 omni
879 1343 1110 1399 sincera:
1154 1343 1355 1399 mentis
1377 1337 1669 1423 deVOtione
1696 1345 1994 1414 persistere

403 1424 714 1489 fraternitas
760 1442 938 1489 vestra
967 1442 1022 1489 et
1066 1429 1388 1490 universalis
1416 1434 1699 1504 cognoscit
1728 1434 1989 1500 Ecclesia,

403 1524 772 1581 necessarium
799 1525 956 1581 valle
984 1524 1274 1593 credimus,
1317 1542 1418 1597 pro
1448 1525 1565 1596 ejus
1592 1529 1855 1582 servanda
1897 1542 1996 1599 per

403 1614 586 1670 omnia
614 1615 940 1684 reverentia,
967 1614 1035 1673 de
1053 1617 1430 1689 suprascriptis
1449 1618 1612 1674 trium
1634 1619 1994 1690 capitulorum

402 1708 792 1776 qtucstionihns
820 1708 1104 1778 diligenter
1131 1710 1330 1768 debere
1359 1727 1459 1768 nos
1496 1720 1689 1770 cuncta
1724 1713 1995 1770 discutere

2091 514 2211 567 cites
2235 514 2508 567 adversum
2538 531 2617 567 me
2640 530 2733 585 pro
2756 515 2862 585 ﬁde
2890 518 3126 589 qua-dum
3157 520 3295 591 falsa
3316 524 3557 592 con/irit,
3589 535 3682 579 nec

2090 621 2171 659 me
2202 607 2254 658 in
2282 616 2466 659 sancta
2503 605 2699 676 synodo
2725 606 3224 678 introirepermisit.
3260 610 3326 666 Et
3364 595 3488 683 post
3529 617 3636 671 alia
3666 634 3680 670 :

2094 696 2172 750 Ob
2203 701 2300 753 hoc
2327 700 2539 765 etenim,
2578 701 2708 752 sicut
2730 700 2845 770 jam
2887 700 3090 765 edocui,
3122 703 3230 757 adii
3255 720 3461 760 sacrum
3497 715 3548 761 et
3578 709 3683 761 im-

2091 788 2361 843 mortalem
2382 791 2641 855 rerticem,
2673 800 2722 844 et
2743 791 2901 861 jussit
2928 801 3146 846 vestram
3169 797 3612 866 magnificentiam
3634 809 3686 852 et

2091 885 2329 934 sanctam
2358 880 2611 952 synodum
2641 882 2823 935 audire
2848 893 2962 947 qum
2983 883 3249 957 adversum
3271 902 3353 939 me
3374 897 3518 959 gesta
3539 899 3681 944 sunt.

2094 969 2163 1025 Et
2190 969 2498 1043 coynovistis
2525 988 2589 1026 ea:
2619 971 2823 1028 decreto
2851 975 2973 1047 quia
2997 975 3052 1028 in
3083 975 3231 1030 nullo
3266 975 3543 1049 culpabilis
3569 996 3683 1035 sum
3720 1012 3725 1016 ι

2092 1071 2344 1133 repertus.

2165 1149 2229 1209 ll.
2269 1153 2453 1211 Claret
2481 1154 2643 1225 igitur
2668 1156 2736 1211 ab
2765 1155 2883 1227 ipso
2922 1156 3079 1213 initio
3109 1174 3220 1230 quo
3245 1158 3366 1215 lbas
3395 1159 3685 1217 Edessena

2094 1247 2325 1303 civitatis
2354 1248 2642 1319 episcopus
2684 1258 2927 1305 sanctam
2973 1249 3472 1307 Chalcedonensem
3516 1268 3683 1325 syno-s

2096 1334 2226 1392 dum
2253 1346 2583 1394 monstratur
2613 1340 2904 1408 ingressus,
2944 1341 3227 1410 epistolam
3253 1357 3372 1411 qua:
3400 1342 3468 1396 ad
3495 1342 3684 1398 Marini

2096 1425 2316 1514 Persam
2347 1428 2414 1483 ab
2441 1444 2508 1484 eo
2527 1424 2723 1500 scripta
2748 1430 3112 1502 compingitur
3140 1431 3299 1509 [forte
3316 1431 3681 1506 contingitur],

2095 1519 2221 1591 quia
2249 1535 2344 1575 sua
2366 1520 2526 1575 fuerit
2552 1520 2866 1589 denegasse,
2900 1522 3038 1578 adeo
3067 1531 3126 1577 ut
3148 1524 3490 1593 apertissime
3510 1523 3685 1580 fatear-

2099 1616 2186 1663 tur
2208 1608 2261 1663 in
2286 1610 2505 1664 secundi
2536 1609 2678 1665 illius
2707 1610 2962 1680 Ephesini
3009 1612 3224 1667 concilii
3268 1614 3462 1672 nefarii
3513 1615 3684 1685 gestis

2098 1701 2412 1772 injustitiam
2452 1718 2513 1760 se
2551 1704 2619 1759 ab
2648 1702 2891 1775 Eutyche
2919 1713 2976 1759 et
3013 1704 3144 1760 falsa
3176 1705 3428 1775 figmenta
3456 1724 3682 1780 pet-pes.

403 1806 461 1852 et
486 1799 643 1854 cauta
673 1800 1106 1870 promulgatione
1131 1803 1413 1858 sententia:
1441 1802 1684 1861 delinire.
1743 1806 1995 1861 Arbitra-
2024 1813 2071 1872 Β
2096 1809 2236 1849 sum-
2295 1793 2523 1851 εθηεῑαι
2570 1804 2751 1851 amem
2799 1797 2855 1851 in
2901 1797 3089 1853 eadem
3140 1799 3375 1854 Secunda
3411 1797 3683 1871 Ephcsma

404 1894 527 1943 nulr
553 1904 683 1960 ergo
711 1906 832 1947 esse
859 1893 1191 1949 conveniens
1238 1895 1492 1964 primum,
1545 1895 1686 1951 sicut
1714 1899 1999 1967 proposui-

405 1986 548 2048 tn'us,
579 1974 706 2051 quid
735 1982 804 2039 de
832 1975 1056 2054 epistola
1094 1998 1214 2055 qua:
1242 1987 1310 2042 ab
1338 1978 1427 2042 lba
1457 1987 1527 2042 ad
1556 1987 1745 2044 Marim
1779 1989 1998 2047 Persam

406 2068 609 2143 scripta
636 2072 854 2139 dicitur,
902 2067 1238 2144 apertissima
1268 2076 1731 2136 demonstratione
1758 2077 1999 2136 declara-

406 2169 487 2217 re.
530 2160 664 2217 Dum
706 2163 870 2234 igitur
907 2159 1027 2221 ibas
1073 2167 1360 2238 episeopus
1389 2169 1635 2241 improbe
1663 2185 1694 2225 a
1723 2164 1995 2239 Samuelo,

408 2252 577 2320 Mara,
629 2256 857 2327 aliisque
882 2258 997 2313 suis
1036 2250 1249 2314 clericis
1275 2260 1569 2330 impetitus,
1614 2270 1669 2317 et
1698 2279 1798 2334 pro
1825 2258 1997 2334 gravi,

408 2354 663 2415 tanquam
695 2348 1022 2418 impugnata:
1051 2348 1119 2404 ab
1148 2365 1215 2405 co
1235 2359 1438 2407 sancta:
1467 2350 1611 2419 lidei,
1642 2352 1868 2408 crimine
1888 2353 2002 2424 epi-

408 2436 551 2493 stola
581 2438 647 2493 ad
678 2431 866 2493 Marim
895 2437 1114 2496 Persam
1165 2439 1213 2495 ei
1261 2441 1328 2496 ab
1357 2441 1561 2497 eisdem
1589 2438 2000 2500 accusatoribus

412 2524 601 2585 fuisset
628 2530 896 2600 opposita,
932 2542 1031 2586 nec
1059 2542 1163 2585 non
1195 2547 1225 2586 a
1254 2523 1451 2589 Photio
1480 2542 1536 2588 et
1569 2531 1851 2590 Eustathio
1886 2536 2004 2606 epi-

410 2622 592 2693 scopis
630 2618 819 2678 fuisset
867 2622 1166 2691 absolutus,
1208 2625 1405 2692 quibus
1448 2632 1576 2680 tunc
1615 2640 1645 2679 a
1694 2624 2002 2682 Theodosio

410 2708 515 2784 piat
543 2712 1206 2786 recordationisprincipe
1248 2715 1422 2772 fuerat
1447 2716 1693 2785 delegata
1723 2719 1999 2787 cognitio;

411 2816 477 2861 ac
506 2813 695 2877 postea
725 2822 824 2878 pro
871 2807 1058 2862 iislem
1108 2824 1135 2861 a
1163 2809 1358 2877 quibus
1405 2808 1580 2864 fuerat
1608 2818 1868 2880 purgatus
1898 2812 2003 2866 cri-

409 2893 666 2963 minibus,
701 2912 799 2969 per
827 2893 1029 2953 nefaria
1058 2899 1145 2955 illa
1169 2909 1319 2970 gesta
1346 2899 1602 2970 Ephesini
1627 2902 1848 2956 secundi
1872 2919 2004 2957 eon-

410 2989 544 3058 eilii,
574 2990 770 3046 absens
800 2988 1057 3045 falsorum
1083 2994 1358 3063 responsis
1390 2993 1607 3047 testium
1640 3008 1800 3063 quam
1831 2995 2004 3048 maxi-

414 3095 503 3136 me
555 3081 803 3137 eamdem
850 3083 914 3136 ad
960 3078 1149 3136 Marim
1190 3079 1475 3152 epistolam
1527 3081 1644 3151 ejus
1689 3078 1808 3138 esse
1853 3094 2004 3138 asse-

2101 1887 2373 1943 audientia
2403 1889 2660 1944 adversus
2696 1889 2973 1945 absentem
3004 1890 3319 1962 prmdictum
3366 1892 3685 1964 episcopum

2100 1978 2206 2034 hoc
2230 1994 2391 2048 quam
2420 1981 2654 2036 maxime
2685 1978 3002 2050 ﬂagitatum,
3054 1988 3115 2036 ut
3158 1982 3433 2053 responsis
3468 1984 3687 2041 testium

2095 2069 2417 2141 jampridem
2447 2072 2832 2142 productorum
2861 2079 3202 2129 accusatores
3230 2073 3348 2143 ejus
3386 2075 3689 2131 niterentur

2101 2163 2387 2220 ostendere
2412 2164 2558 2220 lbam
2590 2166 2901 2236 episcopum
2933 2181 3053 2222 eam
3087 2181 3207 2235 qua:
3247 2167 3313 2221 ad
3336 2165 3524 2221 Marim
3552 2166 3687 2223 Pera

2101 2269 2217 2309 sam
2242 2255 2441 2325 scripta
2471 2251 2643 2310 fuerat
2665 2255 2951 2325 epistolam
2981 2270 3134 2310 suam
3164 2252 3330 2312 fuisse
3356 2256 3683 2312 confessum.

2102 2342 2178 2399 Ex
2206 2360 2311 2414 qua
2340 2361 2503 2401 causa
2533 2353 2758 2416 apparet
2786 2360 2933 2414 cum,
2983 2345 3123 2401 sient
3164 2346 3279 2416 ipse
3308 2347 3573 2416 queritur,
3606 2349 3691 2402 in-

2098 2436 2244 2507 justa
2277 2439 2546 2493 sententia
2576 2437 2742 2492 fuisse
2769 2436 3103 2491 damnatum.
3128 2435 3279 2504 Quod
3304 2438 3430 2507 quia
3462 2433 3551 2493 [ba
3573 2441 3692 2510 epi-

2103 2545 2299 2600 seopus
2330 2528 2477 2586 falsis
2507 2530 2775 2600 figmentis
2822 2529 3067 2599 falsaque
3115 2533 3461 2587 accusatione
3505 2540 3560 2588 et
3590 2545 3691 2603 per

2105 2623 2426 2677 calumniam
2471 2619 2753 2677 adversum
2783 2632 2843 2676 se
2871 2621 2923 2675 in
2954 2621 3192 2675 secundo
3223 2620 3494 2691 Ephesino
3520 2639 3691 2693 pravo

2098 2712 2231 2785 judi.
2252 2716 2303 2770 io
2333 2716 2523 2769 asserit
2545 2715 2938 2779 concinnatum,
2965 2715 3367 2771 evidentissime‘
3386 2713 3692 2771 declaratur

2105 2823 2134 2862 a
2187 2809 2477 2877 scepedicto
2534 2800 2624 2861 lba
2673 2808 2930 2877 episcopo
2979 2815 3335 2863 memoratam
3383 2808 3452 2863 ad
3499 2808 3690 2864 Marim

2107 2890 2327 2953 Persam
2358 2898 2611 2967 scriptam
2637 2895 2921 2969 epistolam
2967 2898 3093 2967 quia
3120 2913 3217 2953 sua
3246 2897 3423 2953 fuerat
3452 2899 3689 2971 de‘negaa

2107 2990 2239 3044 tam.
2277 2983 2393 3043 lluc
2432 2988 2636 3043 accedit
2661 2989 2804 3060 quod
2836 2988 2978 3044 illius
3019 2986 3230 3045 concilii
3276 2987 3498 3046 nefariis
3526 2993 3693 3060 gestis

2108 3078 2219 3149 ipsa
2249 3093 2281 3133 a
2312 3094 2690 3149 responsorum
2715 3080 2930 3135 testium
2961 3082 3028 3136 ab
3074 3081 3401 3139 adversariis
3448 3086 3690 3154 episcopi

412 3171 646 3226 centium
695 3169 880 3245 fuisset
908 3172 1175 3240 addictus,
1221 3173 1446 3228 veniens
1474 3173 1540 3228 ad
1572 3174 1813 3228 sanctam
1838 3170 2005 3229 Chal-
2033 3191 2078 3253 ρ
2109 3162 2212 3225 lbm
2259 3169 2501 3240 prmlatio
2545 3168 2802 3244 Neritos,
2834 3170 3128 3243 prolatio],
3171 3173 3365 3242 quibus
3408 3175 3694 3245 epistolam

412 3259 772 3319 e'edenense‘m
802 3264 1065 3336 synodum
1088 3257 1201 3318 inec
1222 3279 1320 3333 pro
1346 3278 1442 3317 sua
1466 3263 1784 3334 purgatione
1809 3263 2006 3333 legitur

414 3353 697 3424 allegasse.
749 3348 825 3410 De
853 3356 1061 3427 synodo
1106 3348 1533 3410 Chalced‘onensi
1588 3356 1641 3410 in
1693 3356 1908 3411 actione
1937 3355 2005 3412 de

412 3433 505 3497 Iba
533 3444 790 3513 episeopo
818 3444 999 3499 habita
1044 3453 1166 3514 p0st
1195 3440 1299 3497 alia
1332 3444 1403 3497 ita
1436 3444 1570 3515 (Act.
1602 3443 1658 3513 9)
1685 3463 1697 3498 :
1731 3443 2004 3516 Ingressus

414 3527 447 3588 Ῑ
449 3533 542 3589 bas
555 3536 994 3590 rererentissimus
1013 3535 1291 3591 Edessena:
1310 3538 1356 3590 ci
1362 3534 1532 3590 citatis
1548 3532 1818 3608 episcopus
1836 3532 2002 3592 dixit:

412 3618 739 3694 lnjustitiam
788 3626 851 3681 ab
903 3610 1133 3698 Eutyche
1187 3637 1236 3681 et
1294 3627 1434 3698 falsa
1497 3627 1747 3699 ﬁgmenta
1794 3645 2005 3701 perpes-

410 3733 519 3783 sus,
550 3717 735 3773 absens
759 3735 789 3771 a
819 3719 1165 3791 quadraginta
1192 3720 1571 3787 mansionibus,
1601 3729 1650 3773 et
1690 3721 2005 3776 condemna-

412 3815 519 3873 tus,
550 3810 632 3864 hic
653 3811 837 3865 adveni
869 3811 1144 3878 impetrare
1173 3812 1517 3877 clementiam,
1569 3821 1619 3865 et
1649 3810 1756 3866 adii
1795 3829 2003 3867 sacrum

411 3910 461 3953 et
489 3901 838 3955 immortalem
868 3902 1126 3965 rerticem,
1158 3910 1208 3955 et
1238 3902 1398 3972 jussit
1420 3910 1587 3956 vestra
1616 3898 2003 3974 magnificentia

411 4004 526 4045 cum
554 3995 737 4046 sancta
767 3992 865 4046 huc
893 3996 946 4046 et
969 3990 1247 4048 uniuersali
1275 3994 1472 4064 synodo
1494 4012 1608 4068 qua:
1626 3995 1897 4050 adversum
1922 4013 2004 4051 me

410 4088 531 4134 sunt
566 4086 711 4154 gesta
752 4084 1066 4155 perquirere.
1108 4080 1373 4151 Deprecor
1398 4085 1558 4157 igitur
1584 4103 1672 4141 vos
1710 4096 1767 4140 ut
1805 4102 2002 4158 cogno-

408 4168 573 4228 scutis
599 4175 721 4245 quia
749 4174 938 4246 falsam
962 4170 1345 4231 accusationem
1383 4176 1571 4248 pertuli
1609 4186 1656 4231 et
1684 4178 2002 4232 calumniam

409 4283 443 4321 a
470 4263 778 4340 quibusdam
806 4262 1029 4322 clericis.
1058 4264 1240 4323 Jubete
1265 4283 1391 4340 ergo
1413 4286 1474 4324 ea
1494 4286 1609 4341 qua:
1621 4270 1861 4341 judicata
1883 4281 2000 4324 sunt

408 4375 443 4413 α
476 4358 664 4413 l’lmtio
691 4368 741 4413 et
767 4353 1046 4414 Eustatltio
1086 4355 1513 4415 reverentissimis
1540 4361 1793 4433 episcopis
1819 4359 1999 4433 relegi.

411 4441 645 4507 Uranius
682 4454 819 4507 enim
851 4454 1121 4524 episcopus
1164 4449 1532 4508 Hemeriorum
1564 4471 1658 4521 pro
1686 4453 1859 4526 gratia
1884 4448 2000 4508 Eu-

2108 3261 2226 3331 ejus
2254 3260 2418 3316 fuisse
2440 3259 2573 3316 falso
2604 3261 2915 3328 nitebantur
2940 3265 3248 3332 ostendere,
3282 3264 3411 3319 nihil
3436 3264 3580 3320 aliud
3608 3267 3695 3320 in.

2106 3352 2250 3409 dicat
2275 3353 2381 3408 nisi
2408 3354 2535 3422 quia
2566 3353 2618 3407 in
2650 3362 3073 3408 memoratarum
3117 3353 3294 3410 Photii
3333 3364 3388 3410 et
3425 3350 3693 3413 Eustathii

2100 3443 2306 3514 judicio
2334 3458 2453 3498 esse
2482 3442 2721 3512 ejusdem
2757 3443 2864 3497 Iba!
2892 3442 3132 3514 episcopi
3180 3445 3399 3515 probari
3449 3458 3555 3502 non
3587 3463 3691 3525 po:

2106 3535 2224 3589 tuit.
2267 3534 2402 3590 Nam
2448 3534 2491 3589 si
2535 3534 2763 3604 probata
2795 3534 2902 3589 illic
2929 3550 3034 3590 e551
3054 3542 3094 3600 t,
3142 3537 3308 3605 gestis
3339 3538 3518 3607 potius
3543 3532 3691 3608 apud

2105 3619 2353 3680 Photium
2385 3632 2439 3680 et
2462 3622 2798 3679 Eustathium
2831 3625 3025 3680 habitis
3051 3627 3105 3680 in
3151 3626 3419 3698 Ephesina
3448 3629 3689 3684 secunda

2103 3716 2312 3788 synodo
2358 3724 2702 3772 accusatores
2742 3732 2902 3786 quam
2954 3719 3179 3774 testibus
3226 3728 3522 3775 uterentur.
3564 3714 3686 3776 Non

2107 3807 2249 3862 enim
2280 3806 2348 3862 de
2377 3805 2702 3876 Manifestis,
2725 3807 2819 3863 sed
2843 3806 2911 3862 de
2943 3808 3161 3864 incertis
3192 3811 3353 3865 rebus
3380 3811 3689 3881 producena

2103 3897 2295 3953 dorum
2320 3898 2535 3953 testium
2564 3899 2859 3954 necessitas
2888 3899 3176 3968 irrogatur.
3213 3899 3368 3956 Unde
3392 3901 3692 3970 justissima
3734 3946 3737 3949 ς

2101 3987 2222 4043 lbas
2252 3988 2541 4059 episcopus
2589 4003 2754 4058 agens
2782 3990 2925 4060 apud
2971 4001 3218 4047 sanctum
3248 3991 3694 4050 Chalcedonense

2101 4080 2412 4148 concilium,
2442 4079 2606 4135 falsos
2646 4081 2877 4154 eosdem
2915 4088 3082 4137 testes
3110 4082 3462 4151 redarguens,
3514 4099 3574 4140 se
3602 4085 3695 4139 ab-

2101 4185 2254 4232 sente
2281 4177 2332 4231 in
2357 4176 2592 4232 secunda
2623 4175 2889 4248 Ephesius
2921 4192 3022 4248 per
3052 4177 3301 4245 ﬁgmenta
3329 4178 3509 4248 potius
3530 4186 3692 4245 quam

2102 4283 2201 4338 per
2220 4268 2508 4324 veritatem
2538 4269 2940 4324 accusationem
2971 4283 3288 4338 perpessum
3312 4282 3433 4325 esse
3460 4279 3694 4337 conque-

2101 4361 2278 4429 ritur;
2309 4362 2509 4432 quippe
2549 4360 2641 4431 qui
2673 4369 2899 4416 noverat
2926 4376 2986 4415 se
3027 4360 3079 4414 in
3109 4359 3314 4429 judicio
3344 4357 3691 4429 praefatorum

2101 4454 2482 4524 episcoporum
2512 4451 2689 4507 Photii
2718 4460 2774 4507 et
2798 4450 3065 4506 Eustathii
3098 4451 3242 4506 utilia
3271 4451 3339 4504 ab
3367 4450 3571 4506 eisdem
3600 4465 3692 4505 ac-

409 4540 573 4612 tycln's
625 4542 803 4596 omnia
829 4558 989 4613 agens
1029 4543 1343 4613 pra'paravit
1387 4543 1636 4613 quosdam
1666 4543 1880 4598 clericos
1908 4560 1997 4597 ac-
2029 4568 2076 4627 ι)
2102 4543 2443 4599 cusatoribus
2503 4540 2817 4596 obscctioue
2867 4540 3216 4605 convictum;
3277 4549 3575 4610 contraque
3620 4538 3693 4593 ad

406 4646 593 4684 ensure
618 4647 718 4698 me,
741 4641 790 4685 e!
802 4632 1055 4703 judicium
1085 4631 1183 4686 sibi
1208 4633 1569 4704 prwdictisque
1594 4634 1895 4689 transmitti.
1926 4633 1996 4689 Et

406 4716 645 4777 inventus
673 4741 786 4779 sum
814 4726 1061 4779 innocens
1090 4742 1122 4778 a
1152 4725 1486 4797 blaspliemiis
1529 4743 1644 4799 qua:
1682 4728 1806 4782 mihi
1836 4724 1999 4783 illata:

406 4824 551 4882 sunt,
581 4819 639 4870 el
661 4812 959 4888 judicatum‘
994 4816 1174 4870 datum
1201 4826 1282 4871 est
1320 4835 1354 4871 a
1383 4816 1620 4890 prtefatis
1646 4816 1998 4874 reverentissi-

405 4910 508 4963 mis
552 4906 808 4980 episcopis
837 4902 1193 4962 accusationes
1240 4904 1445 4979 quidem
1487 4907 1759 4962 adversum
1786 4925 1867 4962 me
1907 4926 1999 4980 per

404 5000 723 5055 calumniam
772 5001 942 5071 {actas
986 5015 1235 5071 arguens,
1276 4998 1562 5070 testi/icuns
1589 5008 1759 5052 autem
1786 5016 1867 5053 me
1888 5015 2000 5055 esse

408 5089 741 5146 catholicum.
771 5088 957 5146 Jubete
985 5086 1161 5145 omnia
1183 5106 1298 5162 qua?
1317 5108 1409 5162 per
1436 5088 1726 5145 absentiam
1756 5107 1923 5146 meam
1945 5094 1999 5149 in

411 5181 622 5252 Epheso
651 5193 795 5256 gesta
835 5194 956 5238 sunt
993 5181 1239 5238 evacuari
1273 5192 1322 5238 et
1343 5176 1607 5255 justitiam
1634 5182 1761 5238 mihi
1780 5184 1995 5252 servari,

407 5273 497 5345 qui
522 5290 635 5328 sum
661 5276 713 5329 in
742 5275 893 5343 nullo
914 5270 1207 5347 culpabilis,
1232 5285 1281 5329 et
1308 5275 1457 5329 reddi
1486 5270 1615 5328 mihi
1646 5277 1998 5345 episcopatum

407 5365 606 5436 pariter
628 5374 678 5419 et
705 5364 1017 5422 Ecclesium.
1050 5361 1195 5421 Nam
1233 5374 1282 5421 et
1312 5383 1489 5422 ontnes
1519 5367 1693 5421 clerici
1722 5365 1994 5433 Edesseni,

407 5464 501 5526 per
527 5470 654 5527 quos
682 5459 997 5525 scripserunt
1035 5460 1272 5531 ρνωίαιὶε
1296 5457 1575 5530 episwpi's,
1617 5466 1876 5513 testantur
1915 5474 1997 5513 me

405 5562 520 5601 esse
541 5544 870 5612 catholicum,
903 5556 955 5602 et
979 5550 1182 5605 alienus
1209 5567 1323 5605 sum
1359 5566 1391 5603 a
1420 5549 1641 5622 nefariis
1662 5548 1997 5620 blaspltemiis

406 5650 524 5713 qua:
566 5639 695 5696 mihi
739 5641 1077 5714 inferuntur;
1107 5652 1162 5699 et
1189 5653 1407 5699 caetera.
1458 5638 1592 5698 Item
1638 5658 1707 5698 ex
1750 5643 1995 5711 ejusdem

407 5731 600 5808 synodi
630 5731 844 5788 actione
871 5732 1154 5789 undecima
1193 5752 1206 5788 :
1258 5732 1532 5806 Ingressus
1570 5730 1687 5788 [bas
1717 5733 1997 5805 prtcdictus

413 5822 849 5881 ferventissimus
897 5820 970 5877 vir
1018 5823 1193 5878 dixit:
1242 5821 1505 5894 Deprecor
1550 5824 1998 5895 magniﬁcentiam

2104 4634 2578 4691 demonstrandam
2620 4633 2833 4704 plenius
2880 4633 3246 4689 innocentiam
3286 4648 3459 4698 suam,
3512 4628 3696 4686 Photil

2103 4731 2266 4796 atque
2294 4719 2558 4780 Eustathii
2588 4725 2967 4796 episcoporum
2991 4725 3286 4794 judicatum
3309 4724 3476 4793 relegi
3499 4732 3692 4794 postu-

2105 4821 2256 4884 lavit,
2303 4819 2356 4874 in
2396 4834 2627 4888 quorum
2664 4817 2867 4886 judicio
2908 4818 3035 4872 dum
3088 4818 3283 4892 [forte,
3330 4815 3580 4889 dudum]
3618 4818 3690 4872 ab

2107 4910 2510 4967 accusatoribus
2551 4908 2760 4963 libellus
2803 4907 2994 4964 fuisset
3023 4908 3236 4963 oblatus
3267 4909 3341 4962 ita
3383 4908 3520 4979 (Act.
3557 4906 3690 4974 l0):

2108 5001 2223 5059 Nos
2252 5003 2484 5075 equidem
2513 5001 2820 5073 optabamus
2868 5018 3019 5056 omne
3067 5012 3264 5072 tempus
3293 5003 3412 5055 vita:
3439 5002 3552 5053 sine
3579 5000 3691 5053 liti-

2103 5090 2187 5166 gio
2244 5095 2426 5147 vivere.
2486 5089 2745 5155 Quoniam
2785 5102 2957 5146 autem
2996 5109 3058 5146 ea
3100 5108 3216 5163 qua:
3254 5091 3505 5145 audacter
3545 5101 3693 5161 gesta

2100 5192 2219 5238 sunt
2248 5182 2490 5237 adcersus
2517 5192 2752 5236 nostram
2780 5181 3071 5236 Ecclesium
3100 5190 3150 5236 et
3174 5182 3559 5236 sanctissimam
3587 5180 3693 5233 Pa-

2100 5280 2235 5331 trum
2256 5283 2549 5329 nostrorum
2570 5270 2728 5344 ﬁdem
2757 5291 2788 5327 a
2816 5272 3097 5328 venerabili
3123 5274 3364 5343 episcopo
3385 5280 3560 5327 nostro
3592 5270 3694 5325 Iba

2096 5368 2370 5439 injustitia:
2394 5368 2633 5439 proxima
2662 5365 2975 5437 impulerunt
3015 5381 3109 5420 nos
3142 5366 3213 5419 ad
3237 5366 3371 5419 lianc
3398 5365 3691 5419 accusatio-

2101 5466 2217 5513 nem
2239 5458 2586 5523 descendere;
2615 5466 2671 5513 et
2700 5457 2921 5526 reliqua.
2962 5455 3210 5527 Dumque
3249 5458 3317 5511 ab
3359 5455 3562 5511 eisdem
3594 5469 3688 5510 co-

2099 5549 2402 5620 gnitoribus
2432 5563 2527 5618 per
2568 5547 3041 5602 interlocutionem
3085 5548 3365 5603 decretum
3412 5545 3599 5600 fuisset
3631 5556 3690 5597 ut

2099 5658 2130 5697 a
2169 5642 2406 5710 generali
2438 5641 2784 5696 accusatione
2810 5638 3227 5705 descendentes,
3277 5637 3587 5708 singillatim
3620 5650 3688 5693 es

2097 5733 2299 5802 scripto
2341 5712 2684 5788 accusatores
2728 5746 2851 5798 qua:
2896 5732 3156 5787 adversus
3184 5729 3332 5785 Ibam
3372 5729 3692 5800 episcopqu

2098 5820 2343 5880 dicerent
2371 5823 2602 5895 capitula
2632 5823 2995 5894 designarent,
3046 5823 3179 5880 nihil
3207 5822 3377 5890 aliud,
3425 5831 3692 5894 quantum
