4000 6186
300 293 436 349 με).

1194 287 1328 345 PRO
1368 286 1814 346 DLMNATIUNE
1854 286 2068 343 TRIUM
2110 285 2623 344 CAPITULOLUM‘.

3479 289 3587 344 ηις)

293 408 358 462 sd
390 407 513 461 tldei
543 418 737 462 causas
766 407 1017 477 pertinet,
1059 405 1113 462 id
1144 417 1247 475 est,
1277 407 1419 477 quod
1452 406 1670 461 Patrum
1701 405 1883 471 ﬁdem,
1916 407 1961 465 Α
1990 415 2036 457 et
2084 406 2189 474 ipse
2233 405 2302 457 ad
2342 406 2749 475 satisfactionem
2779 421 2959 460 eorum
2983 421 3107 475 qua:
3138 406 3147 478 ξ
3174 396 3415 474 forte,°de
3444 402 3581 473 Mcl

293 507 352 553 ut
378 506 727 553 accusatores
762 497 1035 562 dixerant,
1087 497 1405 566 impugnare
1444 497 1739 560 videretur,
1786 495 1884 548 nisi

292 590 399 645 hoc
422 588 800 644 tantummodo
830 589 899 642 ab
925 589 1003 643 eis
1032 587 1307 641 accusatio
1331 586 1550 658 scriptis
1579 585 1758 639 oblata
1786 600 1887 637 nn-

291 680 461 734 scitur
485 679 772 734 continere
799 679 925 748 quia
969 678 1188 732 beatum
1220 676 1479 749 Cyrillum
1512 676 1749 745 appellat
1777 674 1888 729 ha:-

293 771 542 841 reticum,
585 779 645 825 et
691 771 767 825 ob
813 771 919 826 hoc
961 770 1313 824 Nestorianus
1363 783 1485 823 esse
1533 776 1885 821 monstratur.

292 864 370 918 Ita
401 864 545 918 enim
573 861 709 919 dicit
734 881 747 917 :
802 861 941 928 Quia
967 860 1320 916 Nestorianus
1346 869 1443 925 est,
1475 870 1524 914 et
1556 859 1758 914 beatum
1790 857 1889 930 Cy-

291 956 470 1009 rillum
515 956 815 1027 episcopum
860 956 1155 1010 Irrereticum
1204 952 1435 1024 appellat
1469 970 1489 1017 ;
1539 953 1681 1022 quod
1732 952 1784 1007 in
1829 966 1889 1006 se

292 1048 530 1103 maxime
550 1063 672 1118 qua:
692 1049 757 1103 ad
781 1047 965 1102 Marim
990 1046 1207 1101 Persam
1233 1046 1434 1115 scripta
1464 1044 1660 1113 legitur
1680 1051 1889 1099 certum

291 1147 382 1195 est
404 1138 697 1208 epistolam
722 1138 1024 1194 continere.
1056 1136 1323 1204 Quodque
1343 1134 1527 1190 statim
1547 1133 1760 1202 judices
1787 1148 1889 1204 pro

293 1229 445 1299 gravi
493 1229 767 1285 luereseos
811 1228 1009 1283 dictum
1058 1226 1301 1299 pondere
1349 1241 1408 1280 se
1459 1226 1761 1295 suscepisse
1791 1240 1886 1279 sua

293 1322 722 1379 interlocutione
769 1320 950 1375 testati
1001 1326 1128 1376 sunt
1180 1318 1425 1373 dicentes
1457 1318 1529 1372 ita
1583 1318 1719 1388 (Act.
1748 1315 1884 1385 10):

294 1414 525 1480 Quando
552 1413 850 1488 objurgatio
878 1412 1162 1483 capitulum
1189 1413 1441 1482 sequitur,
1470 1412 1659 1465 anima:
1687 1410 1888 1481 pericu-

288 1505 401 1559 lum
427 1506 621 1576 ferens,
666 1503 986 1574 superﬂuum
1015 1500 1316 1572 judicamus
1356 1500 1749 1571 inquisitionem
1772 1500 1887 1569 fieri

288 1605 620 1651 ceterorum.
650 1592 782 1659 Quae
804 1594 966 1666 igitur
993 1593 1270 1665 manifeste
1288 1591 1489 1646 indicta
1515 1599 1638 1645 sunt
1658 1599 1709 1645 et
1732 1608 1889 1646 cano-

286 1687 445 1741 nibus
471 1694 521 1740 et
541 1684 760 1757 legibus,
785 1697 833 1741 et
852 1691 971 1739 sunt
992 1693 1166 1755 aperte
1185 1683 1369 1738 odiosa
1391 1682 1555 1736 Deum
1570 1681 1884 1748 timentibus,

1992 495 2090 549 levi
2137 495 2273 548 dicta
2305 496 2512 567 fuerant
2554 497 2747 565 sapuit,
2788 512 2854 551 ea:
2892 498 3084 567 scripto
3123 496 3251 551 dare
3275 497 3398 568 quid
3431 500 3583 551 sentit

1991 586 2068 639 rel
2093 588 2228 655 sapit
2254 586 2318 639 de
2345 588 2432 653 pia
2469 594 2643 640 ucstra
2694 587 2828 657 ﬁde;
2877 586 3014 660 quod
3042 596 3090 640 et
3120 589 3263 660 fecit.
3298 588 3383 643 E1
3418 589 3583 642 abun-

1992 680 2173 732 dantia
2219 689 2392 732 mitem
2446 680 2724 750 pra’dictus
2755 681 3193 735 reverentissimus
3233 682 3310 735 rir
3349 681 3585 751 promisit

1990 782 2039 825 et
2090 772 2143 825 in
2172 787 2281 825 sua:
2307 771 2475 842 eloqui
2522 772 2743 826 civitatis
2780 772 2996 826 ecclesia
3042 781 3095 826 et
3133 774 3404 845 manifeste
3447 790 3583 827 ana-

1993 861 2327 915 tliematizure
2366 861 2613 932 maligna:
2646 861 2923 932 impietatis
2956 862 3242 933 principem
3283 860 3585 917 Nestorium

1990 961 2040 1005 et
2066 968 2152 1006 cos
2187 952 2271 1023 qui
2292 953 2424 1005 sicut
2450 950 2536 1005 ille
2576 953 2803 1020 sapiunt,
2833 961 2882 1005 et
2910 952 2997 1023 qui
3025 953 3101 1006 vel
3120 951 3266 1006 libris
3287 951 3364 1007 vel
3391 953 3587 1007 codici-
3630 960 3635 966 ’

1991 1040 2083 1096 bus
2122 1042 2233 1113 ejus
2271 1052 2503 1096 utuntur.
2533 1040 2811 1113 Confessus
2850 1051 2926 1097 est
2961 1052 3131 1097 autem
3168 1045 3241 1097 sic
3282 1059 3337 1098 se
3379 1044 3585 1098 credere

1990 1137 2121 1190 sicut
2142 1136 2405 1190 continent
2421 1136 2456 1189 li
2463 1143 2607 1189 (terte
2622 1152 2735 1207 qua:
2750 1144 2990 1189 venerant
3010 1136 3145 1190 inter
3165 1137 3587 1192 reverentissimo:

1988 1237 2039 1281 et
2062 1227 2406 1281 sanctissima:
2427 1227 2689 1281 memoria:
2714 1226 2973 1280 Joannem
3011 1242 3218 1297 magna:
3256 1227 3587 1282 Antiocheam

1989 1314 2216 1370 civitatis
2245 1317 2539 1386 episcopum
2586 1323 2635 1369 et
2664 1312 2915 1385 Cyrillum
2944 1316 3187 1370 maxima:
3213 1315 3588 1370 Alexandrino-

1989 1423 2103 1461 rum
2131 1407 2353 1461 civitatis
2389 1408 2704 1477 episcopum,
2737 1406 2921 1479 quibus
2949 1408 3261 1461 ministravit
3289 1406 3450 1465 beata:
3488 1425 3582 1461 me-

1988 1501 2170 1556 moriae
2196 1500 2391 1555 Paulus
2422 1498 2786 1554 Emesinorum
2825 1500 3047 1553 civitatis
3073 1500 3361 1570 episcopus,
3386 1515 3451 1552 ea:
3475 1502 3589 1571 qui-

1988 1589 2083 1649 bus
2108 1594 2417 1649 universalis
2439 1609 2720 1648 consensus
2746 1593 2981 1663 eﬁicitur.
3013 1592 3317 1648 Consentire
3342 1602 3513 1647 autem
3539 1607 3589 1646 et

1987 1684 2044 1740 in
2064 1682 2298 1741 omnibus
2319 1700 2435 1756 qua:
2468 1701 2631 1755 nuper
2656 1692 2800 1756 gesta
2832 1694 2953 1739 sunt
2980 1703 3013 1739 a
3050 1694 3232 1739 sancta
3254 1684 3451 1756 synodo
3476 1702 3589 1757 qum

281 1777 405 1832 hcc
427 1777 604 1849 eligite
630 1777 871 1848 primitus
889 1784 938 1830 et
954 1776 1034 1829 his
1056 1776 1269 1829 instate.
1307 1774 1526 1829 Videtur
1546 1782 1717 1828 autem
1736 1773 1885 1829 nobis
1921 1783 1959 1841 Β
1989 1776 2224 1830 convenit
2246 1776 2300 1828 in
2324 1776 2467 1847 regia
2490 1784 2538 1829 et
2561 1773 2861 1830 Christiana
2890 1774 3337 1846 Constantinopoli
3364 1777 3585 1840 ciuitate,

281 1868 401 1923 hoc
428 1885 544 1922 esse
568 1868 789 1938 integra,
824 1867 990 1937 primo
1019 1864 1225 1936 quidem
1248 1874 1402 1919 recta:
1422 1881 1537 1918 esse
1559 1863 1684 1934 ﬁdei
1721 1881 1879 1935 opor-

283 1971 399 2015 tere
418 1961 510 2031 qui
533 1959 829 2013 sacerdotio
863 1958 1120 2031 fungitur,
1151 1967 1202 2011 et
1228 1958 1306 2011 ita
1331 1972 1444 2011 esse
1475 1958 1634 2011 totius
1661 1952 1883 2011 luxurite

278 2050 530 2118 liberum,
560 2060 617 2105 et
640 2059 857 2105 caetera.

355 2141 450 2197 ιιι.
479 2141 610 2209 Quis
647 2156 779 2210 ergo
806 2140 1015 2196 dubitet
1049 2155 1116 2196 ex
1146 2156 1214 2196 co
1236 2139 1445 2210 judices
1473 2138 1768 2211 capitulum
1814 2138 1883 2193 ad

276 2235 485 2290 animm
512 2235 808 2305 periculum
838 2235 1110 2304 pertinere
1137 2234 1337 2289 dixisse
1377 2241 1432 2288 et
1460 2247 1526 2288 ex
1564 2248 1632 2289 eo
1657 2246 1885 2289 censen-

275 2326 413 2381 dum
446 2341 552 2381 non
573 2332 739 2381 recta:
762 2324 881 2381 lidei
908 2324 1244 2381 sacerdotem
1269 2326 1359 2394 qui
1389 2324 1603 2379 beatum
1627 2323 1883 2396 Cyrillum

276 2416 578 2488 appellavit
604 2415 939 2484 bareticum,
970 2431 1092 2471 cum
1120 2415 1253 2471 nihil
1281 2414 1423 2470 aliud
1460 2415 1511 2469 in
1542 2415 1887 2472 accusatione

278 2515 412 2562 ante
449 2508 592 2564 hanc
623 2507 1098 2564 interlocutionem
1128 2508 1464 2579 propositam
1491 2508 1559 2563 de
1594 2507 1771 2562 causis
1816 2506 1885 2562 ad

279 2597 445 2652 ﬁdem
475 2598 867 2668 pertinentibus
894 2598 1098 2655 dictum
1142 2598 1214 2653 sit
1241 2598 1343 2653 nisi
1371 2598 1498 2667 quia
1540 2597 1888 2653 Nestorianus

278 2698 367 2746 est
382 2698 443 2746 et
464 2690 685 2746 beatum
707 2689 965 2763 Cyrillum
992 2691 1283 2762 appellavit
1310 2690 1639 2747 luereticum.
1670 2689 1746 2745 Ex
1776 2706 1886 2760 quo

279 2783 419 2840 satis
445 2791 695 2854 apertum
721 2792 807 2839 est
833 2784 1117 2855 epistolam
1162 2783 1231 2839 ad
1255 2782 1446 2839 Marim
1489 2782 1707 2840 Persam
1754 2782 1882 2839 scri—

279 2886 453 2949 ptam,
480 2892 603 2949 quae
632 2860 775 2933 beati
793 2876 979 2949 Cyrilli
1010 2877 1283 2948 dogmata,
1302 2878 1496 2947 quibus
1520 2893 1627 2934 non
1657 2890 1859 2933 consen

283 2969 511 3024 tientem
525 2968 830 3025 Nestorium
853 2977 1068 3026 constat
1082 2984 1204 3027 esse
1223 2968 1558 3035 damnatum,
1580 2968 1887 3025 definiendo

280 3072 447 3118 rectm
467 3060 592 3117 ﬁdei
614 3076 736 3117 esse
756 3062 1048 3126 contraria,
1066 3062 1284 3118 beatum
1306 3061 1564 3133 Cyrillum
1585 3062 1887 3134 appellaret

1970 1866 2174 1939 [rabere
2191 1875 2363 1921 autem
2383 1868 2562 1922 omnia
2583 1882 2698 1939 qua:
2717 1866 3025 1938 placuerunt
3045 1868 3097 1921 in
3122 1865 3386 1939 Epltrsino
3406 1876 3591 1924 metro.

1984 1957 2218 2028 politano
2270 1957 2490 2014 concilio
2538 1958 2674 2027 quod
2712 1976 2747 2012 a
2786 1968 2965 2013 sancto
3014 1957 3216 2029 Spiritu
3269 1957 3587 2025 movebatur,

1985 2067 2135 2123 (equa
2155 2060 2325 2106 autem
2347 2052 2463 2105 huic
2483 2050 2728 2122 judicare
2750 2065 2862 2123 qute
2874 2052 2927 2105 in
2938 2048 2988 2103 N
2993 2050 3118 2104 iram
3139 2058 3259 2104 sunt
3285 2050 3589 2115 constituta,

1983 2150 2033 2195 et
2054 2140 2251 2195 nullam
2272 2141 2621 2210 differentiam
2642 2142 2892 2195 arbitrari
2915 2141 3025 2211 ejus
3046 2140 3115 2192 ad
3135 2141 3314 2195 aliam.
3340 2140 3409 2194 Et
3432 2141 3588 2196 nimis

1983 2234 2095 2305 ejus
2118 2234 2447 2287 sanctitatem
2467 2232 2791 2287 laudavimus
2810 2232 2947 2304 quod
2971 2250 3134 2303 prone
3157 2234 3380 2302 sapiserit
3403 2249 3590 2306 mirare

1984 2341 2072 2379 eos
2096 2325 2183 2391 qui
2212 2324 2289 2378 vel
2326 2325 2619 2394 suspicione
2646 2326 2722 2378 rel
2750 2326 2857 2379 alio
2885 2326 3240 2397 quoquomodo
3267 2325 3378 2396 ejus
3424 2326 3585 2380 laute-

1984 2425 2101 2473 rent
2126 2418 2421 2489 opinionem
2449 2417 2720 2484 doctriuw,
2750 2427 2805 2472 et
2830 2427 3043 2473 cmtcra.

2058 2508 2148 2564 IV.
2199 2508 2490 2565 Constituti
2537 2510 2700 2579 igitur
2738 2510 2884 2580 quod
2935 2525 2965 2564 a
3010 2510 3138 2566 viris
3189 2511 3588 2568 venerabilibus

1986 2602 2182 2660 Pbotio
2210 2610 2266 2658 et
2285 2601 2566 2658 Enstathio
2594 2604 2862 2673 prolatum
2887 2611 2970 2659 cst
2999 2613 3186 2660 tenore
3215 2618 3499 2675 perpenso,
3533 2606 3585 2660 in

1986 2708 2097 2764 quo
2135 2694 2330 2751 dicitur
2357 2695 2598 2751 dantibus
2628 2696 2855 2768 capitula
2889 2695 3294 2760 accusatoribus,
3327 2713 3446 2768 qua:
3481 2699 3585 2753 uti-

1925 2863 1933 2869 .
1987 2801 2094 2856 que
2125 2785 2264 2853 dari,
2295 2786 2434 2843 sicut
2458 2787 2705 2857 superius
2734 2787 2948 2856 legitur,
2990 2788 3093 2843 nisi
3118 2788 3321 2860 scripto
3363 2790 3587 2846 minime

1987 2867 2302 2952 potuerunt,
2326 2881 2598 2937 inventam
2619 2880 2727 2936 illic
2750 2881 3135 2937 immissfonem
3156 2882 3413 2938 adversus
3436 2882 3583 2938 lbam

1988 2972 2303 3044 episcopum
2342 2973 2557 3038 factam,
2583 2972 2726 3042 quod
2755 2971 2860 3027 alia
2892 2982 3087 3043 praeter
3113 2973 3256 3043 piam
3284 2972 3583 3031 doctrinam

1988 3062 2189 3120 laceret
2211 3065 2296 3121 vel
2325 3065 2567 3133 doceret,
2600 3065 2730 3120 nihil
2770 3065 2911 3120 aliud
2961 3066 3338 3137 pronuntiasse
3376 3068 3584 3136 judiccs

281 3151 620 3219 hereticum,
648 3152 719 3207 ab
737 3150 1059 3207 adversariis
1078 3152 1184 3207 lbze
1212 3152 1474 3222 episcopi,
1496 3152 1622 3223 quia
1644 3151 1882 3222 ejusdem
1912 3161 1958 3224 ο
1990 3156 2194 3211 clarum
2234 3165 2340 3226 est,
2379 3159 2617 3228 negotio,
2649 3167 2707 3214 ut
2736 3159 2833 3228 ipsi
2864 3156 3187 3225 memorant;
3216 3160 3482 3216 subtiliter
3502 3162 3583 3216 in"-

279 3240 581 3311 maluerit,
592 3243 744 3299 nullo
754 3242 916 3299 modo
926 3242 1353 3314 comprobatam,
1372 3257 1473 3298 nec
1483 3241 1888 3299 eumdemlbam

279 3335 409 3405 quia
448 3333 566 3403 ejus
590 3333 750 3390 fuerit
777 3332 940 3389 fuisse
988 3333 1317 3390 confessum.
1367 3331 1632 3400 Quoniam
1673 3332 1718 3388 si
1747 3331 1887 3402 apud

280 3424 543 3495 prelatos
560 3424 771 3495 judices
791 3426 860 3481 ab
879 3424 969 3481 Iba
990 3425 1184 3480 iactam
1208 3424 1388 3481 doceri
1410 3423 1674 3494 potuisset
1688 3424 1891 3494 episto-

281 3516 415 3582 lam,
484 3530 758 3585 nunquam
834 3532 1023 3573 eorum
1098 3516 1365 3572 sententia
1430 3514 1551 3570 lbas
1603 3514 1890 3571 meruisset

281 3610 515 3675 absolvi,
544 3625 669 3665 cum
699 3618 860 3664 tanta:
884 3610 1319 3666 interlocutionis
1345 3623 1459 3664 sua:
1497 3607 1737 3679 pondere
1765 3606 1888 3663 ﬁdei

277 3699 436 3770 prius
460 3715 684 3755 causam
730 3701 899 3768 αυτητί
929 3715 1260 3771 magnopere
1290 3700 1598 3766 voluerunt,
1628 3716 1791 3771 quam
1830 3700 1884 3755 in

280 3792 600 3849 beatissimo
622 3792 844 3865 Cyrillo,
891 3795 985 3865 qui
1014 3794 1082 3849 ab
1123 3792 1213 3848 Iba
1255 3793 1564 3849 nominatus
1609 3793 1888 3850 dicebatur

284 3883 602 3952 hereticus,
646 3885 1051 3941 mstimaverunt
1087 3883 1250 3941 fuisse
1287 3885 1620 3953 gravissima.
1652 3884 1785 3939 Nam
1833 3892 1890 3940 et

284 3975 622 4046 subsequens
648 3976 925 4031 mnstituti
954 3986 1132 4032 textus
1161 3976 1246 4031 bis
1272 3976 1567 4032 convenire
1594 3992 1714 4045 quia
1741 3976 1885 4031 dicta

282 4076 413 4122 sunt
440 4083 539 4138 per
558 4083 656 4123 sua
687 4068 804 4123 loca
834 4068 1233 4124 subter-adnexa
1256 4067 1536 4122 evidenter
1563 4067 1884 4123 ostenditur.

286 4158 369 4214 Ad
397 4160 716 4230 petitionem
761 4174 994 4230 namque
1040 4159 1166 4226 Iba),
1214 4157 1391 4212 Photii
1436 4168 1598 4227 atque
1626 4157 1886 4213 Eustathii

284 4250 667 4321 episc0porum
735 4250 787 4304 in
849 4256 1160 4306 memorato
1222 4256 1413 4303 sancto
1459 4247 1888 4304 Chalcedonensi

283 4343 518 4400 concilio
546 4342 751 4399 reiecta
777 4344 920 4398 serie
940 4341 1185 4412 judicati,
1219 4342 1333 4397 hinc
1363 4350 1485 4411 post
1530 4342 1707 4410 aliqua
1750 4356 1889 4410 pnn-

287 4432 468 4489 dictos
504 4433 741 4502 judices,
768 4433 895 4488 dum
942 4434 1011 4488 de
1047 4432 1405 4489 accusationis
1444 4431 1702 4487 adversus
1740 4431 1885 4486 Ibam

1990 3247 2213 3318 quisito,
2243 3262 2403 3318 quam
2435 3264 2534 3319 per
2573 3249 2916 3305 immissionis
2961 3249 3214 3318 ﬁgmenta
3252 3250 3583 3309 calumniose

1989 3338 2247 3395 adversus
2275 3338 2421 3394 Ibam
2444 3342 2755 3412 episcopum
2785 3343 3184 3398 accusationem
3214 3358 3336 3400 esse
3378 3359 3582 3415 propo-

1986 3430 2170 3498 sitam,
2201 3446 2310 3485 non
2340 3429 2518 3486 studio
2559 3432 2818 3487 veritatis.
2850 3431 2919 3485 Et
2941 3432 3069 3502 quid
3097 3440 3183 3488 est
3207 3434 3349 3503 quod
3399 3434 3450 3488 in
3494 3450 3585 3490 ca-

1988 3519 2170 3590 pitulis
2191 3519 2392 3589 scripto
2414 3522 2679 3590 porrectis
2698 3531 3039 3578 accusatores
3057 3532 3244 3579 contra
3269 3526 3581 3596 episcopum

1987 3610 2221 3667 lbam'dc
2250 3610 2373 3667 ﬁdei
2400 3627 2561 3667 causa
2591 3612 2896 3667 detulerant
2924 3614 3024 3668 nisi
3054 3615 3198 3685 quod
3232 3617 3585 3673 Nestorianus

1987 3712 2154 3767 esset,
2183 3704 2400 3760 beatum
2429 3702 2685 3775 Cyrillum
2708 3704 3018 3760 hmreticum
3045 3705 3391 3773 nominando,
3421 3722 3584 3778 quem

1987 3794 2042 3849 in
2086 3793 2415 3865 Apollinaris
2464 3793 2715 3849 incidisse
2745 3795 2995 3850 bmresim
3033 3804 3089 3852 et
3115 3796 3424 3854 haereticam
3452 3812 3587 3855 con-

1986 3884 2270 3955 scripsisse
2298 3884 2605 3955 epistolam,
2638 3900 2758 3954 qua:
2789 3885 2855 3939 ad
2896 3885 3083 3940 Marim
3127 3884 3347 3943 Persam
3384 3889 3582 3960 scripta

1988 3975 2319 4045 perhibetur,
2348 3973 2620 4028 aﬂlrmat?
2650 3972 2803 4030 Unde
2830 3975 3034 4033 clarum
3073 3985 3155 4032 est
3194 3976 3300 4033 lbce
3344 3979 3583 4051 episcopi

1987 4064 2233 4121 eamdem
2263 4064 2544 4134 epistolam
2568 4079 2676 4119 non
2699 4063 2881 4130 luisse,
2907 4081 3027 4120 cum
3051 4067 3100 4122 ei
3124 4082 3220 4137 per
3241 4068 3589 4126 immissionis

1988 4157 2279 4211 falsitatem
2324 4155 2468 4224 quod
2498 4156 2689 4212 eadem
2726 4157 2954 4228 epistola
2981 4160 3226 4215 continet
3264 4160 3474 4230 judices
3502 4169 3588 4218 tc-

1987 4254 2198 4302 stcntur
2218 4246 2514 4315 objectum,
2536 4261 2698 4316 quem
2729 4250 3013 4303 memorati
3042 4250 3287 4319 superius
3308 4253 3595 4307 constituti

1989 4337 2171 4392 locum
2199 4337 2485 4407 qumstioni
2513 4338 2756 4410 episcopi
2785 4339 2889 4395 Iba:
2910 4340 3252 4396 manifestum
3282 4351 3363 4397 est
3387 4359 3585 4400 conre-

1990 4430 2128 4493 nirc,
2158 4443 2257 4499 per
2283 4443 2446 4497 quam
2495 4429 2548 4483 in
2598 4437 2790 4485 sancto
2831 4445 2897 4486 ac
2950 4430 3247 4487 reverenda
3290 4431 3587 4490 Chalccdo«

285 4524 601 4593 episcopum
634 4524 891 4578 institutae
922 4524 1112 4579 ordine
1136 4516 1509 4592 loquerentur,
1536 4524 1589 4578 in
1606 4540 1700 4579 sua
1718 4524 1884 4579 claret
1916 4535 1967 4595 ι)
1989 4520 2142 4574 nensi
2169 4519 2401 4575 concilio
2436 4517 2692 4574 Uranium
2722 4520 3030 4591 episcopum
3071 4521 3318 4591 queritur
3344 4538 3443 4592 pro
3484 4522 3589 4579 Eu-

287 4612 488 4668 dixisse
535 4614 834 4677 sententii,
880 4628 1000 4681 qua:
1030 4614 1101 4667 ita
1139 4629 1197 4668 se
1236 4613 1436 4667 habent
1467 4614 1605 4685 (Act.
1635 4613 1691 4684 9)
1731 4631 1744 4666 :
1786 4613 1890 4668 llis

288 4720 409 4773 erJo
435 4703 683 4757 dantibus
705 4704 937 4775 capitula
965 4705 1203 4774 quaedam
1231 4715 1280 4758 et
1307 4703 1613 4774 rogantibus
1631 4714 1686 4758 ut
1706 4704 1889 4760 [torum

290 4798 435 4866 ﬁeret
461 4796 667 4853 subtilis
694 4797 981 4866 inquisitio,
1023 4796 1376 4851 incumbentes
1398 4811 1491 4849 nos
1512 4797 1752 4866 capitulis
1776 4812 1794 4860 ;
1840 4805 1890 4849 et

289 4888 604 4942 ﬁnientes
653 4889 709 4941 in
764 4889 846 4941 liis
888 4887 1261 4942 immissionem
1311 4886 1589 4957 quamdam
1646 4886 1891 4941 adversus

292 4974 442 5031 Ibam
472 4978 937 5031 rererentissinmm
970 4978 1289 5048 episcopum,
1322 4978 1471 5048 quasi
1511 4994 1613 5032 non
1642 4988 1778 5033 recte
1808 4994 1898 5032 sa-

289 5079 453 5136 peret,
480 5068 574 5122 sed
593 5068 703 5122 alia
729 5076 918 5135 prceter
943 5069 1084 5139 piam
1130 5068 1421 5123 doctrinam
1449 5056 1688 5133 docEret,
1721 5084 1894 5123 neces-

290 5161 432 5213 sarie
458 5175 525 5214 ex
552 5159 651 5213 hoc
675 5159 820 5230 prius
850 5158 1231 5229 inquisitionem
1261 5175 1376 5212 cum
1403 5175 1595 5230 magna
1624 5158 1895 5228 diligentia

292 5252 464 5318 facere
477 5265 656 5304 sumus
673 5250 904 5320 impulsi.
934 5249 1281 5319 Praecepinms
1302 5250 1486 5302 etenim
1509 5249 1892 5303 accusatoribus

290 5340 396 5394 dici
427 5355 548 5410 quia
576 5349 746 5395 essent
779 5355 895 5411 qua!
928 5338 991 5392 ab
1019 5339 1259 5411 episcopo
1286 5338 1383 5392 Iba
1422 5339 1734 5404 dicerentur,
1763 5343 1893 5394 sicut

289 5433 392 5500 ipsi
410 5431 674 5496 dicebant,
699 5433 769 5503 pii
784 5432 1044 5504 dogmatis
1064 5431 1256 5486 aliena.
1282 5430 1539 5487 Dixerunt
1560 5449 1735 5487 eorum
1756 5434 1894 5502 ipso-

293 5542 407 5579 rum
437 5526 701 5598 quaedam.
737 5525 801 5581 Et
826 5543 941 5581 cum
966 5525 1130 5580 multa
1160 5536 1299 5581 mota
1324 5528 1542 5597 fuissent
1563 5542 1677 5598 quia
1698 5528 1751 5580 in
1767 5528 1898 5580 actis

291 5620 489 5673 inserta
509 5628 650 5673 sunt.
673 5617 741 5674 Et
761 5627 883 5691 post
901 5635 1074 5690 pauca
1097 5618 1257 5675 iidem
1281 5618 1491 5688 jndiccs
1514 5619 1586 5675 ita
1610 5619 1861 5675 dixerunt
1882 5636 1892 5671 :

295 5709 369 5766 Et
395 5713 629 5770 consiliis
658 5714 900 5783 pietatem
925 5711 1109 5783 ubique
1127 5720 1487 5783 praeponentes
1515 5720 1562 5765 et
1583 5714 1897 5783 inquirentes

293 5806 702 5876 prepararimus
728 5804 1189 5861 reverentissimum
1232 5802 1381 5859 Ibam
1420 5804 1712 5877 episcopum
1762 5805 1897 5876 quod

1997 4611 2169 4683 tychis
2196 4619 2442 4680 agentem
2463 4611 2635 4679 gratia
2657 4609 2919 4681 quosdam
2947 4611 3175 4667 clericos
3192 4615 3284 4684 qui
3306 4629 3416 4669 sua:
3440 4625 3595 4671 aecus

1995 4703 2188 4757 sationi
2232 4702 2540 4759 insisterent
2568 4718 2924 4774 prteparasse.
2957 4702 3035 4759 Ex
3076 4720 3185 4775 quo
3212 4707 3344 4762 satis
3369 4719 3592 4778 apparet

1997 4797 2168 4867 ipsam
2199 4795 2585 4853 immissionem
2613 4812 2709 4851 sua
2735 4796 3003 4852 sententia
3035 4795 3285 4854 Photium
3315 4807 3368 4853 ct
3398 4798 3590 4853 Eusta-

1999 4888 2169 4942 thium
2204 4887 2415 4956 judices
2445 4888 2609 4943 tacito
2657 4887 2995 4944 immittentis
3042 4889 3261 4944 nomine
3302 4889 3589 4950 lacerasse,

1997 4992 2160 5047 quam
2190 4976 2310 5032 lhas
2337 4978 2625 5049 episcopus
2652 4977 2831 5048 palam
2864 4978 2917 5032 in
2947 4987 3132 5036 sancta
3162 4978 3591 5035 Ch’alcedoncnsi

1996 5067 2204 5139 synodo
2246 5083 2506 5138 expresso
2536 5069 2942 5125 concinnatoris
2990 5069 3256 5125 vocabulo
3295 5068 3589 5126 denotavit.

1996 5159 2113 5215 Non
2155 5168 2241 5213 est
2266 5158 2428 5229 igitur
2456 5160 2765 5228 ambiguum
2795 5159 2899 5213 hoc
2921 5158 3065 5229 quod
3095 5159 3161 5214 ad
3202 5157 3595 5215 criminandum

1994 5251 2213 5307 beatum
2244 5251 2503 5323 Cyrillum
2525 5291 2543 5317 ,
2572 5259 2628 5307 et
2656 5268 2756 5322 pro
2783 5251 2974 5305 haeresi
3005 5251 3296 5305 schismate
3323 5249 3428 5306 Iba:
3458 5268 3593 5308 con-

1993 5352 2103 5398 stat
2121 5343 2413 5413 objectum,
2438 5342 2900 5413 idqueepistolam
2920 5342 3225 5411 continere,
3250 5341 3595 5399 manifestum

1997 5445 2078 5492 est
2122 5438 2191 5493 ab
2230 5435 2634 5492 accusatoribus
2693 5434 3039 5491 immissionis
3079 5434 3374 5492 calliditate
3420 5438 3595 5492 conli-

2000 5537 2145 5583 ctnm
2196 5536 2253 5583 ct
2300 5525 2538 5583 accusati
2568 5526 2855 5595 negatione
2893 5532 2950 5581 et
2971 5524 3232 5596 judicium
3280 5527 3594 5584 deﬁnitione

2001 5620 2163 5674 fuisse
2194 5628 2575 5674 monstratum.

2074 5711 2137 5766 V.
2197 5710 2461 5781 Adjicitur
2512 5723 2731 5780 quoque
2783 5707 3024 5781 ejusdem
3056 5710 3251 5783 pagina
3312 5714 3592 5769 constituti

2005 5802 2146 5873 quod
2176 5802 2241 5859 ad
2283 5800 2710 5861 satisfactionem
2737 5818 2924 5862 eorum
2951 5817 3070 5877 qua
3096 5800 3164 5858 ab
3191 5802 3621 5860 accusatoribus—
