4000 6186
428 269 521 333 ibi

1621 264 1846 322 \‘lGILll
1886 264 1994 321 PP.
2032 263 2515 323 CONSTITUTUH

3596 265 3708 329 .182

423 390 603 465 (forte,
636 388 705 446 de
732 386 865 460 ﬁde]
908 386 1012 444 levi
1039 386 1181 442 dicta
1212 384 1424 442 fuerant
1450 383 1626 455 sapuit
1658 382 1779 436 ibas
1802 381 2015 451 episcn-
2048 385 2089 441 Λ
2121 391 2335 451 gnatur,
2385 398 2492 436 non
2543 381 2783 437 dicerent
2827 381 3036 451 judices
3089 379 3233 436 ibam
3282 380 3594 452 episcopum
3638 396 3702 439 ex
3749 372 3765 414 ⁸

424 494 524 553 pus
555 473 619 538 ex
661 481 866 553 scripto
903 479 1037 535 dare
1065 477 1193 549 quid
1219 478 1384 536 sentit
1408 477 1492 533 vel
1520 476 1659 547 sapit
1679 474 1745 529 de
1775 474 1857 544 pia
1890 473 2014 527 fide.

427 571 582 628 Unde
610 578 836 643 apparet
862 578 1259 640 consequenter
1279 566 1383 622 ibat
1412 566 1649 638 episcopi
1674 574 2021 620 accusatores

426 663 601 719 notari
630 678 728 734 per
756 661 935 717 omnia
967 659 1234 725 falsitatis,
1260 660 1350 729 qui
1393 659 1698 715 inconsulto
1732 657 2020 711 sittmltatis

426 752 608 808 calore
649 751 818 822 lapsi,
877 750 1067 806 leviter
1115 750 1292 822 potius
1351 764 1512 819 quam
1576 763 1704 804 vere
1750 748 2020 802 criminati

425 842 590 898 fuisse
605 840 752 896 ibam
776 848 1147 897 monstrantur
1169 840 1504 909 episc0pum,
1521 837 1656 893 adeo
1684 846 1743 891 ut
1762 837 2022 892 adversus

425 949 488 989 ea
516 948 637 1005 qua:
675 941 834 989 tenor
876 933 1119 1004 epistolae
1147 931 1213 987 ad
1242 931 1430 986 Marim
1472 930 1690 987 Persam
1727 930 1938 1000 scripta:
1967 930 2020 983 in

426 1025 672 1081 obtrceta
700 1025 879 1080 ioaem
904 1023 1049 1079 beati
1069 1021 1255 1094 Cyrilli
1277 1030 1334 1077 et
1354 1021 1637 1077 duodecim
1664 1021 2018 1092 capitulorum

427 1116 542 1186 ejus
571 1117 819 1183 asseruit,
868 1115 1140 1171 eteadem
1177 1122 1555 1171 accusatorum
1596 1114 1814 1170 levitate
1859 1124 2021 1183 atque

424 1210 660 1265 falsitate
684 1210 896 1279 objecta
928 1209 1047 1264 ibas
1074 1209 1276 1265 dixisse
1301 1208 1550 1264 convinci
1580 1224 1689 1263 non
1720 1210 1910 1278 potu't,
1950 1223 2022 1263 ex

426 1301 629 1370 scripto
656 1300 876 1371 insuper
903 1300 1045 1355 idem
1094 1299 1214 1355 ibas
1258 1298 1384 1367 quid
1414 1298 1483 1353 de
1521 1299 1609 1368 pia
1656 1295 1759 1354 (ide
1798 1298 2023 1353 sentiret

431 1391 765 1457 ostenderet,
798 1400 1055 1460 tanquam
1085 1391 1307 1463 puritati
1334 1405 1446 1445 sua:
1472 1388 1722 1444 sufficere
1751 1405 1857 1444 non
1878 1388 1937 1459 ju
1956 1390 2023 1443 li-

428 1502 558 1541 cans
585 1486 730 1556 quod
760 1485 1003 1541 convinci
1035 1483 1236 1554 aliquid
1280 1491 1468 1538 contra
1516 1490 1722 1539 rectam
1750 1480 1912 1536 ﬁdem
1941 1481 2023 1535 di-

429 1577 574 1633 xisse
616 1593 723 1632 non
776 1576 972 1647 potuit,
1006 1576 1107 1631 nisi
1153 1577 1318 1630 etiam
1364 1575 1535 1646 ipsum
1582 1573 1741 1630 fuiem
1786 1574 2021 1644 qualiter

427 1685 643 1741 semper
689 1669 1001 1726 retinuisset
1039 1668 1220 1723 animo
1257 1683 1355 1723 sua
1398 1665 1667 1722 sententia
1696 1665 2016 1737 publicaret.

430 1735 584 1828 Quod
607 1762 689 1818 vel
710 1761 977 1832 judicibus
996 1761 1083 1817 vel
1113 1761 1215 1832 ipsi
1246 1759 1351 1815 lbze
1376 1760 1635 1831 episcopo
1656 1735 2018 1816 necessarium
2054 1735 2100 1796 Β

430 1854 653 1910 minime
682 1854 876 1918 fuerat,
907 1854 953 1909 si
992 1852 1298 1924 supradicta
1328 1851 1555 1923 epistola
1595 1858 1651 1908 et
1675 1852 1795 1922 ejus
1823 1865 1944 1906 esse
1968 1860 2025 1905 et

432 1943 740 2001 orthodoxo
786 1960 950 2001 sensu
1004 1944 1204 2001 dictata
1256 1944 1522 2015 potuisset
1593 1943 1841 1999 ostendi,
1881 1942 2025 2010 Qua-

430 2044 656 2107 propter
690 2037 979 2106 diligenter
1006 2036 1393 2094 attendendum
1424 2044 1506 2093 est
1534 2035 1679 2105 quod
1719 2035 1916 2091 dicitur
1956 2034 2025 2090 ad

431 2126 852 2182 satisfactionem
893 2143 1080 2183 eorum
1126 2141 1246 2197 qua:
1275 2126 1380 2181 levi
1409 2125 1553 2182 dicta
1601 2125 1814 2182 fuerant
1857 2143 2026 2198 prone

430 2217 677 2289 sapuisse
716 2217 863 2273 ibam
904 2218 1219 2288 episcopum
1244 2232 1312 2273 ex
1342 2217 1549 2288 scripto
1584 2216 1870 2274 ostendere
1896 2217 2026 2289 quid

432 2307 502 2363 de
530 2308 617 2379 pia
641 2307 744 2363 ﬁde
762 2307 1006 2363 sentiret.
1037 2305 1332 2362 Evidenter
1367 2307 1568 2363 etenim
1597 2307 1804 2363 clarum
1830 2316 1913 2363 est
1955 2308 2027 2363 ita

434 2399 678 2470 epistola:
699 2399 765 2454 ad
793 2398 979 2453 Marim
1011 2406 1218 2454 textum
1241 2399 1332 2469 pio
1360 2397 1597 2466 dogmati
1641 2397 1869 2453 inveniri
1895 2413 2031 2454 con-

434 2489 700 2554 trarium,
748 2497 807 2544 ut
860 2489 1108 2559 quamvis
1166 2487 1388 2543 levitate
1453 2489 1821 2544 accusantium
1867 2503 2031 2558 quam

435 2592 618 2635 rerum
684 2578 908 2633 veritate
964 2577 1072 2634 lira:
1131 2578 1389 2649 episcopo
1451 2577 1693 2634 ﬁrmetur
1772 2577 1983 2648 objecta
2011 2614 2031 2646 ,

440 2676 617 2725 tamen
669 2683 741 2724 ne
780 2669 864 2723 vel
905 2669 1011 2725 huc
1062 2669 1207 2738 quod
1254 2668 1387 2724 false
1432 2668 1597 2739 ipsius
1645 2669 1788 2727 dicta
1831 2667 2025 2737 fuerat,

436 2759 556 2830 ejus
597 2760 879 2816 catholica:
924 2756 1046 2817 fidei
1093 2760 1410 2832 derogaret,
1464 2776 1637 2832 prone
1675 2761 1854 2831 sapuit
1893 2776 2029 2817 con-

436 2857 522 2907 tra
587 2848 728 2905 illius
796 2849 1130 2921 impietatem
1198 2850 1328 2919 quid
1367 2850 1434 2905 de
1470 2844 1588 2921 'pia
1647 2849 1753 2907 ﬁde
1807 2851 2033 2907 sentiret

437 2939 765 2999 ostenderet.
809 2938 995 3012 Neque
1032 2941 1175 2997 enim
1205 2940 1275 2997 de
1303 2940 1620 3001 orthodoxa:
1657 2941 1779 2997 ﬁdei
1805 2942 2035 2998 sinceri-

439 3040 550 3093 tate
573 3031 706 3103 quid
729 3033 975 3105 sapiebat
1016 3034 1380 3090 necessarium
1411 3048 1555 3090 esset
1582 3033 1786 3104 scripto
1831 3033 2031 3105 depro-

2121 472 2418 528 abundanti
2466 473 2608 528 inter
2652 472 2755 527 alia
2799 474 3108 544 promisisse
3145 474 3345 530 habere
3377 474 3558 530 omnia
3587 488 3708 543 qua:

2121 567 2439 635 placuerunt
2462 566 2514 621 in
2545 558 2820 637 Ephesiuo
2851 567 3026 637 primo
3055 567 3305 633 concilio,
3334 566 3427 622 sed
3458 582 3556 637 pro
3583 582 3708 623 cor-

2122 662 2364 716 rectionc
2406 659 2585 729 potius
2628 658 2949 714 declaranda
2989 659 3233 714 dicerent
3280 659 3589 714 necessarie
3617 675 3711 715 co-

2122 755 2301 804 actum
2332 749 2642 820 praedictum
2672 748 2990 821 episcopum
3020 749 3111 803 illa
3140 750 3382 819 recipere
3400 764 3523 818 qum
3549 749 3616 804 ab
3643 764 3712 805 eo

2121 840 2338 911 quidem
2367 856 2464 910 per
2491 841 2774 912 epistolam
2803 840 3017 896 fuerant
3044 842 3365 913 improbata.
3409 841 3527 897 Non
3565 843 3707 898 enim

2121 947 2189 987 ex
2218 932 2507 987 abunianti
2550 931 2826 1003 professus
2867 930 2987 989 ibas
3015 933 3283 990 diceretur
3321 933 3626 1003 episcopus,
3664 934 3711 988 si

2121 1023 2238 1093 ipsa
2281 1039 2460 1079 rerum
2487 1025 2810 1081 necessitate
2835 1034 3080 1095 cogente,
3113 1033 3172 1080 ut
3199 1033 3485 1095 appareret
3523 1025 3714 1080 ortho-

2123 1116 2318 1184 doxus,
2358 1115 2637 1173 fateretur.
2667 1116 2766 1173 Cui
2794 1118 2956 1173 etiam
2995 1116 3241 1175 dilucida:
3288 1116 3486 1171 rationi
3523 1130 3716 1172 conse-

2122 1217 2354 1277 quenter
2390 1224 2509 1279 quzc
2553 1207 2778 1265 inferius
2824 1210 3172 1265 continentur
3213 1207 3456 1277 ejusdem
3490 1207 3715 1277 judicati

2122 1301 2286 1356 verba
2329 1300 2619 1371 proﬁciunt
2642 1302 2840 1370 quibus
2867 1301 3231 1379 dicitur_(Act.
3267 1299 3354 1370 10)
3384 1318 3398 1354 :
3447 1299 3537 1357 Ita
3573 1301 3718 1355 enim

2121 1397 2233 1467 ejus
2273 1396 2599 1449 sanctitatem
2628 1394 2950 1448 laudat-imus
2984 1393 3121 1465 quod
3157 1409 3319 1464 prone
3362 1393 3591 1463 rapuerit
3628 1408 3716 1445 αι·

2124 1507 2243 1544 rare
2262 1506 2348 1544 eos
2378 1489 2464 1559 qui
2485 1488 2563 1542 uel
2588 1488 2883 1559 suspicione
2911 1490 2985 1541 vel
3014 1486 3369 1559 quoquomodo
3412 1486 3525 1557 ejus
3568 1485 3721 1541 la’de-

2124 1590 2242 1635 rent
2263 1581 2562 1651 opinionem
2588 1579 2859 1644 doctrinis,
2888 1587 2943 1634 et
2967 1586 3184 1634 cetera.
3214 1576 3291 1633 Ex
3319 1577 3516 1647 quibus
3542 1575 3721 1633 verbis

2129 1673 2466 1747 apertissime
2483 1673 2655 1729 claret
2675 1688 2742 1729 ex
2765 1671 3057 1727 abundanti
3082 1671 3186 1726 hoc
3205 1685 3421 1741 quoque
3439 1669 3586 1726 ibam
3606 1669 3723 1740 epi-

2127 1783 2355 1839 scopum
2386 1767 2551 1823 ﬁnisse
2578 1765 2883 1837 professum
2911 1780 3008 1837 per
3032 1763 3180 1835 quod
3214 1777 3321 1820 non
3353 1764 3572 1828 veritas,
3603 1762 3727 1834 quae

2127 1859 2196 1915 de
2223 1874 2292 1917 eo
2314 1858 2541 1929 probata
2571 1872 2680 1912 non
2708 1855 2911 1925 fuerat,
2932 1855 3028 1911 sed
3063 1856 3226 1910 etiam
3256 1854 3511 1925 suspicio,
3542 1852 3587 1909 si
3619 1869 3721 1924 po-

2128 1952 2319 2009 tuisset
2341 1950 2629 2017 accedere,
2647 1956 2986 2019 purgaretur.
3019 1945 3154 2002 Cum
3185 1953 3367 2001 autem
3386 1942 3613 2016 epistola
3656 1942 3727 1999 ad

2128 2041 2318 2097 Marini
2346 2039 2567 2096 Persam
2614 2039 2815 2109 scripta
2860 2053 2968 2093 non
2998 2052 3062 2092 ea
3089 2052 3208 2106 quae
3235 2034 3523 2104 quamdam
3550 2033 3729 2104 suspia

2129 2133 2341 2188 cionem
2372 2131 2629 2196 facerent,
2661 2129 2757 2185 sed
2783 2127 3128 2198 apertissima
3155 2135 3211 2182 et
3235 2125 3518 2181 manifesta
3542 2124 3723 2195 Ephe-

2128 2224 2260 2281 sium
2298 2222 2483 2293 prima:
2530 2220 2723 2293 synodi
2762 2228 2818 2274 et
2857 2217 3143 2274 duodecim
3174 2216 3534 2288 capitulorum
3580 2215 3731 2271 beati

2130 2313 2317 2387 Cyrilli
2364 2314 2573 2381 legatur
2608 2310 2834 2368 crimina
2883 2308 3181 2375 continere,
3234 2306 3435 2363 nemini
3472 2305 3625 2388 venit
3669 2305 3726 2361 iu

2130 2405 2349 2461 dubiant
2396 2405 2524 2474 quin
2572 2402 2677 2459 ibat
2721 2400 2960 2473 episcopi
3002 2401 3223 2457 minime
3266 2399 3490 2471 probata
3539 2396 3728 2454 fuisset

2132 2497 2383 2568 epistola,
2429 2495 2523 2567 qui
2554 2510 2623 2551 ex
2672 2493 2964 2550 abundanti
2988 2494 3175 2581 uetiam
3225 2491 3294 2581 de
3329 2490 3733 2581 suspicionibus

2133 2587 2270 2641 iiber
2288 2594 2538 2641 ostensus
2562 2591 2663 2639 est.
2690 2581 2758 2637 Et
2782 2579 3055 2653 quomodo
3084 2581 3152 2637 de
3178 2580 3404 2636 veritate
3433 2579 3728 2650 reprehens

2132 2676 2300 2733 sibilis
2328 2676 2456 2732 facti
2497 2676 2649 2744 argui
2693 2676 2895 2745 poterit
2922 2675 3014 2744 qui
3053 2673 3120 2730 de
3154 2674 3464 2744 suspieimte
3508 2686 3730 2744 quoque

2133 2769 2285 2825 reddi
2313 2768 2481 2824 voluit
2509 2767 2754 2823 alienus?

2206 2854 2295 2915 Vi.
2335 2858 2429 2915 His
2446 2859 2611 2928 igitur
2632 2859 2705 2915 ita
2735 2873 2795 2915 se
2821 2857 3145 2915 habentibus
3166 2866 3525 2926 congruenter
3544 2862 3599 2911 et
3620 2870 3727 2913 una

2135 2953 2432 3024 eademque
2469 2951 2731 3007 suadente
2774 2949 3002 3020 iustitia,
3039 2932 3201 3005 etiam
3233 2949 3536 3017 legatorum
3582 2947 3735 3004 sedis

2137 3045 2449 3117 apostolica:
2486 3044 2831 3100 interlocutio
2860 3043 3068 3114 prolata
3112 3042 3472 3111 subsequitur,
3509 3056 3614 3112 qua
3655 3056 3729 3097 ex-

439 3132 631 3191 meret,
655 3124 757 3180 nisi
795 3125 851 3180 in
880 3122 970 3180 illa
993 3125 1222 3196 epistola
1248 3139 1368 3195 qua:
1397 3126 1446 3181 ei
1475 3124 1688 3198 objecta
1715 3125 1893 3181 fuerat
1917 3125 2031 3180 cla-
2056 3116 2101 3176 C
2133 3116 2354 3191 δέρκεο
2404 3134 2623 3204 proprio
2676 3133 2853 3189 phoui
2906 3141 3069 3202 atque
3113 3130 3376 3188 Eustathii
3444 3132 3733 3191 vertex-ama

440 3227 585 3275 reret
611 3218 851 3291 perﬁdiae
890 3220 1100 3277 macula
1142 3234 1304 3290 quam
1347 3221 1566 3279 vitabat.
1601 3220 1829 3276 Constat
1869 3221 2033 3288 igitur

440 3322 496 3369 et
522 3315 639 3385 ejus
667 3330 775 3371 non
803 3330 924 3372 esse
957 3315 1242 3385 epistolam
1272 3331 1393 3386 qua:
1421 3315 1638 3399 levitate
1666 3314 2032 3370 accusantium

440 3405 656 3476 objecta
685 3407 948 3473 tinuatur,
978 3417 1033 3464 et
1063 3407 1183 3464 fidei
1214 3416 1378 3465 recta:
1404 3407 1803 3470 adversariam;
1844 3415 2032 3463 contra

440 3496 595 3568 cujus
637 3497 999 3568 objectionem
1026 3515 1095 3554 ex
1135 3498 1338 3569 scripto
1384 3506 1530 3553 recta
1565 3498 1694 3554 fides
1721 3497 2032 3568 opponitur.

444 3586 648 3645 Rursus
679 3599 1079 3660 consequenter
1118 3599 1177 3647 ct
1221 3590 1522 3647 evidentius
1568 3590 1634 3644 ad
1664 3589 1770 3647 ihzr.
1798 3590 2035 3661 episcopi

444 3679 820 3748 purgationem
879 3681 932 3735 in
988 3680 1179 3736 eodem
1228 3681 1488 3739 astruitur
1509 3679 1806 3748 judicatum
1855 3678 2034 3751 [forte,

437 3768 704 3842 judicato]
729 3770 874 3839 quod
905 3769 1024 3826 luas
1062 3770 1349 3840 episcOpus
1394 3784 1462 3825 ex
1497 3768 1787 3823 abundanti
1836 3772 2036 3840 promi-

441 3861 577 3917 sisse
624 3869 953 3918 memoratur
990 3859 1272 3915 manifeste
1306 3859 1749 3914 anathematizare
1793 3861 2036 3931 maligna:

443 3955 723 4025 impietatis
743 3956 1028 4025 principem
1048 3951 1371 4017 Nestorium,
1392 3962 1441 4006 et
1461 3968 1550 4006 eos
1577 3952 1663 4024 qui
1689 3952 1820 4005 sicut
1843 3952 1930 4007 ille
1950 3968 2037 4006 sa-

440 4045 612 4112 piunt.
640 4043 719 4098 vel
736 4044 825 4114 qui
850 4042 997 4099 libris
1017 4052 1109 4097 aut
1133 4043 1391 4097 codicibus
1428 4043 1543 4113 ejus
1579 4050 1821 4107 utuntur;
1853 4042 2039 4098 habere

441 4142 615 4187 autem
634 4150 690 4188 se
718 4135 896 4189 omnia
931 4151 1046 4207 qua:
1075 4134 1377 4205 placuerunt
1423 4134 1477 4188 in
1516 4131 1780 4204 Epltcsino
1818 4133 2038 4188 concilio

441 4223 581 4294 quod
607 4241 640 4276 a
678 4234 862 4280 sancto
890 4224 1090 4294 Spiritu
1121 4224 1439 4292 movebatur,
1485 4223 1712 4295 nihilque
1741 4240 1776 4277 a
1817 4222 2038 4279 Nirwno

442 4314 480 4368 ὀ
500 4314 657 4385 πέντε
672 4314 851 4390 Morte,
872 4315 1389 4390 dili'erret}concilio.
1411 4315 1579 4372 Porro
1609 4324 1789 4372 autem
1810 4316 2037 4388 epistola

442 4418 565 4475 qua:
592 4408 659 4463 ad
690 4406 880 4464 Marini
910 4406 1130 4465 Persam
1177 4409 1376 4479 schpta
1406 4407 1685 4477 rciegitur,
1727 4423 1835 4462 non
1863 4407 2035 4463 solum

2134 3228 2266 3284 lium
2313 3228 2709 3299 episcoporum,
2767 3235 2875 3281 tam
2913 3226 2981 3282 de
3028 3226 3111 3281 his
3134 3240 3257 3296 qua:
3284 3239 3357 3282 ex
3392 3226 3594 3296 scripto
3634 3241 3731 3285 aea

2134 3328 2412 3377 cusatores
2460 3320 2745 3379 dederunt,
2790 3334 2953 3388 quam
3001 3316 3071 3374 de
3118 3319 3201 3373 his
3234 3332 3359 3387 quae
3395 3317 3536 3372 inter
3572 3325 3735 3386 gesta

2136 3411 2301 3466 locuti
2355 3418 2497 3476 sunt,
2549 3411 2601 3465 id
2639 3420 2722 3466 est
2768 3411 2837 3465 ab
2883 3410 3029 3465 omni
3086 3411 3434 3466 accusatione
3485 3409 3735 3481 inculpad

2133 3501 2297 3557 bilem
2324 3512 2383 3557 et
2420 3502 2646 3557 liberum
2685 3500 2833 3557 ibam
2860 3501 3123 3557 fateretur
3144 3502 3454 3573 episcopum
3478 3501 3732 3572 reperiri,

2137 3603 2193 3650 et
2241 3594 2294 3649 id
2343 3594 2714 3649 tantummodo
2763 3594 3019 3664 postulat,
3081 3604 3139 3649 ut
3171 3603 3350 3649 utrum
3401 3594 3728 3649 sententiam

2139 3702 2295 3740 suam
2369 3685 2592 3739 Photius
2637 3694 2798 3753 atque
2855 3683 3165 3740 Eustathius
3228 3684 3562 3739 venerabiles
3628 3682 3727 3737 viri

2137 3785 2546 3846 cognoscerent,
2594 3791 2690 3830 sua
2741 3775 3077 3846 professione
3108 3777 3401 3844 signarent.
3451 3774 3529 3830 Ita
3581 3774 3733 3830 enim

2136 3882 2197 3924 se
2242 3868 2407 3924 habet
2449 3868 2586 3939 (Act.
2637 3867 2691 3936 9)
2728 3885 2740 3919 :
2797 3866 3149 3922 Pass/insinua
3194 3877 3247 3921 et
3281 3868 3462 3939 reliqui
3499 3866 3730 3937 episcopi

2137 3977 2228 4033 per
2262 3958 2618 4030 presbyterum
2656 3959 2954 4026 apostolica
2979 3959 3119 4012 sedis
3138 3958 3388 4012 dixerunt
3423 3973 3440 4011 :
3481 3956 3729 4012 Sanctis-

2136 4053 2256 4108 simi
2292 4052 2518 4121 episcopi
2563 4050 2651 4120 qui
2685 4049 2885 4103 decreto
2923 4051 3132 4119 proprio
3182 4058 3231 4103 et
3272 4048 3634 4119 inculpabilem
3676 4056 3731 4101 et

2137 4143 2279 4199 omni
2299 4143 2626 4197 accusatione
2646 4139 2862 4195 liberum
2889 4138 3041 4194 Ibant
3065 4140 3526 4194 recerentissinutm
3551 4137 3728 4192 decla-

2136 4243 2340 4297 rarunt,
2370 4235 2416 4289 si
2444 4233 2707 4302 propriam
2743 4231 3049 4285 sententiam
3084 4237 3455 4301 recognoscant
3498 4228 3728 4283 edicunt.

2140 4324 2363 4381 Photius
2386 4323 2825 4380 reuerentissimus
2863 4323 3132 4393 episcopus
3175 4321 3299 4393 Tyri
3338 4321 3511 4377 dixit:
3548 4319 3730 4375 Etiam

2140 4426 2374 4473 nostrum
2400 4425 2477 4471 est
2500 4414 2779 4469 decretum.
2817 4412 3124 4469 Eustathius
3156 4414 3593 4469 reuerentissimus
3617 4414 3701 4482 cpi
3728 4444 3732 4449 ο

445 4514 555 4555 non
602 4500 806 4558 habere
846 4514 968 4571 qua:
1022 4502 1077 4557 in
1115 4500 1391 4571 Ephesino
1419 4500 1596 4571 primo
1626 4500 1857 4556 concilio
1883 4508 2036 4569 gesta
2065 4497 2117 4557 D
2140 4523 2324 4579 scapus
2348 4505 2522 4577 Beryti
2542 4505 2715 4560 dixit:
2748 4503 2873 4559 Mea
2908 4513 2985 4560 est
3024 4502 3360 4575 subscriptio;
3397 4511 3455 4560 et
3498 4503 3728 4573 reliqua.

442 4596 589 4655 sunt,
619 4590 717 4646 sei
744 4591 908 4646 etiam
935 4592 1083 4662 gravi
1125 4591 1499 4648 exsecratione
1526 4590 1798 4660 respuisse
1825 4597 1881 4644 et
1909 4604 2041 4645 con-

445 4681 733 4738 demnasse
757 4690 1088 4739 monstratur
1118 4701 1132 4737 :
1162 4684 1364 4754 quippe
1390 4698 1514 4738 cum
1544 4690 1601 4737 et
1625 4680 1931 4737 Nestorium
1954 4680 2041 4751 ju-

447 4770 588 4828 dicio
610 4781 667 4829 et
700 4773 1181 4843 inquisitionemon
1208 4776 1347 4831 facta
1374 4781 1641 4830 memoret
1667 4787 1790 4831 esse
1818 4772 2041 4828 damna-

450 4874 583 4930 tum,
613 4871 669 4920 et
689 4864 905 4920 beatum
925 4864 1183 4937 Cyrillum
1210 4865 1262 4920 in
1284 4864 1608 4935 Apollinaris
1633 4863 1878 4919 haeresim
1908 4863 2042 4919 inci-

446 4959 611 5026 d'sse,
664 4966 722 5014 et
761 4958 815 5014 ei
867 4958 1059 5014 similia
1101 4958 1381 5028 scripsisse
1432 4956 1729 5028 pertinacia
1780 4954 2042 5025 sacrilego

448 5046 627 5123 Πομ-ιε,
653 5049 915 5120 pertinaci
939 5065 1003 5105 ac
1030 5046 1317 5120 sacrilego]
1339 5064 1526 5105 errore
1548 5047 1793 5115 defirniat,
1822 5057 1880 5102 et
1902 5048 2040 5102 duo-

448 5143 621 5198 decizn
662 5141 809 5198 beati
835 5141 1016 5215 Cyriili
1043 5141 1274 5213 capitula
1300 5141 1444 5197 omni
1488 5142 1764 5212 impietate
1802 5141 1958 5211 plena
1984 5150 2042 5195 et

449 5240 614 5286 recta;
633 5232 757 5289 ﬁdei
775 5234 1045 5290 contraria
1067 5241 1445 5304 nuncupasset.
1470 5230 1624 5288 Unde
1642 5233 2043 5289 evidentissime

450 5320 756 5379 declaratur
800 5325 927 5395 quia
977 5339 1042 5380 ex
1093 5324 1430 5395 professione
1475 5323 1581 5380 ibat
1630 5324 1892 5394 episcOpi,
1947 5342 2043 5394 per

451 5425 614 5483 quam
647 5428 713 5469 ex
740 5417 1054 5484 abundanti,
1085 5424 1145 5472 ut
1170 5423 1491 5475 attestantur
1518 5415 1747 5488 judices,
1796 5418 2040 5472 universa

450 5511 573 5574 quae
599 5505 656 5561 in
692 5503 959 5576 Ephesino
995 5508 1172 5580 primo
1198 5509 1431 5565 concilio
1458 5516 1607 5577 gesta
1651 5516 1777 5562 sunt
1822 5522 2042 5565 servare

454 5598 778 5671 etrecipere
802 5599 1105 5669 profitetur,
1144 5602 1270 5670 quia
1299 5600 1416 5671 ejus
1441 5600 1601 5657 fuerit
1629 5600 1914 5670 epistolam
1942 5600 2042 5655 de»

454 5697 728 5758 negatam.
758 5687 892 5745 Nam
918 5688 968 5747 si
991 5688 1109 5758 ejus
1133 5703 1255 5746 esse
1282 5691 1617 5748 constitisset
1644 5690 1927 5761 epistolam
1944 5731 1958 5755 ,
1988 5690 2041 5745 in

459 5790 586 5850 una,
614 5789 672 5837 ut
698 5781 901 5839 dictum
927 5788 1029 5852 est,
1069 5778 1335 5852 Ephesius
1372 5782 1544 5855 prima
1588 5782 1823 5856 synodus
1868 5782 2043 5854 impu-
2101 5779 2109 5786 ’

2140 4597 2221 4655 Ex
2248 4613 2353 4668 qua
2391 4597 2738 4667 inquisitione
2779 4612 2901 4652 cum
2931 4597 3303 4654 tantummodo
3347 4596 3418 4653 de
3461 4611 3729 4667 recogno-

2140 4690 2341 4746 scenda
2374 4689 2639 4745 sententia
2669 4688 2880 4758 judices
2908 4688 3263 4755 monuissent,
3295 4689 3426 4744 nihil
3449 4688 3520 4745 de
3555 4689 3734 4759 quali-

2143 4787 2253 4836 tate
2283 4781 2566 4837 sententia:
2591 4780 2916 4846 dubitantes,
2959 4780 3068 4837 imo
3105 4782 3270 4837 etiam
3293 4781 3420 4850 quia
3462 4797 3564 4853 per
3606 4797 3733 4842 eam

2139 4873 2262 4930 ibas
2289 4875 2575 4946 episcopus
2602 4874 2740 4930 iiber
2762 4875 2831 4929 ab
2851 4874 3000 4930 omni
3028 4874 3371 4931 accusatione
3391 4875 3642 4930 inventus
3658 4875 3734 4931 sit

2143 4965 2526 5036 approbantes,
2556 4964 2789 5021 dilucide
2828 4973 3123 5036 aperteque
3150 4974 3482 5021 monstratur
3509 4965 3731 5022 decreto

2141 5054 2529 5109 venerabilium
2598 5052 2776 5108 Photii
2826 5062 2989 5124 atque
3034 5052 3301 5109 Eustathii
3347 5055 3730 5125 episcoporum

2142 5146 2303 5200 etiam
2354 5146 2651 5214 legatorum
2681 5147 2995 5217 apostolicae
3037 5148 3179 5203 sedis
3208 5148 3611 5204 indubitabilem
3639 5164 3732 5205 ac-

2140 5240 2368 5295 cessisse
2395 5254 2737 5305 consensum,
2764 5239 2914 5308 quia,
2941 5238 3081 5294 sicut
3109 5238 3316 5294 dictum
3357 5250 3459 5304 est,
3491 5243 3559 5296 ab
3580 5243 3729 5296 omni

2141 5330 2488 5386 accusatione
2514 5330 2651 5385 liber
2691 5329 2810 5385 ibas
2837 5331 3129 5386 exstitisset
3155 5325 3461 5403 episcopus.
3508 5332 3731 5387 Relecto

2142 5417 2325 5489 itaque
2355 5418 2530 5473 Pbotii
2560 5427 2722 5489 atque
2743 5417 3005 5474 Eustatbii
3033 5420 3430 5491 episcoporum,
3459 5422 3602 5491 quod
3631 5438 3730 5491 pro

2142 5523 2203 5563 se
2229 5509 2349 5564 ibas
2377 5510 2664 5579 episcopus
2683 5510 2924 5580 protulit,
2951 5510 3192 5579 judicato
3218 5522 3275 5567 et
3302 5513 3370 5568 ab
3400 5512 3601 5567 eisdem
3636 5512 3728 5580 ju-

2143 5598 2371 5665 dicibus,
2399 5600 2535 5656 sicut
2560 5613 2721 5670 supra
2749 5599 2951 5656 dictum
2979 5611 3079 5669 est,
3126 5604 3351 5675 repetita
3394 5603 3729 5675 professione

2144 5693 2440 5763 recognito,
2473 5710 2594 5750 cum
2639 5696 2692 5750 in
2732 5695 3150 5767 subsequentem
3190 5698 3333 5754 diem
3379 5698 3448 5753 de
3495 5715 3724 5769 persona

2145 5783 2384 5853 ejusdem
2409 5783 2514 5841 ibas
2543 5784 2779 5858 cpiscOpi
2808 5785 2996 5844 fuisset
3020 5788 3256 5859 cognitio
3282 5788 3515 5862 notata,
3541 5801 3724 5845 rursus
