4074 6188
469 340 569 397 155

1659 323 1886 383 \'IGII.II
1913 325 2015 380 PP.
2054 311 2535 378 CONSTITUTUII

3639 291 3740 359 tas

469 463 806 525 negaturum.
838 450 1120 518 Nunquam
1161 444 1303 501 enim
1341 449 1624 500 accusator
1653 442 1840 498 iisdem
1866 454 2052 496 rursus
2079 448 2123 496 A
2155 433 2388 488 ﬁrmavit
2417 430 2762 501 episcopum?
2789 419 2914 482 llaec
2939 435 3150 495 quoque
3177 422 3228 493 ip
3248 438 3288 476 'c
3312 417 3739 488 Photiusiudex.

469 549 526 602 in
577 545 886 616 cognitione
936 540 1244 598 sedentibus
1286 537 1434 593 Ibam
1479 537 1795 608 episcopum
1846 536 2052 591 diceret

468 645 808 707 negaturum,
835 635 880 690 si
910 631 1051 704 apud
1080 647 1176 686 eos
1207 631 1261 685 in
1293 630 1476 701 priore
1496 627 1700 698 judicio
1740 628 1901 682 sciret
1936 627 2049 695 jam

469 729 633 784 fuisse
652 725 979 784 confessum.
1005 722 1252 778 Posthtcc
1278 736 1399 775 cum
1437 719 1784 774 interlocutio
1808 718 2048 787 judicum

468 820 523 875 in
549 817 890 876 Chalcedona
930 813 1280 870 residentium
1327 818 1595 880 quaereret
1622 811 1689 864 ab
1715 808 2051 865 accusatori-

467 915 571 971 bus
596 913 702 968 Iba‘e
729 909 967 982 episcopi
991 915 1170 962 utrum
1190 904 1424 974 scriptas
1449 901 1795 974 probationes
1810 901 2051 972 praebere

466 1005 537 1061 de
573 1019 634 1060 re
657 1004 834 1074 aliqua
871 999 1190 1070 potuissent,
1220 994 1550 1064 Theophilus
1577 993 1837 1048 diaconus
1868 992 2002 1046 dixit
2034 1009 2048 1044 :

467 1093 654 1150 Habeo
676 1100 1006 1149 monumenta
1033 1105 1147 1162 qua
1165 1104 1319 1159 super
1331 1087 1439 1141 lucc
1465 1093 1607 1157 gesta
1627 1092 1745 1137 sunt
1765 1083 1818 1137 in
1841 1083 2050 1154 Beryto,

467 1195 518 1243 et
537 1203 652 1260 qua:
677 1188 733 1240 in
762 1183 990 1255 Epheso,
1016 1189 1072 1236 et
1099 1189 1314 1236 cmtera.

537 1275 630 1331 IX.
664 1271 1206 1329 Animadvertendum
1253 1278 1337 1325 est
1375 1268 1538 1338 igitur
1563 1267 1706 1338 quod
1738 1266 1870 1322 nihil
1909 1264 2051 1321 aliud

467 1378 657 1427 contra
678 1367 824 1423 Ibam
850 1366 1163 1436 episcopum
1192 1361 1480 1416 adversarii
1504 1358 1620 1428 ejus
1635 1357 1779 1427 quod
1811 1358 1862 1412 in
1893 1356 2054 1413 Chal“

466 1460 756 1519 cedonensi
780 1457 1088 1530 proferrent
1107 1453 1314 1528 synodo
1342 1468 1402 1508 se
1429 1453 1630 1507 habere
1658 1451 1928 1517 dixerunt,
1953 1449 2052 1504 nisi

466 1566 531 1608 ea
559 1565 680 1620 quae
707 1547 848 1620 apud
879 1545 1128 1601 Photium
1176 1551 1232 1599 et
1263 1540 1619 1596 'Eustathium
1674 1540 1959 1610 episcopos
1999 1550 2054 1596 et

465 1648 658 1713 postea
686 1639 740 1694 in
768 1637 1037 1708 Ephesina
1056 1633 1292 1690 secunda
1312 1632 1382 1688 de
1409 1647 1476 1687 eo
1497 1639 1623 1687 sunt
1647 1630 1831 1685 habita
1858 1647 2056 1686 monu-
2133 1675 2141 1689 .

471 1740 679 1789 menta.
711 1729 790 1784 Ex
813 1745 921 1799 quo
950 1734 1176 1799 apparet
1220 1740 1327 1780 non
1361 1723 1464 1778 sibi
1494 1737 1589 1778 eos
1612 1721 1883 1792 judicasse
1906 1719 2058 1777 suffi-

2149 527 2289 596 apud
2318 539 2478 593 quem
2507 521 2714 592 pridem
2746 527 2954 588 gestum
2989 517 3160 572 fuerat
3187 517 3452 569 confitens
3475 513 3601 581 quia
3632 529 3742 565 non

2149 616 2428 671 convictus
2475 623 2617 669 esset
2657 611 2776 667 lbcs
2823 611 3127 681 episcopus,
3171 623 3294 662 eum
3342 604 3530 677 procul
3575 605 3742 660 dubio

2149 721 2268 775 qua:
2297 705 2508 774 objecta
2555 714 2681 758 sunt
2729 716 2952 770 negasse
2997 699 3263 754 testetur?
3291 695 3462 763 Quam
3491 694 3737 764 negatio-

2151 815 2275 855 nem
2321 798 2552 852 maxime
2581 797 2646 850 ad
2676 795 2956 866 epistolam
3005 809 3125 862 quae
3166 792 3228 844 ad
3281 789 3466 844 Marim
3517 787 3743 844 Persam

2151 891 2348 959 scripta
2401 889 2595 956 legitur
2641 887 2911 957 pertinere
2951 883 3288 952 seqnentium
3337 879 3576 935 declarat
3603 879 3745 935 ordo

2151 991 2443 1051 gestorum.
2476 979 2607 1033 Nam
2633 994 2755 1033 cum
2805 976 2873 1030 ad
2909 975 3290 1031 documentum
3319 988 3506 1027 eorum
3537 987 3657 1042 qum
3688 971 3741 1025 in

2145 1072 2352 1143 judicio
2404 1069 2581 1124 Photii
2612 1077 2667 1124 et
2713 1066 2980 1122 Eustathii
3017 1081 3083 1119 ex
3131 1065 3335 1134 scripto
3374 1061 3655 1125 dederant,
3687 1060 3743 1114 id

2152 1171 2256 1231 est,
2281 1162 2404 1232 quia
2435 1161 2781 1216 Nestorianus
2810 1166 2975 1226 esset,
3005 1164 3061 1211 et
3101 1157 3319 1211 beatum
3347 1152 3606 1225 Cyrillum
3644 1168 3745 1222 ap-

2153 1256 2408 1330 pellasset
2445 1248 3170 1319 haereticum,blasphemias
3221 1246 3339 1300 illas
3389 1244 3745 1315 protulissent

2153 1362 2286 1418 quas
2312 1360 2372 1400 se
2392 1343 2653 1415 putabant
2681 1341 2905 1396 testibus
2925 1339 3266 1410 probaturos,
3297 1335 3350 1390 id
3373 1342 3476 1402 est,
3501 1331 3627 1387 Non
3657 1333 3743 1386 in-

2153 1439 2298 1495 video
2337 1437 2542 1491 Christo
2583 1433 2692 1488 Deo
2731 1435 2877 1504 facto
2909 1431 3046 1502 (Act.
3080 1428 3200 1500 ‘10),
3235 1436 3290 1483 et
3315 1426 3620 1499 reprobatis
3656 1431 3742 1479 te-

2154 1532 2326 1586 stibus
2354 1528 2486 1584 nihil
2514 1542 2584 1582 ex
2610 1525 2695 1580 his
2720 1521 3007 1579 ostendere
3041 1519 3375 1591 potuissent,
3406 1516 3474 1571 ad
3500 1516 3588 1570 illa
3618 1528 3744 1586 quae

2155 1623 2362 1694 pridem
2383 1635 2452 1676 ex
2473 1618 2676 1689 scripto
2696 1614 2957 1672 dederant
2993 1613 3304 1677 redeuntes,
3327 1610 3432 1664 hoc
3453 1607 3596 1677 quod
3623 1603 3742 1670 epi-

2155 1712 2296 1768 stola
2339 1711 2408 1766 ad
2434 1708 2625 1763 Marim
2656 1705 2875 1762 Persam
2903 1703 3107 1774 scripta
3131 1702 3370 1756 continet
3398 1697 3738 1766 objecerunt,

462 1840 612 1891 cere,
641 1825 748 1878 imo
777 1831 966 1878 contra
1011 1836 1072 1876 se
1116 1819 1350 1874 futurum
1370 1815 1551 1888 potius
1568 1817 1885 1882 :estimasse,
1907 1817 1954 1875 si
1981 1831 2044 1872 ea
2077 1819 2121 1878 Β
2155 1805 2212 1860 id
2259 1811 2364 1873 est,
2392 1803 2519 1873 quia
2564 1800 2737 1856 beata:
2782 1796 3057 1853 memoria:
3077 1793 3333 1866 Cyrillum
3370 1799 3426 1846 et
3451 1787 3739 1844 duodecim

464 1913 838 1970 tantummodo
859 1926 980 1981 quac
999 1909 1137 1982 apud
1161 1917 1492 1965 memoratos
1511 1903 1762 1962 Photium
1783 1915 1838 1962 et
1857 1906 2051 1963 Eusta-

463 2005 631 2061 thium
661 2005 946 2075 episcopos
973 2001 1230 2057 adversus
1255 1999 1403 2054 Ibam
1425 1999 1734 2070 episcopum
1755 2006 1906 2068 gesta
1925 2007 2052 2054 sunt

461 2099 785 2167 legerentur,
819 2096 871 2150 in
895 2095 1090 2164 quibus
1121 2107 1295 2162 neque
1321 2093 1547 2149 testibus
1574 2107 1752 2163 neque
1777 2107 1875 2147 sua
1902 2108 2054 2148 mon-

459 2187 732 2243 strabatur
759 2183 1099 2240 confessione
1123 2181 1422 2248 convictus,
1455 2181 1560 2236 nisi
1604 2189 1661 2236 et
1697 2195 1763 2236 ea
1807 2180 2052 2252 proferre

458 2292 578 2350 qua:
611 2277 815 2332 nefarie
856 2276 910 2330 in
958 2273 1196 2330 secunda
1242 2271 1509 2343 Ephesius
1540 2271 1748 2344 synodo
1775 2280 1896 2328 acta
1925 2281 2053 2328 sunt

459 2366 854 2438 poposcissent,
884 2365 940 2419 in
997 2363 1193 2433 quibus
1246 2363 1352 2417 illis
1395 2361 1721 2418 falsitatibus
1768 2369 2053 2419 uterentur

457 2459 552 2531 qui
578 2457 723 2513 Ibam
750 2458 1063 2528 episcopum
1088 2453 1371 2524 epistolam
1417 2470 1538 2525 qua:
1582 2453 1652 2508 ad
1705 2453 1895 2510 Marim
1922 2453 2054 2510 Per-

459 2564 575 2606 sam
604 2549 804 2618 scripta
851 2555 936 2602 est
973 2545 1308 2601 mendaciter
1330 2560 1483 2599 suam
1510 2560 1630 2600 esse
1650 2544 1902 2601 dixerunt
1920 2561 2053 2602 eon-

460 2637 682 2694 fessum.
705 2636 925 2692 Certum
950 2643 1035 2691 est
1053 2635 1214 2704 igitur
1241 2634 1444 2688 nullum
1473 2633 1730 2691 adversus
1757 2635 1904 2690 Ibam
1926 2652 2050 2706 pro-

461 2731 714 2799 bationis,
739 2737 799 2785 ut
826 2729 1108 2800 putabant,
1133 2729 1386 2784 habuisse
1431 2727 1549 2799 ejus
1587 2728 1930 2785 adversarios
1951 2730 2052 2786 do-

459 2829 770 2877 cumentum
788 2862 804 2888 ,
837 2819 939 2874 nisi
967 2819 1070 2875 hoc
1098 2817 1440 2875 solummodo
1469 2817 1615 2887 quod
1642 2817 1694 2872 in
1717 2818 1806 2872 illa
1837 2834 1944 2874 non
1970 2820 2053 2875 di-

459 2909 632 2966 cenda
672 2907 880 2980 synodo
921 2907 1206 2962 adversum
1254 2921 1315 2962 se
1362 2905 1486 2962 Ibas
1530 2906 1819 2977 episcopus
1844 2922 1944 2978 per
1969 2910 2052 2964 sui

459 3001 757 3058 absentiam
804 2989 1000 3054 astruit
1043 2996 1210 3055 fuisse
1262 2995 1574 3062 confictum,
1603 2996 1751 3066 quod
1780 2997 1834 3052 in
1863 3007 2051 3054 sancta

458 3089 887 3147 Chalcedonensi
935 3088 1144 3161 synodo
1188 3088 1488 3144 residentes
1533 3087 1742 3158 iudices
1782 3090 1862 3144 rei
1909 3091 2054 3146 veri-

2154 1899 2272 1969 ejus
2293 1897 2527 1968 capitula
2556 1893 2882 1964 appellasset
2911 1888 3182 1944 haeretica.
3207 1885 3305 1941 Cui
3336 1884 3481 1939 Patri
3511 1883 3742 1939 Photius

2153 2000 2317 2063 atque
2336 1989 2647 2046 Eustathius
2671 1985 2882 2058 judices
2905 2027 2921 2053 ,
2950 1985 3088 2040 sicut
3109 1981 3358 2052 superius
3384 1976 3486 2049 ipsi
3506 1972 3740 2046 professi

2151 2093 2296 2149 sunt,
2318 2083 2622 2153 diligentius
2649 2078 3041 2141 incumbentes,
3071 2073 3233 2130 modo
3288 2071 3356 2126 ab
3403 2067 3598 2124 eodem
3645 2063 3738 2118 Iba

2153 2177 2408 2248 episcopo
2429 2182 2862 2247 perscrutantes,
2893 2168 3057 2225 modo
3099 2164 3448 2238 probationes
3477 2162 3545 2216 ab
3573 2172 3739 2213 accu-

2152 2271 2423 2328 satoribus
2478 2269 2776 2337 exigentes,
2829 2272 3007 2319 utrum
3049 2257 3250 2329 aliquid
3302 2263 3428 2326 post
3471 2253 3738 2308 unitatem

2152 2361 2518 2418 Ecclesiarum
2567 2359 2761 2414 factam
2811 2355 2864 2410 in
2913 2349 3304 2410 obtrectatione
3333 2344 3477 2400 beati
3497 2341 3681 2413 Cyrilli
3708 2355 3740 2393 a

2153 2451 2442 2523 saepedicto
2495 2449 2587 2504 Iba
2642 2447 2901 2517 episcopo
2943 2442 3147 2496 dictum
3189 2438 3278 2504 sit,
3309 2436 3660 2490 vehementer
3685 2437 3742 2484 et

2153 2542 2496 2613 sagacissime
2533 2538 2915 2609 quaesiverunt.
2974 2531 3270 2586 Adversum
3317 2539 3438 2595 qua:
3484 2523 3600 2576 Ibas
3645 2535 3739 2574 re-

2153 2639 2423 2710 spondens
2453 2635 2741 2706 episcopus
2769 2630 3018 2688 omnibus
3046 2623 3453 2695 exceptionibus
3479 2620 3590 2675 suis
3615 2631 3738 2672 eam

2153 2746 2274 2802 qua:
2302 2730 2369 2785 ad
2399 2728 2584 2782 Marim
2634 2724 2850 2781 Persam
2899 2723 3100 2792 scripta
3153 2719 3348 2786 legitur
3405 2710 3743 2782 impugnavit

2159 2820 2468 2891 epistolam,
2500 2815 2795 2871 asserendo
2840 2813 2965 2883 quia
3017 2819 3144 2881 post
3188 2809 3448 2862 unitatem
3472 2813 3527 2859 et
3550 2816 3741 2872 pacem

2154 2890 2296 2966 inter
2318 2911 2533 2964 beatum
2556 2905 2814 2977 Cyrillum
2844 2911 2901 2957 et
2927 2899 3227 2956 Orientales
3254 2898 3448 2951 tactam
3491 2893 3546 2948 in
3590 2890 3740 2946 nullo

2151 3003 2314 3057 beato
2334 2998 2534 3072 Cyrillo
2562 2997 2894 3066 derogasset.

2223 3091 2290 3147 X.
2319 3091 2488 3147 Porro
2509 3098 2687 3144 autem
2717 3087 3000 3158 smpedicla
3047 3083 3114 3139 ad
3158 3081 3346 3136 Marim
3370 3079 3585 3134 Persam
3607 3077 3746 3134 scri-

459 3191 574 3240 tate
610 3181 842 3254 permoti
889 3187 1034 3244 sunt,
1066 3178 1496 3234 interlocutionis
1517 3178 1728 3247 justitia
1767 3179 2050 3236 submove-
2073 3195 2119 3258 C
2151 3195 2245 3256 pta
2290 3181 2518 3253 epistola
2557 3181 2670 3250 jam
2713 3184 2838 3249 post
2867 3177 3125 3232 unitatem
3166 3185 3464 3244 pacemque
3485 3168 3740 3224 Ecclesiis

459 3282 604 3341 runt,
634 3274 1030 3343 interrogantes
1072 3269 1407 3325 Thalassium
1436 3277 1600 3338 atque
1625 3267 1916 3326 Eusebium
1938 3270 2049 3342 epi-

459 3379 678 3435 scopos,
705 3364 796 3433 qui
830 3371 961 3418 tunc
1008 3361 1061 3417 in
1089 3361 1325 3417 secunda
1354 3359 1622 3430 Ephesina
1655 3375 1777 3416 cum
1804 3361 1924 3416 aliis
1951 3360 2047 3415 ad-

461 3455 698 3522 fuerunt,
729 3463 910 3509 utrum
932 3468 1120 3509 eorum
1151 3453 1477 3508 audientiam
1507 3467 1746 3522 praesens
1767 3451 1890 3508 Ibas
1918 3451 2047 3508 fuis-

459 3556 545 3605 set
577 3551 850 3618 expertus.
881 3545 985 3614 Qui
1029 3546 1279 3601 dixerunt
1317 3548 1455 3616 (Act.
1489 3543 1578 3614 I0)
1622 3563 1634 3598 :
1673 3541 1798 3599 Non
1840 3543 2041 3600 aderat.

459 3639 574 3708 Qua
597 3638 950 3708 responsione
987 3635 1225 3706 cognita,
1255 3633 1560 3690 Orientales
1598 3643 1654 3691 et
1692 3633 1905 3690 Pontici
1926 3633 2045 3704 epi-

457 3730 608 3800 scopi
635 3729 688 3784 in
713 3727 1138 3784 Chalcedonensi
1167 3727 1399 3782 concilio
1419 3726 1790 3781 clamaverunt
1814 3743 1828 3779 :
1854 3723 2048 3780 Absen-

459 3833 561 3879 tem
589 3822 761 3876 nullus
789 3819 1003 3874 addicit.
1029 3818 1270 3886 Quorum
1327 3817 1675 3874 interlocutio
1718 3818 1794 3872 ita
1836 3817 2048 3888 prolata
2083 3859 2086 3862 .

458 3929 522 3970 ea
552 3928 672 3984 quae
699 3911 956 3966 adversus
971 3909 1120 3965 Ibam
1142 3909 1456 3980 episcopum
1483 3908 1536 3962 in
1566 3906 1801 3964 secunda
1817 3907 2046 3978 Ephesi-

459 4023 530 4063 na
577 4017 728 4074 gesta
779 4013 930 4067 sunt,
952 4002 1229 4058 evidenter
1256 4009 1502 4068 evacuat,
1530 3999 1597 4056 ad
1620 3999 1856 4066 illorum,
1888 4000 1941 4054 id
1966 4009 2050 4058 est

461 4095 636 4152 Photii
683 4105 739 4152 et
777 4095 1063 4159 Eustathii,
1111 4100 1506 4164 consequenter
1559 4106 1722 4148 omne
1770 4091 2050 4150 remittens

461 4195 584 4243 acta
613 4187 908 4257 negotium,
939 4201 1170 4255 quorum
1207 4185 1320 4254 jam
1367 4183 1633 4240 sententia
1661 4183 1810 4239 Ibam
1838 4174 2050 4255 epiSco-

461 4295 589 4350 pum
620 4287 882 4336 noverant
909 4275 1233 4333 absolutum.
1275 4275 1429 4343 Quod
1476 4277 1530 4332 in
1558 4278 1909 4348 sequentibus
1935 4270 2050 4334 evi-

460 4369 710 4426 dentiore
750 4368 1011 4439 judicium
1037 4366 1457 4422 interlocutione
1477 4367 1743 4436 signatur,
1774 4367 1869 4438 qui
1896 4376 2047 4437 gesta

464 4461 668 4518 nefaria
696 4461 946 4517 secundae
983 4458 1267 4530 Ephesium
1308 4459 1501 4532 synodi
1542 4467 1736 4516 contra
1762 4459 1910 4515 Ibam
1932 4461 2050 4530 epi-

463 4566 687 4624 scOpum
717 4568 815 4622 pro
860 4552 1232 4608 exsecratione
1259 4559 1422 4622 atque
1449 4551 1733 4608 mendacio
1753 4553 1836 4608 sui
1864 4552 2047 4608 habita
2077 4572 2126 4632 υ

463 4643 634 4713 relegi
654 4651 959 4698 vetuerunt.
984 4643 1116 4697 Nam
1145 4651 1205 4697 ut
1223 4643 1462 4712 apertius
1489 4642 1864 4698 manifestetur
1891 4643 2050 4698 intel-

465 4734 558 4804 ligi
586 4733 732 4790 Ibam
762 4733 1078 4804 episcopum
1107 4734 1356 4788 universa
1385 4747 1504 4803 qua:
1537 4733 1605 4788 ab
1644 4733 1968 4790 adversariis
1995 4734 2051 4790 in

462 4829 666 4901 judicio
707 4826 886 4883 Photii
927 4834 1092 4895 atque
1128 4825 1392 4880 Eustathii
1420 4826 1813 4897 episcoporum
1841 4826 2053 4896 objecta

465 4923 699 4991 fuerant,
721 4930 776 4977 et
798 4935 941 4977 nunc
979 4921 1034 4975 in
1058 4927 1246 4975 sancto
1283 4918 1707 4974 Chalcedonensi
1728 4919 1960 4976 concilio
1985 4934 2054 4976 ex

468 5016 631 5084 gestis
653 5029 775 5084 quae
802 5011 1135 5083 Theophilus
1178 5010 1491 5082 proferebat
1543 5009 1850 5080 objicienda
1876 5019 2051 5078 erant,

468 5103 891 5160 indubitabiliter
943 5102 1264 5171 denegasse,
1304 5100 1656 5169 interrogatio
1704 5099 1945 5169 judicum
2001 5102 2053 5156 in

468 5193 808 5251 Chalcedona
859 5192 1240 5258 residentium,
1269 5191 1354 5248 vel
1392 5189 1674 5261 responsio
1717 5189 1893 5247 Photii
1940 5191 2058 5262 epi-

467 5286 614 5354 scopi
632 5286 748 5342 sine
763 5286 1079 5356 cujusquam
1100 5283 1464 5353 ambiguitatis
1483 5284 1734 5354 patefecit
1749 5285 2051 5347 obstaculo;

468 5390 589 5446 qua:
610 5379 682 5430 ita
704 5392 764 5432 se
784 5378 984 5432 habent
1005 5375 1194 5450 (Ibid.)
1220 5393 1235 5429 :
1265 5375 1772 5447 Magniﬁcentissimi
1794 5385 1842 5431 et
1863 5376 2056 5447 glorio-

468 5467 666 5523 sissimi
686 5469 889 5539 judices
914 5469 1160 5524 dixerunt
1203 5483 1222 5523 :
1276 5467 1402 5522 Ibas
1430 5469 1586 5539 igitur
1613 5469 2055 5523 reuerentissimus

469 5579 505 5617 a
523 5562 632 5616 suis
660 5562 1043 5616 accusatoribus
1070 5571 1148 5616 est
1189 5561 1489 5616 convictus?
1519 5560 1734 5617 Photius
1763 5560 2060 5614 reverentis-

469 5654 632 5708 simus
660 5651 928 5725 episcopus
949 5651 1080 5705 dixit
1107 5669 1125 5706 :
1155 5649 1298 5716 Non,
1319 5661 1377 5708 et
1402 5659 1616 5708 cetera.
1645 5651 1781 5719 Quid
1804 5652 1904 5707 hac
1933 5666 2056 5722 pro-

474 5746 695 5802 batione
742 5743 961 5810 clarius,
989 5743 1116 5814 quid
1147 5743 1449 5798 evidentius
1476 5743 1582 5798 dici
1603 5750 1783 5813 potest
1808 5757 1966 5812 quam
1997 5750 2059 5795 ut

473 5855 536 5897 ea
565 5853 684 5910 qua:
712 5843 995 5896 accusator
1019 5833 1391 5908 propositurus
1413 5844 1726 5905 negaturum
1755 5833 1900 5890 Ibam
1927 5848 2056 5890 con-

2147 3276 2451 3332 restitutam
2481 3284 2536 3329 et
2563 3273 2779 3327 beatum
2807 3268 3064 3340 Cyrillum
3094 3265 3346 3320 incidisse
3375 3263 3428 3316 in
3455 3260 3738 3331 Apollina-

2148 3370 2224 3424 ris
2251 3370 2534 3432 hteresem,
2561 3366 2720 3433 eique
2774 3361 2970 3416 similia
3016 3356 3404 3427 conscripsisse
3428 3349 3736 3415 confirmat,

2146 3467 2204 3514 et
2254 3457 2542 3513 duodecim
2597 3455 2715 3523 ejus
2759 3451 2997 3521 capitula
3053 3447 3245 3503 asserit
3265 3453 3426 3501 recta:
3466 3442 3591 3497 ﬁdei
3617 3453 3754 3497 esse

2145 3548 2435 3613 contraria,
2463 3544 2770 3601 Nestorium
2818 3549 2998 3596 autem
3040 3537 3302 3608 judicium
3327 3535 3470 3608 [sine
3510 3529 3736 3603 judicio]

2148 3648 2206 3695 et
2225 3636 2571 3709 inquisitione
2619 3649 2724 3688 non
2770 3631 2908 3687 facta
2956 3630 3291 3686 damnatum.
3321 3626 3474 3695 Quod
3502 3625 3741 3695 scriptor

2149 3729 2390 3800 epistolae
2436 3741 2544 3780 non
2588 3740 2687 3795 per
2729 3738 2887 3778 suum
2912 3729 3006 3776 aut
3035 3720 3262 3790 alicujus
3291 3719 3513 3773 alterius
3542 3715 3742 3772 intelli—

2148 3824 2340 3893 gentia:
2366 3821 2614 3876 evenisse
2633 3819 2763 3873 dicit
2781 3831 3026 3873 errorem
3051 3824 3110 3870 ut
3129 3817 3320 3871 beatus
3349 3812 3579 3885 Cyrillus
3601 3827 3738 3868 con-

2148 3911 2431 3982 scripsisse
2470 3909 2723 3964 lucretica
2745 3909 2996 3976 dogmata
3023 3913 3335 3976 putaretur;
3367 3904 3463 3960 sed
3492 3905 3564 3959 ita
3594 3905 3647 3959 in
3673 3920 3741 3959 ea

2148 4003 2414 4075 pravitate
2440 4001 2582 4057 idem
2606 4000 2870 4056 confictor
2895 3999 3140 4068 epistola:
3169 4011 3511 4067 permanens,
3534 3995 3621 4050 illa
3651 4012 3742 4051 or-

2150 4093 2387 4150 thodoxa
2437 4093 2580 4148 beati
2629 4089 2816 4162 Cyrilli
2863 4089 3116 4158 dogmata
3172 4087 3430 4142 haeretica
3469 4085 3744 4140 videretur

2150 4192 2419 4248 astruere,
2453 4190 2512 4237 ut
2540 4182 2608 4236 ab
2637 4182 2715 4235 eis
2741 4179 2922 4250 potius
2941 4179 3156 4233 beatum
3179 4176 3436 4248 Cyrillum
3457 4174 3622 4229 veluti
3648 4175 3746 4226 ab-

2149 4274 2438 4342 negantem
2459 4287 2578 4343 qua:
2603 4285 2764 4341 prave
2789 4267 3183 4337 conscripserat
3200 4272 3409 4319 asserat
3433 4262 3742 4318 recessisse.

2151 4363 2283 4431 Quae
2346 4363 2528 4418 omnia
2599 4361 2704 4415 lbze
2775 4360 3017 4430 episcopi
3078 4354 3401 4426 professioni
3455 4367 3625 4422 quare
3676 4351 3746 4404 ab

2150 4453 2585 4510 adversariorum
2637 4449 2947 4520 objectione
2977 4454 3157 4501 tuetur
3177 4458 3298 4499 esse
3322 4441 3592 4498 contraria
3622 4439 3748 4508 qui-

2151 4561 2364 4616 cunque
2410 4543 2501 4615 pio
2549 4559 2615 4599 ac
2669 4550 2822 4597 recto
2878 4539 3043 4596 corde
3085 4538 3216 4605 legit
3263 4535 3530 4603 intelligit.
3560 4532 3751 4600 Neque

2154 4637 2299 4694 enim
2353 4636 2454 4706 ipsi
2496 4635 2708 4704 judices
2732 4633 2777 4688 si
2804 4631 2949 4702 quod
2976 4631 3062 4686 vel
3091 4630 3195 4686 levi
3241 4626 3594 4695 derogatione
3623 4632 3750 4694 post

2156 4732 2417 4788 unitatem
2443 4729 2646 4785 dictum
2673 4727 2762 4790 sit,
2792 4725 3140 4795 exquirentes
3169 4722 3314 4777 Ibam
3345 4719 3678 4789 episcopum,
3699 4715 3749 4770 si

2157 4823 2276 4894 ejus
2295 4837 2416 4878 esse
2442 4829 2551 4877 tam
2573 4827 2759 4890 aperte
2779 4816 3245 4887 blasphemantem
3284 4811 3566 4883 epistolam
3597 4817 3770 4864 com-'

2159 4915 2497 4987 probassent,
2528 4918 2846 4983 paterentur
2887 4909 3005 4963 sine
3052 4906 3256 4962 ultione
3289 4904 3512 4959 transire
3544 4908 3638 4956 aut
3667 4900 3752 4956 di-

2160 5014 2348 5064 cerent
2377 5021 2484 5061 non
2513 5019 2634 5061 esse
2663 5002 2994 5060 convictum.
3023 4999 3151 5068 Qua:
3179 5008 3360 5054 autem
3388 4996 3531 5052 beati
3559 4994 3748 5066 Cyrilli

2158 5097 2334 5168 major
2378 5095 2573 5167 injuria
2612 5101 2793 5165 potest
2816 5094 2903 5147 vel
2933 5091 3142 5163 exquiri
3167 5089 3252 5145 vel
3282 5087 3395 5144 fieri
3419 5101 3580 5158 quam
3615 5087 3750 5154 dog-

2156 5199 2303 5246 mata
2347 5191 2485 5260 ejus,
2515 5203 2635 5259 qute
2682 5188 2736 5242 in
2780 5186 3051 5258 Ephesina
3079 5185 3249 5256 prima
3275 5181 3544 5252 exposuit,
3577 5180 3749 5234 haere-

2159 5283 2264 5338 tica
2294 5280 2535 5345 delinire,
2568 5293 2666 5349 per
2691 5291 2921 5346 quorum
2937 5274 3293 5330 orthodoxam
3314 5269 3748 5342 praedicationem

2155 5374 2311 5430 vivus
2341 5389 2403 5428 ac
2431 5379 2678 5427 mortuus
2719 5369 2968 5424 omnibus
2992 5364 3316 5423 venerabilis
3342 5374 3398 5419 et
3419 5359 3749 5418 reverendus

2157 5467 2366 5531 existit;
2394 5480 2514 5534 quae
2539 5464 2788 5532 dogmata
2811 5461 2954 5516 beati
2975 5458 3157 5530 Cyrilli
3186 5457 3313 5512 dum
3343 5471 3441 5527 per
3459 5451 3745 5524 epistolam

2157 5559 2224 5614 ad
2254 5558 2440 5613 Marim
2467 5555 2685 5612 Persam
2712 5555 2971 5625 scriptam
2994 5559 3350 5622 posteaquam
3373 5545 3590 5602 adunati
3620 5553 3750 5598 sunt

2157 5650 2335 5706 beatae
2364 5647 2639 5703 memoria:
2667 5644 2897 5717 Cyrillus
2942 5651 3000 5698 et
3044 5641 3282 5698 Joannes
3304 5638 3651 5694 Antiochense
3669 5636 3750 5690 ci-

2158 5741 2342 5796 vitatis
2363 5737 2628 5809 episcopi,
2657 5743 2869 5792 constet
2889 5733 3115 5805 profana
3147 5746 3278 5787 voce
3300 5727 3621 5786 omnimodis
3642 5727 3746 5780 im-

2160 5847 2418 5906 pugnare,
2449 5831 2568 5902 quis
2611 5843 2740 5884 sana
2784 5834 2962 5883 mente
2984 5825 3153 5898 possit
3177 5823 3452 5878 advertere
3477 5819 3622 5877 Ibam
3647 5833 3743 5874 ne-
