4000 6186
257 308 355 368 157

1181 301 1314 370 Ριιο
1351 313 1795 370 DAMNATIONE
1825 314 2042 370 TRIUM
2083 315 2596 374 CAPITULORUM.

3431 319 3567 377 {58"

251 438 464 498 gantem
505 427 632 499 quia
651 434 775 498 post
805 427 1067 483 uni-tatem
1091 428 1293 499 aliquid
1307 429 1592 486 adversum
1620 430 1836 486 beatum
1867 433 1914 491 Α
1943 447 2233 502 perpessus.
2269 431 2367 488 Ubi
2411 434 2642 503 primum
2684 433 2970 505 diligenter
3014 430 3100 494 est
3151 436 3534 494 attendendum

249 519 505 590 Cyrillum
534 518 730 574 dixerit
751 519 1035 588 epistolam
1068 535 1173 575 non
1201 536 1448 590 negasse,
1480 537 1599 591 qua:
1625 531 1746 592 post
1775 520 1842 575 il-

248 610 354 668 lam
401 612 702 666 unitionem
759 609 879 678 ejus
927 611 1178 679 dogmata
1209 611 1397 666 definit
1422 627 1541 667 esse
1565 612 1836 668 bmretica.

247 705 358 758 Nisi
391 703 530 757 forte
554 703 750 774 aliquis
779 703 852 756 ita
885 703 951 756 ab
979 704 1198 758 humani
1222 719 1413 760 sensus
1437 703 1649 759 ratione
1669 703 1843 759 disce—

244 796 362 861 dat,
391 804 448 849 ut
468 795 656 848 credat
683 793 830 848 Ibam
853 794 981 848 nihil
1011 794 1077 850 de
1098 795 1258 849 beato
1274 794 1476 867 Cyrillo
1495 795 1694 852 dixisse
1719 810 1851 850 con-

247 888 495 951 trarium,
530 886 577 940 si
622 902 746 941 eum
795 887 1045 942 hmretica
1093 887 1478 957 conscripsisse
1509 896 1755 952 testetur,
1788 895 1845 943 et

244 980 388 1034 circa
436 978 557 1047 ejus
605 994 892 1049 personam
939 978 1234 1034 arbitretur
1274 980 1521 1035 eumdem
1549 980 1694 1035 Ibam
1723 995 1841 1036 ser-

247 1082 403 1126 tasse
428 1072 822 1135 reverentiam;
855 1073 898 1125 si
938 1079 1182 1126 sanctam
1210 1072 1657 1142 doctrinam,qua
1684 1088 1841 1127 reve-

245 1162 445 1217 rendus
472 1170 556 1216 est
581 1163 849 1228 omnibus,
881 1164 1172 1218 accusavit.
1205 1162 1381 1232 Atque
1420 1163 1543 1219 ideo
1587 1165 1631 1219 si
1660 1165 1843 1234 singu-

245 1251 374 1306 laris
403 1253 551 1306 beati
579 1251 767 1322 Cyr-illi
811 1253 1003 1322 injuria
1048 1261 1132 1308 est
1168 1252 1286 1322 ejus
1332 1252 1620 1310 damnasse
1641 1254 1844 1310 doctri-

246 1360 390 1407 nam,
421 1353 477 1399 et
503 1345 775 1400 haereseos
801 1356 986 1415 aperta
1024 1345 1236 1400 videtur
1281 1345 1544 1415 professio
1578 1347 1842 1416 praedica-

246 1437 380 1491 tioni
417 1437 684 1504 derogare
709 1437 1010 1503 catholicae,
1045 1437 1089 1492 si
1117 1437 1222 1492 Iba:
1243 1438 1564 1508 probaretur
1591 1438 1840 1509 epistola,

241 1531 295 1582 in
326 1544 434 1598 qua
481 1538 709 1600 utraque
757 1528 1098 1584 manifestum
1127 1538 1209 1582 est
1249 1528 1536 1595 contineri,
1565 1545 1840 1599 nunquam

242 1613 366 1674 Ibas
400 1621 714 1690 episcopus,
739 1627 1024 1690 utrumque
1056 1619 1320 1688 negando,
1346 1635 1414 1675 ex
1454 1627 1687 1689 utroque
1727 1635 1841 1676 me-

241 1713 448 1765 ruisset
475 1711 703 1766 absolvi.
740 1709 856 1765 Huc
884 1711 1093 1766 accedit
1136 1711 1282 1780 quod
1332 1711 1453 1766 luce
1498 1712 1695 1768 clarius
1740 1712 1840 1768 de-

1943 523 2088 593 quod
2113 531 2236 593 post
2264 515 2462 579 lec‘tum
2491 525 2558 580 ad
2589 524 2777 580 Mai-im
2804 525 3024 582 Persam
3047 527 3264 598 scriptae
3293 529 3534 598 epistola

1943 622 2172 686 textum,
2200 617 2446 673 eamdem
2475 619 2758 689 epistolam
2778 618 2990 688 judices
3011 621 3062 675 in
3084 619 3430 676 Chalcedona
3452 635 3535 677 re-

1941 708 2180 764 sidentes
2199 725 2297 765 suo
2317 711 2615 780 probantur
2635 713 2878 766 omisisse
2900 712 3131 779 silentio,
3153 713 3351 784 quippe
3371 727 3533 782 quam

1944 810 2208 856 noverant
2226 804 2422 858 totiens
2436 803 2546 872 jam
2570 805 2805 859 accusati
2828 805 3201 874 negationibus
3224 804 3528 860 refutatam.

1942 892 2078 948 Nam
2107 895 2151 949 si
2178 895 2435 952 vidissent
2463 897 2514 951 in
2537 912 2600 952 ea
2622 913 2743 952 esse
2771 898 2970 967 aliquid
2995 899 3136 965 quod
3165 899 3271 954 Iba:
3293 899 3531 970 episcopi

1945 985 2270 1042 absolutioni
2296 985 2602 1057 proliceret,
2635 1005 2761 1044 mox
2790 989 2909 1058 ejus
2937 989 3172 1045 lectione
3194 990 3422 1061 permoti
3445 989 3536 1044 de-

1943 1088 2229 1136 cernerent
2256 1079 2452 1136 frustra
2483 1091 2822 1138 aceusatores
2843 1099 2910 1137 ex
2937 1084 3100 1153 gestis
3125 1083 3300 1139 Photii
3323 1092 3378 1139 et
3423 1081 3533 1136 Eu-

1942 1169 2123 1224 stathii
2153 1171 2520 1241 episcoporum
2539 1188 2636 1243 pro
2658 1174 2882 1228 crimine
2922 1174 3189 1230 haereseos
3218 1174 3307 1229 illa
3331 1174 3534 1245 produ-

1944 1275 2089 1326 cere,
2120 1262 2314 1330 quibus
2341 1264 2648 1319 econtrario
2687 1263 2806 1319 ibas
2834 1265 3122 1336 episcopus
3149 1264 3533 1320 ostendebatur

1945 1350 2298 1417 orthodoxus,
2333 1362 2606 1422 postremo
2629 1370 2727 1409 nec
2750 1355 2999 1424 juberent
3024 1356 3134 1410 suis
3164 1355 3534 1410 interlocutio-

1945 1439 2103 1494 nibus
2129 1438 2524 1496 Edessenorum
2543 1443 2822 1513 epistolam
2845 1442 3139 1512 recenseri,
3161 1458 3322 1512 quam
3342 1454 3530 1499 contra

1945 1549 2064 1588 eam
2086 1549 2207 1604 qua:
2237 1534 2303 1589 ad
2330 1534 2519 1590 Marim
2548 1535 2764 1590 Persam
2787 1536 2986 1606 scripta
3032 1535 3226 1591 dicitur
3251 1535 3370 1591 Ibas
3417 1535 3534 1605 epi-

1943 1638 2139 1693 scopus
2169 1640 2268 1695 pro
2296 1639 2355 1679 se
2387 1625 2552 1693 relegi
2575 1625 2889 1697 postulavit,
2916 1625 2959 1682 si
2981 1640 3078 1695 per
3098 1639 3218 1679 eam
3247 1639 3406 1694 quam
3435 1639 3533 1678 ac-

1943 1703 2163 1771 cusator
2187 1717 2483 1788 protulerat
2506 1718 2770 1773 laudabile
2792 1718 2972 1788 potius
2995 1727 3050 1773 et
3072 1733 3178 1772 non
3202 1717 3371 1785 magis
3393 1716 3535 1770 vitu-

239 1812 584 1856 monstratur
611 1802 814 1856 nullum
840 1802 1001 1857 etiam
1025 1811 1238 1875 tempus
1280 1803 1507 1858 inveniri
1536 1819 1714 1873 posse,
1741 1819 1840 1859 ne-
1875 1804 1917 1862 Β
1946 1809 2188 1880 perabile
2214 1810 2455 1865 accusati
2479 1811 2729 1888 meritum
2760 1811 3178 1866 monstrabatur.
3227 1809 3361 1876 Quid
3391 1807 3534 1878 quod

235 1908 351 1962 que
374 1903 502 1948 ante
532 1893 938 1962 adunationem,
958 1908 1134 1962 neque
1189 1902 1314 1964 post
1355 1895 1672 1959 unitionem,
1697 1897 1842 1952 beati

234 1984 434 2054 Cyrilli
462 2000 584 2039 cum
613 1983 974 2040 Orientalibus
995 1984 1212 2054 factam,
1238 2001 1349 2056 quo
1394 1987 1583 2042 eadem
1612 1987 1840 2057 epistola

233 2079 310 2131 ab
339 2077 434 2132 lba
466 2078 722 2149 episcopo
758 2078 956 2150 siripta
1002 2080 1280 2135 doceatur.
1307 2081 1438 2135 Nam
1480 2081 1647 2151 ipsius
1684 2089 1843 2137 tenor

234 2171 493 2242 cpistolzc
508 2171 785 2226 evidenter
799 2172 1032 2228 ostendit
1050 2173 1174 2243 quia
1201 2181 1324 2246 post
1345 2175 1605 2231 unitatem
1625 2190 1843 2246 pacem-

232 2278 344 2332 que
378 2261 640 2317 Ecclesiis
661 2262 1008 2318 reformatam
1032 2264 1085 2318 in
1115 2263 1465 2333 derogatione
1485 2266 1628 2320 beati
1655 2264 1839 2337 Cyrilli

233 2353 470 2423 ejusque
497 2352 812 2422 dogmatum
836 2353 974 2409 facta
1001 2354 1089 2418 sit,
1119 2353 1239 2408 Ibas
1260 2370 1390 2410 vero
1413 2364 1535 2426 post
1553 2356 1839 2413 adunatio-

234 2456 363 2498 nem
420 2444 561 2497 beati
608 2441 795 2515 Cyrilli
824 2460 943 2500 cum
974 2444 1341 2502 Orientalibus
1385 2446 1579 2504 factam
1622 2449 1752 2505 nihil
1782 2465 1842 2506 se

237 2534 350 2589 tale
381 2533 586 2603 aliquid
618 2533 816 2590 dixisse
847 2543 1090 2589 testetur.
1121 2535 1348 2592 Constat
1376 2553 1552 2606 neque
1586 2548 1711 2594 ante
1755 2539 1844 2594 ad-

238 2625 584 2690 unationem,
618 2627 742 2694 quia
767 2625 869 2681 hoc
889 2627 940 2680 in
969 2626 1210 2695 ejusdem
1235 2628 1478 2697 epistola:
1511 2637 1700 2686 tenore
1731 2647 1840 2686 non

238 2717 344 2790 legi
354 2728 468 2787 tur,
494 2734 673 2788 neque
699 2727 823 2789 post
851 2719 1258 2788 adunationem,
1287 2721 1413 2790 quia
1461 2722 1563 2776 hoc
1589 2721 1712 2776 Ibas
1745 2739 1841 2778 sua

237 2810 590 2880 professione
619 2808 880 2878 denegat,
910 2807 978 2862 ab
999 2808 1188 2864 eodem
1215 2809 1306 2864 lba
1337 2818 1687 2865 memoratam
1729 2813 1844 2882 epi-

237 2902 446 2956 stolam
471 2901 638 2956 fuisse
668 2900 1049 2971 conscriptam.

308 2989 416 3044 XI.
457 2991 529 3046 Et
556 2999 616 3045 ut
643 2990 772 3045 nulli
802 3005 1024 3061 prorsus
1052 2993 1314 3048 habeatur
1334 2991 1641 3062 ambiguum
1672 2993 1724 3048 in
1751 3009 1848 3049 ea-

240 3082 374 3138 d
407 3083 694 3151 negatione
713 3098 818 3154 qua
847 3093 1087 3154 coeperat
1111 3083 1257 3140 Ibam
1307 3086 1616 3156 episcopum
1645 3086 1844 3155 persti-

1946 1902 2060 1972 ipse
2088 1902 2207 1958 Ibas
2233 1903 2538 1974 episcopus,
2571 1904 2768 1959 relecta
2792 1903 2980 1959 eadem
3011 1903 3079 1957 ad
3106 1902 3292 1956 Marim
3315 1901 3536 1955 Persam

1944 1995 2191 2065 epistola,
2241 2010 2346 2049 non
2399 1993 2517 2063 ejus
2561 1995 2848 2064 assumpsit
2891 1993 3179 2048 defendere
3201 1992 3533 2061 qualitatem,

1943 2101 2045 2142 nec
2073 2102 2184 2140 sum
2215 2085 2337 2141 ﬁdei
2369 2086 2743 2141 rectitudinem
2766 2102 2833 2141 ex
2863 2085 3108 2156 ejusdem
3139 2084 3380 2154 epistolae
3406 2097 3535 2153 pro-

1941 2172 2176 2231 feSsione
2223 2183 2548 2231 monstrare.
2591 2175 2860 2230 Continuo
2906 2176 3126 2237 etenim,
3160 2175 3204 2230 si
3236 2189 3386 2229 suam
3417 2187 3539 2228 esse

1941 2276 2036 2321 aut
2067 2277 2218 2322 recta
2241 2283 2346 2321 non
2374 2275 2492 2321 esse
2513 2269 2760 2336 dogmata
2783 2267 3082 2321 contineret
3105 2275 3150 2330 °,
3180 2274 3367 2320 contra
3409 2278 3538 2318 suos

1943 2367 2289 2414 accusatores
2319 2359 2619 2426 insurgeret
2647 2358 2833 2416 dicens
2863 2375 2876 2411 :
2926 2356 3082 2412 Cmco
3110 2357 3275 2412 corde
3303 2371 3390 2410 me
3432 2356 3536 2410 imo

1941 2457 2150 2519 petunt,
2182 2457 2242 2503 ut
2269 2464 2334 2504 ea
2363 2448 2492 2503 mihi
2537 2464 2634 2520 pro
2688 2449 2956 2503 haereseos
3009 2447 3234 2503 crimine
3279 2445 3538 2515 objiciant

1942 2539 2085 2594 unde
2109 2554 2325 2609 possum
2347 2539 2683 2594 orthodoxus
2711 2539 3076 2608 comprobari.
3109 2537 3224 2591 lmo
3252 2552 3312 2592 se
3355 2543 3539 2592 osten-

1941 2631 2134 2686 derunt
2163 2632 2458 2695 luereticos,
2485 2631 2575 2700 qui
2607 2631 2892 2701 epistolam
2920 2629 3075 2698 cujus
3103 2629 3326 2685 dictatio
3355 2627 3542 2682 catho-

1945 2722 2102 2778 licam
2130 2723 2288 2777 lidem
2313 2723 2524 2788 astruit,
2559 2722 2867 2777 haereticam
2910 2721 3286 2776 criminantur.
3334 2718 3537 2772 Verum

1943 2812 2064 2868 Ibas
2091 2814 2376 2884 episcopus
2395 2814 2572 2868 sciens
2602 2829 2703 2869 nec
2731 2829 2884 2868 suam
2907 2828 3026 2868 esse
3058 2810 3339 2881 epistolam
3364 2817 3418 2863 et
3439 2823 3540 2880 per
3605 2808 3607 2811 ’

1945 2904 2126 2960 omnia
2149 2904 2250 2974 piis
2278 2904 2619 2972 dogmatibus
2649 2903 2940 2968 inimicam,
2976 2901 3233 2956 adversus
3261 2914 3380 2954 eam
3416 2913 3536 2952 ma-

1942 2999 2024 3068 gis
2047 2999 2193 3053 illam
2214 2993 2608 3053 Edessenorum
2638 2997 2942 3066 epistolam,
2969 3011 3090 3065 qua:
3120 3009 3242 3049 eum
3268 2991 3404 3047 nihil
3431 2991 3534 3044 ali-

1944 3090 2160 3162 quando
2182 3099 2370 3145 contra
2393 3089 2714 3145 catholicam
2744 3087 2901 3142 ﬁdem
2934 3086 3133 3142 dixisse
3155 3083 3533 3147 attestabatur,

242 3176 410 3243 tisse,
437 3184 493 3230 et
521 3174 628 3230 hoc
653 3189 722 3230 ex
751 3176 1027 3246 prtesentis
1047 3176 1153 3232 lbze
1181 3177 1356 3232 verbis
1370 3176 1580 3246 judices
1599 3178 1672 3232 ita
1713 3192 1841 3232 sen-
1870 3173 1916 3234 Β
1948 3179 2218 3251 opposuit,
2244 3177 2372 3233 illud
2402 3187 2622 3235 secutus
2641 3177 2783 3248 quod
2805 3192 2965 3249 supra
2995 3177 3265 3244 ingressus
3289 3179 3536 3227 sanctum

243 3266 413 3333 sisse,
435 3274 491 3322 et
512 3274 850 3322 accusatores
865 3282 984 3322 eam
1007 3276 1259 3338 tanquam
1283 3277 1566 3337 negantem
1589 3267 1846 3337 voluisse,

245 3371 358 3412 nec
385 3357 728 3427 prtevaluisse
750 3358 1094 3423 convincere,
1127 3358 1294 3428 ipsius
1321 3374 1542 3414 necesse
1569 3368 1651 3414 est
1679 3359 1848 3415 inter-

243 3448 548 3504 locutionis
563 3448 802 3517 judicum
826 3458 882 3504 et
901 3451 1293 3520 prosecutionis
1313 3460 1705 3517 accusatorum,
1729 3467 1849 3522 qua:

249 3541 309 3594 in
343 3549 536 3594 sancta
564 3538 989 3595 Chalcedonensi
1015 3541 1219 3613 synodo
1258 3557 1327 3597 ex
1364 3543 1530 3612 gestis
1570 3542 1749 3597 Photii
1794 3552 1852 3599 et

248 3628 522 3683 Eirstathii
567 3630 896 3698 releguntur,
955 3631 1118 3686 verba
1160 3647 1468 3702 pensemus,
1524 3649 1643 3704 qua:
1688 3635 1758 3688 ita
1789 3650 1851 3690 se

251 3719 460 3773 habent
488 3719 623 3790 (Art.
650 3720 738 3790 10)
771 3738 784 3773 :
819 3720 1235 3776 Reverentissimi
1253 3725 1498 3795 episcopi,
1529 3725 1582 3779 id
1601 3733 1685 3780 est
1707 3724 1853 3781 Pho-

254 3814 374 3866 tius
400 3821 456 3865 et
484 3811 810 3880 Eustathius,
840 3815 1124 3868 dixerunt:
1174 3815 1236 3870 Si
1291 3825 1407 3886 post
1451 3828 1666 3872 mortem
1718 3817 1851 3872 beati

255 3901 449 3972 Cyritti
495 3904 931 3958 rererentissimus
969 3904 1108 3972 ~Ibas
1159 3908 1430 3977 episcopus
1456 3924 1571 3961 eum
1601 3909 1736 3963 visus
1775 3918 1853 3963 est

255 3994 564 4046 hcreticum
617 3995 932 4058 nominasse,
977 4005 1026 4049 et
1079 3996 1376 4051 Iiwreticum
1415 3998 1674 4065 habuisse,
1705 4016 1852 4055 mon-

257 4091 450 4138 strate.
487 4084 666 4140 Maras
692 4087 866 4141 dixit:
895 4087 1186 4142 l’robamus
1219 4107 1237 4143 :
1277 4091 1419 4159 quod
1462 4092 1650 4162 procul
1689 4091 1854 4148 dubio

257 4189 448 4244 neque
462 4175 668 4244 judices
691 4177 866 4234 adhuc
896 4181 1110 4249 probari
1140 4192 1462 4251 quaererent,
1494 4199 1668 4254 neque
1689 4200 1853 4241 accu—

253 4275 477 4323 satorcs
504 4269 939 4338 repromitterent
958 4273 1300 4341 probaturos,
1323 4275 1366 4328 si
1389 4275 1492 4330 hoc
1513 4275 1631 4331 lbas
1650 4279 1856 4347 episco-

253 4373 367 4429 pus
399 4373 505 4410 non
535 4369 800 4430 negasset.
838 4360 987 4417 Licet
1026 4379 1089 4418 ea
1128 4381 1248 4435 qum
1290 4367 1535 4438 superius
1587 4371 1640 4425 in
1691 4373 1856 4442 gestis

255 4447 406 4518 apud
435 4445 681 4504 Pbotium
711 4461 767 4506 et
794 4451 1135 4509 Eustathium
1162 4456 1359 4513 habitis
1388 4475 1684 4532 eorumque
1709 4463 1854 4532 judi-

1945 3270 2386 3328 Chalcedonense
2432 3270 2721 3326 concilium
2773 3267 3026 3336 allegavit
3051 3265 3274 3321 dicens:
3315 3261 3459 3317 Nam
3486 3269 3538 3316 et

1947 3380 2122 3419 omnes
2149 3362 2401 3418 Edesseni
2449 3363 2645 3430 clerici,
2699 3378 2790 3431 per
2816 3377 2940 3432 quos
2961 3359 3256 3414 memoratis
3281 3357 3537 3427 episcopis

1947 3457 2281 3526 scripserunt,
2305 3463 2559 3508 testantur
2587 3472 2668 3508 me
2705 3470 2816 3507 esse
2840 3454 3149 3507 catholicum
3199 3453 3334 3524 (Act.
3367 3450 3444 3523 9).
3475 3449 3536 3504 In

1949 3554 2156 3601 tantum
2181 3545 2292 3614 jam
2319 3553 2446 3599 tunc
2472 3545 2522 3598 in
2555 3544 2731 3598 Photii
2773 3552 2829 3596 et
2848 3542 3112 3598 Eustathii
3136 3543 3340 3611 judicio
3368 3551 3424 3596 et
3448 3557 3550 3612 ρο·-

1949 3645 2065 3695 stea
2088 3637 2141 3692 in
2171 3644 2354 3691 sancta
2382 3633 2811 3690 Chalcedonensi
2860 3634 3067 3706 synodo
3119 3633 3388 3701 objectam
3435 3633 3537 3687 sibi

1951 3731 2020 3786 ad
2041 3730 2227 3786 Marim
2251 3729 2470 3785 Persam
2494 3730 2777 3800 epistolam
2801 3743 3003 3798 negans
3023 3743 3196 3793 suam,
3219 3725 3537 3781 orthodoxa:

1952 3823 2075 3880 ﬁdei
2096 3825 2352 3880 sciitesse
2381 3823 2730 3886 contrariam,
2759 3831 2818 3876 ut
2845 3821 3072 3893 propria:
3096 3819 3218 3882 ﬁdei
3247 3819 3539 3874 documen-

1953 3923 2067 3969 tum
2097 3930 2204 3968 non
2226 3913 2294 3968 de
2319 3913 2472 3969 istius
2501 3921 2672 3980 textu,
2700 3911 2794 3967 sed
2819 3912 2889 3967 de
2940 3910 3334 3967 Edessenorum
3377 3907 3540 3963 cleri-

1954 4019 2142 4060 corum
2169 4004 2512 4059 attestatione
2532 4003 2851 4072 requireret.

2026 4095 2138 4150 ΧΠ.
2180 4097 2237 4151 Si
2268 4097 2427 4166 igitur
2441 4097 2651 4166 judices
2679 4111 2782 4151 non
2806 4095 2978 4151 solum
3011 4094 3142 4149 nihil
3169 4109 3234 4149 ex
3282 4109 3347 4149 ea
3393 4093 3540 4148 msti—

1955 4196 2165 4244 mantes
2206 4190 2442 4243 accusati
2475 4189 2577 4244 Ihm
2604 4189 2843 4259 cpisc0pi
2883 4188 3060 4257 juvari
3092 4189 3386 4256 negotium,
3430 4188 3539 4242 imo

1953 4284 2198 4339 videntes
2219 4284 2463 4339 absolute
2486 4287 2811 4339 contrariam
2835 4285 2991 4338 aliam
3015 4300 3172 4351 quam
3199 4300 3294 4355 pro
3315 4285 3394 4338 sui
3420 4300 3540 4354 pur-

1956 4376 2173 4446 gatione
2199 4383 2480 4430 accusatus
2510 4383 2593 4430 est
2620 4375 2774 4444 petiit
2797 4373 3085 4448 [expetiit],
3110 4375 3540 4430 statueruntsuis

1959 4467 2458 4522 interlocutionibus
2491 4465 2851 4533 relegendam,
2881 4474 2937 4521 et
2965 4465 3080 4536 ipse
3108 4472 3392 4520 accusatus
3419 4463 3539 4520 lbas

255 4549 389 4630 cato
442 4539 508 4593 ad
561 4543 902 4611 negationem
950 4545 1053 4602 lbze
1101 4549 1337 4620 episcopi
1377 4551 1847 4612 demonstrandam
1881 4546 2258 4630 Depiscopus,
2301 4573 2407 4612 non
2437 4557 2582 4611 illam
2607 4559 2678 4612 ad
2705 4556 2890 4611 Marim
2931 4556 3149 4612 Persam
3179 4556 3539 4628 defendendo,

256 4629 581 4686 multimode
604 4647 672 4688 ex
698 4635 1200 4696 interlocutionibus
1235 4641 1474 4710 judicum
1527 4654 1580 4700 et
1626 4662 1851 4702 accusa-

259 4730 446 4776 torum
496 4727 963 4793 prosecutionibus
1009 4731 1281 4802 ipsiusque
1311 4734 1414 4790 lba:
1443 4739 1853 4808 exceptionibus

258 4817 579 4869 claruerunt
621 4819 836 4875 abunde
881 4822 1210 4889 sufﬁcerent,
1245 4832 1525 4884 tamenetsi
1556 4833 1729 4888 minus
1751 4836 1851 4888 ali-

258 4906 396 4974 quid
442 4907 499 4961 in
537 4907 712 4965 Photii
757 4922 921 4982 atque
949 4913 1214 4972 Eustathii
1244 4922 1621 4994 episcoporum
1648 4926 1851 4994 judicio

259 4994 537 5063 legeretur
582 5015 917 5071 expressum,
967 5021 1029 5059 ea
1081 5022 1200 5076 qua:
1229 5011 1280 5064 in
1311 5011 1736 5070 Chalcedonensi
1763 5034 1854 5089 sy-

257 5088 415 5142 nodo
442 5092 752 5147 continetur
781 5094 885 5149 Iba:
905 5097 1144 5168 episcopi
1174 5105 1417 5168 negantis
1437 5105 1719 5174 epistolam
1763 5088 1850 5162 sa-

259 5179 538 5236 tis-faceret
562 5184 675 5239 sola
705 5186 990 5255 profe~sio.
1025 5189 1187 5245 Lecta
1215 5194 1356 5247 enim
1388 5210 1453 5247 ex
1497 5197 1663 5263 gesris
1709 5199 1848 5268 apud

260 5268 518 5326 Photium
548 5283 602 5328 et
647 5273 984 5333 Eustathium
1033 5281 1225 5337 habitis
1274 5286 1498 5353 epistola
1552 5287 1616 5340 ad
1665 5287 1849 5343 Marim

261 5359 485 5417 Persam
512 5367 731 5438 scripta,
773 5371 1055 5426 confestim
1086 5373 1204 5428 Ibas
1235 5391 1418 5430 vocem
1468 5380 1711 5444 negantis
1755 5397 1853 5450 op-

262 5458 446 5523 posnit
473 5457 662 5514 dicens
695 5479 707 5514 :
737 5461 927 5517 lubeat
953 5475 1122 5519 vestra
1169 5467 1436 5523 clementia
1467 5472 1626 5542 relegi
1653 5474 1851 5528 litteras

261 5550 571 5604 clericorum
600 5550 1004 5623 Edessenorum,
1029 5567 1086 5609 ut
1115 5562 1440 5629 cognoscatis
1469 5564 1590 5633 quia
1613 5573 1661 5616 et
1688 5564 1750 5617 ab
1772 5565 1852 5619 his

260 5656 379 5709 qua
401 5642 528 5695 milii
549 5644 698 5698 illata
727 5653 846 5697 sunt
873 5648 1072 5702 alienus
1103 5651 1292 5712 crista,
1333 5660 1382 5705 et
1421 5653 1711 5708 violentiam
1740 5671 1852 5709 sum

1953 4650 2063 4705 imo
2093 4649 2270 4719 potius
2299 4648 2414 4717 ejus
2435 4647 2728 4703 refutanda:
2779 4664 2942 4705 causa
2973 4649 3117 4704 illam
3149 4648 3538 4706 Edessenorum

1954 4740 2118 4810 relegi
2147 4739 2458 4810 postulavit,
2483 4748 2700 4794 constat
2719 4755 2838 4793 eam
2868 4755 2987 4810 quae
3015 4741 3080 4796 ad
3109 4741 3294 4796 Marim
3321 4741 3538 4798 Persam

1953 4833 2150 4902 scripta
2177 4842 2260 4888 est
2282 4832 2696 4887 interlocutione
2720 4832 2958 4901 judicum
2983 4843 3038 4890 et
3061 4835 3395 4906 professione
3433 4835 3538 4891 Iba:

1954 4925 2194 4994 episcopi
2223 4925 2346 4994 quia
2369 4923 2485 4993 ejus
2515 4925 2674 4979 fuerit
2703 4927 3039 4995 abnegatam,
3073 4938 3125 4982 et
3145 4928 3271 4997 quia
3312 4925 3536 4981 scelesta

1953 5016 2201 5086 dogmata
2233 5019 2505 5070 contineat
2533 5018 2887 5088 approbatum
2913 5061 2924 5072 .
2953 5017 3093 5088 Ergo
3114 5017 3234 5074 ibas
3255 5019 3538 5088 episcopus

1956 5107 2257 5161 innocentis
2285 5108 2449 5161 animi
2479 5108 2558 5162 sui
2607 5106 2817 5164 fervore
2847 5118 3141 5179 permotus,
3192 5107 3538 5164 evidentioris

1955 5199 2254 5266 negationis
2277 5197 2438 5252 etiam
2471 5199 2524 5252 in
2571 5197 2994 5254 Chalcedonensi
3024 5199 3230 5270 synodo
3279 5198 3538 5254 festinans

1954 5289 2170 5342 adicere
2191 5289 2594 5352 documentum,
2627 5290 2940 5358 relegendas
2968 5290 3360 5345 Edessenorum
3389 5291 3538 5346 litte—

1954 5397 2043 5434 ras
2069 5397 2136 5436 ex
2165 5382 2329 5448 gestis
2357 5381 2494 5435 idem
2519 5381 2760 5455 [ibidem]
2785 5383 2922 5452 apud
2965 5373 3212 5438 Photium
3244 5393 3300 5438 et
3348 5381 3538 5440 Eusta-

1958 5475 2123 5528 thium
2156 5474 2372 5542 habitis,
2397 5489 2516 5544 quae
2545 5474 2882 5529 adversarius
2904 5475 3018 5544 ejus
3072 5477 3386 5546 protulerat.
3434 5493 3535 5548 po-

1955 5565 2218 5619 stulavit:
2263 5582 2491 5635 quorum
2539 5574 2810 5632 gestorum
2867 5568 3004 5623 hanc
3045 5579 3270 5640 partem,
3325 5571 3536 5625 sicutin

1957 5659 2410 5727 consequentibus
2431 5657 2851 5744 demonstratur,
2885 5678 2951 5718 ex
2975 5664 3234 5720 industria
3258 5671 3538 5721 accusator

347 5836 370 5861 ι
403 5825 575 5881 Recte
603 5824 902 5886 Cotelcrius
927 5831 1082 5894 κει-ι]
1104 5825 1211 5879 lum
1243 5826 1516 5883 admonuit
1554 5846 1564 5880 :
1600 5839 1689 5881 aut
1714 5838 1852 5882 recta
1893 5837 2062 5885 nosset
2087 5829 2330 5902 dogmata
2359 5833 2641 5887 continere.
2679 5834 2720 5891 ll
2745 5855 2848 5895 Μ).

1693 6059 1718 6076 1
