4074 6188
462 363 464 365 ,
482 309 590 366 159

1672 317 1900 378 VlGlLll
1939 318 2043 376 PP.
2083 316 2570 379 CONSTITUTUM

3659 325 3758 379 l‘rtll

483 428 764 494 omiserat,
811 439 918 499 qua
963 431 1111 487 ibam
1157 430 1461 487 evblcntius
1523 440 1751 491 noverat
1799 431 2063 502 adjuvari.
2104 439 2138 490 Α
2174 431 2365 488 libellis
2391 434 2590 490 oblatis
2619 448 2780 505 quam
2800 436 3053 509 deinceps
3082 439 3224 496 inter
3243 449 3391 511 gesta
3415 443 3761 514 loquentibus

480 519 688 576 Deinde
707 521 839 590 quid
865 521 984 592 ipsa
1008 523 1170 577 verba
1217 521 1321 577 lita:
1345 522 1526 577 lucide
1573 529 1817 578 nstruont
1855 525 2071 580 intuen-

473 611 629 668 dum.
677 612 1032 683 Prosequitur
1075 615 1243 681 enim,
1296 623 1357 668 ut
1395 629 1563 684 supra
1608 615 1968 680 meminimus,
1998 616 2070 670 ita

474 702 622 770 (Act.
654 702 745 771 {0)
771 720 789 757 :
810 702 998 759 lubeat
1015 713 1181 759 uestra
1205 705 1473 759 clementia
1510 705 1670 776 relegi
1696 705 1896 760 litteras
1919 707 2072 760 cleri-

480 806 658 844 corum
679 789 1081 858 Edessenorunt,
1108 800 1167 844 ut
1187 793 1510 863 cognoscatis
1531 795 1652 864 quia
1673 803 1720 846 et
1743 792 1810 845 ob
1855 795 1935 846 his
1956 810 2071 866 quae

473 880 610 935 mihi
638 881 784 934 illata
817 891 938 936 sunt
955 881 1165 935 alienus
1195 883 1362 936 existo
1407 892 1459 937 ct
1486 882 1784 938 violentiam
1809 899 1933 936 sum
1949 899 2069 952 per—

472 987 678 1043 pessus.
725 971 932 1038 Quibus
980 972 1157 1028 verbis
1196 973 1536 1042 apertissime
1593 973 1901 1028 declaratur
1924 973 2068 1043 quod

480 1061 604 1130 quia
628 1075 666 1116 e
692 1061 920 1129 vestigio
945 1068 1066 1131 post
1095 1061 1290 1117 lectam
1321 1063 1602 1131 epistolam
1632 1063 1697 1116 ad
1725 1061 2068 1118 Mai'ianer-

473 1167 594 1209 sam
617 1151 810 1205 astruit
832 1151 951 1206 lbas
979 1153 1270 1222 episcopus
1298 1153 1530 1208 alie-num
1556 1169 1617 1209 se
1662 1154 1808 1210 etab
1835 1154 1920 1209 his
1948 1170 2069 1225 quae

470 1241 582 1296 sibi
609 1240 912 1296 inferuntur
939 1242 1174 1296 existere
1195 1249 1249 1296 et
1277 1243 1590 1299 violentiam
1637 1259 1700 1299 se
1727 1259 2066 1314 perpessum,

481 1341 644 1402 atque
687 1334 764 1387 ob
809 1334 917 1388 hoc
964 1332 1362 1388 Edessenorum
1415 1335 1614 1392 debere
1659 1336 1828 1406 relegi
1861 1336 2069 1392 litteras

475 1424 818 1488 clericorum,
843 1424 1138 1491 evidenter,
1164 1435 1416 1496 tanquam
1444 1443 1606 1483 manu
1631 1428 1799 1497 ipsam
1830 1428 2070 1498 epistolae

475 1515 550 1572 ad
571 1515 758 1571 Marim
790 1513 1010 1571 Persam
1037 1517 1350 1574 ostenderet
1379 1519 1698 1586 lectionem;
1723 1535 1752 1573 a
1808 1519 1964 1589 cujus
2005 1535 2068 1574 se

475 1610 700 1678 purgari
723 1609 952 1663 crimine
983 1609 1282 1678 festinaret,
1313 1611 1465 1676 dixit,
1489 1620 1538 1666 et
1574 1611 1638 1665 ab
1663 1612 1743 1666 his
1785 1629 1902 1685 quae
1936 1613 2066 1666 mihi

472 1699 773 1770 inferuntur
821 1700 1020 1756 alienus
1047 1702 1234 1767 existo,
1267 1703 1559 1758 ostendens
1603 1713 1660 1759 et
1704 1703 1772 1759 ab
1801 1705 1920 1759 aliis
1945 1720 2065 1772 quin

2173 521 2294 577 ibas
2321 524 2520 581 dixisse
2547 527 2872 605 arguebatur
2898 529 3199 602 episcopus,
3251 533 3374 603 quia
3401 533 3520 589 lbas
3549 537 3760 605 episco~

2174 628 2274 682 pus
2303 629 2411 669 non
2441 602 2656 679 dixerit,
2689 615 2992 674 Edessenos
3017 620 3246 676 clericos
3268 602 3455 678 ifuissc
3509 631 3756 682 testatos.

2171 703 2304 758 Nam
2336 720 2458 759 cum
2480 706 2663 761 dicant
2693 723 2752 762 sc
2775 725 2883 763 non
2909 725 3067 765 nosse
3086 712 3227 781 quod
3253 713 3338 766 vel
3371 714 3476 769 tale
3531 715 3758 784 dictum,

2173 793 2226 848 id
2267 802 2375 863 est,
2433 794 2560 851 Non
2613 799 2815 854 invideo
2861 797 3063 856 Christo
3105 805 3242 875 facto
3265 802 3396 874 Deo,
3424 807 3509 861 vel
3535 807 3660 863 huic
3681 809 3761 864 si-

2167 886 2318 951 mile,
2353 887 2454 944 hoc
2471 896 2574 953 est,
2606 890 2752 958 quod
2774 905 2842 946 ex
2873 906 3193 963 quacunque
3214 903 3366 964 parte
3394 896 3629 955 Nestorii
3680 902 3762 956 vi-

2165 977 2365 1034 deatur
2390 980 2735 1050 dogmatibus
2762 985 3076 1053 convenire,
3100 987 3186 1042 vel
3208 989 3350 1045 aliud
3374 991 3572 1062 aliquid
3596 1005 3760 1052 recta:

2172 1068 2656 1128 iideicontrarium
2687 1074 2884 1130 dixerit
2907 1076 3026 1132 lbas
3074 1079 3378 1150 episcopus,
3421 1085 3761 1153 apertissime

2165 1159 2376 1228 clarum
2429 1171 2514 1217 est
2565 1163 2709 1233 quod
2757 1174 2813 1219 et
2849 1166 2916 1222 ab
2970 1167 3054 1223 his
3077 1183 3198 1238 quae
3227 1170 3454 1240 cpistola
3477 1174 3542 1228 ad
3571 1174 3758 1232 Marini

2166 1247 2392 1306 Persam
2423 1255 2623 1324 scripta
2665 1257 2907 1312 continet
2931 1257 3080 1312 Ibam
3117 1261 3426 1332 episcopum
3473 1281 3567 1320 sua
3618 1277 3759 1324 atte-

2163 1342 2406 1397 Statione
2451 1347 2812 1414 purgaverint.
2844 1345 2980 1402 Cum
3023 1350 3163 1404 enim
3192 1353 3477 1422 szepcdicta
3505 1355 3754 1426 epistola,

2164 1434 2402 1491 dicendo
2427 1437 2643 1491 beatqu
2666 1437 2925 1510 Cyrillum
2949 1441 3001 1494 in
3033 1441 3361 1512 Apollinaris
3385 1445 3628 1504 hmresim
3676 1450 3760 1505 iu-

2165 1525 2366 1582 cidisse
2385 1536 2441 1582 et
2469 1529 2517 1583 ei
2549 1530 2744 1586 similia
2774 1533 3180 1605 conscripsisse,
3220 1536 3442 1607 ejusque
3471 1538 3755 1598 duodecim

2165 1617 2404 1687 capitula
2433 1621 2579 1674 omni
2598 1621 2878 1691 impietate
2906 1624 3062 1694 plena
3085 1635 3140 1680 et
3166 1636 3327 1683 rectas
3369 1629 3491 1684 lidei
3539 1642 3760 1688 contra-

2166 1709 2269 1775 ria,
2301 1711 2936 1785 Nestoﬁumquejudicio
2958 1725 3014 1774 et
3064 1719 3412 1790 inquisitione
3462 1741 3568 1781 non
3614 1726 3757 1786 facta

475 1789 805 1860 praecedenti
833 1790 954 1846 loco
974 1791 1024 1845 ei
1051 1791 1264 1860 objecta
1285 1803 1411 1848 sunt
1429 1801 1493 1848 et
1520 1794 1587 1849 ab
1613 1794 1842 1864 epistola
1861 1794 1934 1850 ad
1951 1795 2060 1849 Ma-
2091 1810 2137 1870 Β
2165 1799 2496 1867 damnatum,
2515 1821 2622 1859 non
2646 1807 2820 1861 solum
2841 1809 3088 1865 videatur
3114 1789 3312 1882 aliquid
3338 1823 3525 1870 contra
3550 1828 3756 1874 rectam

475 1881 579 1935 rim
606 1879 828 1936 Persam
851 1881 1072 1951 scripta,
1101 1899 1222 1953 qua:
1249 1885 1432 1938 statim
1463 1885 1662 1940 reiecta
1711 1886 1906 1952 fuerat,
1937 1886 2069 1943 alie-

476 1988 606 2028 num
657 1988 717 2028 se
763 1989 861 2044 per
889 1976 1070 2029 omnia
1113 1975 1494 2031 demonstrari.
1548 1976 1647 2032 Ubi
1698 1977 1824 2032 illud
1853 1993 2069 2048 quoque

477 2064 623 2132 quod
667 2079 832 2133 supra
860 2065 1135 2134 ingressus
1159 2065 1281 2122 lbas
1320 2067 1607 2136 episcopus
1635 2076 1876 2123 sanctam
1905 2066 2070 2122 Chal-

474 2151 841 2208 cedonensem
866 2153 1131 2223 synodum
1153 2154 1474 2223 gravissime
1513 2155 1711 2224 legitur
1738 2156 1904 2211 fuisse
1931 2171 2067 2214 cono

474 2253 701 2315 questus
727 2261 759 2301 a
787 2245 936 2301 falsis
957 2261 1016 2301 se
1035 2247 1090 2319 in
1107 2248 1342 2304 secunda
1357 2247 1623 2320 Ephesina
1639 2250 2069 2307 accusationibus

473 2335 796 2405 impetitum,
829 2337 884 2391 in
912 2336 1204 2393 concilium
1230 2338 1441 2408 ingredi
1465 2355 1574 2394 non
1623 2341 1791 2396 fuisse
1835 2341 2066 2412 permis-

474 2438 618 2494 sum,
645 2425 836 2495 viginti
863 2433 1043 2482 autem
1073 2427 1194 2498 plus
1237 2444 1490 2485 carceres
1515 2439 1871 2500 permutasse,
1925 2448 2067 2488 nuc

472 2524 599 2586 post
625 2515 915 2572 lectionem
945 2519 1187 2588 epistola:
1209 2535 1313 2576 non
1335 2522 1518 2577 omisit
1545 2521 1870 2592 adjungere;
1895 2531 1956 2580 ut
1976 2541 2072 2596 ap-

472 2615 666 2678 pareat
717 2608 850 2663 illud
902 2609 1066 2680 quod,
1100 2611 1243 2668 sicut
1270 2613 1472 2668 dictum
1502 2623 1606 2680 est,
1638 2615 1911 2684 ingressus
1939 2634 2065 2674 san-

473 2707 617 2754 ctam
641 2697 1138 2758 Chalcedonensem
1169 2704 1455 2775 synodum,
1484 2705 1552 2762 de
1578 2707 1837 2776 iujustitia
1865 2710 1917 2764 in
1971 2727 2063 2767 se-

471 2791 647 2848 cunda
677 2791 947 2863 Ephesina
975 2795 1077 2851 sibi
1105 2796 1254 2852 illata
1279 2798 1654 2868 conqueritur,
1678 2799 1746 2855 ad
1761 2801 1920 2870 hujus
1942 2819 2066 2858 ειυς

472 2898 588 2938 sam
616 2883 859 2954 epistola:
869 2885 1173 2955 pertinere;
1189 2896 1312 2958 post
1338 2888 1492 2959 cujus
1507 2890 1795 2947 lectionem
1815 2902 2064 2950 astruens

477 2974 712 3032 aliemm
735 2990 801 3032 se
829 2977 900 3033 ab
927 2977 1014 3034 his
1039 2993 1163 3048 quae
1189 2979 1294 3037 sibi
1321 2979 1624 3038 inferutur
1648 2984 1904 3049 existere,
1941 2985 2060 3041 vio-

470 3067 691 3124 lentiam
739 3085 904 3140 quam
960 3071 1028 3126 ab
1074 3071 1318 3144 Eutyche
1364 3082 1450 3130 est
1477 3089 1766 3145 perpessus
1793 3075 2058 3146 adiunxit.

2169 1890 2329 1945 tidem
2357 1891 2562 1960 dicere;
2587 1910 2771 1950 verum
2802 1898 3167 1970 etiam-ipsam
3197 1912 3402 1958 rectam
3445 1902 3601 1961 fidem
3656 1909 3759 1964 im-

2169 1983 2461 2051 pugnando
2483 2001 2763 2055 respuere,
2795 1987 3056 2044 Edesseni
3078 2007 3207 2047 vero
3228 1995 3411 2049 clerici
3439 1997 3566 2052 nihil
3606 1998 3753 2056 Ibam

2167 2070 2483 2142 episcopum
2514 2090 2670 2130 suum
2699 2086 2863 2132 rectas
2893 2078 3016 2135 lidei
3044 2085 3376 2139 contrarium
3423 2087 3626 2144 dixisse
3674 2101 3757 2147 te-

2166 2169 2401 2232 stentur,
2429 2173 2647 2220 constat
2677 2182 2742 2222 ex
2773 2171 3122 2227 attestatione
3150 2172 3409 2230 Edesseni
3462 2178 3590 2233 cleri
3640 2197 3755 2236 me-

2167 2259 2434 2306 moratam
2455 2268 2574 2324 quie
2603 2255 2670 2310 ad
2699 2255 2885 2311 Marim
2913 2257 3132 2315 Persam
3153 2264 3353 2334 scripta
3376 2265 3568 2335 legitur
3587 2267 3758 2325 fuisse

2168 2347 2453 2418 epistolam
2477 2349 2830 2406 confutatam.
2863 2351 3002 2420 Quid
3027 2356 3284 2425 evestigio
3311 2355 3643 2431 Theophilus
3664 2379 3755 2419 ac-

2167 2447 2383 2495 cusator
2408 2439 2569 2496 fuerit
2595 2453 2934 2513 prosecutus,
2965 2445 3278 2516 diligentius
3303 2460 3522 2520 oportet
3575 2463 3756 2510 atten-

2167 2529 2221 2585 di
2248 2547 2264 2583 :
2296 2530 2388 2600 qui
2416 2546 2525 2586 non
2554 2531 2696 2588 hanc
2717 2527 3114 2591 Edessenorum
3142 2538 3289 2592 velut
3317 2543 3644 2611 superﬂuam
3663 2553 3756 2600 aut

2165 2619 2233 2673 ad
2261 2621 2504 2690 epistolae
2524 2619 2592 2676 ad
2621 2621 2808 2678 Marim
2851 2621 3073 2680 Persam
3116 2631 3328 2697 scriptae
3374 2631 3756 2689 subversiones

2167 2711 2299 2766 nihil
2316 2711 2564 2782 judicans
2589 2715 2946 2784 profuturam,
2998 2720 3224 2774 credidit
3249 2723 3626 2793 omittendam,
3656 2727 3754 2782 sed

2165 2817 2493 2874 magnopere
2517 2813 2627 2859 tota
2649 2807 2846 2862 mentis
2876 2808 3178 2866 intentione
3205 2826 3450 2870 asserere
3497 2815 3645 2871 nisus
3669 2826 3753 2872 est

2165 2891 2266 2947 has
2286 2891 2680 2950 Edessenorum
2706 2895 2911 2952 litteras
2932 2898 3250 2956 clericorum
3275 2918 3392 2958 esse
3415 2903 3652 2973 falsatas,
3681 2896 3752 2963 ex

2161 2997 2232 3038 eo
2253 2983 2467 3040 scilicet
2489 2985 2644 3040 valde
2663 2996 2946 3058 permotus
2964 2990 3109 3059 quod
3132 2991 3264 3047 nihil
3288 2997 3616 3051 contrarium
3659 3012 3754 3054 ca-

2165 3073 2379 3130 tholicie
2403 3072 2526 3130 ﬁdei
2551 3074 2698 3130 Ibam
2722 3076 2922 3133 dixisse
2949 3081 3129 3135 testati
3181 3089 3327 3137 sunt.
3360 3082 3480 3150 Quo
3507 3085 3657 3141 dicto
3676 3088 3756 3144 vi-

472 3159 634 3217 Lecta
675 3162 882 3232 itaque,
916 3171 973 3218 ut
1001 3163 1119 3220 lbas
1163 3166 1337 3237 petiit,
1388 3183 1456 3223 ex
1492 3167 1660 3236 gestis
1688 3167 1863 3224 Photii
1887 3177 2054 3239 atque
2081 3179 2128 3242 ρ
2161 3162 2294 3217 dats
2341 3164 2600 3218 continuo
2649 3164 2794 3220 illam
2841 3168 3126 3238 epistolam
3183 3171 3252 3224 ad
3282 3171 3472 3227 Marim
3524 3171 3749 3233 Persam

470 3251 736 3309 Eustathii
781 3252 1044 3323 judicans,
1091 3256 1160 3310 ad
1215 3272 1352 3326 quos
1405 3258 1592 3329 utique
1637 3259 1844 3314 directa
1884 3258 2061 3316 fuerat

467 3341 867 3399 Edessenornm
894 3344 1124 3414 epistola
1153 3346 1501 3416 clericorum,
1531 3348 1624 3418 qui
1653 3363 1774 3404 eam
1807 3357 1864 3405 ut
1913 3348 2058 3406 Pho-

471 3432 575 3486 tios
626 3441 685 3489 et
731 3431 1045 3492 Eustathius
1074 3436 1128 3489 in
1156 3437 1322 3504 gestis
1351 3435 1690 3509 innectereut
1728 3440 2056 3509 petiverunt,

467 3540 588 3595 qua)
611 3535 766 3594 gesta
809 3526 877 3583 ab
907 3527 1230 3584 adversariis
1259 3529 1362 3584 lbac
1390 3532 1630 3602 episcopi
1678 3532 1730 3586 in
1759 3531 2059 3590 Chalcedo-

465 3616 620 3671 nensi
647 3616 854 3688 synodo
881 3624 1006 3672 sunt
1033 3618 1263 3688 prolata,
1290 3619 1361 3674 ob
1387 3633 1547 3688 quam
1576 3636 1792 3677 causam
1813 3621 2056 3692 ejusdem

465 3705 707 3775 epistolae
734 3706 1039 3763 desiderata
1067 3709 1137 3762 sit
1165 3709 1344 3770 lectio.
1379 3709 1548 3779 ipsius
1594 3711 1772 3767 verbis
1811 3713 2060 3782 agnosci-

465 3804 572 3859 tur,
595 3812 715 3866 qum
735 3798 809 3851 ita
830 3812 890 3852 se
914 3798 1112 3852 habent
1135 3800 1274 3868 (Act.
1296 3799 1383 3870 10)
1410 3817 1424 3852 :
1449 3801 1491 3852 Α
1511 3801 1684 3855 multis
1712 3809 1865 3868 atque
1883 3804 2054 3859 diver-

464 3887 537 3942 sis
566 3887 630 3940 de
659 3885 915 3958 Phynicia
946 3889 1014 3941 ad
1042 3906 1136 3944 nos
1165 3891 1480 3945 variantibus
1504 3892 1831 3963 cognovimus
1851 3912 1914 3949 ea
1942 3915 2057 3969 qum

464 3975 529 4029 ab
561 3975 640 4029 his
669 3977 756 4047 qui
783 3979 1177 4032 insurrexerunt
1203 3981 1260 4032 in
1290 3981 1674 4037 sanctissimum
1712 3992 1762 4037 et
1808 4001 2052 4041 reveren-

467 4064 721 4117 tissimum
749 4067 1046 4134 episcopum
1076 4075 1309 4122 nostrum
1339 4067 1488 4124 Ibam
1515 4080 1829 4142 gesta-sunt,
1855 4085 2053 4146 perter-

462 4153 550 4207 riti
579 4155 636 4207 in
665 4171 724 4209 eo
753 4156 890 4226 quod
910 4156 1102 4211 dictum
1129 4167 1227 4222 est,
1251 4157 1669 4229 (Trauscendunt
1692 4166 1834 4217 enim
1860 4174 1911 4218 et
1931 4165 2050 4222 illos

462 4248 548 4319 qui
577 4249 690 4302 sine
721 4247 828 4304 Deo
857 4259 993 4316 sunt,
1027 4262 1074 4304 et
1099 4252 1336 4322 inﬁdeles
1365 4263 1414 4307 et
1440 4254 1671 4310 hwretici
1697 4265 1746 4310 et
1791 4255 1966 4313 Judaei
1999 4269 2050 4315 et

460 4339 656 4407 pagani
675 4355 791 4410 quae
813 4339 952 4394 dicta
991 4349 1114 4394 sunt
1153 4340 1317 4408 nobis,
1365 4344 1486 4416 quia
1527 4343 1676 4400 nobis
1701 4349 2049 4414 prazsentibus

461 4426 678 4482 dixisset
722 4429 858 4484 idem
886 4431 1322 4487 reuerentissimus
1361 4435 1628 4506 episcopus
1650 4452 1668 4490 :
1692 4434 1818 4493 Non
1844 4439 2047 4496 invideo

2160 3252 2439 3322 scriptam,
2465 3267 2585 3322 qua:
2613 3263 2804 3310 contra
2851 3266 3058 3312 rectam
3091 3259 3249 3316 tidem
3281 3264 3620 3332 apertissime
3668 3266 3756 3323 lo-

2159 3340 2360 3410 quitur,
2393 3341 2781 3412 impugnatam,
2807 3345 2968 3399 istam
3018 3346 3416 3406 Edessenorum
3461 3354 3752 3424 epistolam

2159 3434 2331 3489 voluit
2357 3447 2588 3503 arguere
2615 3434 2879 3502 falsitatis,
2903 3453 3002 3506 per
3020 3452 3181 3507 quam
3204 3439 3423 3496 videbat
3448 3449 3638 3498 omnes
3656 3445 3754 3498 οὓς

2151 3523 2420 3593 jectiones
2447 3539 2574 3579 suas
2603 3523 2769 3580 fuisse
2819 3526 3114 3582 convictas.
3168 3526 3269 3583 Cui
3317 3531 3394 3585 rei
3443 3533 3749 3589 astruendm

2156 3615 2371 3685 prolicit
2391 3617 2731 3685 subsequens
2750 3617 2886 3672 ordo
2904 3627 3205 3686 gestorum.
3239 3621 3373 3675 Dum
3404 3625 3548 3679 enim
3574 3623 3750 3681 Theo-

2155 3705 2336 3775 philus
2363 3705 2706 3764 adversarius
2734 3704 2860 3772 lbra,
2882 3707 3022 3762 sicut
3042 3707 3157 3777 jam
3183 3725 3364 3780 supra,
3392 3712 3463 3766 ita
3485 3721 3541 3769 et
3564 3714 3617 3769 in
3639 3715 3752 3772 hoc

2156 3799 2278 3854 loco
2295 3799 2467 3867 quieri
2496 3813 2563 3854 ex
2586 3799 2750 3866 gestis
2778 3799 2833 3854 in
2859 3799 3128 3870 Ephesius
3153 3803 3386 3860 secunda
3412 3805 3607 3862 habitis
3624 3823 3750 3877 qua:

2156 3889 2431 3945 nitebatur
2457 3897 2702 3944 astruere
2725 3890 3062 3960 poposcisset
3093 3892 3158 3947 ab
3188 3895 3334 3948 omni
3364 3897 3744 3966 episcoporum

2155 3979 2383 4036 concilio
2405 3979 2458 4034 in
2476 3977 2822 4035 Chalcedona
2847 3981 3218 4050 residentium,
3245 3995 3397 4053 gesta
3422 3988 3474 4042 in
3504 3990 3742 4046 secunda

2154 4070 2424 4141 Ephesina
2479 4070 2660 4127 habita
2709 4081 2837 4127 sunt
2891 4075 3163 4143 prohibita
3191 4079 3487 4134 recenseri.
3533 4079 3611 4135 Ex
3635 4097 3744 4152 qua

2151 4163 2518 4234 prohibitione
2543 4173 2759 4219 constat
2786 4166 3138 4222 assertionem
3169 4167 3274 4223 ibas
3301 4171 3540 4242 episcopi
3590 4189 3740 4228 com-

2152 4253 2458 4324 probatam,
2485 4268 2592 4324 qua
2616 4269 2677 4310 se
2697 4270 2794 4324 per
2821 4256 3145 4312 calumniam
3177 4268 3233 4313 et
3272 4258 3420 4315 falsis
3470 4261 3740 4329 ﬁgmentis

2151 4346 2220 4401 ab
2274 4344 2516 4417 Eutyche
2569 4347 2840 4416 perhibuit
2889 4348 3228 4417 impetitum;
3271 4351 3359 4406 ubi
3389 4353 3748 4412 mendacibus

2149 4437 2428 4508 productis
2472 4438 2700 4494 testibus
2742 4439 2872 4508 quia
2898 4441 3182 4510 epistolam
3209 4442 3275 4498 ad
3298 4442 3484 4500 Marim
3515 4445 3738 4504 Persam

461 4517 667 4575 Christo
720 4521 830 4576 Deo
878 4525 1036 4593 βιαία,
1093 4525 1336 4595 quoniam
1389 4535 1440 4579 et
1465 4543 1579 4599 ego,
1612 4530 1656 4583 si
1683 4530 1817 4598 volo,
1839 4549 2047 4600 possum
2077 4551 2126 4612 ι)
2149 4529 2515 4600 scriptamsua
2529 4545 2653 4587 esse
2677 4529 2798 4586 lbas
2827 4531 3160 4606 [episcopus]
3177 4535 3504 4593 essedixerit
3519 4549 3740 4597 constat

459 4609 576 4679 ﬁeri
597 4612 875 4665 secundum
900 4613 1047 4668 illum
1075 4617 1113 4685 :)
1139 4632 1315 4669 omnes
1339 4633 1452 4682 nos,
1484 4635 1611 4689 quos
1632 4620 1811 4674 dicunt
1841 4623 2048 4679 audisse

457 4716 520 4754 ea
546 4718 660 4772 qua:
681 4702 882 4771 dicunt,
905 4707 1237 4776 manifestum
1261 4709 1480 4778 facimus
1528 4719 1706 4766 vestrae
1750 4717 2048 4770 reverentia:

458 4807 635 4849 coram
684 4792 782 4848 Dei
803 4795 1071 4849 clementia
1092 4798 1213 4869 quia
1239 4814 1400 4870 neque
1429 4799 1494 4852 ab
1543 4817 1602 4856 eo
1646 4819 1808 4874 neque
1843 4803 1908 4857 ab
1938 4806 2044 4860 ullo

457 4881 562 4936 alio
589 4883 695 4937 tale
721 4883 910 4938 dictum
938 4884 1220 4954 aliquando
1241 4888 1546 4952 audivimus,
1577 4908 1742 4962 neque
1785 4894 1841 4947 in
1889 4911 2041 4951 aures

455 4982 660 5029 nostras
706 4975 996 5048 ingressum
1032 4985 1110 5030 est
1137 4978 1242 5032 tale
1261 4980 1459 5046 aliquid
1487 4981 1789 5054 aliquando,
1820 4987 2041 5041 anathe-

454 5067 759 5124 matizantes
787 5084 882 5123 nos
903 5069 1042 5137 ipsos
1070 5076 1122 5122 et
1163 5069 1380 5125 terribili
1406 5073 1656 5144 gehennae
1697 5080 2039 5148 nosmetipsos

452 5153 703 5212 obnoxios
725 5159 992 5228 facientes,
1009 5159 1054 5212 si
1073 5160 1305 5214 novimus
1326 5161 1522 5234 aliquid
1550 5163 1654 5218 tale
1681 5166 1874 5221 dictum
1899 5167 2038 5224 abeo

453 5253 543 5296 aut
562 5247 760 5318 aliquid
785 5248 930 5303 aliud
957 5251 1276 5305 contrarium
1302 5253 1568 5309 catholica:
1611 5255 1753 5325 ﬁdei.
1787 5257 1848 5313 Si
1897 5262 2034 5316 enim

451 5335 623 5406 aliqua
649 5339 742 5391 tali
771 5339 907 5395 dicto
934 5341 1076 5411 passi
1115 5342 1388 5412 fuissemus
1427 5348 1811 5403 communicare
1856 5351 1905 5404 ei
1949 5355 2034 5421 qui

451 5425 584 5480 dixit
611 5436 699 5479 aut
727 5429 910 5485 missas
938 5449 1054 5486 cum
1092 5449 1151 5488 eo
1182 5442 1367 5501 tenere,
1397 5437 1578 5493 ultimo
1605 5441 1857 5512 supplicio
1905 5445 2037 5514 fuis-

447 5530 619 5568 semus
671 5514 901 5577 obnoxii,
946 5527 1194 5593 tanquam
1247 5527 1684 5583 communicantes
1736 5531 1831 5584 tali
1868 5535 2036 5589 errori

452 5603 775 5677 [Cotelerius
805 5606 934 5676 legit
953 5608 1208 5682 horrore],
1238 5621 1294 5668 et
1318 5625 1534 5672 ca'tera.

521 5692 657 5753 Xlll.
699 5697 902 5766 Quibus
929 5698 1002 5754 ita
1029 5716 1088 5757 se
1141 5701 1461 5763 habentibus
1479 5709 1766 5766 evidenter
1792 5715 2033 5770 ostendi-

2133 4635 2276 4677 -esse
2299 4620 2616 4677 conﬁctam.
2644 4620 2702 4676 In
2730 4621 2815 4677 his
2839 4630 3019 4678 autem
3052 4622 3273 4681 Patrum
3304 4627 3737 4686 interlocutioni-

2149 4714 2251 4770 bus
2293 4729 2414 4785 qua:
2459 4714 2528 4770 de
2575 4715 2889 4770 evacuanda
2937 4715 3205 4787 Ephesina
3259 4720 3492 4776 secunda
3520 4725 3739 4794 synodo

2146 4813 2274 4860 sunt
2300 4806 2524 4876 prolatae
2549 4805 2678 4860 nihil
2701 4805 2844 4860 aliud
2866 4818 3066 4877 praeter
3091 4809 3280 4865 Domni
3327 4810 3726 4882 depositionem

2148 4904 2204 4948 et
2238 4894 2636 4950 ordinationem
2657 4893 2875 4949 Maximi
2903 4903 3112 4951 certum
3139 4907 3223 4953 est
3261 4914 3386 4955 esse
3437 4901 3734 4960 ﬁrmatum.

2149 4985 2415 5040 Domuum
2445 4998 2574 5040 vero
2593 4999 2693 5054 pro
2715 4984 2862 5040 nullo
2883 4986 2990 5040 alio
3018 4987 3244 5042 crimine
3264 4989 3366 5044 nisi
3395 4990 3538 5059 quod
3585 4993 3734 5051 beati

2146 5073 2333 5146 Cyrilli
2359 5072 2646 5129 duodecim
2674 5075 2911 5144 capitula
2941 5077 3292 5146 prohibuerat
3319 5081 3596 5149 prmdicari
3618 5086 3731 5140 cla-

2146 5181 2266 5221 rum
2292 5175 2378 5221 est
2397 5163 2560 5220 fuisse
2585 5165 2918 5220 damnatum.
2955 5165 3105 5223 Unde
3129 5170 3563 5232 manifestatione
3591 5174 3732 5248 [ma-

2144 5255 2337 5312 nifesta
2359 5253 2593 5327 ratione]
2622 5264 2677 5311 et
2705 5247 2938 5312 evidenti
2968 5259 3197 5315 veritate
3239 5270 3472 5332 constat,
3520 5266 3566 5320 si
3585 5247 3730 5338 repi-

2142 5347 2337 5403 stolam
2385 5346 2450 5401 ad
2503 5345 2694 5400 Marim
2739 5345 2982 5414 Persam,
3034 5363 3155 5418 quze
3181 5350 3465 5409 duodecim
3492 5360 3726 5427 capitula

2142 5439 2286 5495 beati
2315 5437 2500 5510 Cyrilli
2529 5453 2648 5494 esse
2669 5437 2856 5494 definit
2885 5439 3159 5505 haeretica,
3192 5442 3475 5515 ipsumque
3505 5447 3728 5504 beatum

2141 5529 2396 5601 Cyrillum
2409 5527 2702 5599 Apollinari
2719 5529 2912 5584 similia
2924 5532 3334 5603 conscripsisse,
3349 5537 3518 5591 sancti
3537 5535 3726 5594 Patres

2141 5621 2194 5675 in
2217 5620 2556 5677 Chalcedona
2582 5619 2881 5676 residentes
2906 5620 3012 5676 ibat:
3031 5623 3269 5694 episcopi
3291 5626 3540 5682 eumdem
3557 5627 3727 5686 fuisse

2139 5715 2158 5787 Ι
2162 5715 2316 5786 forte,
2365 5714 2606 5769 addendo
2651 5729 2750 5768 vos:
2798 5714 3036 5788 sensum]
3074 5719 3455 5787 quoquomodo
3485 5725 3722 5792 reperis-

454 5796 540 5844 tur
568 5791 747 5847 omnia
776 5791 829 5849 in
858 5790 1050 5862 quibus
1078 5793 1146 5849 ab
1172 5797 1574 5856 accusatoribus
1602 5809 1709 5858 tam
1738 5816 1806 5859 ex
1829 5805 2031 5879 scripto
2135 5817 2275 5876 scut,
2303 5821 2425 5865 cum
2450 5807 2754 5864 nullatenus
2784 5807 2834 5861 in
2865 5807 3098 5877 graviori
3127 5809 3362 5880 ejusdem
3407 5790 3581 5868 causae
3610 5815 3720 5870 eri»
