4000 6186
188 275 281 331 IGI

1084 272 1217 329 PRO
1257 266 1698 327 οΑΜΝΑΤιΟΝΕ
1734 266 1952 324 TRIUM
1993 268 2510 329 CAPITULORUM.
2554 263 2559 268 ’

3360 276 3465 332 itii
3545 320 3552 336 λ

182 394 326 447 mine
353 388 740 447 absolvendum
770 403 892 445 esse
931 387 1308 456 decernerent,
1333 388 1425 458 qui
1453 387 1644 443 Domni
1667 387 1776 442 An-
1809 390 1850 447 Α
1878 385 2179 455 apostolica:
2231 389 2446 441 rectoris
2495 405 2606 443 cum
2665 399 3006 446 trecentorum
3056 391 3230 447 decem
3273 400 3324 446 et
3356 402 3471 447 acto

181 485 423 543 tiochcni
449 482 692 554 episcopi
715 480 1119 537 damnationem
1159 479 1227 535 de
1254 479 1367 535 sola
1401 480 1775 536 tantummodo

180 573 498 630 earumdem
525 570 811 628 duodecim
854 570 1214 642 capitulorum
1242 569 1629 642 praedicatione
1650 587 1771 643 pro-

182 666 351 723 hibita
379 664 578 719 laetam
608 661 841 718 convelli
874 677 981 716 non
1010 661 1152 732 passi
1202 669 1349 730 sunt,
1379 669 1435 717 et
1481 662 1777 733 ordinatio-

182 770 307 810 nem
334 753 552 808 Maximi
586 752 955 807 ﬁrmaverunt.
986 750 1270 818 Quomodo
1313 753 1457 809 enim
1487 753 1586 823 ipsi
1616 754 1774 811 iidem

181 848 386 918 iudices
428 847 485 901 in
514 862 623 900 uno
650 844 952 916 eodemque
980 846 1198 915 negotio
1229 843 1375 904 Ibam
1423 858 1479 903 et
1509 848 1773 904 Domuum

181 940 248 994 ab
266 937 543 1009 Ephesius
572 936 809 993 secunda
835 935 1047 1007 synodo
1074 936 1460 993 condemnatos
1482 953 1577 994 sua
1605 939 1775 994 inter-

182 1028 459 1085 locutione
484 1028 632 1084 Ibam
668 1028 876 1105 absolvi
907 1027 1284 1092 decernerent,
1316 1029 1580 1085 Domuum
1624 1039 1775 1099 pate-

182 1128 370 1176 rentur
394 1136 624 1176 manere
661 1106 1003 1183 damnatum,
1052 1119 1157 1176 nisi
1196 1135 1323 1175 eum
1365 1136 1524 1191 quem
1570 1122 1774 1177 absolvi

182 1212 546 1268 decreverunt
571 1209 967 1281 approbassem
994 1210 1045 1265 in
1079 1209 1274 1266 eodem
1305 1212 1529 1269 crimine
1560 1229 1667 1269 non
1693 1223 1773 1281 te-

185 1304 339 1359 neri?
364 1300 506 1356 Nam
533 1317 655 1357 cum
693 1300 836 1372 apud
869 1311 1116 1359 sanetam
1158 1302 1651 1361 Chalcedoneusem
1687 1322 1774 1379 sy-

184 1393 380 1450 nodum
422 1401 533 1447 tam
575 1393 924 1448 exsecrabilis
967 1394 1294 1450 obtrectatio
1334 1394 1480 1453 beati
1509 1395 1695 1470 Cyrilli
1722 1408 1779 1453 et

184 1484 472 1540 duodecim
499 1485 861 1553 capitulorum
884 1484 1005 1554 ejus
1027 1483 1187 1541 fuerit
1214 1494 1274 1541 ut
1296 1502 1398 1557 pro
1426 1489 1505 1544 eis
1531 1491 1692 1544 etiam
1723 1491 1775 1546 in

183 1579 414 1649 reproba
436 1576 707 1647 Ephesius
733 1578 968 1633 secunda
987 1578 1203 1655 synodo?
1219 1580 1489 1637 addictum
1510 1581 1775 1639 Domuum

182 1679 502 1746 paterentur
532 1684 754 1724 manere
795 1668 1139 1737 damnatum,
1169 1681 1370 1741 quanta
1399 1673 1541 1743 apud
1571 1691 1777 1731 memo-

1881 475 2021 544 apud
2052 473 2288 530 Nicwam
2317 476 2538 531 Patrum
2564 479 2881 534 concordare
2911 488 3063 553 atque
3111 497 3210 535 ser.
3226 481 3329 547 ari,
3378 479 3472 535 sed

1879 576 1929 619 et
1950 577 2150 621 centum
2178 569 2555 641 quinquaginta
2600 572 2739 642 apud
2785 569 3292 645 Constantinopolim
3333 589 3469 629 cou-

1878 669 2208 730 gregatorum
2234 662 2580 729 sacerdotum,
2630 664 2717 734 qui
2758 664 2997 719 eanuiem
3033 665 3195 736 ﬁdem
3220 666 3469 737 firmate-

1878 759 2018 813 runt,
2074 751 2167 805 sed
2213 760 2263 806 et
2311 751 2491 825 Cyrilli
2546 766 2745 811 sanctte
2785 756 3164 812 recordationis
3205 757 3300 812 tiri
3323 754 3470 827 apud

1879 838 2218 911 Ephesinum,
2246 844 2453 915 quando
2488 842 2759 901 Nestorius
2785 864 2879 917 pro
2909 863 3002 901 suo
3044 864 3222 903 errore
3248 846 3471 903 damna-

1881 943 1958 988 tus
1987 944 2083 1001 est,
2115 946 2307 991 statuto
2353 940 2407 992 in
2456 939 2600 995 nullo
2628 942 2834 1010 penitus
2875 942 3203 1008 discordare;
3254 942 3471 1015 ideoque

1878 1026 2034 1079 etiam
2057 1025 2342 1083 beatissimi
2365 1047 2517 1101 papa:
2544 1033 2784 1102 epistola,
2816 1050 2931 1103 qua:
2957 1034 3103 1088 illuni
3128 1034 3290 1105 ﬁdem
3316 1050 3472 1105 expo-

1878 1118 2043 1172 suisse
2055 1137 2149 1190 pro
2173 1123 2367 1176 erroris
2393 1121 2646 1195 Eutyches
2669 1142 2828 1179 causa
2848 1126 3183 1197 dignoscitur,
3200 1143 3303 1181 uno
3314 1143 3469 1181 sensu

1879 1227 2080 1285 unoque
2094 1213 2276 1283 spiritu
2299 1214 2500 1270 videtur
2513 1217 2729 1288 illilﬁdei
2748 1234 2861 1273 esse
2880 1219 3178 1290 conjuncta.
3203 1216 3469 1274 Maximus

1879 1306 2321 1361 reuerentissimus
2345 1309 2615 1379 episc0pus
2634 1310 2923 1365 Antiochia:
2946 1310 3118 1381 Syria:
3132 1309 3269 1366 dixit
3292 1327 3308 1364 :
3333 1309 3469 1366 Cou-

1879 1394 2060 1449 cordat
2088 1397 2306 1468 epistola
2328 1400 2651 1467 sanctissimi
2680 1402 3060 1475 archiepiscopi
3099 1405 3257 1476 regia:
3287 1403 3468 1460 Romae

1882 1484 2069 1542 Leonis
2097 1489 2506 1556 expositionibus
2539 1498 2881 1549 trecentorum
2912 1494 3088 1549 decem
3115 1505 3165 1549 et
3189 1504 3305 1550 octo
3331 1495 3470 1565 apud

1882 1575 2117 1632 Nicwam
2145 1591 2443 1635 sanctorum
2490 1581 2728 1650 Patrum,
2759 1591 2807 1636 et
2856 1594 3062 1639 centum
3099 1587 3473 1658 quinquaginta

1881 1671 2020 1739 apud
2049 1669 2549 1741 Constaninopolim
2578 1690 2762 1729 nouam
2798 1673 3036 1745 Romam,
3056 1678 3179 1731 etin
3201 1676 3409 1748 Epheso
3439 1694 3474 1730 a

181 1773 356 1817 ratam
384 1770 632 1817 sanetam
672 1761 1172 1818 Chalcedonensem
1214 1765 1479 1834 synodum
1508 1765 1767 1822 innoccn.
1812 1772 1856 1830 Β
1883 1762 2212 1816 sanctissimo
2235 1761 2429 1834 Cyri/lo
2455 1765 2693 1837 episwpo
2715 1769 2967 1838 exposita:
2985 1768 3112 1839 ﬁdei
3126 1785 3147 1835 ;
3169 1777 3217 1823 et
3248 1769 3471 1824 subscri-

183 1855 249 1909 tia
274 1852 391 1909 [lue
418 1852 662 1924 cpisc0pi
692 1852 889 1906 claruit
917 1862 975 1907 ut
1005 1868 1127 1909 cum
1149 1853 1201 1907 in
1229 1853 1468 1923 ejusdem
1500 1855 1779 1927 Ephesium

180 1944 439 2000 secundm
489 1943 694 2000 nefario
732 1932 1008 1999 “examine
1060 1962 1159 2016 pro
1184 1945 1376 2002 eodem
1418 1948 1782 2016 adjudieatum

181 2031 691 2088 eriminedeliniret
713 2031 939 2088 absolvi.
974 2031 1030 2087 In
1059 2048 1165 2103 qua
1196 2050 1360 2090 causa
1387 2052 1662 2109 nunquam
1696 2026 1781 2093 in-

181 2139 394 2180 noeens
443 2123 748 2192 elaruisset,
798 2123 844 2178 si
872 2123 960 2179 illa
986 2123 1053 2180 ad
1084 2123 1273 2181 Marim
1306 2125 1523 2199 Persam
1552 2131 1785 2193 scelesta

182 2216 425 2288 epistola
454 2200 697 2286 ejusdem
722 2214 825 2271 Iba:
849 2217 1088 2288 episcopi
1113 2216 1379 2289 potuisset
1406 2220 1640 2277 ostendi.

244 2306 399 2363 XIV.
443 2306 708 2365 Tractatis
755 2307 918 2377 igitur
944 2310 1207 2381 clunibus
1235 2319 1290 2365 et
1314 2310 1547 2376 dilucida
1575 2315 1784 2373 ratione

182 2400 441 2457 ﬁsci-tis
461 2415 563 2471 per
581 2416 703 2470 quae
726 2409 834 2455 tam
866 2416 931 2456 ex
960 2403 1126 2472 gestis
1154 2403 1295 2475 apud
1323 2404 1573 2463 Photium
1601 2415 1658 2464 et
1686 2408 1787 2465 Eu-

184 2497 455 2552 stathium
477 2496 764 2567 episcopos
792 2497 987 2553 habitis
1010 2476 1171 2568 quam
1200 2514 1267 2555 ex
1308 2514 1498 2558 eorum
1542 2500 1786 2573 judicato

187 2586 424 2657 aliisque
449 2586 696 2658 pluribus
722 2587 898 2642 modis
921 2587 1200 2644 evidenter
1224 2591 1474 2660 apparuit
1500 2591 1651 2663 quod
1667 2590 1789 2666 epi-’

183 2678 387 2735 stolam
418 2677 487 2732 ad
512 2677 701 2733 Marim
729 2676 950 2734 Persam
977 2679 1232 2751 seriptam
1259 2697 1412 2738 suam
1459 2698 1559 2755 per
1605 2686 1787 2744 omnia

190 2769 481 2839 negaverit
507 2766 627 2824 Ibas
664 2769 969 2840 cpiscopus,
1010 2777 1394 2842 nunquamque
1438 2775 1680 2845 potuerit
1717 2791 1788 2834 ex

188 2859 442 2930 ejusdem
464 2857 771 2930 objectioue
799 2860 1069 2925 convinci,
1100 2868 1271 2917 restat
1296 2871 1355 2917 ut
1372 2864 1599 2920 veritate
1625 2866 1787 2923 simili

189 2953 541 3010 declat-emus
584 2952 1038 3022 quemadmodum
1089 2969 1118 3008 a
1161 2970 1321 3010 sensu
1348 2956 1432 3011 vel
1476 2957 1788 3016 deﬁnitione

187 3042 302 3100 sive
330 3040 767 3113 professionibus
794 3043 1179 3099 venerabilium
1209 3044 1423 3100 Patrum
1455 3047 1508 3101 in
1556 3045 1786 3105 Chalce-

1884 1850 2086 1920 psisEt
2134 1861 2259 1922 post
2288 1854 2528 1924 reliquos
2556 1855 2751 1911 similia
2782 1857 3206 1927 interloquentes
3234 1859 3473 1929 episcopi

1883 1940 2169 2013 Illyriciani
2220 1942 2435 2012 triginta
2486 1943 2594 1999 duo
2645 1961 2712 2001 ex
2741 1947 2928 2004 charta
2971 1948 3478 2013 dictaveruntiotis

1886 2049 1984 2105 per
2030 2032 2323 2090 Sonntem
2379 2036 2697 2107 episcopum
2749 2036 3039 2113 Philippeo
3066 2040 3138 2095 ita
3189 2040 3329 2110 (Aet.
3362 2040 3469 2111 4):

1887 2125 2203 2181 Sanctorum
2234 2124 2453 2183 Patrum
2499 2136 2848 2184 trecentorum
2874 2130 3048 2184 decem
3072 2141 3127 2186 et
3151 2141 3266 2187 octo
3293 2131 3476 2202 ﬁdem,

1885 2232 1999 2287 qua:
2026 2224 2101 2270 est
2127 2215 2270 2271 salus
2298 2225 2501 2285 nostra,
2530 2229 2580 2291 et
2605 2234 2889 2287 servamus,
2930 2229 2981 2274 et
3002 2236 3123 2275 cum
3151 2221 3270 2291 ipsa
3316 2223 3476 2277 vitam

1885 2315 2116 2361 nostram
2165 2306 2421 2371 complere
2468 2325 2710 2375 oramus;
2759 2318 2809 2364 et
2855 2318 3061 2366 centum
3102 2313 3477 2386 quinquaginta

1885 2409 2006 2453 ante
2054 2398 2197 2453 dicta
2222 2398 2329 2470 ﬁde
2369 2399 2549 2476 [forte,
2581 2402 2868 2457 antedictce
2899 2401 3044 2476 ﬁdei]
3088 2414 3396 2470 consonant,
3426 2415 3478 2461 et

1885 2496 2146 2544 servantes
2173 2491 2596 2563 perexsequimur
2644 2502 2692 2546 et
2721 2493 2897 2547 omnia
2946 2510 3062 2566 quin
3107 2504 3225 2549 acta
3263 2506 3384 2550 sunt
3423 2504 3481 2551 et

1887 2577 2091 2632 decreta
2118 2578 2172 2632 in
2198 2579 2369 2648 prima
2390 2576 2657 2650 Ephesiae
2686 2580 2905 2652 synodo,
2927 2582 3074 2654 cujus
3103 2583 3351 2653 praesides
3368 2585 3475 2657 [ue-

1887 2680 2007 2723 runt
2028 2666 2357 2724 beatissimus
2385 2667 2690 2726 Caelestinus
2711 2671 3013 2742 apostolica
3035 2672 3173 2728 sedis
3211 2673 3474 2746 princeps,

1885 2767 1935 2814 et
1963 2757 2290 2814 beatissimus
2319 2756 2543 2830 Cyrillus
2567 2778 2771 2834 magna:
2798 2762 3019 2818 civitatis
3048 2762 3405 2831 Alexandria,
3423 2773 3497 2823 et,

1887 2848 2294 2905 orthodoxorum
2320 2847 2504 2925 [[ονιθ,
2528 2850 2916 2925 orthodoxum]
2961 2869 3072 2909 esse
3097 2864 3335 2911 sanctum
3363 2854 3476 2911 Pa-

1874 2930 2016 2995 trem
2036 2952 2269 2996 nostrum
2295 2934 2739 3014 archiepiscopum
2762 2942 2988 3007 Leonem
3011 2945 3476 3025 cognovimus.Sed

1888 3043 1944 3090 et
1971 3034 2163 3104 reliqui
2192 3034 2433 3106 episcopi
2463 3035 2656 3091 similia
2686 3044 2815 3091 sunt
2841 3036 3091 3111 professi.

189 3133 333 3190 dona
366 3132 720 3189 residentium
750 3116 1038 3203 scepcdicta
1065 3135 1292 3206 epi~tola
1323 3135 1389 3191 ad
1417 3136 1605 3192 Marim
1660 3136 1788 3195 Per-
1818 3142 1862 3204 C
1962 3123 2078 3188 XV-
2108 3122 2203 3180 Hi5
2230 3138 2359 3194 θτεο
2387 3140 2446 3181 se
2477 3125 2549 3179 ίι³
2581 3126 2916 3195 habentibus!
2949 3128 3083 3183 ηιιηί
3105 3130 3254 3185 venit
3294 3129 3349 3185 iﬂ
3377 3128 3476 3186 ἀδι·

189 3241 306 3281 sam
357 3225 568 3296 scripta
616 3226 789 3281 aliena
818 3224 1064 3282 videatur
1105 3228 1340 3284 existere
1370 3238 1631 3286 eteorum
1662 3248 1787 3287 sen-

190 3318 385 3373 tentiis
404 3316 646 3373 obviare.
677 3315 833 3386 Quod
865 3325 925 3371 ut
971 3320 1213 3374 omnium
1259 3320 1519 3376 reddatur
1546 3325 1792 3382 sensibus

1893 3217 2037 3273 bium
2065 3216 2192 3291 quin
2224 3217 2412 3272 Patres
2439 3218 2610 3273 nostri
2638 3218 2712 3274 ita
2736 3234 2766 3274 a
2793 3235 2855 3276 se
2881 3221 3262 3278 venerabiliter
3288 3224 3478 3279 crede-

1893 3321 2016 3370 rent
2050 3313 2250 3385 suscipi
2278 3315 2427 3370 beati
2452 3314 2647 3371 Leonis
2676 3315 2981 3387 epistolam,
3013 3319 3058 3373 si
3088 3333 3210 3377 eam
3235 3333 3358 3374 cum
3387 3318 3480 3375 Ni-

192 3409 569 3477 magnesiam,
589 3409 840 3481 primitus
859 3410 1126 3489 inspicere
1156 3427 1254 3469 nos
1275 3422 1492 3483 oportet
1539 3417 1664 3487 quid
1686 3416 1760 3472 Pa
1863 3394 2708 3490 etcumelConstantinopolitante
2753 3411 3114 3482 synodorum,
3156 3420 3267 3466 tum
3315 3411 3489 3468 etiam

195 3508 309 3555 tres
365 3499 536 3552 nostri
583 3499 639 3554 in
686 3496 1113 3555 Chalcedonensi
1158 3502 1366 3573 synodo
1396 3502 1695 3560 residentes
1738 3506 1790 3561 in

194 3587 592 3660 [meditatione
618 3589 1043 3660 receptioneque
1061 3590 1233 3647 beata:
1256 3593 1646 3650 recordationis
1666 3610 1798 3665 prte-

199 3678 513 3737 decessoris
537 3679 704 3735 nostri
729 3695 880 3750 papa:
902 3680 1097 3736 Leonis
1125 3682 1370 3752 epistola:
1400 3683 1483 3738 vel
1514 3684 1566 3738 in
1609 3686 1798 3757 expla-

202 3771 433 3825 natione
488 3778 687 3825 sanctte
716 3768 838 3824 ﬁdei
891 3770 1000 3826 sint
1026 3771 1276 3843 professi,
1309 3783 1363 3828 et
1391 3775 1475 3845 pia
1502 3776 1797 3833 tenendum

200 3862 454 3919 doctrina
503 3861 809 3929 tradiderit;
861 3871 920 3917 ut
971 3864 1055 3920 his
1105 3863 1382 3936 inspectis,
1431 3876 1690 3936 quantum
1730 3870 1798 3925 ab

202 3968 401 4008 eorum
430 3952 743 4010 deﬁnitione
767 3953 1162 4026 traditioneque
1212 3957 1439 4028 epistola
1492 3959 1558 4014 ad
1610 3959 1798 4016 Marini

204 4042 433 4099 Persam
486 4044 685 4114 scripta
737 4044 980 4100 dissouet
1028 4061 1096 4101 ex
1119 4046 1202 4102 his
1223 4032 1385 4118 atque
1408 4051 1678 4106 contraria
1706 4051 1802 4107 de-

204 4142 564 4200 monstretur,
595 4142 651 4188 et
680 4134 750 4188 ob
776 4134 882 4190 hoc
902 4147 1161 4207 appareat
1189 4153 1309 4192 eam
1337 4136 1553 4194 Patrum
1588 4149 1802 4197 nostro-

206 4236 338 4277 rum
357 4222 638 4280 sententiis
658 4223 806 4279 nullo
836 4226 998 4282 modo
1022 4229 1454 4298 comprobatam.
1500 4229 1557 4287 In
1589 4234 1804 4290 actione

1894 3507 2041 3555 neatt
2068 3497 2255 3568 Cyrilli
2296 3497 2348 3552 in
2380 3496 2651 3567 Ephesina
2682 3498 2853 3568 prima
2883 3500 3145 3570 expositis
3179 3512 3481 3557 assererem

1895 3588 2185 3645 convenire
2210 3586 2489 3643 doctrinis.
2520 3586 2654 3642 Etsi
2686 3587 2775 3644 illa
2800 3591 2933 3644 tanti
2963 3588 3236 3660 pontiﬁcis
3251 3601 3307 3646 et
3334 3600 3479 3646 tanta

1897 3675 2217 3733 orthodoxa:
2248 3674 2371 3732 ﬁdei
2418 3677 2538 3733 luce
2575 3677 2897 3749 praefulgens
2935 3679 3162 3750 epistola
3203 3680 3288 3735 his
3316 3681 3487 3749 exigit

1899 3772 2396 3847 comparationibus
2423 3773 2747 3843 approbari,
2793 3773 3067 3844 quomodo
3098 3774 3242 3828 illam
3273 3774 3341 3829 ad
3370 3773 3486 3828 Ma-

1899 3864 2001 3918 rim
2034 3863 2251 3918 Persam
2297 3863 2612 3935 epistolam,
2655 3879 2776 3933 qua:
2820 3864 3128 3934 specialiter
3156 3862 3485 3935 Ephesinam

1901 3957 2130 4025 primam
2169 3954 2432 4027 synodum
2474 3957 2681 4027 respuit
2720 3964 2778 4011 ct
2819 3956 2963 4011 beati
3012 3955 3195 4026 Cyrilli
3243 3956 3490 4026 exposita

1901 4050 2155 4118 dogmata
2184 4048 2428 4105 deﬁnivit
2466 4050 2741 4116 haeretica,
2781 4049 2849 4105 ab
2878 4048 3067 4106 iisdem
3098 4048 3349 4105 Patribus
3373 4063 3493 4106 cre-

1905 4141 2067 4195 datur
2094 4141 2398 4197 orthodoxa
2424 4141 2711 4207 nomiuari,
2738 4156 2862 4196 cum
2887 4140 2974 4195 illa
3002 4140 3334 4197 condemnet
3353 4155 3491 4210 quo-

1903 4247 2025 4287 rum
2051 4232 2344 4286 collatione
2375 4231 2509 4286 tanti
2537 4231 2827 4303 pontiﬁcis,
2859 4239 2920 4287 ut
2940 4231 3143 4286 dictum
3173 4239 3276 4296 est,
3300 4231 3499 4287 meruit

201 4323 405 4384 quarta
428 4315 616 4386 synodi
630 4314 1107 4385 Chalcedonensis,
1130 4319 1257 4374 dum
1276 4330 1397 4391 post
1420 4321 1610 4378 lectam
1634 4325 1804 4381 beata:
1905 4324 2153 4380 doctrina
2183 4323 2424 4379 laudari?
2465 4324 2597 4379 Nam
2628 4334 2683 4379 et
2705 4323 3026 4380 universalis
3050 4324 3240 4395 synodi
3266 4321 3495 4378 Chalce-

206 4405 606 4462 recordationis
634 4422 787 4478 papa:
811 4406 1005 4464 Leonis
1024 4410 1306 4479 epistolam
1333 4412 1516 4469 Pa:res
1546 4418 1714 4470 nostri
1737 4418 1806 4473 de
1907 4417 2163 4473 donensis
2191 4416 2509 4472 acclamatio
2531 4433 2636 4471 una
2678 4418 2854 4489 [forte,
2882 4414 3071 4489 unam]
3100 4415 3266 4472 fuisse
3294 4415 3495 4471 utrius-

209 4496 632 4555 eostiirmatione
694 4499 934 4568 ejusdem
998 4502 1241 4571 epistola:
1303 4504 1671 4575 loquerentur,
1730 4509 1801 4563 ita
1836 4520 1887 4579 υ
1908 4523 2033 4578 que,
2061 4507 2112 4561 id
2143 4515 2227 4562 est
2272 4506 2414 4561 beati
2443 4506 2643 4562 Leonis
2667 4515 2724 4563 et
2750 4508 2894 4563 beati
2917 4507 3121 4577 Cyrilli,
3146 4506 3305 4563 ﬁdem
3332 4516 3496 4578 atque

208 4588 467 4645 dixerunt
499 4589 636 4661 (Act.
665 4591 721 4662 εί)
755 4608 772 4645 :
829 4592 1102 4671 Anatolius
1132 4598 1574 4659 reuerentissimus
1603 4600 1804 4668 episco-

208 4694 309 4751 pus
328 4681 489 4751 regite
522 4676 1000 4753 Constantinopolis
1020 4684 1157 4737 dixit
1183 4684 1469 4759 :‘Epistola
1490 4690 1805 4744 sanctissimi

209 4779 267 4828 tt
312 4773 590 4842 apostolici
627 4766 1004 4844 archiepiséopi
1053 4772 1244 4839 Leonis
1291 4786 1545 4834 consonat
1572 4780 1805 4851 symbolo

210 4869 563 4917 trecentorum
588 4866 762 4917 decem
791 4874 841 4919 et
868 4875 983 4920 octo
1003 4877 1301 4922 sanctorum
1321 4866 1542 4924 Patrum
1563 4872 1648 4941 qui
1668 4872 1807 4941 apud

210 4950 460 5009 Hircum
487 4963 539 5010 et
564 4964 765 5011 centum
792 4958 1172 5033 quinquaginta
1195 4960 1282 5031 qui
1330 4960 1471 5029 apud
1499 4959 1806 5016 Constanti-

812 5044 1046 5131 βρπέειί,
1069 5050 1155 5121 qui
1182 5051 1416 5106 eamdem
1436 5053 1592 5122 ﬁdem
1612 5056 1808 5126 con/ir-

978 5140 1036 5194 iu
1066 5138 1328 5211 Ephesino
1370 5142 1464 5197 sub
1513 5122 1806 5202 beatissimo

721 5216 1021 5313 mergum
1042 5241 1162 5286 sunt
1192 5231 1256 5285 ab
1291 5236 1571 5289 universali
1591 5246 1641 5289 et
1678 5252 1808 5290 san-

919 5306 1017 5377 mﬁ
1031 5328 1156 5377 mm
1185 5320 1490 5378 Nestorium
1520 5325 1805 5381 damnavit.

742 5394 957 5489 μετ
983 5411 1153 5466 eidem
1178 5413 1408 5483 epistola:
1436 5413 1651 5469 libenter
1680 5415 1807 5470 sub-

875 5512 926 5556 et
977 5499 1255 5557 Lucentius
1296 5504 1390 5557 riri
1412 5506 1808 5561 reuerentissimi

902 5594 1192 5667 presbyter,
1226 5596 1409 5667 vicarii
1430 5596 1565 5650 sedis
1595 5607 1807 5668 αροςιο-

895 5686 1177 5741 dixerunt:
1228 5685 1565 5757 Manifestum
1594 5696 1673 5742 est
1719 5703 1811 5742 nec

210 5758 901 5845 -ρἇίῐῖεῶνῖαηαιη
947 5776 1105 5849 [idem
1153 5775 1433 5834 beatissimi
1480 5796 1631 5851 papa:
1675 5780 1810 5835 sedis

206 5113 726 5227 mm

207 5303 798 5418 emam

212 5418 551 5499 mare?!"

275 5605 278 5608 .
393 5603 428 5614 ,._
475 5609 482 5612 _
529 5601 532 5604 -
653 5599 693 5610 ιη
729 5599 758 5614 _.'s

364 5688 387 5695 ο·
425 5695 432 5700 .
553 5689 598 5706 κστ
659 5695 700 5706 .-_
784 5690 789 5693 '

254 5748 267 5755 ,
288 5711 484 5759 νέφη-*ις
515 5717 536 5750 1.
566 5719 665 5759 λι.
714 5717 746 5760 λ.
775 5711 782 5726 ’

314 5134 645 5221 ημᾶς

1909 4601 2210 4658 doctrinam
2275 4600 2672 4655 evidentissima
2736 4601 3133 4670 comprobavit,
3169 4600 3265 4655 ita.
3305 4599 3498 4658 dicens

1912 4694 2049 4763 (Act.
2075 4690 2131 4757 Ξ)
2167 4709 2180 4745 :
2215 4690 2313 4747 Pio
2338 4701 2387 4746 et
2422 4707 2537 4745 vere
2570 4689 2675 4746 Leo
2698 4691 2893 4746 docuit.
2926 4690 3155 4763 Cyrillus
3188 4693 3264 4746 ita
3296 4691 3492 4749 docuit.

1912 4782 2093 4854 Cyrilli
2113 4790 2312 4837 «eterna
2351 4783 2622 4836 memoria.
2654 4779 2761 4836 Leo
2801 4790 2851 4836 et
2889 4780 3115 4853 Cyrillus
3139 4781 3377 4839 similiter
3401 4780 3497 4835 do-

1911 4882 2143 4928 cuerunt.
2169 4874 2458 4928 Anathema
2486 4874 2571 4945 qui
2606 4863 2815 4945 sic‘non
2844 4874 3025 4929 credit.
3059 4871 3213 4929 Unde
3243 4873 3302 4926 lit
3327 4880 3387 4925 ut
3406 4870 3497 4927 illa

1911 4966 2139 5037 epistola
2170 4965 2238 5021 ad
2285 4964 2472 5021 Marim
2501 4965 2720 5021 Persam
2751 4982 2860 5023 non
2886 4967 3061 5021 solum
3092 4980 3199 5020 non
3224 4971 3497 5032 suscepta,

1912 5073 2100 5127 verum
2142 5058 2306 5113 etiam
2333 5057 2784 5115 anathematizats
2826 5065 3177 5119 monstretur,
3205 5054 3332 5110 dum
3360 5053 3497 5121 dog-

1914 5155 2058 5201 mata
2103 5146 2286 5218 Cyrilli
2335 5147 2389 5202 in
2429 5146 2701 5218 Ephesiua
2742 5148 2916 5218 prima
2959 5146 3204 5216 exposita
3258 5144 3503 5214 appellat

1915 5238 2205 5305 hmretica;
2254 5254 2372 5309 qua:
2416 5240 2508 5309 qui
2548 5256 2655 5295 non
2702 5240 2979 5310 sequitur,
3027 5237 3386 5293 anathematis
3429 5252 3497 5294 ex

1915 5330 2182 5385 sententia
2228 5340 2428 5386 sanetae
2451 5330 2915 5387 Chalcedonensis
2949 5325 3142 5401 synodi
3172 5343 3329 5398 pmna
3356 5329 3502 5384 dam.

1918 5429 2096 5476 natur.
2146 5420 2262 5477 IIuc
2306 5423 2515 5478 accedit
2550 5422 2790 5490 ejusdem
2834 5421 3153 5478 venerandae
3198 5421 3499 5487 Chalcedo-

1914 5512 2095 5568 nensis
2142 5513 2333 5583 synodi
2378 5514 2540 5569 etiam
2582 5514 2711 5567 ﬁdei
2759 5513 3152 5569 exclamatione
3196 5513 3499 5578 sententia,

1913 5615 2033 5669 qute
2063 5598 2132 5655 ad
2163 5601 2335 5656 locum
2369 5602 2439 5655 ita
2477 5618 2533 5657 se
2561 5603 2723 5657 habet
2751 5603 2885 5674 (Act.
2920 5600 2972 5673 5)
3009 5621 3022 5656 :
3070 5603 3359 5676 Deﬁnimus
3396 5605 3501 5674 igi-

1915 5699 1997 5745 tur
2018 5689 2249 5745 ordinem
2282 5700 2329 5744 et
2351 5702 2526 5747 manes
2557 5695 2753 5764 formas
2785 5696 2909 5766 ﬁdei
2931 5709 3290 5751 conservantes
3311 5712 3503 5767 nosque

1914 5796 2030 5853 (Ιυίε
2057 5781 2197 5852 apud
2243 5780 2504 5855 Ephesum
2535 5785 2676 5855 facta
2705 5797 2782 5842 est
2818 5796 3003 5843 sancta
3051 5789 3310 5857 synodus,
3354 5788 3499 5855 cujus
