  <div class='ocr_page' id='page_1' title='image "/cluster/home/n/w/nwhite01/storage/ocr_20150623/69/hvd.32044054758727/087.png"; bbox 0 0 4000 6186; ppageno 0'>
   <div class='ocr_carea' id='block_1_1' title="bbox 1676 278 2579 360">
    <p class='ocr_par' dir='ltr' id='par_1_1' title="bbox 1676 278 2579 360">
     <span class='ocr_line' id='line_1_1' title="bbox 1676 278 2579 360; baseline 0.004 -4"><span class='ocrx_word' id='word_1_1' title='bbox 1676 299 1908 357; x_wconf 77' lang='lat' dir='ltr'><strong><em>‘VIGILII</em></strong></span> <span class='ocrx_word' id='word_1_2' title='bbox 1948 299 2052 356; x_wconf 78' lang='lat' dir='ltr'><strong><em>pr.</em></strong></span> <span class='ocrx_word' id='word_1_3' title='bbox 2093 278 2579 360; x_wconf 73' lang='lat' dir='ltr'><strong><em>CONSTITUTUM</em></strong></span> 
     </span>
    </p>
   </div>
   <div class='ocr_carea' id='block_1_2' title="bbox 3703 323 3791 377">
    <p class='ocr_par' dir='ltr' id='par_1_2' title="bbox 3703 323 3791 377">
     <span class='ocr_line' id='line_1_2' title="bbox 3703 323 3791 377; baseline 0.057 -5"><span class='ocrx_word' id='word_1_4' title='bbox 3703 323 3791 377; x_wconf 65' lang='grc' dir='ltr'><strong><em>ξω</em></strong></span> 
     </span>
    </p>
   </div>
   <div class='ocr_carea' id='block_1_3' title="bbox 510 411 3790 490">
    <p class='ocr_par' dir='ltr' id='par_1_3' title="bbox 510 411 3790 490">
     <span class='ocr_line' id='line_1_3' title="bbox 510 411 3790 490; baseline 0.007 -22"><span class='ocrx_word' id='word_1_5' title='bbox 510 412 764 485; x_wconf 71' lang='lat' dir='ltr'><strong><em>prtesides</em></strong></span> <span class='ocrx_word' id='word_1_6' title='bbox 794 414 1002 486; x_wconf 76' lang='lat' dir='ltr'><strong><em>{uerrmt</em></strong></span> <span class='ocrx_word' id='word_1_7' title='bbox 1021 420 1225 469; x_wconf 76' lang='lat' dir='ltr'><strong><em>sam-tce</em></strong></span> <span class='ocrx_word' id='word_1_8' title='bbox 1245 413 1512 469; x_wconf 65' lang='lat' dir='ltr'><strong><em>memoria:</em></strong></span> <span class='ocrx_word' id='word_1_9' title='bbox 1529 411 1832 470; x_wconf 65' lang='lat' dir='ltr'><strong><em>Ca&#39;lestinus</em></strong></span> <span class='ocrx_word' id='word_1_10' title='bbox 1855 411 2110 472; x_wconf 77' lang='lat' dir='ltr'><strong><em>Romamn</em></strong></span> <span class='ocrx_word' id='word_1_11' title='bbox 2137 421 2185 479; x_wconf 74' lang='grc' dir='ltr'><strong>Α</strong></span> <span class='ocrx_word' id='word_1_12' title='bbox 2215 421 2347 474; x_wconf 83' lang='lat' dir='ltr'><strong><em>zari.</em></strong></span> <span class='ocrx_word' id='word_1_13' title='bbox 2370 418 2503 474; x_wconf 89' lang='lat' dir='ltr'><strong><em>Cum</em></strong></span> <span class='ocrx_word' id='word_1_14' title='bbox 2525 436 2653 490; x_wconf 79' lang='lat' dir='ltr'><strong><em>ergo</em></strong></span> <span class='ocrx_word' id='word_1_15' title='bbox 2670 420 2906 478; x_wconf 58' lang='lat' dir='ltr'><strong><em>dixerint</em></strong></span> <span class='ocrx_word' id='word_1_16' title='bbox 2929 423 3115 481; x_wconf 87' lang='lat' dir='ltr'><strong><em>Patres</em></strong></span> <span class='ocrx_word' id='word_1_17' title='bbox 3139 426 3308 483; x_wconf 88' lang='lat' dir='ltr'><strong><em>nostri</em></strong></span> <span class='ocrx_word' id='word_1_18' title='bbox 3334 429 3578 485; x_wconf 88' lang='lat' dir='ltr'><strong><em>ordinem</em></strong></span> <span class='ocrx_word' id='word_1_19' title='bbox 3607 441 3661 487; x_wconf 88' lang='lat' dir='ltr'><strong><em>et</em></strong></span> <span class='ocrx_word' id='word_1_20' title='bbox 3682 450 3790 489; x_wconf 76' lang='lat' dir='ltr'><strong><em>om-</em></strong></span> 
     </span>
    </p>
   </div>
   <div class='ocr_carea' id='block_1_4' title="bbox 511 503 2108 578">
    <p class='ocr_par' dir='ltr' id='par_1_4' title="bbox 511 503 2108 578">
     <span class='ocr_line' id='line_1_4' title="bbox 511 503 2108 578; baseline 0.001 -18"><span class='ocrx_word' id='word_1_21' title='bbox 511 506 654 561; x_wconf 85' lang='lat' dir='ltr'><strong><em>urbis</em></strong></span> <span class='ocrx_word' id='word_1_22' title='bbox 678 507 896 560; x_wconf 83' lang='lat' dir='ltr'><strong><em>antistes</em></strong></span> <span class='ocrx_word' id='word_1_23' title='bbox 923 516 972 560; x_wconf 93' lang='lat' dir='ltr'><strong><em>et</em></strong></span> <span class='ocrx_word' id='word_1_24' title='bbox 995 503 1221 576; x_wconf 82' lang='lat' dir='ltr'><strong><em>Cyrillus</em></strong></span> <span class='ocrx_word' id='word_1_25' title='bbox 1256 504 1637 562; x_wconf 70' lang='lat' dir='ltr'><strong><em>Alexandrina:</em></strong></span> <span class='ocrx_word' id='word_1_26' title='bbox 1672 505 1945 576; x_wconf 62' lang='lat' dir='ltr'><strong><em>faterite,</em></strong></span> <span class='ocrx_word' id='word_1_27' title='bbox 1974 523 2108 578; x_wconf 79' lang='lat' dir='ltr'><strong><em>prte-</em></strong></span> 
     </span>
    </p>
   </div>
   <div class='ocr_carea' id='block_1_5' title="bbox 511 598 2113 671">
    <p class='ocr_par' dir='ltr' id='par_1_5' title="bbox 511 598 2113 671">
     <span class='ocr_line' id='line_1_5' title="bbox 511 598 2113 671; baseline 0.002 -19"><span class='ocrx_word' id='word_1_28' title='bbox 511 600 712 671; x_wconf 78' lang='lat' dir='ltr'><strong><em>[ulgere</em></strong></span> <span class='ocrx_word' id='word_1_29' title='bbox 738 598 944 670; x_wconf 85' lang='lat' dir='ltr'><strong><em>quidem</em></strong></span> <span class='ocrx_word' id='word_1_30' title='bbox 970 608 1123 652; x_wconf 73' lang='lat' dir='ltr'><strong><em>recta:</em></strong></span> <span class='ocrx_word' id='word_1_31' title='bbox 1149 606 1198 651; x_wconf 90' lang='lat' dir='ltr'><strong><em>et</em></strong></span> <span class='ocrx_word' id='word_1_32' title='bbox 1219 598 1570 654; x_wconf 75' lang='lat' dir='ltr'><strong><em>immaculata:</em></strong></span> <span class='ocrx_word' id='word_1_33' title='bbox 1589 600 1712 664; x_wconf 82' lang='lat' dir='ltr'><strong><em>ﬁdei</em></strong></span> <span class='ocrx_word' id='word_1_34' title='bbox 1734 599 2113 671; x_wconf 69' lang='lat' dir='ltr'><strong><em>expositionem</em></strong></span> 
     </span>
    </p>
   </div>
   <div class='ocr_carea' id='block_1_6' title="bbox 511 690 2112 747">
    <p class='ocr_par' dir='ltr' id='par_1_6' title="bbox 511 690 2112 747">
     <span class='ocr_line' id='line_1_6' title="bbox 511 690 2112 747; baseline 0.002 -4"><span class='ocrx_word' id='word_1_35' title='bbox 511 701 856 745; x_wconf 84' lang='lat' dir='ltr'><strong><em>trecentorum</em></strong></span> <span class='ocrx_word' id='word_1_36' title='bbox 905 690 1078 744; x_wconf 81' lang='lat' dir='ltr'><strong><em>decem</em></strong></span> <span class='ocrx_word' id='word_1_37' title='bbox 1115 699 1164 743; x_wconf 91' lang='lat' dir='ltr'><strong><em>et</em></strong></span> <span class='ocrx_word' id='word_1_38' title='bbox 1206 700 1320 745; x_wconf 88' lang='lat' dir='ltr'><strong><em>octo</em></strong></span> <span class='ocrx_word' id='word_1_39' title='bbox 1369 696 1667 746; x_wconf 83' lang='lat' dir='ltr'><strong><em>sanctorum</em></strong></span> <span class='ocrx_word' id='word_1_40' title='bbox 1707 702 1756 746; x_wconf 91' lang='lat' dir='ltr'><strong><em>et</em></strong></span> <span class='ocrx_word' id='word_1_41' title='bbox 1785 691 2112 747; x_wconf 85' lang='lat' dir='ltr'><strong><em>beatissimo-</em></strong></span> 
     </span>
    </p>
   </div>
   <div class='ocr_carea' id='block_1_7' title="bbox 509 778 2135 863">
    <p class='ocr_par' dir='ltr' id='par_1_7' title="bbox 509 778 2135 863">
     <span class='ocr_line' id='line_1_7' title="bbox 509 778 2135 863; baseline 0 -27"><span class='ocrx_word' id='word_1_42' title='bbox 509 799 624 836; x_wconf 89' lang='lat' dir='ltr'><strong><em>rum</em></strong></span> <span class='ocrx_word' id='word_1_43' title='bbox 653 783 876 836; x_wconf 85' lang='lat' dir='ltr'><strong><em>Patrum</em></strong></span> <span class='ocrx_word' id='word_1_44' title='bbox 900 782 1039 852; x_wconf 87' lang='lat' dir='ltr'><strong><em>apud</em></strong></span> <span class='ocrx_word' id='word_1_45' title='bbox 1063 780 1303 835; x_wconf 71' lang='lat' dir='ltr'><strong><em>Nicaram</em></strong></span> <span class='ocrx_word' id='word_1_46' title='bbox 1331 778 1422 836; x_wconf 82' lang='lat' dir='ltr'><strong><em>sub</em></strong></span> <span class='ocrx_word' id='word_1_47' title='bbox 1445 784 1547 853; x_wconf 79' lang='lat' dir='ltr'><strong><em>pia:</em></strong></span> <span class='ocrx_word' id='word_1_48' title='bbox 1576 784 1952 838; x_wconf 74' lang='lat' dir='ltr'><strong><em>recordationis</em></strong></span> <span class='ocrx_word' id='word_1_49' title='bbox 1975 783 2135 863; x_wconf 59' lang='lat' dir='ltr'><strong><em>Con--~</em></strong></span> 
     </span>
    </p>
   </div>
   <div class='ocr_carea' id='block_1_8' title="bbox 509 872 2109 944">
    <p class='ocr_par' dir='ltr' id='par_1_8' title="bbox 509 872 2109 944">
     <span class='ocr_line' id='line_1_8' title="bbox 509 872 2109 944; baseline -0.003 -13"><span class='ocrx_word' id='word_1_50' title='bbox 509 875 739 931; x_wconf 80' lang='lat' dir='ltr'><strong><em>stantino</em></strong></span> <span class='ocrx_word' id='word_1_51' title='bbox 758 875 994 943; x_wconf 80' lang='lat' dir='ltr'><strong><em>principe</em></strong></span> <span class='ocrx_word' id='word_1_52' title='bbox 1016 881 1466 944; x_wconf 82' lang='lat' dir='ltr'><strong><em>congregatorum,</em></strong></span> <span class='ocrx_word' id='word_1_53' title='bbox 1499 872 1729 927; x_wconf 86' lang='lat' dir='ltr'><strong><em>obtinere</em></strong></span> <span class='ocrx_word' id='word_1_54' title='bbox 1748 881 1923 927; x_wconf 86' lang='lat' dir='ltr'><strong><em>autent</em></strong></span> <span class='ocrx_word' id='word_1_55' title='bbox 1951 874 2109 927; x_wconf 86' lang='lat' dir='ltr'><strong><em>etiam</em></strong></span> 
     </span>
    </p>
   </div>
   <div class='ocr_carea' id='block_1_9' title="bbox 509 961 2113 1037">
    <p class='ocr_par' dir='ltr' id='par_1_9' title="bbox 509 961 2113 1037">
     <span class='ocr_line' id='line_1_9' title="bbox 509 961 2113 1037; baseline -0.003 -15"><span class='ocrx_word' id='word_1_56' title='bbox 509 977 715 1022; x_wconf 86' lang='lat' dir='ltr'><strong><em>centum</em></strong></span> <span class='ocrx_word' id='word_1_57' title='bbox 736 966 1112 1037; x_wconf 77' lang='lat' dir='ltr'><strong><em>quinquaginta</em></strong></span> <span class='ocrx_word' id='word_1_58' title='bbox 1134 972 1429 1018; x_wconf 86' lang='lat' dir='ltr'><strong><em>sanctorum</em></strong></span> <span class='ocrx_word' id='word_1_59' title='bbox 1457 963 1676 1018; x_wconf 84' lang='lat' dir='ltr'><strong><em>Patrum</em></strong></span> <span class='ocrx_word' id='word_1_60' title='bbox 1701 963 1841 1035; x_wconf 84' lang='lat' dir='ltr'><strong><em>apud</em></strong></span> <span class='ocrx_word' id='word_1_61' title='bbox 1862 961 2113 1017; x_wconf 85' lang='lat' dir='ltr'><strong><em>Constan-</em></strong></span> 
     </span>
    </p>
   </div>
   <div class='ocr_carea' id='block_1_10' title="bbox 512 1056 2111 1129">
    <p class='ocr_par' dir='ltr' id='par_1_10' title="bbox 512 1056 2111 1129">
     <span class='ocr_line' id='line_1_10' title="bbox 512 1056 2111 1129; baseline -0.001 -16"><span class='ocrx_word' id='word_1_62' title='bbox 512 1057 784 1129; x_wconf 88' lang='lat' dir='ltr'><strong><em>tinopolim</em></strong></span> <span class='ocrx_word' id='word_1_63' title='bbox 820 1057 1057 1126; x_wconf 73' lang='lat' dir='ltr'><strong><em>definita,</em></strong></span> <span class='ocrx_word' id='word_1_64' title='bbox 1084 1056 1154 1109; x_wconf 86' lang='lat' dir='ltr'><strong><em>ad</em></strong></span> <span class='ocrx_word' id='word_1_65' title='bbox 1189 1057 1620 1128; x_wconf 78' lang='lat' dir='ltr'><strong><em>interruptionem</em></strong></span> <span class='ocrx_word' id='word_1_66' title='bbox 1665 1058 1870 1128; x_wconf 86' lang='lat' dir='ltr'><strong><em>quidem</em></strong></span> <span class='ocrx_word' id='word_1_67' title='bbox 1898 1067 2111 1111; x_wconf 76' lang='lat' dir='ltr'><strong><em>exorta-</em></strong></span> 
     </span>
    </p>
   </div>
   <div class='ocr_carea' id='block_1_11' title="bbox 510 1146 2111 1218">
    <p class='ocr_par' dir='ltr' id='par_1_11' title="bbox 510 1146 2111 1218">
     <span class='ocr_line' id='line_1_11' title="bbox 510 1146 2111 1218; baseline 0.002 -17"><span class='ocrx_word' id='word_1_68' title='bbox 510 1164 626 1201; x_wconf 87' lang='lat' dir='ltr'><strong><em>rum</em></strong></span> <span class='ocrx_word' id='word_1_69' title='bbox 655 1146 939 1205; x_wconf 72' lang='lat' dir='ltr'><strong><em>Itazrescon.</em></strong></span> <span class='ocrx_word' id='word_1_70' title='bbox 964 1146 1412 1215; x_wconf 82' lang='lat' dir='ltr'><strong><em>conﬁrmationem</em></strong></span> <span class='ocrx_word' id='word_1_71' title='bbox 1443 1164 1560 1201; x_wconf 74' lang='lat' dir='ltr'><strong><em>vero</em></strong></span> <span class='ocrx_word' id='word_1_72' title='bbox 1588 1148 1816 1218; x_wconf 78' lang='lat' dir='ltr'><strong><em>ejusdem</em></strong></span> <span class='ocrx_word' id='word_1_73' title='bbox 1838 1147 2111 1204; x_wconf 74' lang='lat' dir='ltr'><strong><em>catholica:</em></strong></span> 
     </span>
    </p>
   </div>
   <div class='ocr_carea' id='block_1_12' title="bbox 508 1237 2111 1310">
    <p class='ocr_par' dir='ltr' id='par_1_12' title="bbox 508 1237 2111 1310">
     <span class='ocr_line' id='line_1_12' title="bbox 508 1237 2111 1310; baseline 0.002 -17"><span class='ocrx_word' id='word_1_74' title='bbox 508 1249 706 1294; x_wconf 80' lang='lat' dir='ltr'><strong><em>nostra:</em></strong></span> <span class='ocrx_word' id='word_1_75' title='bbox 730 1238 874 1309; x_wconf 82' lang='lat' dir='ltr'><strong><em>ﬁdei.</em></strong></span> <span class='ocrx_word' id='word_1_76' title='bbox 904 1237 1206 1309; x_wconf 77' lang='lat' dir='ltr'><strong><em>Symbolum</em></strong></span> <span class='ocrx_word' id='word_1_77' title='bbox 1229 1240 1370 1310; x_wconf 86' lang='lat' dir='ltr'><strong><em>apud</em></strong></span> <span class='ocrx_word' id='word_1_78' title='bbox 1393 1237 1634 1294; x_wconf 72' lang='lat' dir='ltr'><strong><em>Nicaeam</em></strong></span> <span class='ocrx_word' id='word_1_79' title='bbox 1658 1250 1998 1297; x_wconf 78' lang='lat' dir='ltr'><strong><em>trceentomm</em></strong></span> <span class='ocrx_word' id='word_1_80' title='bbox 2020 1244 2111 1297; x_wconf 86' lang='lat' dir='ltr'><strong><em>de-</em></strong></span> 
     </span>
    </p>
   </div>
   <div class='ocr_carea' id='block_1_13' title="bbox 507 1333 2107 1406">
    <p class='ocr_par' dir='ltr' id='par_1_13' title="bbox 507 1333 2107 1406">
     <span class='ocr_line' id='line_1_13' title="bbox 507 1333 2107 1406; baseline 0.004 -19"><span class='ocrx_word' id='word_1_81' title='bbox 507 1351 616 1388; x_wconf 87' lang='lat' dir='ltr'><strong><em>cem</em></strong></span> <span class='ocrx_word' id='word_1_82' title='bbox 637 1343 689 1388; x_wconf 83' lang='lat' dir='ltr'><strong><em>et</em></strong></span> <span class='ocrx_word' id='word_1_83' title='bbox 717 1344 850 1390; x_wconf 81' lang='lat' dir='ltr'><strong><em>octo.</em></strong></span> <span class='ocrx_word' id='word_1_84' title='bbox 888 1333 956 1387; x_wconf 83' lang='lat' dir='ltr'><strong><em>Et</em></strong></span> <span class='ocrx_word' id='word_1_85' title='bbox 988 1342 1110 1402; x_wconf 75' lang='lat' dir='ltr'><strong><em>post</em></strong></span> <span class='ocrx_word' id='word_1_86' title='bbox 1137 1334 1241 1388; x_wconf 83' lang='lat' dir='ltr'><strong><em>alia</em></strong></span> <span class='ocrx_word' id='word_1_87' title='bbox 1272 1335 1410 1403; x_wconf 71' lang='grc' dir='ltr'><strong><em>(Λα,</em></strong></span> <span class='ocrx_word' id='word_1_88' title='bbox 1443 1334 1500 1405; x_wconf 83' lang='lat'><strong><em>5)</em></strong></span> <span class='ocrx_word' id='word_1_89' title='bbox 1536 1353 1550 1389; x_wconf 89' lang='lat'>:</span> <span class='ocrx_word' id='word_1_90' title='bbox 1595 1334 1811 1406; x_wconf 81' lang='lat' dir='ltr'><strong><em>Propter</em></strong></span> <span class='ocrx_word' id='word_1_91' title='bbox 1840 1336 1958 1391; x_wconf 86' lang='lat' dir='ltr'><strong><em>illos</em></strong></span> <span class='ocrx_word' id='word_1_92' title='bbox 1989 1354 2107 1393; x_wconf 85' lang='lat' dir='ltr'><strong><em>vero</em></strong></span> 
     </span>
    </p>
   </div>
   <div class='ocr_carea' id='block_1_14' title="bbox 509 1424 2111 1497">
    <p class='ocr_par' dir='ltr' id='par_1_14' title="bbox 509 1424 2111 1497">
     <span class='ocr_line' id='line_1_14' title="bbox 509 1424 2111 1497; baseline 0.004 -20"><span class='ocrx_word' id='word_1_93' title='bbox 509 1424 601 1497; x_wconf 89' lang='lat' dir='ltr'><strong><em>qui</em></strong></span> <span class='ocrx_word' id='word_1_94' title='bbox 628 1424 929 1496; x_wconf 75' lang='lat' dir='ltr'><strong><em>mysterium</em></strong></span> <span class='ocrx_word' id='word_1_95' title='bbox 956 1425 1358 1496; x_wconf 75' lang='lat' dir='ltr'><strong><em>dispensationis</em></strong></span> <span class='ocrx_word' id='word_1_96' title='bbox 1379 1442 1707 1495; x_wconf 88' lang='lat' dir='ltr'><strong><em>corrumpere</em></strong></span> <span class='ocrx_word' id='word_1_97' title='bbox 1734 1428 2036 1495; x_wconf 77' lang='lat' dir='ltr'><strong><em>moliuntur,</em></strong></span> <span class='ocrx_word' id='word_1_98' title='bbox 2059 1438 2111 1485; x_wconf 89' lang='lat' dir='ltr'><strong><em>et</em></strong></span> 
     </span>
    </p>
   </div>
   <div class='ocr_carea' id='block_1_15' title="bbox 510 1515 2113 1586">
    <p class='ocr_par' dir='ltr' id='par_1_15' title="bbox 510 1515 2113 1586">
     <span class='ocr_line' id='line_1_15' title="bbox 510 1515 2113 1586; baseline 0.004 -19"><span class='ocrx_word' id='word_1_99' title='bbox 510 1530 700 1584; x_wconf 86' lang='lat' dir='ltr'><strong><em>purum</em></strong></span> <span class='ocrx_word' id='word_1_100' title='bbox 728 1515 988 1569; x_wconf 81' lang='lat' dir='ltr'><strong><em>hominem</em></strong></span> <span class='ocrx_word' id='word_1_101' title='bbox 1017 1531 1129 1569; x_wconf 84' lang='lat' dir='ltr'><strong><em>esse</em></strong></span> <span class='ocrx_word' id='word_1_102' title='bbox 1155 1516 1242 1585; x_wconf 84' lang='lat' dir='ltr'><strong><em>qui</em></strong></span> <span class='ocrx_word' id='word_1_103' title='bbox 1270 1531 1337 1569; x_wconf 76' lang='lat' dir='ltr'><strong><em>ex</em></strong></span> <span class='ocrx_word' id='word_1_104' title='bbox 1355 1525 1541 1570; x_wconf 78' lang='lat' dir='ltr'><strong><em>sancta</em></strong></span> <span class='ocrx_word' id='word_1_105' title='bbox 1574 1515 1789 1586; x_wconf 82' lang='lat' dir='ltr'><strong><em>Virgine</em></strong></span> <span class='ocrx_word' id='word_1_106' title='bbox 1818 1517 1993 1572; x_wconf 83' lang='lat' dir='ltr'><strong><em>Maria</em></strong></span> <span class='ocrx_word' id='word_1_107' title='bbox 2022 1536 2113 1573; x_wconf 87' lang='lat' dir='ltr'><strong><em>na-</em></strong></span> 
     </span>
    </p>
   </div>
   <div class='ocr_carea' id='block_1_16' title="bbox 509 1604 2108 1676">
    <p class='ocr_par' dir='ltr' id='par_1_16' title="bbox 509 1604 2108 1676">
     <span class='ocr_line' id='line_1_16' title="bbox 509 1604 2108 1676; baseline 0.004 -19"><span class='ocrx_word' id='word_1_108' title='bbox 509 1613 592 1658; x_wconf 88' lang='lat' dir='ltr'><strong><em>tus</em></strong></span> <span class='ocrx_word' id='word_1_109' title='bbox 617 1614 695 1660; x_wconf 88' lang='lat' dir='ltr'><strong><em>est</em></strong></span> <span class='ocrx_word' id='word_1_110' title='bbox 725 1605 1052 1676; x_wconf 87' lang='lat' dir='ltr'><strong><em>impudenter</em></strong></span> <span class='ocrx_word' id='word_1_111' title='bbox 1080 1604 1385 1667; x_wconf 81' lang='lat' dir='ltr'><strong><em>delirantes,</em></strong></span> <span class='ocrx_word' id='word_1_112' title='bbox 1411 1604 1546 1659; x_wconf 83' lang='lat' dir='ltr'><strong><em>beati</em></strong></span> <span class='ocrx_word' id='word_1_113' title='bbox 1569 1604 1753 1676; x_wconf 67' lang='lat' dir='ltr'><strong><em>Cyr-illi</em></strong></span> <span class='ocrx_word' id='word_1_114' title='bbox 1783 1607 2108 1664; x_wconf 75' lang='lat' dir='ltr'><strong><em>Alexandri-</em></strong></span> 
     </span>
    </p>
   </div>
   <div class='ocr_carea' id='block_1_17' title="bbox 510 1692 2110 1766">
    <p class='ocr_par' dir='ltr' id='par_1_17' title="bbox 510 1692 2110 1766">
     <span class='ocr_line' id='line_1_17' title="bbox 510 1692 2110 1766; baseline 0.002 -19"><span class='ocrx_word' id='word_1_115' title='bbox 510 1709 595 1750; x_wconf 77' lang='lat' dir='ltr'><strong><em>na:</em></strong></span> <span class='ocrx_word' id='word_1_116' title='bbox 634 1692 885 1749; x_wconf 73' lang='lat' dir='ltr'><strong><em>Ecclesia:</em></strong></span> <span class='ocrx_word' id='word_1_117' title='bbox 925 1695 1164 1765; x_wconf 82' lang='lat' dir='ltr'><strong><em>prcesulis</em></strong></span> <span class='ocrx_word' id='word_1_118' title='bbox 1198 1694 1477 1766; x_wconf 75' lang='lat' dir='ltr'><strong><em>synodicas</em></strong></span> <span class='ocrx_word' id='word_1_119' title='bbox 1515 1694 1584 1749; x_wconf 81' lang='lat' dir='ltr'><strong><em>ad</em></strong></span> <span class='ocrx_word' id='word_1_120' title='bbox 1614 1693 1918 1750; x_wconf 82' lang='lat' dir='ltr'><strong><em>Nestorium</em></strong></span> <span class='ocrx_word' id='word_1_121' title='bbox 1960 1707 2010 1751; x_wconf 86' lang='lat' dir='ltr'><strong><em>et</em></strong></span> <span class='ocrx_word' id='word_1_122' title='bbox 2038 1697 2110 1750; x_wconf 87' lang='lat' dir='ltr'><strong><em>ad</em></strong></span> 
     </span>
    </p>
   </div>
   <div class='ocr_carea' id='block_1_18' title="bbox 2217 509 3791 592">
    <p class='ocr_par' dir='ltr' id='par_1_18' title="bbox 2217 509 3791 592">
     <span class='ocr_line' id='line_1_18' title="bbox 2217 509 3791 592; baseline 0.01 -29"><span class='ocrx_word' id='word_1_123' title='bbox 2217 525 2310 564; x_wconf 91' lang='lat' dir='ltr'><strong><em>nes</em></strong></span> <span class='ocrx_word' id='word_1_124' title='bbox 2339 509 2542 566; x_wconf 83' lang='lat' dir='ltr'><strong><em>formas</em></strong></span> <span class='ocrx_word' id='word_1_125' title='bbox 2590 510 2708 567; x_wconf 84' lang='lat' dir='ltr'><strong><em>ﬁdei</em></strong></span> <span class='ocrx_word' id='word_1_126' title='bbox 2736 512 2989 585; x_wconf 80' lang='lat' dir='ltr'><strong><em>Ephesini</em></strong></span> <span class='ocrx_word' id='word_1_127' title='bbox 3037 516 3192 586; x_wconf 80' lang='lat' dir='ltr'><strong><em>primi</em></strong></span> <span class='ocrx_word' id='word_1_128' title='bbox 3223 519 3438 573; x_wconf 74' lang='lat' dir='ltr'><strong><em>concilii</em></strong></span> <span class='ocrx_word' id='word_1_129' title='bbox 3468 535 3528 575; x_wconf 90' lang='lat' dir='ltr'><strong><em>se</em></strong></span> <span class='ocrx_word' id='word_1_130' title='bbox 3557 536 3791 592; x_wconf 77' lang='lat' dir='ltr'><strong><em>servare,</em></strong></span> 
     </span>
    </p>
   </div>
   <div class='ocr_carea' id='block_1_19' title="bbox 2214 604 3794 686">
    <p class='ocr_par' dir='ltr' id='par_1_19' title="bbox 2214 604 3794 686">
     <span class='ocr_line' id='line_1_19' title="bbox 2214 604 3794 686; baseline 0.009 -27"><span class='ocrx_word' id='word_1_131' title='bbox 2214 613 2270 659; x_wconf 91' lang='lat' dir='ltr'><strong><em>et</em></strong></span> <span class='ocrx_word' id='word_1_132' title='bbox 2298 604 2428 658; x_wconf 93' lang='lat' dir='ltr'><strong><em>nulli</em></strong></span> <span class='ocrx_word' id='word_1_133' title='bbox 2460 604 2621 661; x_wconf 91' lang='lat' dir='ltr'><strong><em>licere</em></strong></span> <span class='ocrx_word' id='word_1_134' title='bbox 2663 607 2887 663; x_wconf 67' lang='lat' dir='ltr'><strong><em>alteram</em></strong></span> <span class='ocrx_word' id='word_1_135' title='bbox 2938 608 3094 664; x_wconf 80' lang='lat' dir='ltr'><strong><em>fidem</em></strong></span> <span class='ocrx_word' id='word_1_136' title='bbox 3126 610 3391 680; x_wconf 89' lang='lat' dir='ltr'><strong><em>proferre,</em></strong></span> <span class='ocrx_word' id='word_1_137' title='bbox 3434 616 3794 686; x_wconf 83' lang='lat' dir='ltr'><strong><em>conscribere,</em></strong></span> 
     </span>
    </p>
   </div>
   <div class='ocr_carea' id='block_1_20' title="bbox 2216 696 3796 780">
    <p class='ocr_par' dir='ltr' id='par_1_20' title="bbox 2216 696 3796 780">
     <span class='ocr_line' id='line_1_20' title="bbox 2216 696 3796 780; baseline 0.01 -30"><span class='ocrx_word' id='word_1_138' title='bbox 2216 696 2299 751; x_wconf 82' lang='lat' dir='ltr'><strong><em>vel</em></strong></span> <span class='ocrx_word' id='word_1_139' title='bbox 2327 696 2549 763; x_wconf 84' lang='lat' dir='ltr'><strong><em>sentire,</em></strong></span> <span class='ocrx_word' id='word_1_140' title='bbox 2580 713 2674 754; x_wconf 83' lang='lat' dir='ltr'><strong><em>seu</em></strong></span> <span class='ocrx_word' id='word_1_141' title='bbox 2699 699 2931 764; x_wconf 77' lang='lat' dir='ltr'><strong><em>tradere,</em></strong></span> <span class='ocrx_word' id='word_1_142' title='bbox 2965 708 3055 754; x_wconf 86' lang='lat' dir='ltr'><strong><em>aut</em></strong></span> <span class='ocrx_word' id='word_1_143' title='bbox 3084 701 3239 756; x_wconf 87' lang='lat' dir='ltr'><strong><em>aliter</em></strong></span> <span class='ocrx_word' id='word_1_144' title='bbox 3258 702 3476 767; x_wconf 84' lang='lat' dir='ltr'><strong><em>docere,</em></strong></span> <span class='ocrx_word' id='word_1_145' title='bbox 3503 721 3796 780; x_wconf 88' lang='lat' dir='ltr'><strong><em>omnesque</em></strong></span> 
     </span>
    </p>
   </div>
   <div class='ocr_carea' id='block_1_21' title="bbox 2211 790 3797 867">
    <p class='ocr_par' dir='ltr' id='par_1_21' title="bbox 2211 790 3797 867">
     <span class='ocr_line' id='line_1_21' title="bbox 2211 790 3797 867; baseline 0.01 -24"><span class='ocrx_word' id='word_1_146' title='bbox 2211 790 2301 859; x_wconf 90' lang='lat' dir='ltr'><strong><em>qui</em></strong></span> <span class='ocrx_word' id='word_1_147' title='bbox 2327 800 2658 860; x_wconf 75' lang='lat' dir='ltr'><strong><em>prtesumunt</em></strong></span> <span class='ocrx_word' id='word_1_148' title='bbox 2684 793 2809 847; x_wconf 85' lang='lat' dir='ltr'><strong><em>talia</em></strong></span> <span class='ocrx_word' id='word_1_149' title='bbox 2860 808 2979 848; x_wconf 83' lang='lat' dir='ltr'><strong><em>esse</em></strong></span> <span class='ocrx_word' id='word_1_150' title='bbox 3007 793 3292 850; x_wconf 83' lang='lat' dir='ltr'><strong><em>damnatos</em></strong></span> <span class='ocrx_word' id='word_1_151' title='bbox 3310 838 3325 864; x_wconf 90' lang='lat'><strong><em>,</em></strong></span> <span class='ocrx_word' id='word_1_152' title='bbox 3358 798 3641 867; x_wconf 73' lang='lat' dir='ltr'><strong><em>epistolam</em></strong></span> <span class='ocrx_word' id='word_1_153' title='bbox 3669 818 3797 859; x_wconf 86' lang='lat' dir='ltr'><strong><em>vero</em></strong></span> 
     </span>
    </p>
   </div>
   <div class='ocr_carea' id='block_1_22' title="bbox 2212 878 3796 959">
    <p class='ocr_par' dir='ltr' id='par_1_22' title="bbox 2212 878 3796 959">
     <span class='ocr_line' id='line_1_22' title="bbox 2212 878 3796 959; baseline 0.009 -26"><span class='ocrx_word' id='word_1_154' title='bbox 2212 878 2281 934; x_wconf 88' lang='lat' dir='ltr'><strong><em>ad</em></strong></span> <span class='ocrx_word' id='word_1_155' title='bbox 2312 880 2499 935; x_wconf 69' lang='lat' dir='ltr'><strong><em>Marini</em></strong></span> <span class='ocrx_word' id='word_1_156' title='bbox 2525 880 2686 936; x_wconf 87' lang='lat' dir='ltr'><strong><em>Persa</em></strong></span> <span class='ocrx_word' id='word_1_157' title='bbox 2712 900 2743 935; x_wconf 82' lang='grc' dir='ltr'><strong><em>ιι</em></strong></span> <span class='ocrx_word' id='word_1_158' title='bbox 2772 883 3028 953; x_wconf 75' lang='lat' dir='ltr'><strong><em>scriptam</em></strong></span> <span class='ocrx_word' id='word_1_159' title='bbox 3056 885 3457 954; x_wconf 82' lang='lat' dir='ltr'><strong><em>impugnantem</em></strong></span> <span class='ocrx_word' id='word_1_160' title='bbox 3490 905 3587 959; x_wconf 91' lang='lat' dir='ltr'><strong><em>per</em></strong></span> <span class='ocrx_word' id='word_1_161' title='bbox 3619 893 3796 949; x_wconf 83' lang='lat' dir='ltr'><strong><em>omnia</em></strong></span> 
     </span>
    </p>
   </div>
   <div class='ocr_carea' id='block_1_23' title="bbox 2212 969 3796 1048">
    <p class='ocr_par' dir='ltr' id='par_1_23' title="bbox 2212 969 3796 1048">
     <span class='ocr_line' id='line_1_23' title="bbox 2212 969 3796 1048; baseline 0.009 -24"><span class='ocrx_word' id='word_1_162' title='bbox 2212 969 2355 1025; x_wconf 86' lang='lat' dir='ltr'><strong><em>beati</em></strong></span> <span class='ocrx_word' id='word_1_163' title='bbox 2384 970 2568 1044; x_wconf 76' lang='lat' dir='ltr'><strong><em>Cyrilli</em></strong></span> <span class='ocrx_word' id='word_1_164' title='bbox 2601 974 2900 1044; x_wconf 78' lang='lat' dir='ltr'><strong><em>expositam</em></strong></span> <span class='ocrx_word' id='word_1_165' title='bbox 2922 975 2974 1028; x_wconf 91' lang='lat' dir='ltr'><strong><em>in</em></strong></span> <span class='ocrx_word' id='word_1_166' title='bbox 2998 973 3265 1045; x_wconf 86' lang='lat' dir='ltr'><strong><em>Ephesina</em></strong></span> <span class='ocrx_word' id='word_1_167' title='bbox 3296 978 3467 1048; x_wconf 91' lang='lat' dir='ltr'><strong><em>prima</em></strong></span> <span class='ocrx_word' id='word_1_168' title='bbox 3497 979 3796 1038; x_wconf 72' lang='lat' dir='ltr'><strong><em>doctrinam</em></strong></span> 
     </span>
    </p>
   </div>
   <div class='ocr_carea' id='block_1_24' title="bbox 2211 1065 3798 1133">
    <p class='ocr_par' dir='ltr' id='par_1_24' title="bbox 2211 1065 3798 1133">
     <span class='ocr_line' id='line_1_24' title="bbox 2211 1065 3798 1133; baseline 0.011 -17"><span class='ocrx_word' id='word_1_169' title='bbox 2211 1079 2318 1116; x_wconf 88' lang='lat' dir='ltr'><strong><em>non</em></strong></span> <span class='ocrx_word' id='word_1_170' title='bbox 2342 1065 2515 1120; x_wconf 79' lang='lat' dir='ltr'><strong><em>solum</em></strong></span> <span class='ocrx_word' id='word_1_171' title='bbox 2545 1065 2721 1132; x_wconf 90' lang='lat' dir='ltr'><strong><em>aliter,</em></strong></span> <span class='ocrx_word' id='word_1_172' title='bbox 2749 1066 2844 1121; x_wconf 89' lang='lat' dir='ltr'><strong><em>sed</em></strong></span> <span class='ocrx_word' id='word_1_173' title='bbox 2867 1076 2922 1123; x_wconf 85' lang='lat' dir='ltr'><strong><em>et</em></strong></span> <span class='ocrx_word' id='word_1_174' title='bbox 2946 1070 3218 1125; x_wconf 72' lang='lat' dir='ltr'><strong><em>contrarie</em></strong></span> <span class='ocrx_word' id='word_1_175' title='bbox 3249 1086 3354 1126; x_wconf 93' lang='lat' dir='ltr'><strong><em>non</em></strong></span> <span class='ocrx_word' id='word_1_176' title='bbox 3379 1072 3685 1131; x_wconf 91' lang='lat' dir='ltr'><strong><em>dubitemus</em></strong></span> <span class='ocrx_word' id='word_1_177' title='bbox 3711 1092 3798 1133; x_wconf 85' lang='lat' dir='ltr'><strong><em>as-</em></strong></span> 
     </span>
    </p>
   </div>
   <div class='ocr_carea' id='block_1_25' title="bbox 2213 1156 3798 1230">
    <p class='ocr_par' dir='ltr' id='par_1_25' title="bbox 2213 1156 3798 1230">
     <span class='ocr_line' id='line_1_25' title="bbox 2213 1156 3798 1230; baseline 0.012 -25"><span class='ocrx_word' id='word_1_178' title='bbox 2213 1160 2411 1218; x_wconf 79' lang='lat' dir='ltr'><strong><em>truere,</em></strong></span> <span class='ocrx_word' id='word_1_179' title='bbox 2436 1163 2650 1210; x_wconf 82' lang='lat' dir='ltr'><strong><em>constat</em></strong></span> <span class='ocrx_word' id='word_1_180' title='bbox 2676 1156 2921 1226; x_wconf 83' lang='lat' dir='ltr'><strong><em>synodali</em></strong></span> <span class='ocrx_word' id='word_1_181' title='bbox 2940 1157 3146 1226; x_wconf 90' lang='lat' dir='ltr'><strong><em>judicio</em></strong></span> <span class='ocrx_word' id='word_1_182' title='bbox 3173 1160 3413 1230; x_wconf 80' lang='lat' dir='ltr'><strong><em>ejusdem</em></strong></span> <span class='ocrx_word' id='word_1_183' title='bbox 3437 1164 3798 1225; x_wconf 84' lang='lat' dir='ltr'><strong><em>damnationis</em></strong></span> 
     </span>
    </p>
   </div>
   <div class='ocr_carea' id='block_1_26' title="bbox 2209 1246 3796 1323">
    <p class='ocr_par' dir='ltr' id='par_1_26' title="bbox 2209 1246 3796 1323">
     <span class='ocr_line' id='line_1_26' title="bbox 2209 1246 3796 1323; baseline 0.01 -22"><span class='ocrx_word' id='word_1_184' title='bbox 2209 1248 2534 1302; x_wconf 88' lang='lat' dir='ltr'><strong><em>sententiam</em></strong></span> <span class='ocrx_word' id='word_1_185' title='bbox 2584 1246 3028 1318; x_wconf 89' lang='lat' dir='ltr'><strong><em>comprehensam</em></strong></span> <span class='ocrx_word' id='word_1_186' title='bbox 3052 1290 3066 1314; x_wconf 87' lang='lat'><strong><em>,</em></strong></span> <span class='ocrx_word' id='word_1_187' title='bbox 3119 1266 3183 1306; x_wconf 80' lang='lat' dir='ltr'><strong><em>ac</em></strong></span> <span class='ocrx_word' id='word_1_188' title='bbox 3210 1261 3499 1323; x_wconf 82' lang='lat' dir='ltr'><strong><em>propterea</em></strong></span> <span class='ocrx_word' id='word_1_189' title='bbox 3547 1257 3617 1312; x_wconf 89' lang='lat' dir='ltr'><strong><em>ab</em></strong></span> <span class='ocrx_word' id='word_1_190' title='bbox 3644 1258 3722 1316; x_wconf 83' lang='lat' dir='ltr'><strong><em>eis</em></strong></span> <span class='ocrx_word' id='word_1_191' title='bbox 3763 1276 3796 1316; x_wconf 86' lang='lat' dir='ltr'><strong><em>a</em></strong></span> 
     </span>
    </p>
   </div>
   <div class='ocr_carea' id='block_1_27' title="bbox 2209 1335 3799 1419">
    <p class='ocr_par' dir='ltr' id='par_1_27' title="bbox 2209 1335 3799 1419">
     <span class='ocr_line' id='line_1_27' title="bbox 2209 1335 3799 1419; baseline 0.008 -30"><span class='ocrx_word' id='word_1_192' title='bbox 2209 1335 2405 1403; x_wconf 85' lang='lat' dir='ltr'><strong><em>quibus</em></strong></span> <span class='ocrx_word' id='word_1_193' title='bbox 2438 1335 2666 1408; x_wconf 81' lang='lat' dir='ltr'><strong><em>cpistola</em></strong></span> <span class='ocrx_word' id='word_1_194' title='bbox 2707 1335 2774 1391; x_wconf 87' lang='lat' dir='ltr'><strong><em>ad</em></strong></span> <span class='ocrx_word' id='word_1_195' title='bbox 2806 1335 2994 1391; x_wconf 80' lang='lat' dir='ltr'><strong><em>Illarim</em></strong></span> <span class='ocrx_word' id='word_1_196' title='bbox 3041 1338 3257 1395; x_wconf 88' lang='lat' dir='ltr'><strong><em>Persam</em></strong></span> <span class='ocrx_word' id='word_1_197' title='bbox 3301 1343 3642 1412; x_wconf 70' lang='lat' dir='ltr'><strong><em>apertissime</em></strong></span> <span class='ocrx_word' id='word_1_198' title='bbox 3668 1364 3799 1419; x_wconf 58' lang='lat' dir='ltr'><strong><em>prta;-</em></strong></span> 
     </span>
    </p>
   </div>
   <div class='ocr_carea' id='block_1_28' title="bbox 2211 1426 3799 1502">
    <p class='ocr_par' dir='ltr' id='par_1_28' title="bbox 2211 1426 3799 1502">
     <span class='ocr_line' id='line_1_28' title="bbox 2211 1426 3799 1502; baseline 0.012 -21"><span class='ocrx_word' id='word_1_199' title='bbox 2211 1426 2461 1483; x_wconf 85' lang='lat' dir='ltr'><strong><em>damnata</em></strong></span> <span class='ocrx_word' id='word_1_200' title='bbox 2502 1428 2722 1498; x_wconf 78' lang='lat' dir='ltr'><strong><em>legitur,</em></strong></span> <span class='ocrx_word' id='word_1_201' title='bbox 2750 1430 2922 1487; x_wconf 90' lang='lat' dir='ltr'><strong><em>multo</em></strong></span> <span class='ocrx_word' id='word_1_202' title='bbox 2955 1434 3127 1502; x_wconf 80' lang='lat' dir='ltr'><strong><em>magis</em></strong></span> <span class='ocrx_word' id='word_1_203' title='bbox 3152 1433 3358 1489; x_wconf 90' lang='lat' dir='ltr'><strong><em>clarum</em></strong></span> <span class='ocrx_word' id='word_1_204' title='bbox 3386 1447 3471 1493; x_wconf 88' lang='lat' dir='ltr'><strong><em>est</em></strong></span> <span class='ocrx_word' id='word_1_205' title='bbox 3497 1456 3605 1495; x_wconf 85' lang='lat' dir='ltr'><strong><em>non</em></strong></span> <span class='ocrx_word' id='word_1_206' title='bbox 3635 1441 3799 1501; x_wconf 80' lang='lat' dir='ltr'><strong><em>luisse</em></strong></span> 
     </span>
    </p>
   </div>
   <div class='ocr_carea' id='block_1_29' title="bbox 2210 1528 2536 1588">
    <p class='ocr_par' dir='ltr' id='par_1_29' title="bbox 2210 1528 2536 1588">
     <span class='ocr_line' id='line_1_29' title="bbox 2210 1528 2536 1588; baseline -0.006 -14"><span class='ocrx_word' id='word_1_207' title='bbox 2210 1528 2536 1588; x_wconf 88' lang='lat' dir='ltr'><strong><em>susceptam.</em></strong></span> 
     </span>
    </p>
   </div>
   <div class='ocr_carea' id='block_1_30' title="bbox 2280 1608 3795 1687">
    <p class='ocr_par' dir='ltr' id='par_1_30' title="bbox 2280 1608 3795 1687">
     <span class='ocr_line' id='line_1_30' title="bbox 2280 1608 3795 1687; baseline 0.011 -24"><span class='ocrx_word' id='word_1_208' title='bbox 2280 1608 2439 1664; x_wconf 77' lang='lat' dir='ltr'><strong>XVII.</strong></span> <span class='ocrx_word' id='word_1_209' title='bbox 2473 1609 2584 1665; x_wconf 84' lang='lat' dir='ltr'><strong><em>Nec</em></strong></span> <span class='ocrx_word' id='word_1_210' title='bbox 2613 1625 2940 1685; x_wconf 89' lang='lat' dir='ltr'><strong><em>quemquam</em></strong></span> <span class='ocrx_word' id='word_1_211' title='bbox 2983 1612 3144 1669; x_wconf 87' lang='lat' dir='ltr'><strong><em>debet</em></strong></span> <span class='ocrx_word' id='word_1_212' title='bbox 3192 1630 3512 1687; x_wconf 85' lang='lat' dir='ltr'><strong><em>permovere</em></strong></span> <span class='ocrx_word' id='word_1_213' title='bbox 3559 1618 3795 1680; x_wconf 87' lang='lat' dir='ltr'><strong><em>ﬁdelium</em></strong></span> 
     </span>
    </p>
   </div>
   <div class='ocr_carea' id='block_1_31' title="bbox 2210 1702 3796 1783">
    <p class='ocr_par' dir='ltr' id='par_1_31' title="bbox 2210 1702 3796 1783">
     <span class='ocr_line' id='line_1_31' title="bbox 2210 1702 3796 1783; baseline 0.012 -29"><span class='ocrx_word' id='word_1_214' title='bbox 2210 1702 2357 1771; x_wconf 86' lang='lat' dir='ltr'><strong><em>quod</em></strong></span> <span class='ocrx_word' id='word_1_215' title='bbox 2395 1702 2612 1772; x_wconf 87' lang='lat' dir='ltr'><strong><em>quidam</em></strong></span> <span class='ocrx_word' id='word_1_216' title='bbox 2640 1705 2989 1775; x_wconf 89' lang='lat' dir='ltr'><strong><em>subripiendo</em></strong></span> <span class='ocrx_word' id='word_1_217' title='bbox 3018 1708 3264 1764; x_wconf 90' lang='lat' dir='ltr'><strong><em>nituntur</em></strong></span> <span class='ocrx_word' id='word_1_218' title='bbox 3289 1702 3531 1768; x_wconf 78' lang='lat' dir='ltr'><strong><em>astruere</em></strong></span> <span class='ocrx_word' id='word_1_219' title='bbox 3551 1714 3796 1783; x_wconf 70' lang='lat' dir='ltr'><strong><em>qumdam</em></strong></span> 
     </span>
    </p>
   </div>
   <div class='ocr_carea' id='block_1_32' title="bbox 511 1783 3800 1877">
    <p class='ocr_par' dir='ltr' id='par_1_32' title="bbox 511 1783 3800 1877">
     <span class='ocr_line' id='line_1_32' title="bbox 511 1783 3800 1877; baseline 0.007 -39"><span class='ocrx_word' id='word_1_220' title='bbox 511 1785 645 1840; x_wconf 83' lang='lat' dir='ltr'><strong><em>alios</em></strong></span> <span class='ocrx_word' id='word_1_221' title='bbox 675 1802 766 1856; x_wconf 81' lang='lat' dir='ltr'><strong><em>per</em></strong></span> <span class='ocrx_word' id='word_1_222' title='bbox 788 1783 1057 1843; x_wconf 86' lang='lat' dir='ltr'><strong><em>Orientem</em></strong></span> <span class='ocrx_word' id='word_1_223' title='bbox 1080 1802 1336 1857; x_wconf 85' lang='lat' dir='ltr'><strong><em>congruas</em></strong></span> <span class='ocrx_word' id='word_1_224' title='bbox 1357 1789 1638 1841; x_wconf 77' lang='lat' dir='ltr'><strong><em>existentes</em></strong></span> <span class='ocrx_word' id='word_1_225' title='bbox 1656 1788 1869 1859; x_wconf 79' lang='lat' dir='ltr'><strong><em>suscipit</em></strong></span> <span class='ocrx_word' id='word_1_226' title='bbox 1890 1789 1958 1842; x_wconf 84' lang='lat' dir='ltr'><strong><em>ad</em></strong></span> <span class='ocrx_word' id='word_1_227' title='bbox 1986 1805 2102 1843; x_wconf 82' lang='lat' dir='ltr'><strong><em>con-</em></strong></span> <span class='ocrx_word' id='word_1_228' title='bbox 2144 1797 2186 1856; x_wconf 79' lang='grc' dir='ltr'><strong>Β</strong></span> <span class='ocrx_word' id='word_1_229' title='bbox 2214 1792 2268 1846; x_wconf 91' lang='lat' dir='ltr'><strong><em>in</em></strong></span> <span class='ocrx_word' id='word_1_230' title='bbox 2298 1792 2417 1848; x_wconf 85' lang='lat' dir='ltr'><strong><em>hac.</em></strong></span> <span class='ocrx_word' id='word_1_231' title='bbox 2436 1794 2664 1864; x_wconf 88' lang='lat' dir='ltr'><strong><em>epistola</em></strong></span> <span class='ocrx_word' id='word_1_232' title='bbox 2689 1795 2756 1850; x_wconf 88' lang='lat' dir='ltr'><strong><em>ad</em></strong></span> <span class='ocrx_word' id='word_1_233' title='bbox 2784 1796 2971 1851; x_wconf 78' lang='lat' dir='ltr'><strong><em>Marini</em></strong></span> <span class='ocrx_word' id='word_1_234' title='bbox 3002 1799 3074 1854; x_wconf 89' lang='lat' dir='ltr'><strong><em>ita</em></strong></span> <span class='ocrx_word' id='word_1_235' title='bbox 3103 1799 3267 1862; x_wconf 84' lang='lat' dir='ltr'><strong><em>dicta,</em></strong></span> <span class='ocrx_word' id='word_1_236' title='bbox 3298 1811 3355 1857; x_wconf 90' lang='lat' dir='ltr'><strong><em>et</em></strong></span> <span class='ocrx_word' id='word_1_237' title='bbox 3383 1809 3536 1872; x_wconf 87' lang='lat' dir='ltr'><strong><em>quasi</em></strong></span> <span class='ocrx_word' id='word_1_238' title='bbox 3566 1805 3650 1860; x_wconf 88' lang='lat' dir='ltr'><strong><em>his</em></strong></span> <span class='ocrx_word' id='word_1_239' title='bbox 3676 1823 3800 1877; x_wconf 78' lang='lat' dir='ltr'><strong><em>qua:</em></strong></span> 
     </span>
    </p>
   </div>
   <div class='ocr_carea' id='block_1_33' title="bbox 508 1874 1688 1946">
    <p class='ocr_par' dir='ltr' id='par_1_33' title="bbox 508 1874 1688 1946">
     <span class='ocr_line' id='line_1_33' title="bbox 508 1874 1688 1946; baseline 0.002 -17"><span class='ocrx_word' id='word_1_240' title='bbox 508 1875 790 1932; x_wconf 70' lang='lat' dir='ltr'><strong><em>vincendas</em></strong></span> <span class='ocrx_word' id='word_1_241' title='bbox 819 1874 1055 1932; x_wconf 82' lang='lat' dir='ltr'><strong><em>Nestorii</em></strong></span> <span class='ocrx_word' id='word_1_242' title='bbox 1079 1877 1347 1941; x_wconf 82' lang='lat' dir='ltr'><strong><em>uesanias;</em></strong></span> <span class='ocrx_word' id='word_1_243' title='bbox 1380 1883 1435 1932; x_wconf 89' lang='lat' dir='ltr'><strong><em>et</em></strong></span> <span class='ocrx_word' id='word_1_244' title='bbox 1459 1877 1688 1946; x_wconf 86' lang='lat' dir='ltr'><strong><em>reliqua.</em></strong></span> 
     </span>
    </p>
   </div>
   <div class='ocr_carea' id='block_1_34' title="bbox 580 1962 2109 2039">
    <p class='ocr_par' dir='ltr' id='par_1_34' title="bbox 580 1962 2109 2039">
     <span class='ocr_line' id='line_1_34' title="bbox 580 1962 2109 2039; baseline 0.005 -21"><span class='ocrx_word' id='word_1_245' title='bbox 580 1962 716 2022; x_wconf 79' lang='lat' dir='ltr'><strong><em>XVI.</em></strong></span> <span class='ocrx_word' id='word_1_246' title='bbox 761 1964 901 2021; x_wconf 87' lang='lat' dir='ltr'><strong><em>Ecce</em></strong></span> <span class='ocrx_word' id='word_1_247' title='bbox 929 1966 1171 2022; x_wconf 90' lang='lat' dir='ltr'><strong><em>omnium</em></strong></span> <span class='ocrx_word' id='word_1_248' title='bbox 1212 1965 1448 2021; x_wconf 89' lang='lat' dir='ltr'><strong><em>ﬁdelium</em></strong></span> <span class='ocrx_word' id='word_1_249' title='bbox 1492 1967 1740 2023; x_wconf 82' lang='lat' dir='ltr'><strong><em>sensibus</em></strong></span> <span class='ocrx_word' id='word_1_250' title='bbox 1770 1976 1919 2039; x_wconf 85' lang='lat' dir='ltr'><strong><em>patet</em></strong></span> <span class='ocrx_word' id='word_1_251' title='bbox 1958 1968 2109 2039; x_wconf 85' lang='lat' dir='ltr'><strong><em>quod</em></strong></span> 
     </span>
    </p>
   </div>
   <div class='ocr_carea' id='block_1_35' title="bbox 509 2055 2109 2127">
    <p class='ocr_par' dir='ltr' id='par_1_35' title="bbox 509 2055 2109 2127">
     <span class='ocr_line' id='line_1_35' title="bbox 509 2055 2109 2127; baseline 0.002 -15"><span class='ocrx_word' id='word_1_252' title='bbox 509 2056 683 2112; x_wconf 83' lang='lat' dir='ltr'><strong><em>sancti</em></strong></span> <span class='ocrx_word' id='word_1_253' title='bbox 721 2055 913 2115; x_wconf 82' lang='lat' dir='ltr'><strong><em>Patres</em></strong></span> <span class='ocrx_word' id='word_1_254' title='bbox 957 2058 1127 2114; x_wconf 83' lang='lat' dir='ltr'><strong><em>nostri</em></strong></span> <span class='ocrx_word' id='word_1_255' title='bbox 1160 2058 1213 2112; x_wconf 91' lang='lat' dir='ltr'><strong><em>in</em></strong></span> <span class='ocrx_word' id='word_1_256' title='bbox 1240 2057 1585 2114; x_wconf 83' lang='lat' dir='ltr'><strong><em>Chalcedona</em></strong></span> <span class='ocrx_word' id='word_1_257' title='bbox 1618 2059 1939 2127; x_wconf 88' lang='lat' dir='ltr'><strong><em>residentes,</em></strong></span> <span class='ocrx_word' id='word_1_258' title='bbox 1985 2075 2109 2115; x_wconf 87' lang='lat' dir='ltr'><strong><em>cum</em></strong></span> 
     </span>
    </p>
   </div>
   <div class='ocr_carea' id='block_1_36' title="bbox 508 2146 2109 2220">
    <p class='ocr_par' dir='ltr' id='par_1_36' title="bbox 508 2146 2109 2220">
     <span class='ocr_line' id='line_1_36' title="bbox 508 2146 2109 2220; baseline 0.002 -18"><span class='ocrx_word' id='word_1_259' title='bbox 508 2146 622 2218; x_wconf 82' lang='lat' dir='ltr'><strong><em>jam</em></strong></span> <span class='ocrx_word' id='word_1_260' title='bbox 653 2148 722 2204; x_wconf 90' lang='lat' dir='ltr'><strong><em>de</em></strong></span> <span class='ocrx_word' id='word_1_261' title='bbox 760 2149 1042 2204; x_wconf 77' lang='lat' dir='ltr'><strong><em>catholica:</em></strong></span> <span class='ocrx_word' id='word_1_262' title='bbox 1087 2147 1211 2204; x_wconf 89' lang='lat' dir='ltr'><strong><em>ﬁdei</em></strong></span> <span class='ocrx_word' id='word_1_263' title='bbox 1239 2148 1622 2220; x_wconf 73' lang='lat' dir='ltr'><strong><em>explanatione</em></strong></span> <span class='ocrx_word' id='word_1_264' title='bbox 1644 2151 1934 2214; x_wconf 84' lang='lat' dir='ltr'><strong><em>senserint,</em></strong></span> <span class='ocrx_word' id='word_1_265' title='bbox 1966 2150 2109 2206; x_wconf 82' lang='lat' dir='ltr'><strong><em>ordi-</em></strong></span> 
     </span>
    </p>
   </div>
   <div class='ocr_carea' id='block_1_37' title="bbox 512 2237 2106 2312">
    <p class='ocr_par' dir='ltr' id='par_1_37' title="bbox 512 2237 2106 2312">
     <span class='ocr_line' id='line_1_37' title="bbox 512 2237 2106 2312; baseline 0.003 -21"><span class='ocrx_word' id='word_1_266' title='bbox 512 2251 638 2291; x_wconf 88' lang='lat' dir='ltr'><strong><em>nem</em></strong></span> <span class='ocrx_word' id='word_1_267' title='bbox 679 2246 736 2293; x_wconf 90' lang='lat' dir='ltr'><strong><em>et</em></strong></span> <span class='ocrx_word' id='word_1_268' title='bbox 762 2251 952 2293; x_wconf 85' lang='lat' dir='ltr'><strong><em>omnes</em></strong></span> <span class='ocrx_word' id='word_1_269' title='bbox 1010 2237 1210 2294; x_wconf 84' lang='lat' dir='ltr'><strong><em>formas</em></strong></span> <span class='ocrx_word' id='word_1_270' title='bbox 1264 2237 1388 2294; x_wconf 85' lang='lat' dir='ltr'><strong><em>ﬁdei</em></strong></span> <span class='ocrx_word' id='word_1_271' title='bbox 1436 2254 1557 2309; x_wconf 70' lang='lat' dir='ltr'><strong><em>quae</em></strong></span> <span class='ocrx_word' id='word_1_272' title='bbox 1596 2240 1649 2295; x_wconf 91' lang='lat' dir='ltr'><strong><em>in</em></strong></span> <span class='ocrx_word' id='word_1_273' title='bbox 1702 2238 1966 2310; x_wconf 82' lang='lat' dir='ltr'><strong><em>Ephesina</em></strong></span> <span class='ocrx_word' id='word_1_274' title='bbox 1994 2240 2106 2312; x_wconf 85' lang='lat' dir='ltr'><strong><em>prl-</em></strong></span> 
     </span>
    </p>
   </div>
   <div class='ocr_carea' id='block_1_38' title="bbox 510 2327 2111 2405">
    <p class='ocr_par' dir='ltr' id='par_1_38' title="bbox 510 2327 2111 2405">
     <span class='ocr_line' id='line_1_38' title="bbox 510 2327 2111 2405; baseline 0.004 -24"><span class='ocrx_word' id='word_1_275' title='bbox 510 2341 620 2394; x_wconf 89' lang='lat' dir='ltr'><strong><em>ma,</em></strong></span> <span class='ocrx_word' id='word_1_276' title='bbox 645 2327 731 2382; x_wconf 91' lang='lat' dir='ltr'><strong><em>cui</em></strong></span> <span class='ocrx_word' id='word_1_277' title='bbox 754 2328 926 2383; x_wconf 73' lang='lat' dir='ltr'><strong><em>beatas</em></strong></span> <span class='ocrx_word' id='word_1_278' title='bbox 966 2330 1241 2385; x_wconf 76' lang='lat' dir='ltr'><strong><em>memoria:</em></strong></span> <span class='ocrx_word' id='word_1_279' title='bbox 1264 2329 1591 2387; x_wconf 72' lang='lat' dir='ltr'><strong><em>leestinus</em></strong></span> <span class='ocrx_word' id='word_1_280' title='bbox 1620 2340 1676 2387; x_wconf 88' lang='lat' dir='ltr'><strong><em>et</em></strong></span> <span class='ocrx_word' id='word_1_281' title='bbox 1723 2331 1912 2387; x_wconf 85' lang='lat' dir='ltr'><strong><em>beatus</em></strong></span> <span class='ocrx_word' id='word_1_282' title='bbox 1938 2330 2111 2405; x_wconf 79' lang='lat' dir='ltr'><strong><em>Cyril-</em></strong></span> 
     </span>
    </p>
   </div>
   <div class='ocr_carea' id='block_1_39' title="bbox 511 2417 2110 2495">
    <p class='ocr_par' dir='ltr' id='par_1_39' title="bbox 511 2417 2110 2495">
     <span class='ocr_line' id='line_1_39' title="bbox 511 2417 2110 2495; baseline 0.006 -22"><span class='ocrx_word' id='word_1_283' title='bbox 511 2417 598 2474; x_wconf 90' lang='lat' dir='ltr'><strong><em>lus</em></strong></span> <span class='ocrx_word' id='word_1_284' title='bbox 653 2419 1046 2476; x_wconf 77' lang='lat' dir='ltr'><strong><em>Alexandrinus</em></strong></span> <span class='ocrx_word' id='word_1_285' title='bbox 1100 2423 1391 2494; x_wconf 88' lang='lat' dir='ltr'><strong><em>episcopus</em></strong></span> <span class='ocrx_word' id='word_1_286' title='bbox 1448 2424 1856 2495; x_wconf 79' lang='lat' dir='ltr'><strong><em>prtesederunt,</em></strong></span> <span class='ocrx_word' id='word_1_287' title='bbox 1914 2426 2110 2483; x_wconf 59' lang='lat' dir='ltr'><strong><em>habitat</em></strong></span> 
     </span>
    </p>
   </div>
   <div class='ocr_carea' id='block_1_40' title="bbox 514 2516 2112 2592">
    <p class='ocr_par' dir='ltr' id='par_1_40' title="bbox 514 2516 2112 2592">
     <span class='ocr_line' id='line_1_40' title="bbox 514 2516 2112 2592; baseline 0.004 -19"><span class='ocrx_word' id='word_1_288' title='bbox 514 2524 663 2585; x_wconf 76' lang='lat' dir='ltr'><strong><em>sunt,</em></strong></span> <span class='ocrx_word' id='word_1_289' title='bbox 712 2517 851 2573; x_wconf 86' lang='lat' dir='ltr'><strong><em>sicut</em></strong></span> <span class='ocrx_word' id='word_1_290' title='bbox 896 2516 1100 2574; x_wconf 73' lang='lat' dir='ltr'><strong><em>Nicmni</em></strong></span> <span class='ocrx_word' id='word_1_291' title='bbox 1131 2527 1294 2588; x_wconf 88' lang='lat' dir='ltr'><strong><em>atque</em></strong></span> <span class='ocrx_word' id='word_1_292' title='bbox 1341 2519 1925 2592; x_wconf 81' lang='lat' dir='ltr'><strong><em>Constantinopolitani</em></strong></span> <span class='ocrx_word' id='word_1_293' title='bbox 1961 2538 2112 2578; x_wconf 92' lang='lat' dir='ltr'><strong><em>com-</em></strong></span> 
     </span>
    </p>
   </div>
   <div class='ocr_carea' id='block_1_41' title="bbox 513 2607 2110 2680">
    <p class='ocr_par' dir='ltr' id='par_1_41' title="bbox 513 2607 2110 2680">
     <span class='ocr_line' id='line_1_41' title="bbox 513 2607 2110 2680; baseline 0.003 -16"><span class='ocrx_word' id='word_1_294' title='bbox 513 2609 668 2664; x_wconf 84' lang='lat' dir='ltr'><strong><em>muni</em></strong></span> <span class='ocrx_word' id='word_1_295' title='bbox 710 2607 888 2680; x_wconf 81' lang='lat' dir='ltr'><strong><em>[l‘orte,</em></strong></span> <span class='ocrx_word' id='word_1_296' title='bbox 934 2608 1173 2680; x_wconf 83' lang='lat' dir='ltr'><strong><em>concilii]</em></strong></span> <span class='ocrx_word' id='word_1_297' title='bbox 1219 2609 1757 2680; x_wconf 88' lang='lat' dir='ltr'><strong><em>circumspectionem</em></strong></span> <span class='ocrx_word' id='word_1_298' title='bbox 1786 2627 1848 2667; x_wconf 89' lang='lat' dir='ltr'><strong><em>se</em></strong></span> <span class='ocrx_word' id='word_1_299' title='bbox 1891 2628 2110 2669; x_wconf 88' lang='lat' dir='ltr'><strong><em>servare</em></strong></span> 
     </span>
    </p>
   </div>
   <div class='ocr_carea' id='block_1_42' title="bbox 515 2696 2109 2772">
    <p class='ocr_par' dir='ltr' id='par_1_42' title="bbox 515 2696 2109 2772">
     <span class='ocr_line' id='line_1_42' title="bbox 515 2696 2109 2772; baseline 0.003 -18"><span class='ocrx_word' id='word_1_300' title='bbox 515 2696 744 2770; x_wconf 83' lang='lat' dir='ltr'><strong><em>professi</em></strong></span> <span class='ocrx_word' id='word_1_301' title='bbox 772 2708 933 2764; x_wconf 90' lang='lat' dir='ltr'><strong><em>sunt,</em></strong></span> <span class='ocrx_word' id='word_1_302' title='bbox 983 2699 1197 2754; x_wconf 84' lang='lat' dir='ltr'><strong><em>illorum</em></strong></span> <span class='ocrx_word' id='word_1_303' title='bbox 1247 2698 1467 2755; x_wconf 83' lang='lat' dir='ltr'><strong><em>deﬁnita</em></strong></span> <span class='ocrx_word' id='word_1_304' title='bbox 1512 2717 1663 2755; x_wconf 89' lang='lat' dir='ltr'><strong><em>suam</em></strong></span> <span class='ocrx_word' id='word_1_305' title='bbox 1710 2702 1899 2772; x_wconf 86' lang='lat' dir='ltr'><strong><em>procul</em></strong></span> <span class='ocrx_word' id='word_1_306' title='bbox 1945 2702 2109 2759; x_wconf 89' lang='lat' dir='ltr'><strong><em>dubio</em></strong></span> 
     </span>
    </p>
   </div>
   <div class='ocr_carea' id='block_1_43' title="bbox 516 2788 2112 2864">
    <p class='ocr_par' dir='ltr' id='par_1_43' title="bbox 516 2788 2112 2864">
     <span class='ocr_line' id='line_1_43' title="bbox 516 2788 2112 2864; baseline 0.004 -22"><span class='ocrx_word' id='word_1_307' title='bbox 516 2788 677 2845; x_wconf 83' lang='lat' dir='ltr'><strong><em>ﬁdem</em></strong></span> <span class='ocrx_word' id='word_1_308' title='bbox 717 2797 1153 2846; x_wconf 75' lang='lat' dir='ltr'><strong><em>essetestautes.</em></strong></span> <span class='ocrx_word' id='word_1_309' title='bbox 1202 2789 1305 2845; x_wconf 88' lang='lat' dir='ltr'><strong><em>Per</em></strong></span> <span class='ocrx_word' id='word_1_310' title='bbox 1342 2791 1484 2861; x_wconf 90' lang='lat' dir='ltr'><strong><em>quod</em></strong></span> <span class='ocrx_word' id='word_1_311' title='bbox 1512 2800 1736 2862; x_wconf 81' lang='lat' dir='ltr'><strong><em>apparet</em></strong></span> <span class='ocrx_word' id='word_1_312' title='bbox 1765 2808 1926 2848; x_wconf 90' lang='lat' dir='ltr'><strong><em>omne</em></strong></span> <span class='ocrx_word' id='word_1_313' title='bbox 1953 2793 2112 2864; x_wconf 89' lang='lat' dir='ltr'><strong><em>quid-</em></strong></span> 
     </span>
    </p>
   </div>
   <div class='ocr_carea' id='block_1_44' title="bbox 516 2879 2109 2953">
    <p class='ocr_par' dir='ltr' id='par_1_44' title="bbox 516 2879 2109 2953">
     <span class='ocr_line' id='line_1_44' title="bbox 516 2879 2109 2953; baseline 0.003 -19"><span class='ocrx_word' id='word_1_314' title='bbox 516 2879 645 2951; x_wconf 86' lang='lat' dir='ltr'><strong><em>quid</em></strong></span> <span class='ocrx_word' id='word_1_315' title='bbox 672 2881 741 2935; x_wconf 92' lang='lat' dir='ltr'><strong><em>ab</em></strong></span> <span class='ocrx_word' id='word_1_316' title='bbox 770 2880 960 2936; x_wconf 88' lang='lat' dir='ltr'><strong><em>ordine</em></strong></span> <span class='ocrx_word' id='word_1_317' title='bbox 994 2882 1076 2936; x_wconf 88' lang='lat' dir='ltr'><strong><em>vel</em></strong></span> <span class='ocrx_word' id='word_1_318' title='bbox 1107 2880 1292 2937; x_wconf 80' lang='lat' dir='ltr'><strong><em>tennis</em></strong></span> <span class='ocrx_word' id='word_1_319' title='bbox 1323 2882 1377 2936; x_wconf 92' lang='lat' dir='ltr'><strong><em>in</em></strong></span> <span class='ocrx_word' id='word_1_320' title='bbox 1418 2879 1691 2952; x_wconf 81' lang='lat' dir='ltr'><strong><em>Ephesino</em></strong></span> <span class='ocrx_word' id='word_1_321' title='bbox 1725 2881 1900 2953; x_wconf 89' lang='lat' dir='ltr'><strong><em>primo</em></strong></span> <span class='ocrx_word' id='word_1_322' title='bbox 1927 2882 2109 2938; x_wconf 86' lang='lat' dir='ltr'><strong><em>conci-</em></strong></span> 
     </span>
    </p>
   </div>
   <div class='ocr_carea' id='block_1_45' title="bbox 515 2970 2109 3042">
    <p class='ocr_par' dir='ltr' id='par_1_45' title="bbox 515 2970 2109 3042">
     <span class='ocr_line' id='line_1_45' title="bbox 515 2970 2109 3042; baseline 0.003 -17"><span class='ocrx_word' id='word_1_323' title='bbox 515 2970 593 3026; x_wconf 89' lang='lat' dir='ltr'><strong><em>lio</em></strong></span> <span class='ocrx_word' id='word_1_324' title='bbox 639 2970 840 3026; x_wconf 79' lang='lat' dir='ltr'><strong><em>habitis</em></strong></span> <span class='ocrx_word' id='word_1_325' title='bbox 888 2970 1197 3042; x_wconf 84' lang='lat' dir='ltr'><strong><em>discrepat,</em></strong></span> <span class='ocrx_word' id='word_1_326' title='bbox 1250 2971 1565 3041; x_wconf 85' lang='lat' dir='ltr'><strong><em>eisdemque</em></strong></span> <span class='ocrx_word' id='word_1_327' title='bbox 1614 2980 1947 3027; x_wconf 84' lang='lat' dir='ltr'><strong><em>monstratur</em></strong></span> <span class='ocrx_word' id='word_1_328' title='bbox 1988 2988 2109 3030; x_wconf 86' lang='lat' dir='ltr'><strong><em>esse</em></strong></span> 
     </span>
    </p>
   </div>
   <div class='ocr_carea' id='block_1_46' title="bbox 517 3059 2109 3132">
    <p class='ocr_par' dir='ltr' id='par_1_46' title="bbox 517 3059 2109 3132">
     <span class='ocr_line' id='line_1_46' title="bbox 517 3059 2109 3132; baseline -0.001 -14"><span class='ocrx_word' id='word_1_329' title='bbox 517 3062 869 3128; x_wconf 89' lang='lat' dir='ltr'><strong><em>contrarium,</em></strong></span> <span class='ocrx_word' id='word_1_330' title='bbox 897 3062 1179 3117; x_wconf 83' lang='lat' dir='ltr'><strong><em>beatorum</em></strong></span> <span class='ocrx_word' id='word_1_331' title='bbox 1207 3059 1731 3117; x_wconf 84' lang='lat' dir='ltr'><strong><em>Chalcedonensium</em></strong></span> <span class='ocrx_word' id='word_1_332' title='bbox 1762 3076 1981 3132; x_wconf 82' lang='lat' dir='ltr'><strong><em>quoque</em></strong></span> <span class='ocrx_word' id='word_1_333' title='bbox 2002 3062 2109 3117; x_wconf 74' lang='lat' dir='ltr'><strong><em>Pa-</em></strong></span> 
     </span>
    </p>
   </div>
   <div class='ocr_carea' id='block_1_47' title="bbox 2211 1884 3797 1961">
    <p class='ocr_par' dir='ltr' id='par_1_47' title="bbox 2211 1884 3797 1961">
     <span class='ocr_line' id='line_1_47' title="bbox 2211 1884 3797 1961; baseline 0.009 -22"><span class='ocrx_word' id='word_1_334' title='bbox 2211 1884 2351 1940; x_wconf 89' lang='lat' dir='ltr'><strong><em>benc</em></strong></span> <span class='ocrx_word' id='word_1_335' title='bbox 2376 1884 2564 1941; x_wconf 91' lang='lat' dir='ltr'><strong><em>dicunt</em></strong></span> <span class='ocrx_word' id='word_1_336' title='bbox 2594 1887 2806 1957; x_wconf 87' lang='lat' dir='ltr'><strong><em>possint</em></strong></span> <span class='ocrx_word' id='word_1_337' title='bbox 2842 1890 3221 1946; x_wconf 81' lang='lat' dir='ltr'><strong><em>convenientia</em></strong></span> <span class='ocrx_word' id='word_1_338' title='bbox 3249 1892 3641 1961; x_wconf 83' lang='lat' dir='ltr'><strong><em>demonstrari;</em></strong></span> <span class='ocrx_word' id='word_1_339' title='bbox 3671 1913 3797 1954; x_wconf 88' lang='lat' dir='ltr'><strong><em>cum</em></strong></span> 
     </span>
    </p>
   </div>
   <div class='ocr_carea' id='block_1_48' title="bbox 2211 1978 3800 2046">
    <p class='ocr_par' dir='ltr' id='par_1_48' title="bbox 2211 1978 3800 2046">
     <span class='ocr_line' id='line_1_48' title="bbox 2211 1978 3800 2046; baseline 0.008 -13"><span class='ocrx_word' id='word_1_340' title='bbox 2211 1978 2591 2036; x_wconf 66' lang='lat' dir='ltr'><strong><em>haereticorum</em></strong></span> <span class='ocrx_word' id='word_1_341' title='bbox 2620 1982 2960 2039; x_wconf 89' lang='lat' dir='ltr'><strong><em>consuetudo</em></strong></span> <span class='ocrx_word' id='word_1_342' title='bbox 3000 1984 3071 2039; x_wconf 89' lang='lat' dir='ltr'><strong><em>sit</em></strong></span> <span class='ocrx_word' id='word_1_343' title='bbox 3114 2000 3322 2041; x_wconf 88' lang='lat' dir='ltr'><strong><em>venena</em></strong></span> <span class='ocrx_word' id='word_1_344' title='bbox 3363 2003 3458 2043; x_wconf 89' lang='lat' dir='ltr'><strong><em>sua</em></strong></span> <span class='ocrx_word' id='word_1_345' title='bbox 3491 1987 3681 2046; x_wconf 79' lang='lat' dir='ltr'><strong><em>fucatis</em></strong></span> <span class='ocrx_word' id='word_1_346' title='bbox 3707 2006 3800 2046; x_wconf 81' lang='lat' dir='ltr'><strong><em>ce-</em></strong></span> 
     </span>
    </p>
   </div>
   <div class='ocr_carea' id='block_1_49' title="bbox 2211 2070 3911 2151">
    <p class='ocr_par' dir='ltr' id='par_1_49' title="bbox 2211 2070 3911 2151">
     <span class='ocr_line' id='line_1_49' title="bbox 2211 2070 3911 2151; baseline 0.008 -26"><span class='ocrx_word' id='word_1_347' title='bbox 2211 2070 2326 2126; x_wconf 89' lang='lat' dir='ltr'><strong><em>lare</em></strong></span> <span class='ocrx_word' id='word_1_348' title='bbox 2366 2074 2711 2129; x_wconf 88' lang='lat' dir='ltr'><strong><em>sermonibus</em></strong></span> <span class='ocrx_word' id='word_1_349' title='bbox 2745 2082 2802 2129; x_wconf 90' lang='lat' dir='ltr'><strong><em>et</em></strong></span> <span class='ocrx_word' id='word_1_350' title='bbox 2828 2075 2992 2131; x_wconf 88' lang='lat' dir='ltr'><strong><em>verba</em></strong></span> <span class='ocrx_word' id='word_1_351' title='bbox 3020 2077 3347 2147; x_wconf 65' lang='lat' dir='ltr'><strong><em>prmuitterc</em></strong></span> <span class='ocrx_word' id='word_1_352' title='bbox 3376 2095 3496 2149; x_wconf 76' lang='lat' dir='ltr'><strong><em>qua:</em></strong></span> <span class='ocrx_word' id='word_1_353' title='bbox 3524 2083 3676 2151; x_wconf 80' lang='lat' dir='ltr'><strong><em>quasi</em></strong></span> <span class='ocrx_word' id='word_1_354' title='bbox 3700 2099 3800 2138; x_wconf 88' lang='lat' dir='ltr'><strong><em>or-</em></strong></span> <span class='ocrx_word' id='word_1_355' title='bbox 3894 2080 3911 2102; x_wconf 86' lang='lat'>‘</span> 
     </span>
    </p>
   </div>
   <div class='ocr_carea' id='block_1_50' title="bbox 2213 2162 3800 2236">
    <p class='ocr_par' dir='ltr' id='par_1_50' title="bbox 2213 2162 3800 2236">
     <span class='ocr_line' id='line_1_50' title="bbox 2213 2162 3800 2236; baseline 0.008 -19"><span class='ocrx_word' id='word_1_356' title='bbox 2213 2162 2466 2220; x_wconf 79' lang='lat' dir='ltr'><strong><em>tbodoxis</em></strong></span> <span class='ocrx_word' id='word_1_357' title='bbox 2494 2163 2780 2221; x_wconf 86' lang='lat' dir='ltr'><strong><em>videantur</em></strong></span> <span class='ocrx_word' id='word_1_358' title='bbox 2815 2166 3240 2236; x_wconf 87' lang='lat' dir='ltr'><strong><em>professionibus</em></strong></span> <span class='ocrx_word' id='word_1_359' title='bbox 3267 2163 3590 2236; x_wconf 70' lang='lat' dir='ltr'><strong><em>consultare.</em></strong></span> <span class='ocrx_word' id='word_1_360' title='bbox 3625 2183 3680 2229; x_wconf 89' lang='lat' dir='ltr'><strong><em>et</em></strong></span> <span class='ocrx_word' id='word_1_361' title='bbox 3704 2190 3800 2230; x_wconf 89' lang='lat' dir='ltr'><strong><em>re-</em></strong></span> 
     </span>
    </p>
   </div>
   <div class='ocr_carea' id='block_1_51' title="bbox 2210 2255 3803 2335">
    <p class='ocr_par' dir='ltr' id='par_1_51' title="bbox 2210 2255 3803 2335">
     <span class='ocr_line' id='line_1_51' title="bbox 2210 2255 3803 2335; baseline 0.008 -24"><span class='ocrx_word' id='word_1_362' title='bbox 2210 2269 2429 2312; x_wconf 88' lang='lat' dir='ltr'><strong><em>servare</em></strong></span> <span class='ocrx_word' id='word_1_363' title='bbox 2469 2264 2497 2294; x_wconf 71' lang='grc' dir='ltr'>ι</span> <span class='ocrx_word' id='word_1_364' title='bbox 2540 2255 2871 2328; x_wconf 85' lang='lat' dir='ltr'><strong><em>indulgentia</em></strong></span> <span class='ocrx_word' id='word_1_365' title='bbox 2912 2259 3179 2329; x_wconf 78' lang='lat' dir='ltr'><strong><em>malignos</em></strong></span> <span class='ocrx_word' id='word_1_366' title='bbox 3203 2260 3381 2318; x_wconf 87' lang='lat' dir='ltr'><strong><em>aditus</em></strong></span> <span class='ocrx_word' id='word_1_367' title='bbox 3411 2279 3509 2335; x_wconf 86' lang='lat' dir='ltr'><strong><em>per</em></strong></span> <span class='ocrx_word' id='word_1_368' title='bbox 3535 2280 3671 2335; x_wconf 77' lang='lat' dir='ltr'><strong><em>quos</em></strong></span> <span class='ocrx_word' id='word_1_369' title='bbox 3698 2282 3803 2323; x_wconf 59' lang='lat' dir='ltr'><strong><em>eo-</em></strong></span> 
     </span>
    </p>
   </div>
   <div class='ocr_carea' id='block_1_52' title="bbox 2211 2347 3805 2422">
    <p class='ocr_par' dir='ltr' id='par_1_52' title="bbox 2211 2347 3805 2422">
     <span class='ocr_line' id='line_1_52' title="bbox 2211 2347 3805 2422; baseline 0.009 -18"><span class='ocrx_word' id='word_1_370' title='bbox 2211 2350 2332 2404; x_wconf 87' lang='lat' dir='ltr'><strong><em>rum</em></strong></span> <span class='ocrx_word' id='word_1_371' title='bbox 2369 2347 2676 2418; x_wconf 87' lang='lat' dir='ltr'><strong><em>pestilentia</em></strong></span> <span class='ocrx_word' id='word_1_372' title='bbox 2720 2351 3113 2408; x_wconf 89' lang='lat' dir='ltr'><strong><em>intromittatur</em></strong></span> <span class='ocrx_word' id='word_1_373' title='bbox 3150 2355 3351 2410; x_wconf 89' lang='lat' dir='ltr'><strong><em>erroris</em></strong></span> <span class='ocrx_word' id='word_1_374' title='bbox 3376 2398 3392 2422; x_wconf 92' lang='lat'><strong><em>,</em></strong></span> <span class='ocrx_word' id='word_1_375' title='bbox 3440 2358 3579 2414; x_wconf 91' lang='lat' dir='ltr'><strong><em>sicut</em></strong></span> <span class='ocrx_word' id='word_1_376' title='bbox 3607 2359 3674 2415; x_wconf 88' lang='lat' dir='ltr'><strong><em>de</em></strong></span> <span class='ocrx_word' id='word_1_377' title='bbox 3704 2358 3805 2418; x_wconf 80' lang='lat' dir='ltr'><strong><em>eis</em></strong></span> 
     </span>
    </p>
   </div>
   <div class='ocr_carea' id='block_1_53' title="bbox 2209 2440 3806 2523">
    <p class='ocr_par' dir='ltr' id='par_1_53' title="bbox 2209 2440 3806 2523">
     <span class='ocr_line' id='line_1_53' title="bbox 2209 2440 3806 2523; baseline 0.009 -28"><span class='ocrx_word' id='word_1_378' title='bbox 2209 2440 2476 2511; x_wconf 75' lang='lat' dir='ltr'><strong><em>propheta</em></strong></span> <span class='ocrx_word' id='word_1_379' title='bbox 2508 2448 2738 2499; x_wconf 79' lang='lat' dir='ltr'><strong><em>testatur</em></strong></span> <span class='ocrx_word' id='word_1_380' title='bbox 2778 2460 2796 2501; x_wconf 87' lang='lat'><strong>:</strong></span> <span class='ocrx_word' id='word_1_381' title='bbox 2838 2443 3141 2501; x_wconf 77' lang='lat' dir='ltr'><strong><em>Mollierunt</em></strong></span> <span class='ocrx_word' id='word_1_382' title='bbox 3179 2464 3439 2504; x_wconf 84' lang='lat' dir='ltr'><strong><em>sermones</em></strong></span> <span class='ocrx_word' id='word_1_383' title='bbox 3482 2468 3604 2506; x_wconf 84' lang='lat' dir='ltr'><strong><em>suos</em></strong></span> <span class='ocrx_word' id='word_1_384' title='bbox 3643 2469 3806 2523; x_wconf 79' lang='lat' dir='ltr'><strong><em>super</em></strong></span> 
     </span>
    </p>
   </div>
   <div class='ocr_carea' id='block_1_54' title="bbox 2210 2532 3803 2614">
    <p class='ocr_par' dir='ltr' id='par_1_54' title="bbox 2210 2532 3803 2614">
     <span class='ocr_line' id='line_1_54' title="bbox 2210 2532 3803 2614; baseline 0.009 -28"><span class='ocrx_word' id='word_1_385' title='bbox 2210 2532 2399 2599; x_wconf 83' lang='lat' dir='ltr'><strong><em>oleum,</em></strong></span> <span class='ocrx_word' id='word_1_386' title='bbox 2430 2542 2491 2608; x_wconf 5' lang='lat' dir='ltr'><strong><em>et,</em></strong></span> <span class='ocrx_word' id='word_1_387' title='bbox 2510 2534 2610 2605; x_wconf 85' lang='lat' dir='ltr'><strong><em>ipsi</em></strong></span> <span class='ocrx_word' id='word_1_388' title='bbox 2632 2543 2753 2589; x_wconf 86' lang='lat' dir='ltr'><strong><em>sunt</em></strong></span> <span class='ocrx_word' id='word_1_389' title='bbox 2773 2537 2956 2608; x_wconf 86' lang='lat' dir='ltr'><strong><em>jacula</em></strong></span> <span class='ocrx_word' id='word_1_390' title='bbox 2989 2534 3161 2610; x_wconf 74' lang='lat' dir='ltr'><strong><em>(Psal.</em></strong></span> <span class='ocrx_word' id='word_1_391' title='bbox 3193 2556 3298 2607; x_wconf 82' lang='lat' dir='ltr'><strong><em>LIV,</em></strong></span> <span class='ocrx_word' id='word_1_392' title='bbox 3321 2540 3444 2614; x_wconf 56' lang='lat'><strong><em>£2);</em></strong></span> <span class='ocrx_word' id='word_1_393' title='bbox 3476 2552 3532 2599; x_wconf 92' lang='lat' dir='ltr'><strong><em>ct</em></strong></span> <span class='ocrx_word' id='word_1_394' title='bbox 3559 2545 3757 2602; x_wconf 88' lang='lat' dir='ltr'><strong><em>iterum</em></strong></span> <span class='ocrx_word' id='word_1_395' title='bbox 3786 2564 3803 2600; x_wconf 87' lang='lat'><strong>:</strong></span> 
     </span>
    </p>
   </div>
   <div class='ocr_carea' id='block_1_55' title="bbox 2215 2623 3807 2707">
    <p class='ocr_par' dir='ltr' id='par_1_55' title="bbox 2215 2623 3807 2707">
     <span class='ocr_line' id='line_1_55' title="bbox 2215 2623 3807 2707; baseline 0.015 -33"><span class='ocrx_word' id='word_1_396' title='bbox 2215 2623 2475 2690; x_wconf 80' lang='lat' dir='ltr'><strong><em>Quoniam</em></strong></span> <span class='ocrx_word' id='word_1_397' title='bbox 2515 2625 2573 2679; x_wconf 89' lang='lat' dir='ltr'><strong><em>in</em></strong></span> <span class='ocrx_word' id='word_1_398' title='bbox 2605 2642 2689 2679; x_wconf 91' lang='lat' dir='ltr'><strong><em>mu</em></strong></span> <span class='ocrx_word' id='word_1_399' title='bbox 2716 2627 2778 2681; x_wconf 90' lang='lat' dir='ltr'><strong><em>tis</em></strong></span> <span class='ocrx_word' id='word_1_400' title='bbox 2807 2636 2957 2682; x_wconf 87' lang='lat' dir='ltr'><strong><em>erant</em></strong></span> <span class='ocrx_word' id='word_1_401' title='bbox 2979 2645 3176 2684; x_wconf 88' lang='lat' dir='ltr'><strong><em>mecum</em></strong></span> <span class='ocrx_word' id='word_1_402' title='bbox 3217 2630 3392 2704; x_wconf 82' lang='lat' dir='ltr'><strong><em>(Psal.</em></strong></span> <span class='ocrx_word' id='word_1_403' title='bbox 3425 2650 3529 2702; x_wconf 84' lang='lat' dir='ltr'><strong><em>uv,</em></strong></span> <span class='ocrx_word' id='word_1_404' title='bbox 3578 2636 3689 2707; x_wconf 80' lang='grc'><strong><em>19).</em></strong></span> <span class='ocrx_word' id='word_1_405' title='bbox 3720 2638 3807 2697; x_wconf 84' lang='lat' dir='ltr'><strong><em>De</em></strong></span> 
     </span>
    </p>
   </div>
   <div class='ocr_carea' id='block_1_56' title="bbox 2140 2715 3803 2797">
    <p class='ocr_par' dir='ltr' id='par_1_56' title="bbox 2140 2715 3803 2797">
     <span class='ocr_line' id='line_1_56' title="bbox 2140 2715 3803 2797; baseline 0.008 -29"><span class='ocrx_word' id='word_1_406' title='bbox 2140 2781 2147 2788; x_wconf 32' lang='grc' dir='ltr'><em>ι</em></span> <span class='ocrx_word' id='word_1_407' title='bbox 2209 2715 2404 2785; x_wconf 88' lang='lat' dir='ltr'><strong><em>quibus</em></strong></span> <span class='ocrx_word' id='word_1_408' title='bbox 2445 2717 2611 2771; x_wconf 90' lang='lat' dir='ltr'><strong><em>etiam</em></strong></span> <span class='ocrx_word' id='word_1_409' title='bbox 2661 2719 2714 2773; x_wconf 85' lang='lat' dir='ltr'><strong><em>et</em></strong></span> <span class='ocrx_word' id='word_1_410' title='bbox 2761 2717 2954 2775; x_wconf 87' lang='lat' dir='ltr'><strong><em>doctor</em></strong></span> <span class='ocrx_word' id='word_1_411' title='bbox 2997 2722 3240 2791; x_wconf 79' lang='lat' dir='ltr'><strong><em>gentium</em></strong></span> <span class='ocrx_word' id='word_1_412' title='bbox 3275 2723 3403 2780; x_wconf 91' lang='lat' dir='ltr'><strong><em>dicit</em></strong></span> <span class='ocrx_word' id='word_1_413' title='bbox 3450 2727 3749 2797; x_wconf 80' lang='lat' dir='ltr'><strong><em>Apostolus</em></strong></span> <span class='ocrx_word' id='word_1_414' title='bbox 3786 2747 3803 2782; x_wconf 89' lang='lat'><strong>:</strong></span> 
     </span>
    </p>
   </div>
   <div class='ocr_carea' id='block_1_57' title="bbox 2211 2805 3804 2891">
    <p class='ocr_par' dir='ltr' id='par_1_57' title="bbox 2211 2805 3804 2891">
     <span class='ocr_line' id='line_1_57' title="bbox 2211 2805 3804 2891; baseline 0.01 -31"><span class='ocrx_word' id='word_1_415' title='bbox 2211 2805 2476 2863; x_wconf 77' lang='lat' dir='ltr'><strong><em>Habentes</em></strong></span> <span class='ocrx_word' id='word_1_416' title='bbox 2505 2810 2726 2880; x_wconf 78' lang='lat' dir='ltr'><strong><em>formam</em></strong></span> <span class='ocrx_word' id='word_1_417' title='bbox 2753 2813 2983 2877; x_wconf 86' lang='lat' dir='ltr'><strong><em>pietatis,</em></strong></span> <span class='ocrx_word' id='word_1_418' title='bbox 3013 2815 3249 2869; x_wconf 80' lang='lat' dir='ltr'><strong><em>uirtutem</em></strong></span> <span class='ocrx_word' id='word_1_419' title='bbox 3289 2827 3459 2872; x_wconf 78' lang='lat' dir='ltr'><strong><em>autem</em></strong></span> <span class='ocrx_word' id='word_1_420' title='bbox 3497 2821 3607 2891; x_wconf 86' lang='lat' dir='ltr'><strong><em>ejus</em></strong></span> <span class='ocrx_word' id='word_1_421' title='bbox 3633 2819 3804 2877; x_wconf 82' lang='lat' dir='ltr'><strong><em>alme-</em></strong></span> 
     </span>
    </p>
   </div>
   <div class='ocr_carea' id='block_1_58' title="bbox 2210 2896 3805 2981">
    <p class='ocr_par' dir='ltr' id='par_1_58' title="bbox 2210 2896 3805 2981">
     <span class='ocr_line' id='line_1_58' title="bbox 2210 2896 3805 2981; baseline 0.012 -31"><span class='ocrx_word' id='word_1_422' title='bbox 2210 2907 2392 2969; x_wconf 83' lang='lat' dir='ltr'><strong><em>gantes</em></strong></span> <span class='ocrx_word' id='word_1_423' title='bbox 2418 2896 2508 2970; x_wconf 86' lang='grc' dir='ltr'><strong><em>(ιι</em></strong></span> <span class='ocrx_word' id='word_1_424' title='bbox 2533 2897 2666 2954; x_wconf 82' lang='lat' dir='ltr'><strong><em>Tim.</em></strong></span> <span class='ocrx_word' id='word_1_425' title='bbox 2693 2916 2780 2964; x_wconf 84' lang='lat' dir='ltr'><strong><em>Ill,</em></strong></span> <span class='ocrx_word' id='word_1_426' title='bbox 2807 2899 2884 2974; x_wconf 84' lang='lat'><strong><em>5).</em></strong></span> <span class='ocrx_word' id='word_1_427' title='bbox 2914 2901 3101 2974; x_wconf 86' lang='lat' dir='ltr'><strong><em>Neque</em></strong></span> <span class='ocrx_word' id='word_1_428' title='bbox 3129 2904 3272 2959; x_wconf 91' lang='lat' dir='ltr'><strong><em>enim</em></strong></span> <span class='ocrx_word' id='word_1_429' title='bbox 3301 2896 3550 2964; x_wconf 89' lang='lat' dir='ltr'><strong><em>Nestorio</em></strong></span> <span class='ocrx_word' id='word_1_430' title='bbox 3578 2910 3805 2981; x_wconf 84' lang='lat' dir='ltr'><strong><em>prodest</em></strong></span> 
     </span>
    </p>
   </div>
   <div class='ocr_carea' id='block_1_59' title="bbox 2209 2987 3804 3067">
    <p class='ocr_par' dir='ltr' id='par_1_59' title="bbox 2209 2987 3804 3067">
     <span class='ocr_line' id='line_1_59' title="bbox 2209 2987 3804 3067; baseline 0.01 -24"><span class='ocrx_word' id='word_1_431' title='bbox 2209 2987 2344 3045; x_wconf 86' lang='lat' dir='ltr'><strong><em>duas</em></strong></span> <span class='ocrx_word' id='word_1_432' title='bbox 2380 2998 2604 3046; x_wconf 86' lang='lat' dir='ltr'><strong><em>naturas</em></strong></span> <span class='ocrx_word' id='word_1_433' title='bbox 2630 2997 2686 3046; x_wconf 88' lang='lat' dir='ltr'><strong><em>et</em></strong></span> <span class='ocrx_word' id='word_1_434' title='bbox 2723 3007 2890 3046; x_wconf 88' lang='lat' dir='ltr'><strong><em>unum</em></strong></span> <span class='ocrx_word' id='word_1_435' title='bbox 2921 2992 3087 3049; x_wconf 88' lang='lat' dir='ltr'><strong><em>lilium</em></strong></span> <span class='ocrx_word' id='word_1_436' title='bbox 3125 2994 3405 3064; x_wconf 87' lang='lat' dir='ltr'><strong><em>conﬁteri,</em></strong></span> <span class='ocrx_word' id='word_1_437' title='bbox 3451 3001 3696 3067; x_wconf 83' lang='lat' dir='ltr'><strong><em>quamvis</em></strong></span> <span class='ocrx_word' id='word_1_438' title='bbox 3743 3011 3804 3059; x_wconf 88' lang='lat' dir='ltr'><strong><em>et</em></strong></span> 
     </span>
    </p>
   </div>
   <div class='ocr_carea' id='block_1_60' title="bbox 2208 3079 3803 3158">
    <p class='ocr_par' dir='ltr' id='par_1_60' title="bbox 2208 3079 3803 3158">
     <span class='ocr_line' id='line_1_60' title="bbox 2208 3079 3803 3158; baseline 0.011 -25"><span class='ocrx_word' id='word_1_439' title='bbox 2208 3079 2532 3137; x_wconf 78' lang='lat' dir='ltr'><strong><em>orthodosis</em></strong></span> <span class='ocrx_word' id='word_1_440' title='bbox 2556 3082 2628 3136; x_wconf 92' lang='lat' dir='ltr'><strong><em>sit</em></strong></span> <span class='ocrx_word' id='word_1_441' title='bbox 2659 3085 2964 3139; x_wconf 85' lang='lat' dir='ltr'><strong><em>communis</em></strong></span> <span class='ocrx_word' id='word_1_442' title='bbox 3001 3085 3101 3142; x_wconf 90' lang='lat' dir='ltr'><strong><em>ista</em></strong></span> <span class='ocrx_word' id='word_1_443' title='bbox 3147 3087 3448 3158; x_wconf 81' lang='lat' dir='ltr'><strong><em>professio,</em></strong></span> <span class='ocrx_word' id='word_1_444' title='bbox 3502 3107 3622 3147; x_wconf 87' lang='lat' dir='ltr'><strong><em>cum</em></strong></span> <span class='ocrx_word' id='word_1_445' title='bbox 3652 3092 3803 3150; x_wconf 84' lang='lat' dir='ltr'><strong><em>idem</em></strong></span> 
     </span>
    </p>
   </div>
   <div class='ocr_carea' id='block_1_61' title="bbox 518 3152 2103 3252">
    <p class='ocr_par' dir='ltr' id='par_1_61' title="bbox 518 3152 2103 3227">
     <span class='ocr_line' id='line_1_61' title="bbox 518 3152 2103 3227; baseline 0.001 -18"><span class='ocrx_word' id='word_1_446' title='bbox 518 3161 661 3209; x_wconf 82' lang='lat' dir='ltr'><strong><em>trum</em></strong></span> <span class='ocrx_word' id='word_1_447' title='bbox 708 3154 1026 3224; x_wconf 76' lang='lat' dir='ltr'><strong><em>impugnare</em></strong></span> <span class='ocrx_word' id='word_1_448' title='bbox 1054 3153 1171 3226; x_wconf 89' lang='lat' dir='ltr'><strong><em>[pro</em></strong></span> <span class='ocrx_word' id='word_1_449' title='bbox 1213 3152 1539 3227; x_wconf 81' lang='lat' dir='ltr'><strong><em>impugnari]</em></strong></span> <span class='ocrx_word' id='word_1_450' title='bbox 1582 3154 1885 3211; x_wconf 79' lang='lat' dir='ltr'><strong><em>sententiis.</em></strong></span> <span class='ocrx_word' id='word_1_451' title='bbox 1934 3154 2103 3211; x_wconf 85' lang='lat' dir='ltr'><strong><em>Porro</em></strong></span> 
     </span>
    </p>
   </div>
   <div class='ocr_carea' id='block_1_62' title="bbox 2206 3152 3801 3252">
    <p class='ocr_par' dir='ltr' id='par_1_62' title="bbox 2207 3169 3801 3252">
     <span class='ocr_line' id='line_1_62' title="bbox 2207 3169 3801 3252; baseline 0.009 -27"><span class='ocrx_word' id='word_1_452' title='bbox 2207 3169 2490 3229; x_wconf 71' lang='lat' dir='ltr'><strong><em>Nestor-ius</em></strong></span> <span class='ocrx_word' id='word_1_453' title='bbox 2526 3173 2754 3229; x_wconf 88' lang='lat' dir='ltr'><strong><em>duarum</em></strong></span> <span class='ocrx_word' id='word_1_454' title='bbox 2795 3187 3111 3232; x_wconf 87' lang='lat' dir='ltr'><strong><em>naturarum</em></strong></span> <span class='ocrx_word' id='word_1_455' title='bbox 3159 3194 3322 3233; x_wconf 88' lang='lat' dir='ltr'><strong><em>unam</em></strong></span> <span class='ocrx_word' id='word_1_456' title='bbox 3369 3181 3801 3252; x_wconf 84' lang='lat' dir='ltr'><strong><em>subsistentiam,</em></strong></span> 
     </span>
    </p>
   </div>
   <div class='ocr_carea' id='block_1_63' title="bbox 517 3243 2106 3316">
    <p class='ocr_par' dir='ltr' id='par_1_63' title="bbox 517 3243 2106 3316">
     <span class='ocr_line' id='line_1_63' title="bbox 517 3243 2106 3316; baseline 0.003 -18"><span class='ocrx_word' id='word_1_457' title='bbox 517 3250 702 3298; x_wconf 85' lang='lat' dir='ltr'><strong><em>autem</em></strong></span> <span class='ocrx_word' id='word_1_458' title='bbox 730 3244 961 3314; x_wconf 89' lang='lat' dir='ltr'><strong><em>epistola</em></strong></span> <span class='ocrx_word' id='word_1_459' title='bbox 1009 3245 1076 3298; x_wconf 87' lang='lat' dir='ltr'><strong><em>ad</em></strong></span> <span class='ocrx_word' id='word_1_460' title='bbox 1106 3244 1297 3300; x_wconf 81' lang='lat' dir='ltr'><strong><em>Marim</em></strong></span> <span class='ocrx_word' id='word_1_461' title='bbox 1329 3243 1552 3302; x_wconf 86' lang='lat' dir='ltr'><strong><em>Persam</em></strong></span> <span class='ocrx_word' id='word_1_462' title='bbox 1597 3245 1797 3316; x_wconf 86' lang='lat' dir='ltr'><strong><em>scripta</em></strong></span> <span class='ocrx_word' id='word_1_463' title='bbox 1822 3287 1837 3312; x_wconf 91' lang='lat'><strong><em>,</em></strong></span> <span class='ocrx_word' id='word_1_464' title='bbox 1879 3246 2106 3303; x_wconf 90' lang='lat' dir='ltr'><strong><em>dicendo</em></strong></span> 
     </span>
    </p>
   </div>
   <div class='ocr_carea' id='block_1_64' title="bbox 517 3332 2107 3408">
    <p class='ocr_par' dir='ltr' id='par_1_64' title="bbox 517 3332 2107 3408">
     <span class='ocr_line' id='line_1_64' title="bbox 517 3332 2107 3408; baseline 0.003 -20"><span class='ocrx_word' id='word_1_465' title='bbox 517 3332 736 3388; x_wconf 82' lang='lat' dir='ltr'><strong><em>beatum</em></strong></span> <span class='ocrx_word' id='word_1_466' title='bbox 769 3332 1027 3405; x_wconf 75' lang='lat' dir='ltr'><strong><em>Cyrillum</em></strong></span> <span class='ocrx_word' id='word_1_467' title='bbox 1047 3335 1362 3391; x_wconf 72' lang='lat' dir='ltr'><strong><em>hmreticum</em></strong></span> <span class='ocrx_word' id='word_1_468' title='bbox 1393 3335 1618 3406; x_wconf 88' lang='lat' dir='ltr'><strong><em>ejusque</em></strong></span> <span class='ocrx_word' id='word_1_469' title='bbox 1645 3335 1928 3392; x_wconf 84' lang='lat' dir='ltr'><strong><em>duodecim</em></strong></span> <span class='ocrx_word' id='word_1_470' title='bbox 1955 3338 2107 3408; x_wconf 88' lang='lat' dir='ltr'><strong><em>capi-</em></strong></span> 
     </span>
    </p>
   </div>
   <div class='ocr_carea' id='block_1_65' title="bbox 517 3422 2110 3498">
    <p class='ocr_par' dir='ltr' id='par_1_65' title="bbox 517 3422 2110 3498">
     <span class='ocr_line' id='line_1_65' title="bbox 517 3422 2110 3498; baseline 0.004 -21"><span class='ocrx_word' id='word_1_471' title='bbox 517 3422 629 3477; x_wconf 83' lang='lat' dir='ltr'><strong><em>tula</em></strong></span> <span class='ocrx_word' id='word_1_472' title='bbox 658 3422 822 3493; x_wconf 87' lang='lat' dir='ltr'><strong><em>impia</em></strong></span> <span class='ocrx_word' id='word_1_473' title='bbox 849 3433 907 3479; x_wconf 89' lang='lat' dir='ltr'><strong><em>et</em></strong></span> <span class='ocrx_word' id='word_1_474' title='bbox 937 3422 1059 3479; x_wconf 90' lang='lat' dir='ltr'><strong><em>ﬁdei</em></strong></span> <span class='ocrx_word' id='word_1_475' title='bbox 1100 3434 1262 3481; x_wconf 68' lang='lat' dir='ltr'><strong><em>recta:</em></strong></span> <span class='ocrx_word' id='word_1_476' title='bbox 1285 3428 1552 3490; x_wconf 82' lang='lat' dir='ltr'><strong><em>contraria</em></strong></span> <span class='ocrx_word' id='word_1_477' title='bbox 1582 3425 1998 3497; x_wconf 76' lang='lat' dir='ltr'><strong><em>Nestoriumque</em></strong></span> <span class='ocrx_word' id='word_1_478' title='bbox 2021 3428 2110 3498; x_wconf 85' lang='lat' dir='ltr'><strong><em>ju-</em></strong></span> 
     </span>
    </p>
   </div>
   <div class='ocr_carea' id='block_1_66' title="bbox 516 3513 2109 3584">
    <p class='ocr_par' dir='ltr' id='par_1_66' title="bbox 516 3513 2109 3584">
     <span class='ocr_line' id='line_1_66' title="bbox 516 3513 2109 3584; baseline 0.004 -16"><span class='ocrx_word' id='word_1_479' title='bbox 516 3513 658 3570; x_wconf 86' lang='lat' dir='ltr'><strong><em>dicio</em></strong></span> <span class='ocrx_word' id='word_1_480' title='bbox 692 3524 748 3568; x_wconf 86' lang='lat' dir='ltr'><strong><em>et</em></strong></span> <span class='ocrx_word' id='word_1_481' title='bbox 775 3514 1125 3584; x_wconf 86' lang='lat' dir='ltr'><strong><em>inquisitione</em></strong></span> <span class='ocrx_word' id='word_1_482' title='bbox 1154 3532 1262 3571; x_wconf 90' lang='lat' dir='ltr'><strong><em>non</em></strong></span> <span class='ocrx_word' id='word_1_483' title='bbox 1302 3515 1443 3572; x_wconf 85' lang='lat' dir='ltr'><strong><em>facta</em></strong></span> <span class='ocrx_word' id='word_1_484' title='bbox 1472 3516 1807 3584; x_wconf 74' lang='lat' dir='ltr'><strong><em>damnatura,</em></strong></span> <span class='ocrx_word' id='word_1_485' title='bbox 1842 3519 1989 3573; x_wconf 88' lang='lat' dir='ltr'><strong><em>omni</em></strong></span> <span class='ocrx_word' id='word_1_486' title='bbox 2018 3536 2109 3574; x_wconf 83' lang='lat' dir='ltr'><strong><em>or-</em></strong></span> 
     </span>
    </p>
   </div>
   <div class='ocr_carea' id='block_1_67' title="bbox 515 3602 2107 3680">
    <p class='ocr_par' dir='ltr' id='par_1_67' title="bbox 515 3602 2107 3680">
     <span class='ocr_line' id='line_1_67' title="bbox 515 3602 2107 3680; baseline 0.004 -22"><span class='ocrx_word' id='word_1_487' title='bbox 515 3602 628 3659; x_wconf 86' lang='lat' dir='ltr'><strong><em>dini</em></strong></span> <span class='ocrx_word' id='word_1_488' title='bbox 658 3613 822 3673; x_wconf 89' lang='lat' dir='ltr'><strong><em>atque</em></strong></span> <span class='ocrx_word' id='word_1_489' title='bbox 840 3605 1088 3662; x_wconf 85' lang='lat' dir='ltr'><strong><em>onmibus</em></strong></span> <span class='ocrx_word' id='word_1_490' title='bbox 1118 3606 1304 3663; x_wconf 83' lang='lat' dir='ltr'><strong><em>formis</em></strong></span> <span class='ocrx_word' id='word_1_491' title='bbox 1332 3607 1386 3663; x_wconf 87' lang='lat' dir='ltr'><strong><em>in</em></strong></span> <span class='ocrx_word' id='word_1_492' title='bbox 1409 3606 1677 3679; x_wconf 81' lang='lat' dir='ltr'><strong><em>Ephesina</em></strong></span> <span class='ocrx_word' id='word_1_493' title='bbox 1699 3609 1873 3679; x_wconf 85' lang='lat' dir='ltr'><strong><em>prima</em></strong></span> <span class='ocrx_word' id='word_1_494' title='bbox 1901 3611 2107 3680; x_wconf 84' lang='lat' dir='ltr'><strong><em>synodo</em></strong></span> 
     </span>
    </p>
   </div>
   <div class='ocr_carea' id='block_1_68' title="bbox 517 3695 2107 3757">
    <p class='ocr_par' dir='ltr' id='par_1_68' title="bbox 517 3695 2107 3757">
     <span class='ocr_line' id='line_1_68' title="bbox 517 3695 2107 3757; baseline 0.004 -7"><span class='ocrx_word' id='word_1_495' title='bbox 517 3695 717 3751; x_wconf 81' lang='lat' dir='ltr'><strong><em>habitis</em></strong></span> <span class='ocrx_word' id='word_1_496' title='bbox 746 3697 1119 3754; x_wconf 73' lang='lat' dir='ltr'><strong><em>manifestatur</em></strong></span> <span class='ocrx_word' id='word_1_497' title='bbox 1139 3714 1260 3754; x_wconf 88' lang='lat' dir='ltr'><strong><em>esse</em></strong></span> <span class='ocrx_word' id='word_1_498' title='bbox 1281 3700 1574 3755; x_wconf 82' lang='lat' dir='ltr'><strong><em>contraria.</em></strong></span> <span class='ocrx_word' id='word_1_499' title='bbox 1604 3698 1757 3755; x_wconf 89' lang='lat' dir='ltr'><strong><em>Unde</em></strong></span> <span class='ocrx_word' id='word_1_500' title='bbox 1781 3700 1839 3755; x_wconf 88' lang='lat' dir='ltr'><strong><em>ﬁt</em></strong></span> <span class='ocrx_word' id='word_1_501' title='bbox 1867 3711 1925 3756; x_wconf 91' lang='lat' dir='ltr'><strong><em>ut</em></strong></span> <span class='ocrx_word' id='word_1_502' title='bbox 1950 3702 2107 3757; x_wconf 81' lang='lat' dir='ltr'><strong><em>valde</em></strong></span> 
     </span>
    </p>
   </div>
   <div class='ocr_carea' id='block_1_69' title="bbox 512 3786 2105 3863">
    <p class='ocr_par' dir='ltr' id='par_1_69' title="bbox 512 3786 2105 3863">
     <span class='ocr_line' id='line_1_69' title="bbox 512 3786 2105 3863; baseline 0.004 -22"><span class='ocrx_word' id='word_1_503' title='bbox 512 3786 915 3844; x_wconf 85' lang='lat' dir='ltr'><strong><em>demonstretur</em></strong></span> <span class='ocrx_word' id='word_1_504' title='bbox 941 3789 1232 3845; x_wconf 87' lang='lat' dir='ltr'><strong><em>absurdum</em></strong></span> <span class='ocrx_word' id='word_1_505' title='bbox 1264 3805 1455 3845; x_wconf 88' lang='lat' dir='ltr'><strong><em>eorum</em></strong></span> <span class='ocrx_word' id='word_1_506' title='bbox 1476 3791 1714 3847; x_wconf 80' lang='lat' dir='ltr'><strong><em>decretis</em></strong></span> <span class='ocrx_word' id='word_1_507' title='bbox 1742 3792 1886 3846; x_wconf 86' lang='lat' dir='ltr'><strong><em>illam</em></strong></span> <span class='ocrx_word' id='word_1_508' title='bbox 1930 3793 2105 3863; x_wconf 88' lang='lat' dir='ltr'><strong><em>putari</em></strong></span> 
     </span>
    </p>
   </div>
   <div class='ocr_carea' id='block_1_70' title="bbox 480 3877 2103 3953">
    <p class='ocr_par' dir='ltr' id='par_1_70' title="bbox 480 3877 2103 3953">
     <span class='ocr_line' id='line_1_70' title="bbox 480 3877 2103 3953; baseline 0.003 -21"><span class='ocrx_word' id='word_1_509' title='bbox 480 3938 485 3943; x_wconf 48' lang='grc'><strong><em>,</em></strong></span> <span class='ocrx_word' id='word_1_510' title='bbox 511 3877 796 3948; x_wconf 84' lang='lat' dir='ltr'><strong><em>epistolam</em></strong></span> <span class='ocrx_word' id='word_1_511' title='bbox 824 3892 945 3933; x_wconf 86' lang='lat' dir='ltr'><strong><em>esse</em></strong></span> <span class='ocrx_word' id='word_1_512' title='bbox 973 3888 1278 3949; x_wconf 82' lang='lat' dir='ltr'><strong><em>susceptam</em></strong></span> <span class='ocrx_word' id='word_1_513' title='bbox 1308 3895 1430 3951; x_wconf 76' lang='lat' dir='ltr'><strong><em>qua:</em></strong></span> <span class='ocrx_word' id='word_1_514' title='bbox 1473 3881 1813 3952; x_wconf 80' lang='lat' dir='ltr'><strong><em>apertissime</em></strong></span> <span class='ocrx_word' id='word_1_515' title='bbox 1864 3883 2103 3953; x_wconf 83' lang='lat' dir='ltr'><strong><em>ipsorum</em></strong></span> 
     </span>
    </p>
   </div>
   <div class='ocr_carea' id='block_1_71' title="bbox 512 3968 2147 4041">
    <p class='ocr_par' dir='ltr' id='par_1_71' title="bbox 512 3968 2147 4041">
     <span class='ocr_line' id='line_1_71' title="bbox 512 3968 2147 4041; baseline 0.006 -20"><span class='ocrx_word' id='word_1_516' title='bbox 512 3968 793 4038; x_wconf 82' lang='lat' dir='ltr'><strong><em>impugnat</em></strong></span> <span class='ocrx_word' id='word_1_517' title='bbox 816 3969 884 4024; x_wconf 87' lang='lat' dir='ltr'><strong><em>de</em></strong></span> <span class='ocrx_word' id='word_1_518' title='bbox 928 3968 1032 4025; x_wconf 90' lang='lat' dir='ltr'><strong><em>ﬁde</em></strong></span> <span class='ocrx_word' id='word_1_519' title='bbox 1055 3969 1352 4040; x_wconf 86' lang='lat' dir='ltr'><strong><em>judicium,</em></strong></span> <span class='ocrx_word' id='word_1_520' title='bbox 1405 3980 1464 4027; x_wconf 92' lang='lat' dir='ltr'><strong><em>ut</em></strong></span> <span class='ocrx_word' id='word_1_521' title='bbox 1504 3988 1600 4041; x_wconf 89' lang='lat' dir='ltr'><strong><em>per</em></strong></span> <span class='ocrx_word' id='word_1_522' title='bbox 1644 3973 1748 4028; x_wconf 87' lang='lat' dir='ltr'><strong><em>hoc</em></strong></span> <span class='ocrx_word' id='word_1_523' title='bbox 1786 3990 1894 4028; x_wconf 92' lang='lat' dir='ltr'><strong><em>non</em></strong></span> <span class='ocrx_word' id='word_1_524' title='bbox 1927 3975 2147 4030; x_wconf 66' lang='lat' dir='ltr'><strong><em>solum‘</em></strong></span> 
     </span>
    </p>
   </div>
   <div class='ocr_carea' id='block_1_72' title="bbox 513 4057 2103 4133">
    <p class='ocr_par' dir='ltr' id='par_1_72' title="bbox 513 4057 2103 4133">
     <span class='ocr_line' id='line_1_72' title="bbox 513 4057 2103 4133; baseline 0.005 -20"><span class='ocrx_word' id='word_1_525' title='bbox 513 4058 887 4128; x_wconf 76' lang='lat' dir='ltr'><strong><em>prtecedentes</em></strong></span> <span class='ocrx_word' id='word_1_526' title='bbox 929 4057 1135 4125; x_wconf 88' lang='lat' dir='ltr'><strong><em>Patres,</em></strong></span> <span class='ocrx_word' id='word_1_527' title='bbox 1167 4060 1262 4116; x_wconf 87' lang='lat' dir='ltr'><strong><em>sed</em></strong></span> <span class='ocrx_word' id='word_1_528' title='bbox 1301 4061 1645 4133; x_wconf 85' lang='lat' dir='ltr'><strong><em>semetipsos,</em></strong></span> <span class='ocrx_word' id='word_1_529' title='bbox 1686 4063 1831 4132; x_wconf 89' lang='lat' dir='ltr'><strong><em>quod</em></strong></span> <span class='ocrx_word' id='word_1_530' title='bbox 1872 4065 1958 4119; x_wconf 88' lang='lat' dir='ltr'><strong><em>vel</em></strong></span> <span class='ocrx_word' id='word_1_531' title='bbox 1998 4066 2103 4122; x_wconf 86' lang='lat' dir='ltr'><strong><em>dici</em></strong></span> 
     </span>
    </p>
   </div>
   <div class='ocr_carea' id='block_1_73' title="bbox 506 4149 2097 4220">
    <p class='ocr_par' dir='ltr' id='par_1_73' title="bbox 506 4149 2097 4220">
     <span class='ocr_line' id='line_1_73' title="bbox 506 4149 2097 4220; baseline 0.005 -15"><span class='ocrx_word' id='word_1_532' title='bbox 506 4149 659 4205; x_wconf 88' lang='lat' dir='ltr'><strong><em>nefas</em></strong></span> <span class='ocrx_word' id='word_1_533' title='bbox 695 4156 810 4216; x_wconf 88' lang='lat' dir='ltr'><strong><em>est,</em></strong></span> <span class='ocrx_word' id='word_1_534' title='bbox 843 4150 1021 4220; x_wconf 84' lang='lat' dir='ltr'><strong><em>aliqua</em></strong></span> <span class='ocrx_word' id='word_1_535' title='bbox 1061 4151 1346 4207; x_wconf 88' lang='lat' dir='ltr'><strong><em>videantur</em></strong></span> <span class='ocrx_word' id='word_1_536' title='bbox 1379 4154 1768 4210; x_wconf 87' lang='lat' dir='ltr'><strong><em>contrarietate</em></strong></span> <span class='ocrx_word' id='word_1_537' title='bbox 1799 4155 2097 4213; x_wconf 86' lang='lat' dir='ltr'><strong><em>destruere.</em></strong></span> 
     </span>
    </p>
   </div>
   <div class='ocr_carea' id='block_1_74' title="bbox 507 4240 2102 4319">
    <p class='ocr_par' dir='ltr' id='par_1_74' title="bbox 507 4240 2102 4319">
     <span class='ocr_line' id='line_1_74' title="bbox 507 4240 2102 4319; baseline 0.003 -21"><span class='ocrx_word' id='word_1_538' title='bbox 507 4240 642 4298; x_wconf 85' lang='lat' dir='ltr'><strong><em>Nam</em></strong></span> <span class='ocrx_word' id='word_1_539' title='bbox 683 4241 994 4312; x_wconf 77' lang='lat' dir='ltr'><strong><em>huiusmodi</em></strong></span> <span class='ocrx_word' id='word_1_540' title='bbox 1019 4243 1198 4297; x_wconf 89' lang='lat' dir='ltr'><strong><em>omnia</em></strong></span> <span class='ocrx_word' id='word_1_541' title='bbox 1227 4258 1349 4313; x_wconf 66' lang='lat' dir='ltr'><strong><em>quae</em></strong></span> <span class='ocrx_word' id='word_1_542' title='bbox 1388 4244 1442 4298; x_wconf 89' lang='lat' dir='ltr'><strong><em>in</em></strong></span> <span class='ocrx_word' id='word_1_543' title='bbox 1466 4243 1821 4312; x_wconf 80' lang='lat' dir='ltr'><strong><em>derogatioue</em></strong></span> <span class='ocrx_word' id='word_1_544' title='bbox 1847 4244 2102 4319; x_wconf 85' lang='lat' dir='ltr'><strong><em>Ephesini</em></strong></span> 
     </span>
    </p>
   </div>
   <div class='ocr_carea' id='block_1_75' title="bbox 505 4332 2097 4404">
    <p class='ocr_par' dir='ltr' id='par_1_75' title="bbox 505 4332 2097 4404">
     <span class='ocr_line' id='line_1_75' title="bbox 505 4332 2097 4404; baseline 0.004 -17"><span class='ocrx_word' id='word_1_545' title='bbox 505 4335 663 4404; x_wconf 88' lang='lat' dir='ltr'><strong><em>primi</em></strong></span> <span class='ocrx_word' id='word_1_546' title='bbox 685 4332 902 4387; x_wconf 87' lang='lat' dir='ltr'><strong><em>concilii</em></strong></span> <span class='ocrx_word' id='word_1_547' title='bbox 929 4332 1073 4388; x_wconf 86' lang='lat' dir='ltr'><strong><em>dicta</em></strong></span> <span class='ocrx_word' id='word_1_548' title='bbox 1111 4341 1238 4388; x_wconf 89' lang='lat' dir='ltr'><strong><em>sunt</em></strong></span> <span class='ocrx_word' id='word_1_549' title='bbox 1268 4333 1351 4388; x_wconf 89' lang='lat' dir='ltr'><strong><em>vel</em></strong></span> <span class='ocrx_word' id='word_1_550' title='bbox 1389 4333 1618 4389; x_wconf 84' lang='lat' dir='ltr'><strong><em>dicenda</em></strong></span> <span class='ocrx_word' id='word_1_551' title='bbox 1647 4343 1824 4399; x_wconf 90' lang='lat' dir='ltr'><strong><em>erant,</em></strong></span> <span class='ocrx_word' id='word_1_552' title='bbox 1849 4336 2012 4391; x_wconf 85' lang='lat' dir='ltr'><strong><em>etiam</em></strong></span> <span class='ocrx_word' id='word_1_553' title='bbox 2043 4337 2097 4393; x_wconf 90' lang='lat' dir='ltr'><strong><em>in</em></strong></span> 
     </span>
    </p>
   </div>
   <div class='ocr_carea' id='block_1_76' title="bbox 504 4422 2099 4499">
    <p class='ocr_par' dir='ltr' id='par_1_76' title="bbox 504 4422 2099 4499">
     <span class='ocr_line' id='line_1_76' title="bbox 504 4422 2099 4499; baseline 0.003 -20"><span class='ocrx_word' id='word_1_554' title='bbox 504 4424 607 4479; x_wconf 88' lang='lat' dir='ltr'><strong><em>hac</em></strong></span> <span class='ocrx_word' id='word_1_555' title='bbox 628 4437 792 4492; x_wconf 86' lang='lat' dir='ltr'><strong><em>quam</em></strong></span> <span class='ocrx_word' id='word_1_556' title='bbox 812 4422 880 4478; x_wconf 90' lang='lat' dir='ltr'><strong><em>de</em></strong></span> <span class='ocrx_word' id='word_1_557' title='bbox 907 4422 1009 4478; x_wconf 87' lang='lat' dir='ltr'><strong><em>ﬁde</em></strong></span> <span class='ocrx_word' id='word_1_558' title='bbox 1029 4425 1202 4480; x_wconf 87' lang='lat' dir='ltr'><strong><em>sancti</em></strong></span> <span class='ocrx_word' id='word_1_559' title='bbox 1225 4423 1413 4480; x_wconf 84' lang='lat' dir='ltr'><strong><em>Patres</em></strong></span> <span class='ocrx_word' id='word_1_560' title='bbox 1433 4424 1889 4482; x_wconf 85' lang='lat' dir='ltr'><strong><em>Chalcedonensis</em></strong></span> <span class='ocrx_word' id='word_1_561' title='bbox 1907 4427 2099 4499; x_wconf 81' lang='lat' dir='ltr'><strong><em>synodi</em></strong></span> 
     </span>
    </p>
   </div>
   <div class='ocr_carea' id='block_1_77' title="bbox 501 4514 2333 4607">
    <p class='ocr_par' dir='ltr' id='par_1_77' title="bbox 501 4514 2333 4607">
     <span class='ocr_line' id='line_1_77' title="bbox 501 4514 2333 4607; baseline 0.004 -40"><span class='ocrx_word' id='word_1_562' title='bbox 501 4514 847 4583; x_wconf 86' lang='lat' dir='ltr'><strong><em>protulerunt</em></strong></span> <span class='ocrx_word' id='word_1_563' title='bbox 873 4515 1256 4585; x_wconf 74' lang='lat' dir='ltr'><strong><em>explanatiooe</em></strong></span> <span class='ocrx_word' id='word_1_564' title='bbox 1285 4516 1455 4572; x_wconf 81' lang='lat' dir='ltr'><strong><em>fuisse</em></strong></span> <span class='ocrx_word' id='word_1_565' title='bbox 1493 4518 1746 4571; x_wconf 84' lang='lat' dir='ltr'><strong><em>damnata</em></strong></span> <span class='ocrx_word' id='word_1_566' title='bbox 1772 4533 1840 4573; x_wconf 80' lang='lat' dir='ltr'><strong><em>ex</em></strong></span> <span class='ocrx_word' id='word_1_567' title='bbox 1867 4518 1950 4574; x_wconf 88' lang='lat' dir='ltr'><strong><em>his</em></strong></span> <span class='ocrx_word' id='word_1_568' title='bbox 1975 4533 2096 4588; x_wconf 77' lang='lat' dir='ltr'><strong><em>qum</em></strong></span> <span class='ocrx_word' id='word_1_569' title='bbox 2126 4545 2172 4604; x_wconf 78' lang='grc' dir='ltr'>ο</span> <span class='ocrx_word' id='word_1_570' title='bbox 2197 4541 2333 4607; x_wconf 48' lang='lat' dir='ltr'><strong><em>dias,</em></strong></span> 
     </span>
    </p>
   </div>
   <div class='ocr_carea' id='block_1_78' title="bbox 499 4605 2093 4680">
    <p class='ocr_par' dir='ltr' id='par_1_78' title="bbox 499 4605 2093 4680">
     <span class='ocr_line' id='line_1_78' title="bbox 499 4605 2093 4680; baseline 0.006 -23"><span class='ocrx_word' id='word_1_571' title='bbox 499 4605 905 4675; x_wconf 77' lang='lat' dir='ltr'><strong><em>subsequuntur</em></strong></span> <span class='ocrx_word' id='word_1_572' title='bbox 931 4607 1346 4663; x_wconf 69' lang='lat' dir='ltr'><strong><em>evidentissima:</em></strong></span> <span class='ocrx_word' id='word_1_573' title='bbox 1389 4609 1637 4665; x_wconf 87' lang='lat' dir='ltr'><strong><em>veritatis</em></strong></span> <span class='ocrx_word' id='word_1_574' title='bbox 1682 4608 1801 4665; x_wconf 89' lang='lat' dir='ltr'><strong><em>luce</em></strong></span> <span class='ocrx_word' id='word_1_575' title='bbox 1830 4612 2093 4680; x_wconf 85' lang='lat' dir='ltr'><strong><em>conspici-</em></strong></span> 
     </span>
    </p>
   </div>
   <div class='ocr_carea' id='block_1_79' title="bbox 498 4696 2090 4771">
    <p class='ocr_par' dir='ltr' id='par_1_79' title="bbox 498 4696 2090 4771">
     <span class='ocr_line' id='line_1_79' title="bbox 498 4696 2090 4771; baseline 0.005 -22"><span class='ocrx_word' id='word_1_576' title='bbox 498 4704 606 4756; x_wconf 84' lang='lat' dir='ltr'><strong><em>tur.</em></strong></span> <span class='ocrx_word' id='word_1_577' title='bbox 636 4710 759 4766; x_wconf 67' lang='lat' dir='ltr'><strong><em>quas</em></strong></span> <span class='ocrx_word' id='word_1_578' title='bbox 790 4696 864 4750; x_wconf 90' lang='lat' dir='ltr'><strong><em>ita</em></strong></span> <span class='ocrx_word' id='word_1_579' title='bbox 890 4712 951 4751; x_wconf 89' lang='lat' dir='ltr'><strong><em>se</em></strong></span> <span class='ocrx_word' id='word_1_580' title='bbox 991 4698 1191 4753; x_wconf 82' lang='lat' dir='ltr'><strong><em>habent</em></strong></span> <span class='ocrx_word' id='word_1_581' title='bbox 1216 4697 1407 4769; x_wconf 69' lang='lat' dir='ltr'><strong><em>(Ibid)</em></strong></span> <span class='ocrx_word' id='word_1_582' title='bbox 1441 4717 1455 4752; x_wconf 90' lang='lat'><strong>:</strong></span> <span class='ocrx_word' id='word_1_583' title='bbox 1490 4698 1592 4753; x_wconf 83' lang='lat' dir='ltr'><strong><em>His</em></strong></span> <span class='ocrx_word' id='word_1_584' title='bbox 1621 4700 1780 4771; x_wconf 81' lang='lat' dir='ltr'><strong><em>igitur</em></strong></span> <span class='ocrx_word' id='word_1_585' title='bbox 1806 4716 1921 4754; x_wconf 84' lang='lat' dir='ltr'><strong><em>cum</em></strong></span> <span class='ocrx_word' id='word_1_586' title='bbox 1948 4704 2090 4757; x_wconf 89' lang='lat' dir='ltr'><strong><em>omni</em></strong></span> 
     </span>
    </p>
   </div>
   <div class='ocr_carea' id='block_1_80' title="bbox 496 4789 2082 4868">
    <p class='ocr_par' dir='ltr' id='par_1_80' title="bbox 496 4789 2082 4868">
     <span class='ocr_line' id='line_1_80' title="bbox 496 4789 2082 4868; baseline 0.006 -27"><span class='ocrx_word' id='word_1_587' title='bbox 496 4789 725 4860; x_wconf 67' lang='lat' dir='ltr'><strong><em>undique</em></strong></span> <span class='ocrx_word' id='word_1_588' title='bbox 756 4791 1154 4868; x_wconf 69' lang='lat' dir='ltr'><strong><em>scrupulositate</em></strong></span> <span class='ocrx_word' id='word_1_589' title='bbox 1181 4802 1230 4845; x_wconf 87' lang='lat' dir='ltr'><strong><em>et</em></strong></span> <span class='ocrx_word' id='word_1_590' title='bbox 1259 4792 1531 4863; x_wconf 82' lang='lat' dir='ltr'><strong><em>dil&#39;gentia</em></strong></span> <span class='ocrx_word' id='word_1_591' title='bbox 1561 4810 1594 4845; x_wconf 89' lang='lat' dir='ltr'><strong><em>a</em></strong></span> <span class='ocrx_word' id='word_1_592' title='bbox 1622 4792 1771 4846; x_wconf 86' lang='lat' dir='ltr'><strong><em>nobis</em></strong></span> <span class='ocrx_word' id='word_1_593' title='bbox 1797 4793 2082 4863; x_wconf 76' lang='lat' dir='ltr'><strong><em>dispositis,</em></strong></span> 
     </span>
    </p>
   </div>
   <div class='ocr_carea' id='block_1_81' title="bbox 497 4879 2083 4955">
    <p class='ocr_par' dir='ltr' id='par_1_81' title="bbox 497 4879 2083 4955">
     <span class='ocr_line' id='line_1_81' title="bbox 497 4879 2083 4955; baseline 0.004 -22"><span class='ocrx_word' id='word_1_594' title='bbox 497 4879 682 4950; x_wconf 77' lang='lat' dir='ltr'><strong><em>deﬁnit</em></strong></span> <span class='ocrx_word' id='word_1_595' title='bbox 724 4890 908 4934; x_wconf 82' lang='lat' dir='ltr'><strong><em>sancta</em></strong></span> <span class='ocrx_word' id='word_1_596' title='bbox 948 4890 997 4934; x_wconf 90' lang='lat' dir='ltr'><strong><em>et</em></strong></span> <span class='ocrx_word' id='word_1_597' title='bbox 1037 4883 1344 4936; x_wconf 73' lang='lat' dir='ltr'><strong><em>universalis</em></strong></span> <span class='ocrx_word' id='word_1_598' title='bbox 1385 4884 1614 4953; x_wconf 72' lang='lat' dir='ltr'><strong><em>synodus</em></strong></span> <span class='ocrx_word' id='word_1_599' title='bbox 1661 4885 1882 4941; x_wconf 84' lang='lat' dir='ltr'><strong><em>alteram</em></strong></span> <span class='ocrx_word' id='word_1_600' title='bbox 1923 4885 2083 4955; x_wconf 81' lang='lat' dir='ltr'><strong><em>[idem</em></strong></span> 
     </span>
    </p>
   </div>
   <div class='ocr_carea' id='block_1_82' title="bbox 498 4972 2077 5047">
    <p class='ocr_par' dir='ltr' id='par_1_82' title="bbox 498 4972 2077 5047">
     <span class='ocr_line' id='line_1_82' title="bbox 498 4972 2077 5047; baseline 0.004 -21"><span class='ocrx_word' id='word_1_601' title='bbox 498 4972 628 5027; x_wconf 81' lang='lat' dir='ltr'><strong><em>nulli</em></strong></span> <span class='ocrx_word' id='word_1_602' title='bbox 654 4973 810 5028; x_wconf 66' lang='lat' dir='ltr'><strong><em>licere</em></strong></span> <span class='ocrx_word' id='word_1_603' title='bbox 848 4976 1085 5042; x_wconf 74' lang='lat' dir='ltr'><strong><em>proferre</em></strong></span> <span class='ocrx_word' id='word_1_604' title='bbox 1126 4975 1202 5028; x_wconf 85' lang='lat' dir='ltr'><strong><em>vel</em></strong></span> <span class='ocrx_word' id='word_1_605' title='bbox 1238 4977 1578 5040; x_wconf 83' lang='lat' dir='ltr'><strong><em>conscribere,</em></strong></span> <span class='ocrx_word' id='word_1_606' title='bbox 1622 4986 1713 5029; x_wconf 87' lang='lat' dir='ltr'><strong><em>aut</em></strong></span> <span class='ocrx_word' id='word_1_607' title='bbox 1751 4994 2077 5047; x_wconf 80' lang='lat' dir='ltr'><strong><em>componere,</em></strong></span> 
     </span>
    </p>
   </div>
   <div class='ocr_carea' id='block_1_83' title="bbox 494 5066 2093 5139">
    <p class='ocr_par' dir='ltr' id='par_1_83' title="bbox 494 5066 2093 5139">
     <span class='ocr_line' id='line_1_83' title="bbox 494 5066 2093 5139; baseline 0.006 -23"><span class='ocrx_word' id='word_1_608' title='bbox 494 5073 583 5118; x_wconf 83' lang='lat' dir='ltr'><strong><em>aut</em></strong></span> <span class='ocrx_word' id='word_1_609' title='bbox 612 5066 823 5132; x_wconf 82' lang='lat' dir='ltr'><strong><em>sentire,</em></strong></span> <span class='ocrx_word' id='word_1_610' title='bbox 851 5076 940 5120; x_wconf 90' lang='lat' dir='ltr'><strong><em>aut</em></strong></span> <span class='ocrx_word' id='word_1_611' title='bbox 966 5069 1149 5120; x_wconf 88' lang='lat' dir='ltr'><strong><em>docere</em></strong></span> <span class='ocrx_word' id='word_1_612' title='bbox 1178 5068 1351 5121; x_wconf 87' lang='lat' dir='ltr'><strong><em>aliter.</em></strong></span> <span class='ocrx_word' id='word_1_613' title='bbox 1380 5066 1486 5123; x_wconf 82' lang='lat' dir='ltr'><strong><em>Eos</em></strong></span> <span class='ocrx_word' id='word_1_614' title='bbox 1516 5079 1688 5123; x_wconf 85' lang='lat' dir='ltr'><strong><em>autent</em></strong></span> <span class='ocrx_word' id='word_1_615' title='bbox 1717 5072 1802 5139; x_wconf 90' lang='lat' dir='ltr'><strong><em>qui</em></strong></span> <span class='ocrx_word' id='word_1_616' title='bbox 1826 5072 1940 5125; x_wconf 85' lang='lat' dir='ltr'><strong><em>ausi</em></strong></span> <span class='ocrx_word' id='word_1_617' title='bbox 1968 5081 2093 5125; x_wconf 89' lang='lat' dir='ltr'><strong><em>sunt</em></strong></span> 
     </span>
    </p>
   </div>
   <div class='ocr_carea' id='block_1_84' title="bbox 492 5157 2084 5229">
    <p class='ocr_par' dir='ltr' id='par_1_84' title="bbox 492 5157 2084 5229">
     <span class='ocr_line' id='line_1_84' title="bbox 492 5157 2084 5229; baseline 0.005 -22"><span class='ocrx_word' id='word_1_618' title='bbox 492 5170 799 5226; x_wconf 83' lang='lat' dir='ltr'><strong><em>componere</em></strong></span> <span class='ocrx_word' id='word_1_619' title='bbox 825 5157 983 5228; x_wconf 80' lang='lat' dir='ltr'><strong><em>ﬁdem</em></strong></span> <span class='ocrx_word' id='word_1_620' title='bbox 1030 5157 1278 5223; x_wconf 86' lang='lat' dir='ltr'><strong><em>alteram,</em></strong></span> <span class='ocrx_word' id='word_1_621' title='bbox 1320 5168 1411 5211; x_wconf 88' lang='lat' dir='ltr'><strong><em>aut</em></strong></span> <span class='ocrx_word' id='word_1_622' title='bbox 1437 5161 1699 5229; x_wconf 74' lang='lat' dir='ltr'><strong><em>proferre,</em></strong></span> <span class='ocrx_word' id='word_1_623' title='bbox 1747 5168 1836 5212; x_wconf 87' lang='lat' dir='ltr'><strong><em>aut</em></strong></span> <span class='ocrx_word' id='word_1_624' title='bbox 1868 5161 2084 5227; x_wconf 85' lang='lat' dir='ltr'><strong><em>docere,</em></strong></span> 
     </span>
    </p>
   </div>
   <div class='ocr_carea' id='block_1_85' title="bbox 474 5249 2085 5324">
    <p class='ocr_par' dir='ltr' id='par_1_85' title="bbox 474 5249 2085 5324">
     <span class='ocr_line' id='line_1_85' title="bbox 474 5249 2085 5324; baseline 0.007 -27"><span class='ocrx_word' id='word_1_625' title='bbox 474 5252 582 5298; x_wconf 68' lang='grc' dir='ltr'><strong><em>’σαι</em></strong></span> <span class='ocrx_word' id='word_1_626' title='bbox 619 5249 824 5302; x_wconf 86' lang='lat' dir='ltr'><strong><em>tradere</em></strong></span> <span class='ocrx_word' id='word_1_627' title='bbox 853 5253 1073 5303; x_wconf 87' lang='lat' dir='ltr'><strong><em>alterum</em></strong></span> <span class='ocrx_word' id='word_1_628' title='bbox 1110 5249 1398 5320; x_wconf 73' lang='lat' dir='ltr'><strong><em>symbolum</em></strong></span> <span class='ocrx_word' id='word_1_629' title='bbox 1424 5250 1714 5305; x_wconf 75' lang='lat' dir='ltr'><strong><em>uolentibus</em></strong></span> <span class='ocrx_word' id='word_1_630' title='bbox 1756 5255 1834 5306; x_wconf 73' lang='lat' dir='ltr'><strong><em>vel</em></strong></span> <span class='ocrx_word' id='word_1_631' title='bbox 1861 5270 1926 5307; x_wconf 82' lang='lat' dir='ltr'><strong><em>ea:</em></strong></span> <span class='ocrx_word' id='word_1_632' title='bbox 1954 5271 2085 5324; x_wconf 77' lang='lat' dir='ltr'><strong><em>gen-</em></strong></span> 
     </span>
    </p>
   </div>
   <div class='ocr_carea' id='block_1_86' title="bbox 497 5335 2087 5409">
    <p class='ocr_par' dir='ltr' id='par_1_86' title="bbox 497 5335 2087 5409">
     <span class='ocr_line' id='line_1_86' title="bbox 497 5335 2087 5409; baseline 0.008 -23"><span class='ocrx_word' id='word_1_633' title='bbox 497 5335 685 5388; x_wconf 84' lang='lat' dir='ltr'><strong><em>tilitate</em></strong></span> <span class='ocrx_word' id='word_1_634' title='bbox 714 5338 783 5389; x_wconf 83' lang='lat' dir='ltr'><strong><em>ad</em></strong></span> <span class='ocrx_word' id='word_1_635' title='bbox 823 5340 1141 5409; x_wconf 78' lang='lat' dir='ltr'><strong><em>agnitionem</em></strong></span> <span class='ocrx_word' id='word_1_636' title='bbox 1170 5340 1420 5403; x_wconf 85' lang='lat' dir='ltr'><strong><em>veritatis,</em></strong></span> <span class='ocrx_word' id='word_1_637' title='bbox 1454 5340 1531 5393; x_wconf 85' lang='lat' dir='ltr'><strong><em>rel</em></strong></span> <span class='ocrx_word' id='word_1_638' title='bbox 1557 5357 1623 5395; x_wconf 75' lang='lat' dir='ltr'><strong><em>ea:</em></strong></span> <span class='ocrx_word' id='word_1_639' title='bbox 1643 5340 1877 5407; x_wconf 64' lang='lat' dir='ltr'><strong><em>Iudicis,</em></strong></span> <span class='ocrx_word' id='word_1_640' title='bbox 1921 5344 1994 5397; x_wconf 83' lang='lat' dir='ltr'><strong><em>uel</em></strong></span> <span class='ocrx_word' id='word_1_641' title='bbox 2021 5360 2087 5398; x_wconf 73' lang='lat' dir='ltr'><strong><em>ea:</em></strong></span> 
     </span>
    </p>
   </div>
   <div class='ocr_carea' id='block_1_87' title="bbox 495 5426 2082 5507">
    <p class='ocr_par' dir='ltr' id='par_1_87' title="bbox 495 5426 2082 5507">
     <span class='ocr_line' id='line_1_87' title="bbox 495 5426 2082 5507; baseline 0.008 -29"><span class='ocrx_word' id='word_1_642' title='bbox 495 5426 680 5480; x_wconf 60' lang='lat' dir='ltr'><strong><em>daresi</em></strong></span> <span class='ocrx_word' id='word_1_643' title='bbox 707 5446 1010 5502; x_wconf 84' lang='lat' dir='ltr'><strong><em>quacunque</em></strong></span> <span class='ocrx_word' id='word_1_644' title='bbox 1040 5434 1286 5497; x_wconf 80' lang='lat' dir='ltr'><strong><em>converti,</em></strong></span> <span class='ocrx_word' id='word_1_645' title='bbox 1312 5434 1428 5498; x_wconf 70' lang='lat' dir='ltr'><strong><em>llos,</em></strong></span> <span class='ocrx_word' id='word_1_646' title='bbox 1456 5436 1501 5486; x_wconf 87' lang='lat' dir='ltr'><strong><em>si</em></strong></span> <span class='ocrx_word' id='word_1_647' title='bbox 1524 5434 1748 5503; x_wconf 82' lang='lat' dir='ltr'><strong><em>episcopi</em></strong></span> <span class='ocrx_word' id='word_1_648' title='bbox 1780 5438 1972 5507; x_wconf 75' lang='lat' dir='ltr'><strong><em>fuerin:</em></strong></span> <span class='ocrx_word' id='word_1_649' title='bbox 1992 5447 2082 5492; x_wconf 87' lang='lat' dir='ltr'><strong><em>aut</em></strong></span> 
     </span>
    </p>
   </div>
   <div class='ocr_carea' id='block_1_88' title="bbox 490 5519 2080 5598">
    <p class='ocr_par' dir='ltr' id='par_1_88' title="bbox 490 5519 2080 5598">
     <span class='ocr_line' id='line_1_88' title="bbox 490 5519 2080 5598; baseline 0.008 -24"><span class='ocrx_word' id='word_1_650' title='bbox 490 5519 688 5587; x_wconf 85' lang='lat' dir='ltr'><strong><em>clerici,</em></strong></span> <span class='ocrx_word' id='word_1_651' title='bbox 711 5520 912 5576; x_wconf 85' lang='lat' dir='ltr'><strong><em>alienos</em></strong></span> <span class='ocrx_word' id='word_1_652' title='bbox 941 5541 1049 5579; x_wconf 74' lang='lat' dir='ltr'><strong><em>esse</em></strong></span> <span class='ocrx_word' id='word_1_653' title='bbox 1076 5528 1343 5596; x_wconf 83' lang='lat' dir='ltr'><strong><em>episcopos</em></strong></span> <span class='ocrx_word' id='word_1_654' title='bbox 1367 5526 1429 5578; x_wconf 86' lang='lat' dir='ltr'><strong><em>ab</em></strong></span> <span class='ocrx_word' id='word_1_655' title='bbox 1453 5528 1768 5598; x_wconf 83' lang='lat' dir='ltr'><strong><em>episcopatu,</em></strong></span> <span class='ocrx_word' id='word_1_656' title='bbox 1795 5538 1843 5582; x_wconf 89' lang='lat' dir='ltr'><strong><em>et</em></strong></span> <span class='ocrx_word' id='word_1_657' title='bbox 1865 5530 2080 5587; x_wconf 85' lang='lat' dir='ltr'><strong><em>clericos</em></strong></span> 
     </span>
    </p>
   </div>
   <div class='ocr_carea' id='block_1_89' title="bbox 490 5610 2078 5689">
    <p class='ocr_par' dir='ltr' id='par_1_89' title="bbox 490 5610 2078 5689">
     <span class='ocr_line' id='line_1_89' title="bbox 490 5610 2078 5689; baseline 0.009 -25"><span class='ocrx_word' id='word_1_658' title='bbox 490 5626 524 5664; x_wconf 82' lang='lat' dir='ltr'><strong><em>a</em></strong></span> <span class='ocrx_word' id='word_1_659' title='bbox 551 5610 720 5677; x_wconf 76' lang='lat' dir='ltr'><strong><em>clero,‘</em></strong></span> <span class='ocrx_word' id='word_1_660' title='bbox 750 5612 796 5665; x_wconf 86' lang='lat' dir='ltr'><strong><em>si</em></strong></span> <span class='ocrx_word' id='word_1_661' title='bbox 819 5629 935 5667; x_wconf 86' lang='lat' dir='ltr'><strong><em>vero</em></strong></span> <span class='ocrx_word' id='word_1_662' title='bbox 963 5616 1086 5669; x_wconf 84' lang='lat' dir='ltr'><strong><em>laici</em></strong></span> <span class='ocrx_word' id='word_1_663' title='bbox 1113 5626 1201 5670; x_wconf 89' lang='lat' dir='ltr'><strong><em>aut</em></strong></span> <span class='ocrx_word' id='word_1_664' title='bbox 1230 5617 1470 5671; x_wconf 79' lang='lat' dir='ltr'><strong><em>monachi</em></strong></span> <span class='ocrx_word' id='word_1_665' title='bbox 1490 5619 1700 5689; x_wconf 78' lang='lat' dir='ltr'><strong><em>fuerint,</em></strong></span> <span class='ocrx_word' id='word_1_666' title='bbox 1735 5620 2078 5678; x_wconf 69' lang='lat' dir='ltr'><strong><em>anathemati-</em></strong></span> 
     </span>
    </p>
   </div>
   <div class='ocr_carea' id='block_1_90' title="bbox 556 5765 1706 5836">
    <p class='ocr_par' dir='ltr' id='par_1_90' title="bbox 556 5765 1706 5836">
     <span class='ocr_line' id='line_1_90' title="bbox 556 5765 1706 5836; baseline 0.006 -7"><span class='ocrx_word' id='word_1_667' title='bbox 556 5765 583 5796; x_wconf 86' lang='grc'><strong>⁸</strong></span> <span class='ocrx_word' id='word_1_668' title='bbox 614 5771 713 5830; x_wconf 84' lang='lat' dir='ltr'><strong><em>llic</em></strong></span> <span class='ocrx_word' id='word_1_669' title='bbox 741 5773 1030 5833; x_wconf 85' lang='lat' dir='ltr'><strong><em>mendosus</em></strong></span> <span class='ocrx_word' id='word_1_670' title='bbox 1058 5776 1227 5833; x_wconf 72' lang='lat' dir='ltr'><strong><em>codex</em></strong></span> <span class='ocrx_word' id='word_1_671' title='bbox 1259 5777 1485 5834; x_wconf 86' lang='lat' dir='ltr'><strong><em>videtur.</em></strong></span> <span class='ocrx_word' id='word_1_672' title='bbox 1536 5777 1706 5836; x_wconf 66' lang='lat' dir='ltr'><strong><em>&quot;ARD.</em></strong></span> 
     </span>
    </p>
   </div>
   <div class='ocr_carea' id='block_1_91' title="bbox 2209 3264 3800 3343">
    <p class='ocr_par' dir='ltr' id='par_1_91' title="bbox 2209 3264 3800 3343">
     <span class='ocr_line' id='line_1_91' title="bbox 2209 3264 3800 3343; baseline 0.008 -26"><span class='ocrx_word' id='word_1_673' title='bbox 2209 3264 2355 3332; x_wconf 90' lang='lat' dir='ltr'><strong><em>quod</em></strong></span> <span class='ocrx_word' id='word_1_674' title='bbox 2381 3274 2465 3319; x_wconf 89' lang='lat' dir='ltr'><strong><em>est</em></strong></span> <span class='ocrx_word' id='word_1_675' title='bbox 2496 3266 2778 3335; x_wconf 79' lang='lat' dir='ltr'><strong><em>~pr0prium</em></strong></span> <span class='ocrx_word' id='word_1_676' title='bbox 2808 3267 3256 3337; x_wconf 81' lang='lat' dir='ltr'><strong><em>orthodoxorum,</em></strong></span> <span class='ocrx_word' id='word_1_677' title='bbox 3304 3270 3485 3327; x_wconf 83' lang='lat' dir='ltr'><strong><em>dicere</em></strong></span> <span class='ocrx_word' id='word_1_678' title='bbox 3514 3288 3800 3343; x_wconf 86' lang='lat' dir='ltr'><strong><em>recusans,</em></strong></span> 
     </span>
    </p>
   </div>
   <div class='ocr_carea' id='block_1_92' title="bbox 2209 3354 3802 3420">
    <p class='ocr_par' dir='ltr' id='par_1_92' title="bbox 2209 3354 3802 3420">
     <span class='ocr_line' id='line_1_92' title="bbox 2209 3354 3802 3420; baseline 0.006 -11"><span class='ocrx_word' id='word_1_679' title='bbox 2209 3354 2579 3411; x_wconf 86' lang='lat' dir='ltr'><strong><em>fraudulenter</em></strong></span> <span class='ocrx_word' id='word_1_680' title='bbox 2606 3371 2667 3413; x_wconf 88' lang='lat' dir='ltr'><strong><em>se</em></strong></span> <span class='ocrx_word' id='word_1_681' title='bbox 2694 3356 2828 3412; x_wconf 85' lang='lat' dir='ltr'><strong><em>duas</em></strong></span> <span class='ocrx_word' id='word_1_682' title='bbox 2869 3366 3088 3414; x_wconf 88' lang='lat' dir='ltr'><strong><em>naturas</em></strong></span> <span class='ocrx_word' id='word_1_683' title='bbox 3116 3369 3170 3413; x_wconf 92' lang='lat' dir='ltr'><strong><em>et</em></strong></span> <span class='ocrx_word' id='word_1_684' title='bbox 3199 3375 3364 3415; x_wconf 91' lang='lat' dir='ltr'><strong><em>unum</em></strong></span> <span class='ocrx_word' id='word_1_685' title='bbox 3395 3360 3564 3416; x_wconf 85' lang='lat' dir='ltr'><strong><em>lilium</em></strong></span> <span class='ocrx_word' id='word_1_686' title='bbox 3592 3360 3802 3420; x_wconf 78' lang='lat' dir='ltr'><strong><em>dixiSse</em></strong></span> 
     </span>
    </p>
   </div>
   <div class='ocr_carea' id='block_1_93' title="bbox 2208 3443 3801 3523">
    <p class='ocr_par' dir='ltr' id='par_1_93' title="bbox 2208 3443 3801 3523">
     <span class='ocr_line' id='line_1_93' title="bbox 2208 3443 3801 3523; baseline 0.009 -25"><span class='ocrx_word' id='word_1_687' title='bbox 2208 3444 2488 3501; x_wconf 77' lang='lat' dir='ltr'><strong><em>evidenter</em></strong></span> <span class='ocrx_word' id='word_1_688' title='bbox 2534 3446 2763 3516; x_wconf 85' lang='lat' dir='ltr'><strong><em>aperiat.</em></strong></span> <span class='ocrx_word' id='word_1_689' title='bbox 2812 3443 2966 3503; x_wconf 84' lang='lat' dir='ltr'><strong><em>Unde</em></strong></span> <span class='ocrx_word' id='word_1_690' title='bbox 2994 3450 3122 3519; x_wconf 87' lang='lat' dir='ltr'><strong><em>quia</em></strong></span> <span class='ocrx_word' id='word_1_691' title='bbox 3160 3450 3430 3507; x_wconf 88' lang='lat' dir='ltr'><strong><em>antedicta</em></strong></span> <span class='ocrx_word' id='word_1_692' title='bbox 3459 3453 3687 3523; x_wconf 86' lang='lat' dir='ltr'><strong><em>epistola</em></strong></span> <span class='ocrx_word' id='word_1_693' title='bbox 3728 3456 3801 3513; x_wconf 83' lang='lat' dir='ltr'><strong><em>ad</em></strong></span> 
     </span>
    </p>
   </div>
   <div class='ocr_carea' id='block_1_94' title="bbox 2207 3534 3800 3618">
    <p class='ocr_par' dir='ltr' id='par_1_94' title="bbox 2207 3534 3800 3618">
     <span class='ocr_line' id='line_1_94' title="bbox 2207 3534 3800 3618; baseline 0.009 -29"><span class='ocrx_word' id='word_1_694' title='bbox 2207 3534 2397 3591; x_wconf 79' lang='lat' dir='ltr'><strong><em>Marini</em></strong></span> <span class='ocrx_word' id='word_1_695' title='bbox 2421 3535 2643 3593; x_wconf 86' lang='lat' dir='ltr'><strong><em>Persam</em></strong></span> <span class='ocrx_word' id='word_1_696' title='bbox 2673 3552 2770 3608; x_wconf 86' lang='lat' dir='ltr'><strong><em>per</em></strong></span> <span class='ocrx_word' id='word_1_697' title='bbox 2798 3539 2900 3595; x_wconf 85' lang='lat' dir='ltr'><strong><em>hoc</em></strong></span> <span class='ocrx_word' id='word_1_698' title='bbox 2928 3548 3036 3595; x_wconf 88' lang='lat' dir='ltr'><strong><em>tam</em></strong></span> <span class='ocrx_word' id='word_1_699' title='bbox 3064 3543 3407 3600; x_wconf 86' lang='lat' dir='ltr'><strong><em>manifestum</em></strong></span> <span class='ocrx_word' id='word_1_700' title='bbox 3430 3544 3628 3603; x_wconf 89' lang='lat' dir='ltr'><strong><em>malum</em></strong></span> <span class='ocrx_word' id='word_1_701' title='bbox 3647 3549 3800 3618; x_wconf 84' lang='lat' dir='ltr'><strong><em>quod</em></strong></span> 
     </span>
    </p>
   </div>
   <div class='ocr_carea' id='block_1_95' title="bbox 2205 3625 3800 3705">
    <p class='ocr_par' dir='ltr' id='par_1_95' title="bbox 2205 3625 3800 3705">
     <span class='ocr_line' id='line_1_95' title="bbox 2205 3625 3800 3705; baseline 0.008 -25"><span class='ocrx_word' id='word_1_702' title='bbox 2205 3625 2275 3681; x_wconf 82' lang='lat' dir='ltr'><strong><em>de</em></strong></span> <span class='ocrx_word' id='word_1_703' title='bbox 2289 3626 2448 3681; x_wconf 89' lang='lat' dir='ltr'><strong><em>beato</em></strong></span> <span class='ocrx_word' id='word_1_704' title='bbox 2463 3626 2663 3698; x_wconf 87' lang='lat' dir='ltr'><strong><em>Cyrillo</em></strong></span> <span class='ocrx_word' id='word_1_705' title='bbox 2687 3635 2744 3682; x_wconf 90' lang='lat' dir='ltr'><strong><em>et</em></strong></span> <span class='ocrx_word' id='word_1_706' title='bbox 2762 3627 2830 3683; x_wconf 90' lang='lat' dir='ltr'><strong><em>de</em></strong></span> <span class='ocrx_word' id='word_1_707' title='bbox 2852 3627 3101 3685; x_wconf 85' lang='lat' dir='ltr'><strong><em>Patribus</em></strong></span> <span class='ocrx_word' id='word_1_708' title='bbox 3122 3632 3219 3703; x_wconf 87' lang='lat' dir='ltr'><strong><em>qui</em></strong></span> <span class='ocrx_word' id='word_1_709' title='bbox 3241 3632 3418 3702; x_wconf 89' lang='lat' dir='ltr'><strong><em>primo</em></strong></span> <span class='ocrx_word' id='word_1_710' title='bbox 3441 3632 3492 3687; x_wconf 88' lang='lat' dir='ltr'><strong><em>in</em></strong></span> <span class='ocrx_word' id='word_1_711' title='bbox 3524 3632 3800 3705; x_wconf 77' lang='lat' dir='ltr'><strong><em>Ephesiae</em></strong></span> 
     </span>
    </p>
   </div>
   <div class='ocr_carea' id='block_1_96' title="bbox 2205 3719 3799 3798">
    <p class='ocr_par' dir='ltr' id='par_1_96' title="bbox 2205 3719 3799 3798">
     <span class='ocr_line' id='line_1_96' title="bbox 2205 3719 3799 3798; baseline 0.008 -26"><span class='ocrx_word' id='word_1_712' title='bbox 2205 3726 2575 3773; x_wconf 86' lang='lat' dir='ltr'><strong><em>convenerunt</em></strong></span> <span class='ocrx_word' id='word_1_713' title='bbox 2593 3719 2841 3783; x_wconf 87' lang='lat' dir='ltr'><strong><em>asseruit,</em></strong></span> <span class='ocrx_word' id='word_1_714' title='bbox 2858 3735 2964 3775; x_wconf 93' lang='lat' dir='ltr'><strong><em>non</em></strong></span> <span class='ocrx_word' id='word_1_715' title='bbox 2984 3721 3259 3778; x_wconf 89' lang='lat' dir='ltr'><strong><em>dubitatur</em></strong></span> <span class='ocrx_word' id='word_1_716' title='bbox 3279 3724 3408 3796; x_wconf 91' lang='lat' dir='ltr'><strong><em>quid</em></strong></span> <span class='ocrx_word' id='word_1_717' title='bbox 3430 3726 3548 3795; x_wconf 80' lang='lat' dir='ltr'><strong><em>ejus</em></strong></span> <span class='ocrx_word' id='word_1_718' title='bbox 3562 3727 3799 3798; x_wconf 86' lang='lat' dir='ltr'><strong><em>scriptor</em></strong></span> 
     </span>
    </p>
   </div>
   <div class='ocr_carea' id='block_1_97' title="bbox 2204 3807 3797 3890">
    <p class='ocr_par' dir='ltr' id='par_1_97' title="bbox 2204 3807 3797 3890">
     <span class='ocr_line' id='line_1_97' title="bbox 2204 3807 3797 3890; baseline 0.009 -28"><span class='ocrx_word' id='word_1_719' title='bbox 2204 3807 2541 3865; x_wconf 85' lang='lat' dir='ltr'><strong><em>defendendo</em></strong></span> <span class='ocrx_word' id='word_1_720' title='bbox 2580 3811 2831 3869; x_wconf 83' lang='lat' dir='ltr'><strong><em>Nestorio</em></strong></span> <span class='ocrx_word' id='word_1_721' title='bbox 2871 3821 2964 3868; x_wconf 92' lang='lat' dir='ltr'><strong><em>aut</em></strong></span> <span class='ocrx_word' id='word_1_722' title='bbox 3001 3830 3165 3885; x_wconf 90' lang='lat' dir='ltr'><strong><em>prava</em></strong></span> <span class='ocrx_word' id='word_1_723' title='bbox 3193 3815 3311 3886; x_wconf 85' lang='lat' dir='ltr'><strong><em>ejus</em></strong></span> <span class='ocrx_word' id='word_1_724' title='bbox 3353 3819 3660 3890; x_wconf 83' lang='lat' dir='ltr'><strong><em>recipienda</em></strong></span> <span class='ocrx_word' id='word_1_725' title='bbox 3688 3820 3797 3877; x_wconf 78' lang='lat' dir='ltr'><strong><em>do-</em></strong></span> 
     </span>
    </p>
   </div>
   <div class='ocr_carea' id='block_1_98' title="bbox 2204 3901 3797 3975">
    <p class='ocr_par' dir='ltr' id='par_1_98' title="bbox 2204 3901 3797 3975">
     <span class='ocr_line' id='line_1_98' title="bbox 2204 3901 3797 3975; baseline 0.009 -19"><span class='ocrx_word' id='word_1_726' title='bbox 2204 3901 2377 3956; x_wconf 81' lang='lat' dir='ltr'><strong><em>ctrina</em></strong></span> <span class='ocrx_word' id='word_1_727' title='bbox 2399 3903 2645 3967; x_wconf 88' lang='lat' dir='ltr'><strong><em>senserit,</em></strong></span> <span class='ocrx_word' id='word_1_728' title='bbox 2668 3905 2761 3974; x_wconf 90' lang='lat' dir='ltr'><strong><em>qui</em></strong></span> <span class='ocrx_word' id='word_1_729' title='bbox 2783 3905 2849 3960; x_wconf 88' lang='lat' dir='ltr'><strong><em>de</em></strong></span> <span class='ocrx_word' id='word_1_730' title='bbox 2866 3905 3107 3975; x_wconf 89' lang='lat' dir='ltr'><strong><em>ejusdem</em></strong></span> <span class='ocrx_word' id='word_1_731' title='bbox 3128 3907 3361 3965; x_wconf 83' lang='lat' dir='ltr'><strong><em>Nestorii</em></strong></span> <span class='ocrx_word' id='word_1_732' title='bbox 3386 3911 3797 3971; x_wconf 86' lang='lat' dir='ltr'><strong><em>damnatorihus</em></strong></span> 
     </span>
    </p>
   </div>
   <div class='ocr_carea' id='block_1_99' title="bbox 2204 3991 3795 4073">
    <p class='ocr_par' dir='ltr' id='par_1_99' title="bbox 2204 3991 3795 4073">
     <span class='ocr_line' id='line_1_99' title="bbox 2204 3991 3795 4073; baseline 0.012 -29"><span class='ocrx_word' id='word_1_733' title='bbox 2204 3991 2290 4045; x_wconf 90' lang='lat' dir='ltr'><strong><em>vel</em></strong></span> <span class='ocrx_word' id='word_1_734' title='bbox 2329 3993 2528 4049; x_wconf 88' lang='lat' dir='ltr'><strong><em>sanctis</em></strong></span> <span class='ocrx_word' id='word_1_735' title='bbox 2562 4008 2751 4050; x_wconf 89' lang='lat' dir='ltr'><strong><em>eorum</em></strong></span> <span class='ocrx_word' id='word_1_736' title='bbox 2780 3995 3122 4067; x_wconf 82' lang='lat' dir='ltr'><strong><em>dogmatibus</em></strong></span> <span class='ocrx_word' id='word_1_737' title='bbox 3150 4010 3258 4055; x_wconf 87' lang='lat' dir='ltr'><strong><em>tam</em></strong></span> <span class='ocrx_word' id='word_1_738' title='bbox 3288 4001 3451 4073; x_wconf 90' lang='lat' dir='ltr'><strong><em>impia</em></strong></span> <span class='ocrx_word' id='word_1_739' title='bbox 3478 4014 3533 4060; x_wconf 92' lang='lat' dir='ltr'><strong><em>et</em></strong></span> <span class='ocrx_word' id='word_1_740' title='bbox 3559 4005 3795 4063; x_wconf 84' lang='lat' dir='ltr'><strong><em>nefanda</em></strong></span> 
     </span>
    </p>
   </div>
   <div class='ocr_carea' id='block_1_100' title="bbox 2203 4083 3797 4161">
    <p class='ocr_par' dir='ltr' id='par_1_100' title="bbox 2203 4083 3797 4161">
     <span class='ocr_line' id='line_1_100' title="bbox 2203 4083 3797 4161; baseline 0.011 -25"><span class='ocrx_word' id='word_1_741' title='bbox 2203 4083 2541 4154; x_wconf 88' lang='lat' dir='ltr'><strong><em>conscripsit,</em></strong></span> <span class='ocrx_word' id='word_1_742' title='bbox 2573 4094 2760 4156; x_wconf 87' lang='lat' dir='ltr'><strong><em>aperta</em></strong></span> <span class='ocrx_word' id='word_1_743' title='bbox 2792 4089 3021 4145; x_wconf 85' lang='lat' dir='ltr'><strong><em>veritate</em></strong></span> <span class='ocrx_word' id='word_1_744' title='bbox 3050 4089 3110 4145; x_wconf 91' lang='lat' dir='ltr'><strong><em>ﬁt</em></strong></span> <span class='ocrx_word' id='word_1_745' title='bbox 3143 4093 3418 4161; x_wconf 79' lang='lat' dir='ltr'><strong><em>cognitum</em></strong></span> <span class='ocrx_word' id='word_1_746' title='bbox 3448 4097 3693 4153; x_wconf 73' lang='lat' dir='ltr'><strong><em>eanulcn‘.</em></strong></span> <span class='ocrx_word' id='word_1_747' title='bbox 3722 4099 3797 4153; x_wconf 85' lang='lat' dir='ltr'><strong><em>ad</em></strong></span> 
     </span>
    </p>
   </div>
   <div class='ocr_carea' id='block_1_101' title="bbox 2203 4173 3797 4249">
    <p class='ocr_par' dir='ltr' id='par_1_101' title="bbox 2203 4173 3797 4249">
     <span class='ocr_line' id='line_1_101' title="bbox 2203 4173 3797 4249; baseline 0.011 -22"><span class='ocrx_word' id='word_1_748' title='bbox 2203 4173 2391 4229; x_wconf 80' lang='lat' dir='ltr'><strong><em>Marim</em></strong></span> <span class='ocrx_word' id='word_1_749' title='bbox 2421 4173 2638 4231; x_wconf 88' lang='lat' dir='ltr'><strong><em>Persam</em></strong></span> <span class='ocrx_word' id='word_1_750' title='bbox 2682 4179 2968 4249; x_wconf 87' lang='lat' dir='ltr'><strong><em>epistolam</em></strong></span> <span class='ocrx_word' id='word_1_751' title='bbox 3017 4181 3323 4240; x_wconf 83' lang='lat' dir='ltr'><strong><em>Nestoriani</em></strong></span> <span class='ocrx_word' id='word_1_752' title='bbox 3368 4202 3558 4243; x_wconf 85' lang='lat' dir='ltr'><strong><em>sensus</em></strong></span> <span class='ocrx_word' id='word_1_753' title='bbox 3602 4189 3797 4247; x_wconf 86' lang='lat' dir='ltr'><strong><em>fraude</em></strong></span> 
     </span>
    </p>
   </div>
   <div class='ocr_carea' id='block_1_102' title="bbox 2202 4268 3797 4348">
    <p class='ocr_par' dir='ltr' id='par_1_102' title="bbox 2202 4268 3797 4348">
     <span class='ocr_line' id='line_1_102' title="bbox 2202 4268 3797 4348; baseline 0.011 -29"><span class='ocrx_word' id='word_1_754' title='bbox 2202 4274 2365 4339; x_wconf 86' lang='lat' dir='ltr'><strong><em>atque</em></strong></span> <span class='ocrx_word' id='word_1_755' title='bbox 2389 4268 2742 4339; x_wconf 83' lang='lat' dir='ltr'><strong><em>perversitate</em></strong></span> <span class='ocrx_word' id='word_1_756' title='bbox 2769 4272 3149 4344; x_wconf 89' lang='lat' dir='ltr'><strong><em>conscriptam.</em></strong></span> <span class='ocrx_word' id='word_1_757' title='bbox 3181 4273 3248 4331; x_wconf 89' lang='lat' dir='ltr'><strong><em>Et</em></strong></span> <span class='ocrx_word' id='word_1_758' title='bbox 3270 4276 3392 4333; x_wconf 89' lang='lat' dir='ltr'><strong><em>ideo</em></strong></span> <span class='ocrx_word' id='word_1_759' title='bbox 3415 4280 3660 4348; x_wconf 77' lang='lat' dir='ltr'><strong><em>quamvis</em></strong></span> <span class='ocrx_word' id='word_1_760' title='bbox 3682 4281 3797 4337; x_wconf 88' lang='lat' dir='ltr'><strong><em>hoc</em></strong></span> 
     </span>
    </p>
   </div>
   <div class='ocr_carea' id='block_1_103' title="bbox 2200 4357 3796 4447">
    <p class='ocr_par' dir='ltr' id='par_1_103' title="bbox 2200 4357 3796 4447">
     <span class='ocr_line' id='line_1_103' title="bbox 2200 4357 3796 4447; baseline 0.011 -34"><span class='ocrx_word' id='word_1_761' title='bbox 2200 4360 2376 4414; x_wconf 91' lang='lat' dir='ltr'><strong><em>solum</em></strong></span> <span class='ocrx_word' id='word_1_762' title='bbox 2401 4361 2467 4415; x_wconf 90' lang='lat' dir='ltr'><strong><em>ad</em></strong></span> <span class='ocrx_word' id='word_1_763' title='bbox 2498 4364 2858 4421; x_wconf 86' lang='lat' dir='ltr'><strong><em>reverentiam</em></strong></span> <span class='ocrx_word' id='word_1_764' title='bbox 2889 4374 3089 4422; x_wconf 67' lang='lat' dir='ltr'><strong><em>sancta:</em></strong></span> <span class='ocrx_word' id='word_1_765' title='bbox 3112 4365 3568 4428; x_wconf 83' lang='lat' dir='ltr'><strong><em>Chalcedonensis</em></strong></span> <span class='ocrx_word' id='word_1_766' title='bbox 3595 4357 3796 4447; x_wconf 76' lang='lat' dir='ltr'><strong><em>synodi</em></strong></span> 
     </span>
    </p>
   </div>
   <div class='ocr_carea' id='block_1_104' title="bbox 2201 4453 3796 4521">
    <p class='ocr_par' dir='ltr' id='par_1_104' title="bbox 2201 4453 3796 4521">
     <span class='ocr_line' id='line_1_104' title="bbox 2201 4453 3796 4521; baseline 0.011 -18"><span class='ocrx_word' id='word_1_767' title='bbox 2201 4453 2625 4509; x_wconf 88' lang='lat' dir='ltr'><strong><em>conservandam</em></strong></span> <span class='ocrx_word' id='word_1_768' title='bbox 2667 4464 2722 4509; x_wconf 91' lang='lat' dir='ltr'><strong><em>et</em></strong></span> <span class='ocrx_word' id='word_1_769' title='bbox 2749 4455 2816 4510; x_wconf 90' lang='lat' dir='ltr'><strong><em>ad</em></strong></span> <span class='ocrx_word' id='word_1_770' title='bbox 2845 4454 3220 4513; x_wconf 76' lang='lat' dir='ltr'><strong><em>lucreticorum</em></strong></span> <span class='ocrx_word' id='word_1_771' title='bbox 3258 4460 3619 4518; x_wconf 75' lang='lat' dir='ltr'><strong><em>escludendas</em></strong></span> <span class='ocrx_word' id='word_1_772' title='bbox 3657 4463 3796 4521; x_wconf 90' lang='lat' dir='ltr'><strong><em>insi-</em></strong></span> 
     </span>
    </p>
   </div>
   <div class='ocr_carea' id='block_1_105' title="bbox 2374 4544 3794 4629">
    <p class='ocr_par' dir='ltr' id='par_1_105' title="bbox 2374 4544 3794 4629">
     <span class='ocr_line' id='line_1_105' title="bbox 2374 4544 3794 4629; baseline 0.011 -32"><span class='ocrx_word' id='word_1_773' title='bbox 2374 4544 2466 4613; x_wconf 89' lang='lat' dir='ltr'><strong><em>qui</em></strong></span> <span class='ocrx_word' id='word_1_774' title='bbox 2493 4545 2560 4599; x_wconf 89' lang='lat' dir='ltr'><strong><em>ad</em></strong></span> <span class='ocrx_word' id='word_1_775' title='bbox 2587 4545 2775 4601; x_wconf 76' lang='lat' dir='ltr'><strong><em>Marim</em></strong></span> <span class='ocrx_word' id='word_1_776' title='bbox 2818 4546 3041 4609; x_wconf 85' lang='lat' dir='ltr'><strong><em>Persam</em></strong></span> <span class='ocrx_word' id='word_1_777' title='bbox 3069 4551 3353 4622; x_wconf 82' lang='lat' dir='ltr'><strong><em>epistolam</em></strong></span> <span class='ocrx_word' id='word_1_778' title='bbox 3384 4569 3415 4609; x_wconf 89' lang='lat' dir='ltr'><strong><em>a</em></strong></span> <span class='ocrx_word' id='word_1_779' title='bbox 3446 4556 3646 4613; x_wconf 91' lang='lat' dir='ltr'><strong><em>nostris</em></strong></span> <span class='ocrx_word' id='word_1_780' title='bbox 3685 4572 3794 4629; x_wconf 72' lang='lat' dir='ltr'><strong><em>ap-</em></strong></span> 
     </span>
    </p>
   </div>
   <div class='ocr_carea' id='block_1_106' title="bbox 2198 4635 3798 4719">
    <p class='ocr_par' dir='ltr' id='par_1_106' title="bbox 2198 4635 3798 4719">
     <span class='ocr_line' id='line_1_106' title="bbox 2198 4635 3798 4719; baseline 0.011 -31"><span class='ocrx_word' id='word_1_781' title='bbox 2198 4635 2479 4704; x_wconf 86' lang='lat' dir='ltr'><strong><em>probatam</em></strong></span> <span class='ocrx_word' id='word_1_782' title='bbox 2513 4636 2761 4692; x_wconf 79' lang='lat' dir='ltr'><strong><em>Patribus</em></strong></span> <span class='ocrx_word' id='word_1_783' title='bbox 2788 4640 3141 4705; x_wconf 89' lang='lat' dir='ltr'><strong><em>mentiuntur,</em></strong></span> <span class='ocrx_word' id='word_1_784' title='bbox 3176 4643 3422 4700; x_wconf 90' lang='lat' dir='ltr'><strong><em>videatur</em></strong></span> <span class='ocrx_word' id='word_1_785' title='bbox 3448 4646 3580 4701; x_wconf 89' lang='lat' dir='ltr'><strong><em>satis</em></strong></span> <span class='ocrx_word' id='word_1_786' title='bbox 3604 4662 3798 4719; x_wconf 86' lang='lat' dir='ltr'><strong><em>super-</em></strong></span> 
     </span>
    </p>
   </div>
   <div class='ocr_carea' id='block_1_107' title="bbox 2194 4720 3789 4806">
    <p class='ocr_par' dir='ltr' id='par_1_107' title="bbox 2194 4720 3789 4806">
     <span class='ocr_line' id='line_1_107' title="bbox 2194 4720 3789 4806; baseline 0.008 -23"><span class='ocrx_word' id='word_1_787' title='bbox 2194 4744 2302 4799; x_wconf 90' lang='lat' dir='ltr'><strong><em>que</em></strong></span> <span class='ocrx_word' id='word_1_788' title='bbox 2327 4728 2573 4786; x_wconf 86' lang='lat' dir='ltr'><strong><em>sufllcere</em></strong></span> <span class='ocrx_word' id='word_1_789' title='bbox 2597 4730 2742 4801; x_wconf 91' lang='lat' dir='ltr'><strong><em>quod</em></strong></span> <span class='ocrx_word' id='word_1_790' title='bbox 2781 4731 2849 4787; x_wconf 90' lang='lat' dir='ltr'><strong><em>de</em></strong></span> <span class='ocrx_word' id='word_1_791' title='bbox 2878 4732 3068 4787; x_wconf 88' lang='lat' dir='ltr'><strong><em>eadem</em></strong></span> <span class='ocrx_word' id='word_1_792' title='bbox 3093 4735 3433 4806; x_wconf 85' lang='lat' dir='ltr'><strong><em>suscipienda</em></strong></span> <span class='ocrx_word' id='word_1_793' title='bbox 3464 4736 3654 4794; x_wconf 87' lang='lat' dir='ltr'><strong><em>Patres</em></strong></span> <span class='ocrx_word' id='word_1_794' title='bbox 3682 4720 3789 4795; x_wconf 64' lang='lat' dir='ltr'><strong><em>no.</em></strong></span> 
     </span>
    </p>
   </div>
   <div class='ocr_carea' id='block_1_108' title="bbox 2191 4824 3801 4903">
    <p class='ocr_par' dir='ltr' id='par_1_108' title="bbox 2191 4824 3801 4903">
     <span class='ocr_line' id='line_1_108' title="bbox 2191 4824 3801 4903; baseline 0.006 -24"><span class='ocrx_word' id='word_1_795' title='bbox 2191 4832 2334 4879; x_wconf 87' lang='lat' dir='ltr'><strong><em>stros</em></strong></span> <span class='ocrx_word' id='word_1_796' title='bbox 2354 4824 2503 4879; x_wconf 86' lang='lat' dir='ltr'><strong><em>nullo</em></strong></span> <span class='ocrx_word' id='word_1_797' title='bbox 2531 4825 2692 4880; x_wconf 91' lang='lat' dir='ltr'><strong><em>modo</em></strong></span> <span class='ocrx_word' id='word_1_798' title='bbox 2708 4824 2957 4894; x_wconf 87' lang='lat' dir='ltr'><strong><em>judicare.</em></strong></span> <span class='ocrx_word' id='word_1_799' title='bbox 2978 4828 3221 4897; x_wconf 88' lang='lat' dir='ltr'><strong><em>potuisse</em></strong></span> <span class='ocrx_word' id='word_1_800' title='bbox 3242 4830 3615 4901; x_wconf 85' lang='lat' dir='ltr'><strong><em>multipliciter</em></strong></span> <span class='ocrx_word' id='word_1_801' title='bbox 3632 4848 3801 4903; x_wconf 83' lang='lat' dir='ltr'><strong><em>supe-</em></strong></span> 
     </span>
    </p>
   </div>
   <div class='ocr_carea' id='block_1_109' title="bbox 2188 4906 3796 4991">
    <p class='ocr_par' dir='ltr' id='par_1_109' title="bbox 2188 4906 3796 4991">
     <span class='ocr_line' id='line_1_109' title="bbox 2188 4906 3796 4991; baseline 0.006 -24"><span class='ocrx_word' id='word_1_802' title='bbox 2188 4914 2300 4969; x_wconf 90' lang='lat' dir='ltr'><strong><em>rius</em></strong></span> <span class='ocrx_word' id='word_1_803' title='bbox 2322 4914 2551 4969; x_wconf 89' lang='lat' dir='ltr'><strong><em>disserta</em></strong></span> <span class='ocrx_word' id='word_1_804' title='bbox 2585 4906 2872 4976; x_wconf 84' lang='lat' dir='ltr'><strong><em>testantur,</em></strong></span> <span class='ocrx_word' id='word_1_805' title='bbox 2904 4916 3099 4986; x_wconf 90' lang='lat' dir='ltr'><strong><em>quibus</em></strong></span> <span class='ocrx_word' id='word_1_806' title='bbox 3119 4918 3185 4971; x_wconf 89' lang='lat' dir='ltr'><strong><em>ab</em></strong></span> <span class='ocrx_word' id='word_1_807' title='bbox 3208 4918 3327 4989; x_wconf 90' lang='lat' dir='ltr'><strong><em>ipso</em></strong></span> <span class='ocrx_word' id='word_1_808' title='bbox 3357 4920 3509 4975; x_wconf 90' lang='lat' dir='ltr'><strong><em>initio</em></strong></span> <span class='ocrx_word' id='word_1_809' title='bbox 3535 4936 3644 4991; x_wconf 91' lang='lat' dir='ltr'><strong><em>quo</em></strong></span> <span class='ocrx_word' id='word_1_810' title='bbox 3667 4921 3796 4978; x_wconf 78' lang='lat' dir='ltr'><strong><em>Ihas</em></strong></span> 
     </span>
    </p>
   </div>
   <div class='ocr_carea' id='block_1_110' title="bbox 2194 5003 3796 5080">
    <p class='ocr_par' dir='ltr' id='par_1_110' title="bbox 2194 5003 3796 5080">
     <span class='ocr_line' id='line_1_110' title="bbox 2194 5003 3796 5080; baseline 0.007 -24"><span class='ocrx_word' id='word_1_811' title='bbox 2194 5003 2480 5074; x_wconf 84' lang='lat' dir='ltr'><strong><em>episcopus</em></strong></span> <span class='ocrx_word' id='word_1_812' title='bbox 2504 5013 2745 5060; x_wconf 88' lang='lat' dir='ltr'><strong><em>sanctam</em></strong></span> <span class='ocrx_word' id='word_1_813' title='bbox 2767 5003 3263 5062; x_wconf 76' lang='lat' dir='ltr'><strong><em>Clialeedoncnsem</em></strong></span> <span class='ocrx_word' id='word_1_814' title='bbox 3285 5010 3548 5080; x_wconf 75' lang='lat' dir='ltr'><strong><em>synodum</em></strong></span> <span class='ocrx_word' id='word_1_815' title='bbox 3573 5011 3796 5068; x_wconf 81' lang='lat' dir='ltr'><strong><em>videtur</em></strong></span> 
     </span>
    </p>
   </div>
   <div class='ocr_carea' id='block_1_111' title="bbox 2193 5092 3791 5161">
    <p class='ocr_par' dir='ltr' id='par_1_111' title="bbox 2193 5092 3791 5161">
     <span class='ocr_line' id='line_1_111' title="bbox 2193 5092 3791 5161; baseline 0.007 -15"><span class='ocrx_word' id='word_1_816' title='bbox 2193 5093 2492 5161; x_wconf 81' lang='lat' dir='ltr'><strong><em>ingressus,</em></strong></span> <span class='ocrx_word' id='word_1_817' title='bbox 2522 5093 2833 5150; x_wconf 80' lang='lat' dir='ltr'><strong><em>violentiam</em></strong></span> <span class='ocrx_word' id='word_1_818' title='bbox 2864 5103 2919 5150; x_wconf 90' lang='lat' dir='ltr'><strong><em>et</em></strong></span> <span class='ocrx_word' id='word_1_819' title='bbox 2951 5092 3111 5151; x_wconf 77' lang='lat' dir='ltr'><strong><em>falsas</em></strong></span> <span class='ocrx_word' id='word_1_820' title='bbox 3138 5098 3546 5155; x_wconf 82' lang='lat' dir='ltr'><strong><em>criminationes</em></strong></span> <span class='ocrx_word' id='word_1_821' title='bbox 3590 5102 3642 5155; x_wconf 91' lang='lat' dir='ltr'><strong><em>in</em></strong></span> <span class='ocrx_word' id='word_1_822' title='bbox 3690 5117 3791 5157; x_wconf 79' lang='lat' dir='ltr'><strong><em>se—</em></strong></span> 
     </span>
    </p>
   </div>
   <div class='ocr_carea' id='block_1_112' title="bbox 2191 5184 3795 5262">
    <p class='ocr_par' dir='ltr' id='par_1_112' title="bbox 2191 5184 3795 5262">
     <span class='ocr_line' id='line_1_112' title="bbox 2191 5184 3795 5262; baseline 0.007 -24"><span class='ocrx_word' id='word_1_823' title='bbox 2191 5186 2363 5240; x_wconf 86' lang='lat' dir='ltr'><strong><em>cunda</em></strong></span> <span class='ocrx_word' id='word_1_824' title='bbox 2392 5184 2657 5257; x_wconf 81' lang='lat' dir='ltr'><strong><em>Ephesina</em></strong></span> <span class='ocrx_word' id='word_1_825' title='bbox 2687 5189 2935 5258; x_wconf 83' lang='lat' dir='ltr'><strong><em>queritur</em></strong></span> <span class='ocrx_word' id='word_1_826' title='bbox 2963 5187 3126 5244; x_wconf 90' lang='lat' dir='ltr'><strong><em>fuisse</em></strong></span> <span class='ocrx_word' id='word_1_827' title='bbox 3155 5206 3470 5262; x_wconf 80' lang='lat' dir='ltr'><strong><em>perpessus,</em></strong></span> <span class='ocrx_word' id='word_1_828' title='bbox 3521 5209 3585 5248; x_wconf 79' lang='lat' dir='ltr'><strong><em>ex</em></strong></span> <span class='ocrx_word' id='word_1_829' title='bbox 3617 5195 3795 5262; x_wconf 81' lang='lat' dir='ltr'><strong><em>gestis</em></strong></span> 
     </span>
    </p>
   </div>
   <div class='ocr_carea' id='block_1_113' title="bbox 2190 5276 3794 5349">
    <p class='ocr_par' dir='ltr' id='par_1_113' title="bbox 2190 5276 3794 5349">
     <span class='ocr_line' id='line_1_113' title="bbox 2190 5276 3794 5349; baseline 0.006 -18"><span class='ocrx_word' id='word_1_830' title='bbox 2190 5276 2369 5332; x_wconf 83' lang='lat' dir='ltr'><strong><em>Photii</em></strong></span> <span class='ocrx_word' id='word_1_831' title='bbox 2413 5287 2469 5332; x_wconf 88' lang='lat' dir='ltr'><strong><em>et</em></strong></span> <span class='ocrx_word' id='word_1_832' title='bbox 2515 5278 2777 5333; x_wconf 81' lang='lat' dir='ltr'><strong><em>Eustatbii</em></strong></span> <span class='ocrx_word' id='word_1_833' title='bbox 2824 5294 3120 5349; x_wconf 82' lang='lat' dir='ltr'><strong><em>earumque</em></strong></span> <span class='ocrx_word' id='word_1_834' title='bbox 3161 5280 3403 5349; x_wconf 82' lang='lat' dir='ltr'><strong><em>judicato</em></strong></span> <span class='ocrx_word' id='word_1_835' title='bbox 3447 5283 3550 5338; x_wconf 62' lang='lat' dir='ltr'><strong><em>Iha‘</em></strong></span> <span class='ocrx_word' id='word_1_836' title='bbox 3587 5286 3794 5343; x_wconf 70' lang='lat' dir='ltr'><strong><em>claruit.</em></strong></span> 
     </span>
    </p>
   </div>
   <div class='ocr_carea' id='block_1_114' title="bbox 2188 5370 3794 5447">
    <p class='ocr_par' dir='ltr' id='par_1_114' title="bbox 2188 5370 3794 5447">
     <span class='ocr_line' id='line_1_114' title="bbox 2188 5370 3794 5447; baseline 0.005 -22"><span class='ocrx_word' id='word_1_837' title='bbox 2188 5370 2471 5440; x_wconf 76' lang='lat' dir='ltr'><strong><em>epistolam</em></strong></span> <span class='ocrx_word' id='word_1_838' title='bbox 2516 5387 2622 5426; x_wconf 87' lang='lat' dir='ltr'><strong><em>non</em></strong></span> <span class='ocrx_word' id='word_1_839' title='bbox 2670 5370 2852 5427; x_wconf 87' lang='lat' dir='ltr'><strong><em>fuisse.</em></strong></span> <span class='ocrx_word' id='word_1_840' title='bbox 2897 5370 3052 5439; x_wconf 85' lang='lat' dir='ltr'><strong><em>Quod</em></strong></span> <span class='ocrx_word' id='word_1_841' title='bbox 3096 5383 3219 5442; x_wconf 90' lang='lat' dir='ltr'><strong><em>post</em></strong></span> <span class='ocrx_word' id='word_1_842' title='bbox 3266 5374 3462 5431; x_wconf 87' lang='lat' dir='ltr'><strong><em>lectum</em></strong></span> <span class='ocrx_word' id='word_1_843' title='bbox 3504 5394 3572 5432; x_wconf 83' lang='lat' dir='ltr'><strong><em>ex</em></strong></span> <span class='ocrx_word' id='word_1_844' title='bbox 3614 5378 3794 5447; x_wconf 85' lang='lat' dir='ltr'><strong><em>gestis</em></strong></span> 
     </span>
    </p>
   </div>
   <div class='ocr_carea' id='block_1_115' title="bbox 2191 5464 3789 5539">
    <p class='ocr_par' dir='ltr' id='par_1_115' title="bbox 2191 5464 3789 5539">
     <span class='ocr_line' id='line_1_115' title="bbox 2191 5464 3789 5539; baseline 0.005 -21"><span class='ocrx_word' id='word_1_845' title='bbox 2191 5464 2369 5520; x_wconf 90' lang='lat' dir='ltr'><strong><em>Photii</em></strong></span> <span class='ocrx_word' id='word_1_846' title='bbox 2397 5474 2452 5522; x_wconf 91' lang='lat' dir='ltr'><strong><em>et</em></strong></span> <span class='ocrx_word' id='word_1_847' title='bbox 2475 5465 2736 5520; x_wconf 77' lang='lat' dir='ltr'><strong><em>Eustatbii</em></strong></span> <span class='ocrx_word' id='word_1_848' title='bbox 2760 5464 2997 5533; x_wconf 87' lang='lat' dir='ltr'><strong><em>ejusdem</em></strong></span> <span class='ocrx_word' id='word_1_849' title='bbox 3020 5467 3261 5539; x_wconf 73' lang='lat' dir='ltr'><strong><em>epistola:</em></strong></span> <span class='ocrx_word' id='word_1_850' title='bbox 3284 5469 3334 5523; x_wconf 91' lang='lat' dir='ltr'><strong><em>in</em></strong></span> <span class='ocrx_word' id='word_1_851' title='bbox 3353 5470 3789 5526; x_wconf 72' lang='lat' dir='ltr'><strong><em>Chalcedonensi</em></strong></span> 
     </span>
    </p>
   </div>
   <div class='ocr_carea' id='block_1_116' title="bbox 2188 5554 3795 5629">
    <p class='ocr_par' dir='ltr' id='par_1_116' title="bbox 2188 5554 3795 5629">
     <span class='ocr_line' id='line_1_116' title="bbox 2188 5554 3795 5629; baseline 0.004 -21"><span class='ocrx_word' id='word_1_852' title='bbox 2188 5554 2417 5608; x_wconf 87' lang='lat' dir='ltr'><strong><em>concilio</em></strong></span> <span class='ocrx_word' id='word_1_853' title='bbox 2440 5561 2644 5608; x_wconf 83' lang='lat' dir='ltr'><strong><em>textum</em></strong></span> <span class='ocrx_word' id='word_1_854' title='bbox 2670 5554 2879 5607; x_wconf 85' lang='lat' dir='ltr'><strong><em>manife.</em></strong></span> <span class='ocrx_word' id='word_1_855' title='bbox 2899 5555 2965 5610; x_wconf 88' lang='lat' dir='ltr'><strong><em>tis</em></strong></span> <span class='ocrx_word' id='word_1_856' title='bbox 2982 5555 3101 5610; x_wconf 60' lang='lat' dir='ltr'><strong><em>giute</em></strong></span> <span class='ocrx_word' id='word_1_857' title='bbox 3124 5558 3361 5616; x_wconf 79' lang='lat' dir='ltr'><strong><em>ostendit</em></strong></span> <span class='ocrx_word' id='word_1_858' title='bbox 3378 5559 3621 5628; x_wconf 75' lang='lat' dir='ltr'><strong><em>negantis</em></strong></span> <span class='ocrx_word' id='word_1_859' title='bbox 3640 5575 3795 5629; x_wconf 87' lang='lat' dir='ltr'><strong><em>quo-</em></strong></span> 
     </span>
    </p>
   </div>
   <div class='ocr_carea' id='block_1_117' title="bbox 2185 5646 3793 5718">
    <p class='ocr_par' dir='ltr' id='par_1_117' title="bbox 2185 5646 3793 5718">
     <span class='ocr_line' id='line_1_117' title="bbox 2185 5646 3793 5718; baseline 0.007 -19"><span class='ocrx_word' id='word_1_860' title='bbox 2185 5662 2290 5717; x_wconf 80' lang='lat' dir='ltr'><strong><em>que</em></strong></span> <span class='ocrx_word' id='word_1_861' title='bbox 2322 5646 2426 5702; x_wconf 75' lang='lat' dir='ltr'><strong><em>Iba:</em></strong></span> <span class='ocrx_word' id='word_1_862' title='bbox 2467 5646 2730 5718; x_wconf 76' lang='lat' dir='ltr'><strong><em>professio</em></strong></span> <span class='ocrx_word' id='word_1_863' title='bbox 2761 5646 2827 5702; x_wconf 90' lang='lat' dir='ltr'><strong><em>ad</em></strong></span> <span class='ocrx_word' id='word_1_864' title='bbox 2858 5647 3118 5704; x_wconf 73' lang='lat' dir='ltr'><strong><em>cxcluden</em></strong></span> <span class='ocrx_word' id='word_1_865' title='bbox 3143 5649 3246 5705; x_wconf 74' lang='lat' dir='ltr'><strong><em>lam</em></strong></span> <span class='ocrx_word' id='word_1_866' title='bbox 3285 5650 3432 5707; x_wconf 78' lang='lat' dir='ltr'><strong><em>illam</em></strong></span> <span class='ocrx_word' id='word_1_867' title='bbox 3473 5654 3538 5709; x_wconf 84' lang='lat' dir='ltr'><strong><em>ad</em></strong></span> <span class='ocrx_word' id='word_1_868' title='bbox 3586 5652 3793 5711; x_wconf 60' lang='lat' dir='ltr'><strong><em>Merita</em></strong></span> 
     </span>
    </p>
   </div>
  </div>
