4000 6186
194 306 296 360 16')

1088 290 1225 346 PRO
1265 281 1708 343 ιωιΝΑτιοΝΕ
1747 273 1968 333 τιιιοΜ
2006 267 2527 339 ολριτυωεωκ.

3382 260 3485 315 too
3572 314 3580 327 ,

194 427 358 479 aliam
387 419 778 475 Edessenorum
812 427 913 485 pro
950 424 1010 466 se
1038 406 1205 476 relegi
1240 402 1583 476 postulantis.
1631 397 1789 466 Quod
1817 402 1863 455 Α
1890 407 2007 463 qua
2025 398 2144 444 sunt
2166 388 2435 442 subsecuta
2464 385 2820 438 demonstrant
2847 380 3116 436 innoxium
3167 375 3313 433 ibam
3350 392 3493 430 reve-

196 514 484 586 Tbeopbili
522 510 722 573 inimici
751 507 856 564 ibe
883 501 1124 576 episcopi
1153 498 1357 556 deserti
1375 495 1633 565 suﬁragio
1655 493 1796 583 veri-

196 610 323 666 tatis
344 578 684 664 demonstrat
712 598 1060 655 nihilominus
1086 592 1322 650 evidenti
1352 590 1566 646 ratione
1596 578 1794 642 suifra-

119 711 123 714 '
195 706 369 770 gium,
398 699 492 769 qui
518 712 630 752 non
662 693 811 750 illam
839 691 907 745 ad
936 688 1122 745 Marim
1154 685 1374 741 Persam
1404 697 1566 752 quam
1591 678 1802 749 objece-

201 802 283 849 rat
306 788 653 863 przesumpsit
672 795 936 848 astri-ere,
951 780 1045 836 sed
1066 780 1210 834 illam
1232 777 1413 848 potius
1436 789 1596 844 quam
1625 788 1721 843 pro
1742 785 1802 825 se

200 884 323 938 ibas
345 882 634 953 episcopus
654 877 819 945 relegi
844 879 1187 945 poposcerat,
1211 878 1267 925 et
1285 885 1345 924 se
1375 868 1805 936 incompetenter

202 986 386 1031 tamen
416 974 568 1030 nisus
596 980 681 1027 est
703 983 930 1038 arguere
960 964 1224 1020 falsitatis.
1257 960 1413 1029 Quod
1437 962 1675 1030 ipsorum
1706 955 1808 1010 Pa-

204 1079 349 1126 trum
379 1077 694 1123 nostrorum
716 1063 770 1118 in
792 1060 1135 1117 Chalcedona
1162 1056 1514 1114 residentium
1540 1052 1807 1108 Domuum

208 1163 257 1215 in
281 1159 479 1215 eodem
511 1163 826 1213 accusatum
850 1151 1067 1220 negotio
1091 1147 1466 1220 permittentes
1486 1142 1667 1216 [[ονιε,
1682 1156 1810 1212 per-

210 1245 567 1318 mittentium]
589 1258 810 1300 manere
830 1242 1140 1298 damnatum
1153 1239 1409 1307 lbamque
1423 1233 1810 1290 absolvendum

211 1339 467 1411 patefecit
514 1336 724 1405 absque
763 1332 1116 1401 ambiguitate
1160 1327 1429 1387 sententia
1479 1324 1624 1395 quod
1672 1324 1812 1379 idem

213 1429 459 1500 ejusdem
487 1425 786 1483 venerandi
811 1420 1279 1480 Chalcedonensis.
1293 1418 1485 1491 synodi
1513 1417 1815 1473 evidentius

212 1520 587 1592 nndtipliciter
615 1518 850 1575 decretis
870 1515 1195 1582 ostenditur,
1224 1512 1471 1568 dicentes
1493 1512 1610 1585 [pro
1638 1510 1819 1565 dicen-

214 1612 303 1685 tis]
330 1629 492 1667 suam
525 1611 684 1666 fidem
714 1625 836 1665 esse
880 1623 1042 1682 quam
1074 1605 1166 1660 illa
1196 1605 1267 1660 ad
1306 1603 1497 1658 Marim
1542 1604 1819 1672 impugnat

214 1704 480 1775 epistola,
522 1710 578 1757 et
605 1701 713 1756 hoc
753 1714 874 1754 eam
922 1699 1100 1771 llfarte,
1129 1703 1185 1750 et
1211 1710 1310 1765 per
1348 1692 1474 1764 hoc]
1504 1708 1689 1747 eorum
1719 1690 1817 1745 da-

213 1804 458 1852 mnatam
490 1794 655 1848 fuisse
669 1791 876 1861 judicio
905 1804 1134 1861 quorum
1160 1785 1379 1857 fingitur
1399 1783 1816 1840 interlocutione
1846 1776 1894 1836 B

213 1896 500 1957 sxtscepta.

282 1977 478 2047 XYlil.
512 1974 771 2044 Quamvis
797 1974 960 2044 igitur
985 1981 1043 2028 et
1073 1986 1141 2028 ex
1179 1967 1546 2039 suprascripta
1574 1967 1697 2021 luce
1727 1980 1820 2020 ve.

213 2071 399 2127 ritatis
444 2067 814 2124 indubitanter
854 2072 1115 2135 appareat
1166 2061 1311 2116 nulla
1358 2075 1458 2114 nos
1497 2058 1821 2119 necessitate

215 2159 525 2228 constringi
554 2172 798 2228 qumrere
819 2171 884 2210 ex
915 2153 1067 2222 cujus
1087 2150 1332 2222 epistolm
1363 2155 1509 2203 textu
1538 2146 1702 2216 aliqui
1733 2147 1826 2202 Pa.-

217 2262 367 2310 trum
401 2249 753 2308 Chalcedona
779 2245 1130 2303 residentium
1157 2242 1273 2298 suis
1319 2238 1825 2295 interlocutionibus

217 2345 371 2401 ibam
407 2344 722 2415 episcopum
754 2334 1224 2409 pronuntiaverint
1248 2331 1565 2401 apparuisse
1593 2328 1825 2384 catholi-

221 2452 373 2504 cum,
402 2430 552 2503 quod
571 2431 728 2486 nobis
752 2427 912 2484 valde
931 2423 1164 2482 sufﬁciat
1183 2420 1585 2478 evidentissime
1612 2418 1833 2479 demon-

221 2541 460 2589 stratum
489 2531 635 2598 quod
662 2525 734 2581 de
772 2523 1003 2595 epistola
1031 2520 1098 2575 ad
1140 2518 1327 2573 Marini
1371 2515 1590 2572 Persam
1631 2512 1829 2582 scripta

225 2621 441 2676 nullum
473 2617 584 2672 tale
612 2613 890 2686 potuerint
931 2610 1175 2682 proferre
1199 2604 1480 2675 judicium.
1535 2599 1650 2657 Hoc
1689 2600 1832 2667 enim

226 2712 396 2767 nobis
434 2707 769 2765 sufficienter
795 2709 984 2758 contra
1012 2696 1389 2753 hmreticorum
1413 2692 1691 2749 machinas
1719 2688 1833 2744 suf-

225 2802 497 2872 fragatur,
518 2798 612 2867 qui
635 2796 820 2850 voiunt
847 2793 986 2847 hanc
1005 2788 1071 2844 ad
1096 2787 1283 2842 Mat-im
1304 2769 1527 2840 Persam
1551 2781 1834 2852 epistolam

229 2910 259 2948 a
303 2900 512 2949 sancto
557 2881 989 2943 Cbaicedonensi
1032 2876 1241 2952 synodo
1288 2875 1460 2931 videri
1510 2880 1834 2942 susceptam,

1897 482 2247 537 rentissimum
2276 478 2340 535 ab
2362 476 2441 530 Itis
2463 490 2576 543 qua:
2602 474 2655 528 in
2683 489 2795 527 eum
2827 478 3152 527 aensatores
3179 466 3488 522 intulerant.

1897 574 1995 630 Cui
2027 573 2236 643 planius
2259 568 2436 624 adhuc
2460 566 2797 636 superiorum
2821 577 3036 617 sensum
3059 567 3309 615 astruens
3330 555 3497 610 Maxi-

1900 664 1972 720 mi
2004 660 2327 718 Antiocheui
2356 656 2622 713 sententia
2664 659 3060 721 consequenter
3086 648 3394 718 adjuugitur
3424 646 3496 703 ita

1901 772 1961 810 se
1991 755 2195 809 habens
2221 770 2233 805 :
2268 750 2349 804 Ex
2375 749 2454 802 his
2480 762 2592 818 qua!
2622 745 2772 799 modo
2803 743 2989 801 relecto
3016 748 3135 795 sunt
3164 739 3497 808 manifestum

1904 856 1980 901 est
2002 846 2126 914 quia
2151 842 2215 896 ab
2246 838 2481 896 omnibus
2506 838 2551 890 ei
2582 835 2743 891 illatis
2784 831 3222 887 reuerentissimus
3264 825 3387 881 Ibus
3414 826 3502 880 in-

1906 954 2096 992 nocens
2125 945 2200 989 est
2226 926 2480 1000 repertus.

1979 1025 2120 1082 XIX.
2155 1024 2383 1095 Oportet
2412 1021 2576 1089 igitur
2609 1015 2807 1071 intueri
2851 1008 3307 1084 quemadmodum
3338 1006 3507 1062 inter-

1911 1118 2238 1174 iocutioncm
2269 1113 2430 1168 trium
2463 1111 2686 1166 istorum
2718 1105 2950 1176 primum
2991 1102 3170 1158 locum
3201 1098 3504 1154 tenentium

1905 1210 2146 1280 judicum
2173 1202 2505 1261 adiciendam
2529 1199 2619 1274 [ad
2643 1191 3002 1263 abiciendam]
3025 1200 3081 1248 et
3107 1188 3503 1261 reprobandam

1913 1279 1981 1357 ad
2011 1299 2197 1363 Marini
2230 1295 2450 1351 Persam
2480 1290 2761 1363 epistolam
2792 1283 3060 1342 sententia
3080 1323 3096 1349 ,
3132 1280 3252 1343 etsi
3289 1279 3506 1335 diverso

1916 1393 2128 1465 prolata
2172 1403 2307 1454 ore,
2352 1402 2460 1441 uno
2503 1394 2682 1439 tamen
2720 1379 2911 1450 spiritu
2953 1376 3154 1431 dictata
3199 1371 3509 1428 conveniat.

1916 1462 2053 1555 Quid
2083 1495 2167 1540 est
2196 1483 2339 1539 enim
2369 1478 2516 1550 quod
2545 1476 2743 1532 dicitur
2784 1488 2881 1543 per
2922 1468 3103 1525 Photii
3152 1477 3208 1523 et
3242 1462 3513 1527 Eustatbii

1919 1578 2274 1636 constitutum
2322 1580 2378 1627 et
2427 1586 2494 1625 ex
2540 1566 2757 1624 reiectis
2796 1561 3001 1620 chartis
3040 1559 3189 1615 ibam
3233 1556 3512 1612 innoxium

1919 1670 1987 1726 ab
2016 1666 2265 1724 omnibus
2304 1677 2425 1733 qua:
2470 1660 2520 1715 ei
2568 1664 2917 1731 accusatores
2971 1650 3265 1707 intulerunt
3319 1662 3517 1718 appro-

1918 1762 2056 1827 bari,
2081 1759 2177 1815 nisi
2200 1758 2325 1828 quia
2347 1752 2573 1826 epistola
2595 1751 2686 1806 illa
2708 1750 2763 1804 in
2785 1744 3241 1803 obtrectationem
3255 1739 3517 1796 doctrinae

1919 1855 2065 1913 beati
2086 1851 2270 1926 Cyrilli
2297 1858 2351 1905 et
2375 1849 2428 1903 in
2457 1843 2828 1901 defensionem
2853 1836 3108 1903 Nestorii,
3137 1834 3328 1906 ipsius,
3360 1840 3418 1887 ut
3440 1831 3516 1886 ita

1919 1948 2119 2013 dicam,
2150 1942 2468 2001 orthodoxa:
2510 1936 2633 1992 fidei
2674 1936 2850 1990 nitens
2897 1929 3243 1985 fundamenta
3282 1926 3512 1981 subver-

1924 2048 2062 2107 tere,
2109 2036 2176 2091 ab
2203 2030 2543 2096 adversariis,
2592 2027 2735 2082 sicut
2777 2037 2968 2079 revera
3016 2028 3121 2088 est,
3173 2033 3274 2088 pro
3320 2028 3518 2082 magno

1924 2129 2148 2194 crimine
2169 2126 2273 2182 lbzc
2314 2121 2523 2191 objecta
2570 2118 2846 2188 episcopo,
2895 2114 2964 2167 ab
3004 2111 3198 2173 eodem
3224 2108 3399 2163 aliena
3425 2120 3516 2160 re-

1926 2230 2080 2293 perta
2105 2214 2614 2288 suprascriptorum,
2658 2216 2718 2262 ut
2744 2207 2947 2261 dictum
2978 2212 3076 2267 est,
3107 2201 3267 2255 trium
3298 2196 3522 2254 Patrum

1927 2309 2158 2369 decretis
2203 2303 2605 2363 evidentissime
2652 2297 2990 2369 reprobatur.
3041 2293 3227 2363 Neque
3269 2289 3414 2345 enim
3448 2287 3522 2346 ab

1929 2402 2179 2461 omnibus
2202 2414 2323 2469 qua:
2368 2396 2435 2451 ab
2480 2389 2881 2449 accusatoribus
2923 2387 2973 2441 ei
3019 2384 3165 2439 illata
3211 2392 3337 2441 sunt
3380 2379 3526 2459 justo

1932 2493 2271 2569 pronuntiari
2301 2491 2560 2545 innocens
2587 2482 2853 2538 videbitur
2871 2480 2917 2534 si
2939 2476 3225 2548 epistolam
3246 2473 3315 2528 ad
3336 2471 3527 2530 Marini

1938 2589 2179 2651 Persam,
2207 2598 2328 2654 quae
2352 2579 2587 2635 maxima
2618 2590 2743 2646 pars
2771 2581 2853 2627 est
2881 2569 3185 2631 criminum,
3212 2567 3320 2620 imo
3350 2565 3403 2618 in
3422 2578 3529 2634 qua

1935 2680 2115 2739 omnia
2147 2678 2195 2733 ei
2224 2673 2439 2743 objecta
2478 2668 2701 2725 crimina
2731 2663 3094 2727 continentur,
3128 2658 3210 2713 his
3239 2654 3530 2714 interlocuo

1939 2768 2176 2829 tionibus
2198 2780 2306 2822 non
2335 2761 2595 2835 probetur
2624 2755 2861 2812 exclusa.
2894 2750 2961 2805 Et
2985 2750 3105 2805 ideo
3135 2747 3388 2819 quoniam
3411 2757 3532 2799 cer—

1940 2870 2054 2918 tum
2083 2868 2187 2924 est,
2217 2856 2263 2913 si
2309 2854 2426 2925 ejus
2462 2854 2749 2911 doceretur
2785 2843 3035 2915 epistola,
3084 2839 3228 2911 quod
3275 2838 3534 2891 innocens

231 2930 259 2948 I
303 2930 512 2949 "IIVW
561 2930 989 2943 vuu-VV—w--—--——
1033 2930 1127 2952 ~J—V
1142 2930 1161 2934 ὴ
1177 2930 1201 2933 ᾖ
1216 2930 1232 2933 Ὗ
1668 2930 1684 2942 ⁸
1821 2930 1830 2933 ν

231 2981 389 3055 quod
410 2997 521 3036 non
542 2979 717 3034 solum
746 2973 1029 3029 docuimus
1057 2984 1165 3024 non
1190 2967 1360 3033 videri
1388 2972 1714 3034 susceptam,
1747 2977 1841 3027 νοτ
1941 2947 2276 3024 pronuntiari
2302 2960 2409 3000 non
2448 2940 2641 3012 possit,
2672 2944 2902 3000 constat,
2947 2933 3071 3003 quia
3116 2930 3377 3005 ipnocens
3402 2939 3533 2995 pro-

2132 3046 2146 3055 .
2176 3052 2211 3055 ,_
2255 3043 2327 3055 __.
2398 3031 2506 3055 Α..-
2538 3026 2814 3055 "sunt..."
2855 3038 2961 3055 nnn
3011 3020 3171 3055 futuo
3241 3015 3336 3055 "ie
3376 3015 3533 3055 irvilnr

231 3054 358 3134 rum
390 3076 554 3131 etiam
593 3086 625 3125 a
665 3067 918 3123 Patribus
954 3061 1156 3119 nostris
1198 3058 1509 3113 omnimodo
1553 3054 1840 3110 refutatum

233 3169 408 3226 fuisse
447 3160 900 3221 monstravimus,
942 3154 1145 3225 quippe
1189 3151 1281 3221 qui
1320 3165 1440 3205 eam
1488 3149 1630 3205 inter
1655 3144 1842 3200 hostes
1869 3151 1915 3214 ς,

236 3277 355 3319 suae
378 3267 547 3315 rectas
582 3253 702 3310 fidei
743 3247 1146 3307 evidentissime
1181 3243 1392 3316 prolata
1430 3239 1697 3297 sententia
1739 3237 1837 3292 da-

238 3358 590 3408 mnaverunt.
620 3344 760 3414 Ergo
789 3348 948 3412 quia,
980 3352 1040 3394 ut
1072 3340 1332 3397 diximus,
1364 3340 1553 3387 contra
1583 3331 1841 3385 adversa-

239 3446 364 3500 rios
385 3449 593 3497 sancte
616 3431 1077 3492 Chalcedonensis
1112 3424 1326 3500 synodi,
1375 3432 1555 3477 utrum
1596 3429 1844 3489 suscepta

246 3551 317 3589 an
354 3549 463 3588 non
504 3535 757 3597 suscepta
782 3539 912 3578 vere
936 3521 1110 3592 possit
1154 3516 1395 3581 ostendi,
1444 3511 1847 3569 videtur‘nobis

249 3625 421 3681 fuisse
450 3620 747 3689 negotium,
769 3623 824 3671 et
852 3614 959 3669 illis
982 3616 1290 3680 susceptam
1312 3619 1645 3677 supervacue
1671 3602 1847 3674 suspi-

250 3688 543 3775 cantibus,
580 3712 777 3759 nos‘ex
818 3699 949 3771 ipsis
976 3698 1140 3753 etiam
1182 3693 1400 3748 Patrum
1428 3691 1648 3746 vocibus
1670 3688 1848 3758 potius

253 3799 655 3858 declaravimus
683 3792 1065 3864 improbatam,
1095 3803 1205 3842 non
1234 3793 1319 3842 est
1358 3782 1720 3840 necessarium
1750 3794 1850 3834 nos

257 3892 379 3961 cogi
401 3890 587 3945 dicere
614 3886 683 3941 de
719 3898 826 3954 qua
847 3879 1076 3952 epistola
1107 3876 1296 3931 Patres
1319 3874 1488 3929 nostri
1519 3873 1572 3927 in
1606 3871 1710 3925 illis
1739 3868 1851 3924 suis

260 3959 773 4040 interlocutionibus
801 3971 1089 4033 senserint,
1122 3976 1238 4023 tum
1264 3964 1418 4020 nobis
1447 3962 1661 4017 abunde
1705 3959 1854 4015 suffi-

263 4076 371 4129 ciat
395 4070 543 4143 quod
572 4068 640 4123 de
668 4068 767 4123 ista
799 4066 977 4138 Vorte,
1008 4057 1153 4130 quod
1174 4058 1303 4119 licet
1329 4051 1457 4125 ista]
1499 4052 1642 4107 unde
1669 4059 1852 4106 verta-

266 4176 355 4219 tur
375 4178 543 4218 causa
573 4175 681 4214 non
704 4155 999 4216 senserint,
1033 4160 1213 4205 tamen
1241 4145 1497 4217 inspectis
1524 4143 1856 4211 singulorum

265 4253 489 4308 Patrum
523 4243 1031 4304 interlocutionibus
1060 4247 1115 4295 et
1142 4235 1408 4310 superiori
1432 4249 1590 4306 quam
1612 4231 1859 4288 disserui-

267 4362 395 4402 mus
407 4338 717 4399 rcctitudiui
739 4334 1024 4406 coaptatis,
1045 4330 1150 4386 hoc
1168 4341 1385 4400 quoque
1410 4324 1477 4379 de
1498 4339 1602 4393 qua
1633 4321 1857 4394 epistola

270 4436 435 4493 locuti
480 4440 611 4490 sunt
663 4428 822 4485 facile
868 4426 1012 4496 piam
1068 4420 1403 4478 sectantibus
1454 4414 1859 4485 intelligentiam

1942 3015 2218 3097 nuntiatus
2248 3043 2355 3103 est,
2394 3031 2510 3101 ejus
2535 3026 2816 3099 epistolam
2855 3038 2963 3077 non
3010 3020 3192 3074 fuisse.
3241 3015 3336 3072 llis
3375 3015 3537 3085 igitur

1947 3126 2451 3188 interlocutionibus
2501 3121 2626 3192 quia
2657 3117 2890 3174 maxime
2918 3112 2992 3183 ad
3030 3107 3418 3166 excludendam
3449 3114 3536 3161 at-

1945 3238 2053 3294 que
2079 3216 2417 3276 refutandam
2450 3213 2515 3267 ad
2550 3211 2737 3265 Marini
2765 3206 2984 3263 Persam
3026 3200 3308 3268 epistolam
3337 3211 3537 3254 conve-

1946 3286 2115 3370 nienti
2168 3325 2332 3367 sensu
2358 3315 2521 3377 atque
2560 3302 2738 3359 studio
2782 3313 2882 3370 pro
2922 3292 3263 3351 absolutione
3289 3288 3395 3346 ibat
3419 3286 3537 3357 epi-

1946 3409 2094 3478 scopi
2134 3406 2241 3460 sint
2264 3402 2486 3473 prolatae
2515 3394 2852 3469 apertissime
2894 3386 3296 3449 demonstratis,
3346 3395 3540 3437 conse—

1947 3476 2117 3572 quens
2161 3505 2245 3552 est
2283 3502 2343 3551 ut
2369 3500 2692 3549 cancrorum
2733 3485 2951 3539 Patrum
2997 3481 3140 3536 idem
3189 3476 3539 3533 sentientium

1948 3568 2289 3649 definitiones
2316 3585 2432 3658 pari
2458 3581 2688 3639 veritate
2717 3577 3004 3633 debeamus
3044 3571 3328 3641 inspicere,
3364 3568 3542 3621 tacitis

1950 3682 2223 3754 paulisper
2269 3657 2828 3733 reverentissimorum
2858 3663 3130 3720 Juvenaiis
3174 3670 3335 3731 atque
3363 3657 3545 3712 Euno-

1952 3774 2046 3828 mii
2075 3749 2453 3842 episcoporum
2481 3756 3019 3821 interlocutionibus;
3051 3769 3183 3824 quas
3202 3751 3415 3807 licetcx
3439 3749 3543 3802 alia

1952 3876 2126 3934 parte,
2158 3859 2259 3930 ipsi
2285 3866 2463 3912 tamen
2490 3851 2672 3909 sensui
2690 3849 2980 3909 convenire
3004 3860 3101 3900 suo
3128 3844 3546 3905 loconionSIra-

1954 3927 2147 4008 vimus.
2180 3927 2379 4018 itaque
2424 3942 2734 4000 Thalassius
2757 3938 3018 3994 Caesareae
3044 3930 3395 4003 Cappadocia:
3423 3927 3538 3998 epi-

1954 4059 2150 4111 scopas
2177 4042 2257 4097 sic
2282 4039 2410 4095 dicit
2450 4035 2587 4105 (Act.
2621 4031 2709 4103 10)
2743 4024 3235 4105 ειίευονεηιὶδδὶηιὶε
3282 4019 3538 4090 episcopis

1959 4136 2152 4191 Plutia
2177 4142 2226 4187 et
2258 4128 2539 4186 Eustatltio
2569 4118 3017 4193 comprobantibus
3060 4114 3170 4170 Iba:
3194 4113 3472 4185 negotium,
3497 4117 3548 4162 et

1958 4242 2061 4281 non
2092 4217 2511 4295 adjudicantibus
2533 4231 2667 4280 eum,
2699 4215 2879 4267 horum
2910 4208 3153 4278 opinione
3181 4217 3363 4259 suasu:
3388 4208 3438 4253 et
3456 4214 3550 4270 ego

1958 4321 2072 4374 ιόιο
2098 4314 2277 4371 haberi
2307 4328 2424 4367 eum
2472 4311 2524 4363 in
2574 4304 2887 4363 sacerdotio,
2942 4301 3072 4353 sicut
3113 4306 3162 4351 et
3210 4292 3551 4349 sanctissimis

1961 4388 2265 4481 praesulibus
2307 4404 2469 4456 visunt
2514 4406 2610 4461 est,
2642 4397 2763 4468 quia
2794 4393 3021 4449 maxime
3056 4388 3213 4459 gestis
3241 4386 3464 4453 suscepit
3492 4390 3550 4437 ut

274 4475 435 4493 ων..-
483 4475 611 4490 π..-
663 4475 820 4485 ._-.__
1069 4475 1153 4478 --τ
1627 4475 1655 4485 ν
1961 4475 1971 4481 _

274 4528 471 4599 poterit
501 4524 786 4594 apparere.
823 4516 920 4572 Ubi
951 4514 1183 4585 primum
1205 4509 1446 4565 omnium
1477 4507 1635 4561 nobis
1662 4512 1745 4559 est
1774 4502 1857 4556 di—
1890 4541 1942 4599 Β
1964 4495 2427 4553 artat/remanserat
2467 4491 2559 4544 illa
2606 4482 2722 4557 qtttB
2767 4485 2878 4556 ejus
2928 4487 3254 4536 accusatores
3305 4475 3550 4529 atlversus

1473 4595 1486 4599 -
1518 4596 1547 4599 -
2143 4589 2152 4599 -
2451 4593 2461 4599 .
2600 4578 2777 4599 usus-.-
2833 4574 2927 4599 n.-:
2980 4570 3212 4599 casn..."
3257 4576 3308 4599 Δ.
3357 4565 3550 4599 ποκης,

274 4595 501 4688 iigwter
524 4621 690 4682 atque
709 4606 978 4677 sagaciter
1005 4601 1317 4659 intuendum
1348 4595 1491 4667 quod
1518 4596 1733 4649 Patrum
1764 4609 1864 4647 tio-—

274 4720 519 4765 strorum
538 4718 651 4758 uno
678 4715 840 4755 sensu
861 4710 1072 4764 unaque
1100 4699 1280 4747 mente
1308 4690 1374 4743 de
1403 4687 1739 4742 absolutionc
1759 4684 1864 4738 ibrc

277 4796 517 4869 episcopi
538 4806 795 4850 consona:
818 4787 1017 4843 fuerint
1030 4783 1250 4855 prolata:
1264 4779 1545 4836 sententia:
1572 4777 1865 4833 dicentium

279 4868 421 4959 quod
450 4887 594 4942 idem
623 4883 743 4937 ibas
769 4876 1054 4950 episcopus
1080 4875 1147 4929 ab
1171 4873 1421 4929 omnibus
1447 4885 1568 4942 qua:
1597 4869 1646 4924 ci
1677 4868 1744 4923 ab
1775 4883 1869 4923 ac.

278 4957 621 5034 cusatoribus
646 4970 859 5040 objecta
897 4974 1023 5021 sunt
1050 4965 1122 5019 sit
1158 4963 1425 5018 obnoxius
1452 4957 1746 5032 [immitius]
1773 4974 1865 5028 ap-

280 5069 561 5143 probatus.
597 5063 919 5133 Legatorum
949 5057 1091 5114 enim
1136 5054 1278 5109 sedis
1308 5051 1619 5123 apostolicae
1650 5049 1873 5104 interlo-

285 5140 431 5219 cutio
457 5159 514 5213 in
538 5156 709 5225 prima
739 5153 821 5207 sui
850 5158 1003 5221 parte
1034 5149 1104 5201 ita
1139 5161 1198 5202 se
1223 5144 1387 5200 habet
1419 5161 1431 5196 :
1464 5142 1686 5196 Retectis
1716 5140 1872 5194 char-

285 5254 348 5307 tis
369 5249 675 5323 agnovimus
701 5236 765 5301 ex
788 5243 1041 5298 sententia
1066 5237 1585 5294 rererentissimornm
1607 5235 1873 5303 episcopo-

284 5362 401 5401 rum
422 5342 577 5398 Ibam
601 5337 1065 5393 reuerentissimum
1087 5331 1359 5385 innoxium
1379 5324 1657 5397 approbari
1670 5343 1686 5389 ;
1712 5339 1873 5393 quam

289 5436 571 5493 evidenter
596 5432 665 5487 ab
706 5428 953 5483 Anatolio
981 5419 1586 5489 Constantinopolitano
1617 5416 1874 5487 episcopo

289 5525 639 5585 interlocutio
675 5522 882 5593 prolata
924 5515 1271 5586 subsequitur
1299 5512 1610 5582 exprimens
1639 5508 1780 5578 quod
1812 5508 1878 5563 ab

291 5620 376 5675 bis
545 5617 599 5671 iu
628 5627 752 5670 eum
779 5619 1123 5683 accusatores
1152 5603 1446 5659 intulerunt
1474 5603 1732 5655 innocens
1752 5598 1883 5654 fuis-

292 5721 379 5766 set
404 5701 783 5764 inventus.Sic
802 5701 943 5757 enim
965 5697 1095 5754 dicit
1118 5695 1253 5770 (Act.
1271 5693 1358 5763 i0)
1384 5710 1398 5745 :
1426 5690 1882 5745 Reuerentissimo-

297 5819 411 5856 nnn
457 5800 818 5868 episcoporum
856 5803 904 5848 et
939 5790 1173 5864 jndicum
1203 5786 1333 5859 ﬁdes
1362 5801 1423 5839 ac
1462 5783 1610 5839 lectio
1652 5782 1881 5839 omnium

1965 4608 2080 4647 eum
2119 4589 2461 4659 deposuerant
2488 4599 2553 4637 ea:
2589 4578 2799 4649 scripto.
2833 4574 2928 4631 Cui
2980 4570 3214 4626 fidelium
3257 4576 3312 4622 et
3357 4565 3558 4638 perspi-

1969 4698 2083 4747 cua:
2106 4664 2350 4735 veritatis
2391 4672 2621 4729 amatori
2648 4686 2755 4726 nou
2797 4667 3001 4725 clareat
3046 4676 3260 4717 omnem
3299 4673 3461 4728 quam
3488 4655 3558 4710 de

1972 4777 2234 4845 abnegata
2262 4769 2347 4825 vel
2379 4766 2608 4824 refutata
2649 4763 2717 4819 ad
2748 4761 2935 4817 Marini
2964 4759 3178 4813 Persam
3215 4752 3439 4824 epistola
3466 4765 3559 4806 su-

1970 4869 2153 4941 perius
2180 4862 2506 4921 reddidimus
2524 4859 2790 4916 rationem
2821 4863 2875 4911 et
2897 4852 3314 4926 prmcedentium
3340 4846 3558 4901 Patrum

1972 4954 2476 5015 interlocutionibus
2503 4948 2792 5007 convenire
2820 4944 3257 5003 monstravimus,
3297 4938 3397 4992 hac
3418 4950 3557 5006 quo-

1971 5065 2077 5121 que
2106 5042 2524 5102 reverentissimi
2554 5037 2824 5095 Thalassii
2854 5036 3059 5106 prolata
3089 5028 3354 5087 sententia
3402 5025 3560 5094 plene

1974 5113 2038 5195 ac
2069 5136 2306 5193 breviter
2346 5131 2625 5202 explicari.
2655 5129 2791 5184 Cum
2821 5128 2963 5182 enim
3006 5122 3138 5178 dicit
3170 5117 3347 5173 l’hotii
3374 5124 3428 5171 et
3453 5113 3563 5169 Eu-

1970 5231 2153 5289 stathii
2183 5225 2647 5298 eomprohantium
2683 5221 2786 5277 lbaa
2816 5217 3087 5287 negotium
3116 5222 3173 5268 et
3214 5225 3322 5265 non
3351 5208 3563 5278 adjudi-

1973 5322 2208 5377 cautium
2239 5334 2360 5374 eum
2390 5316 2538 5385 sequi
2571 5311 2913 5374 sententiam,
2956 5314 3011 5362 et
3038 5309 3434 5371 consequenter
3461 5300 3560 5355 ad-

1977 5412 2151 5482 jungit
2192 5409 2335 5480 quod
2366 5408 2478 5479 ipse
2507 5406 2627 5462 ibas
2668 5404 2953 5474 episcopus
2990 5396 3056 5450 ad
3104 5394 3427 5451 innocentia:
3453 5406 3566 5447 sine

1979 5501 2252 5559 cumulum
2295 5512 2415 5568 qua:
2458 5497 2508 5551 ei
2549 5502 2675 5550 sunt
2702 5492 2770 5547 ab
2817 5486 3223 5545 accusatoribus
3267 5501 3330 5538 ex
3360 5482 3564 5552 scripto

1980 5594 2189 5662 objecta
2235 5587 2591 5661 damnaverit,
2639 5583 3008 5641 indubitanter
3051 5580 3285 5636 ostendit
3327 5578 3398 5631 ita
3427 5575 3563 5629 etin

1982 5678 2437 5741 Chalcedonensis
2478 5675 2669 5748 synodi
2717 5673 2964 5731 examine
3005 5682 3059 5727 et
3103 5670 3153 5724 iu
3186 5670 3276 5721 illo
3310 5663 3482 5719 Photii
3512 5670 3569 5718 et

1983 5773 2246 5839 Eustathii
2272 5771 2471 5845 judicio
2497 5768 2563 5824 ab
2594 5768 2735 5827 illius
2760 5752 2998 5841 epistola:
3028 5763 3093 5819 ad
3136 5760 3319 5815 Marini
3348 5757 3566 5812 Persam
