4074 6188
455 301 559 358 167

1639 313 1867 371 νιςιιιι
1909 316 2016 373 PP.
2056 319 2544 379 CONSTITUTUM

3626 335 3729 388 168

449 420 673 485 crimine
703 422 933 478 alienam
954 422 1068 480 Ilba':
1094 424 1440 484 dictationem
1465 437 1628 501 atque
1652 434 2037 490 conscientiam
2067 441 2111 497 Α
2140 437 2236 492 sed
2282 439 2618 509 objectorum
2666 442 2835 511 magis
2882 445 3168 513 negatione
3214 456 3503 518 purgatus,
3555 450 3624 506 ita
3673 463 3729 509 et

449 513 610 568 fuisse
640 525 927 585 repertam,
976 525 1034 571 ut
1066 518 1173 575 illic
1202 521 1405 591 omnia,
1436 539 1544 579 non
1573 525 1747 581 Solum
1778 526 2035 582 adversa-

447 606 543 661 riis
569 622 678 662 non
715 609 1092 677 probantibus,
1140 620 1235 666 aut
1276 613 1373 669 lba
1415 616 1671 688 episcopo
1713 618 2035 689 denegante,

449 711 632 753 verum
679 699 841 753 etiam
892 699 1221 770 damnante,
1271 704 1468 760 fuerint
1511 708 1829 778 improbata.
1886 709 2039 767 Unde

447 796 661 843 constat
689 789 970 869 epistolam
996 792 1062 846 ad
1090 792 1278 849 Marim
1302 794 1637 853 Persam'illa
1666 814 1786 869 qua:
1814 816 2039 857 accusa-

448 884 596 933 tores
623 860 936 947 objecerant
964 882 1188 938 crimina
1216 887 1581 943 continentem
1613 906 1718 945 non
1748 892 1921 947 solum
1945 892 2041 948 Pa-

449 975 592 1023 trum
621 969 675 1024 in
714 967 1054 1028 Chalcedona
1101 976 1446 1033 residentiunt
1472 979 1689 1049 judicio,
1739 985 1834 1039 sed
1871 986 2039 1055 ipsius

449 1059 555 1115 lbze
576 1063 863 1127 sententia,
893 1065 1031 1120 sicut
1053 1063 1229 1122 Photii
1260 1077 1423 1139 atque
1444 1069 1714 1128 Eustathii
1740 1078 2037 1133 constituto

446 1152 625 1208 edocti
660 1156 940 1209 memorati
966 1155 1151 1212 Patres
1179 1158 1466 1226 afﬁrmant,
1516 1162 1676 1219 fuisse
1706 1165 2032 1221 damnatam.

447 1242 662 1298 Eusebii
707 1259 923 1314 quoque
946 1245 1201 1319 Ancyrae,
1237 1250 1496 1319 Stephani
1526 1252 1721 1324 Ephesi
1747 1297 1760 1321 ,
1786 1256 2039 1328 Diogenis

446 1334 650 1406 Cyzici,
684 1346 738 1399 et
762 1335 988 1390 Romani
1022 1337 1289 1409 Myrorum
1316 1340 1506 1414 Lyciae,
1540 1348 1783 1416 quamvis
1812 1349 2038 1408 diversis

445 1425 601 1486 lacis.
650 1441 759 1481 uno
789 1435 967 1482 tamen
1015 1445 1174 1486 sensu
1216 1433 1440 1502 prolata:
1466 1439 1748 1501 sententiae
1794 1443 2039 1513 superio-

448 1531 565 1569 rum
584 1514 825 1584 judicum
865 1516 1081 1574 decreta
1101 1521 1446 1580 conﬁrmant.
1478 1525 1609 1582 Nam
1660 1529 1749 1585 alii
1778 1526 1955 1587 Photii
1982 1542 2039 1588 et

445 1604 713 1661 Eustathii
757 1606 1001 1666 faciendo
1037 1613 1261 1681 judicati
1291 1619 1629 1686 memoriam,
1673 1622 1760 1677 alii
1790 1639 1859 1679 ex
1887 1624 2040 1681 dam-

445 1703 666 1758 natione
690 1703 921 1760 Nl'SlOl‘ll
965 1705 1191 1776 ejusque
1219 1707 1438 1765 bmresis
1465 1708 1570 1765 Ihm
1599 1713 1838 1784 episcopi
1878 1715 2038 1773 inno-

2142 538 2298 585 antea
2347 533 2581 588 sensisse
2609 535 3063 604 quemadmodum
3097 540 3298 593 sentire
3346 541 3621 610 professus
3646 554 3732 599 est

2139 622 2468 678 crederetur.
2497 622 2651 680 Sicut
2677 627 2819 680 enim
2849 627 2974 682 laeti
3008 629 3280 684 confessio
3322 641 3613 687 nocentem
3644 634 3732 688 vel

2142 712 2194 766 in
2220 714 2553 783 prmteritum
2585 714 2761 772 facere
2800 717 2993 788 potuit,
3028 718 3101 772 ita
3134 736 3238 775 non
3270 723 3516 778 convicta
3562 739 3730 791 nega-

2141 804 2218 859 tio
2246 806 2476 861 reddidit
2501 808 2661 862 etiam
2688 808 2755 864 de
2785 811 3066 879 [inmeritis
3095 810 3457 868 innocente-nr.
3489 816 3585 870 Cui
3619 828 3648 867 ἰ
3667 831 3729 869 e-

2140 895 2365 964 gationi,
2396 912 2495 967 per
2521 912 2685 967 quam
2711 898 2833 954 ibas
2870 900 3164 971 episeOpus
3192 903 3475 971 epistolam
3517 905 3584 958 ad
3613 905 3733 959 Ma-

2141 990 2241 1045 rim
2273 989 2489 1045 Persam
2520 992 2822 1048 ostenditur
2844 994 3130 1057 reﬁntasse,
3160 995 3406 1051 Eunomii
3449 1006 3613 1067 atque
3635 997 3733 1053 Ju-

2139 1080 2346 1136 venalis
2361 1082 2736 1153 episcoporum
2753 1085 3096 1140 interlocutio
3110 1095 3480 1158 competenter
3492 1098 3728 1159 aptatur.

2139 1169 2287 1238 Quas
2319 1171 2761 1228 interlocutiones
2798 1174 3049 1244 primitus
3066 1191 3367 1232 cmisonare
3379 1179 3490 1233 Deo
3506 1179 3733 1249 juvautc

2139 1262 2546 1318 monstrandum
2575 1273 2676 1331 est,
2708 1264 2903 1321 deinde
2940 1265 3244 1323 docendum
3271 1271 3728 1340 quemadmodum

2140 1354 2428 1425 epistolam
2453 1355 2625 1411 ablba
2656 1366 2900 1426 negatam
2922 1373 3044 1414 esse
3072 1360 3413 1428 conlirment,
3431 1364 3642 1433 qtueita
3669 1382 3732 1421 se

2138 1449 2341 1504 habent
2365 1450 2501 1520 (Act.
2535 1448 2621 1520 10)
2654 1468 2667 1503 :
2698 1451 2964 1505 Jurenalis
2991 1453 3434 1508 reuerentissimus
3460 1456 3732 1527 episcopus

2139 1538 2648 1611 Hierosolymitauus
2677 1541 2813 1595 dixit
2832 1557 2852 1595 :
2877 1540 2979 1605 Qui
3002 1552 3384 1601 conrertuntur.
3417 1544 3508 1599 ltos
3532 1547 3733 1617 scripta

2140 1630 2316 1685 divino
2342 1632 2536 1703 surripi
2570 1631 2775 1703 jubent.
2811 1630 3137 1705 Quapropter
3178 1643 3230 1688 et
3266 1635 3332 1688 ab
3360 1635 3615 1693 nauticis
3642 1655 3729 1693 rc-

2138 1728 2388 1776 uertentes
2430 1724 2756 1807 suscipimus.
2794 1723 2943 1779 Unde
2986 1733 3034 1779 et
3076 1725 3338 1794 praevideo
3377 1731 3733 1785 reverentissi-

444 1795 677 1848 centiam
707 1796 1143 1864 comprobante.=,
1172 1799 1455 1868 epistolam
1482 1800 1547 1855 ad
1570 1799 1760 1857 Marim
1788 1803 2031 1881 Persam,
2065 1820 2113 1880 Β
2137 1830 2277 1867 mum
2312 1795 2475 1869 Ibam‘
2504 1818 2689 1871 mereri
2732 1817 3074 1882 clementiam,
3105 1820 3225 1891 quia
3250 1828 3301 1874 et
3327 1834 3487 1875 senex
3533 1831 3628 1886 est,
3677 1831 3733 1877 et

441 1896 561 1951 qtm
590 1893 810 1939 excusat
837 1884 1136 1941 Nestorium
1173 1898 1228 1943 et
1256 1890 1471 1945 beatum
1498 1892 1763 1962 Cyrillum
1797 1898 2036 1968 appellat

445 1974 776 2047 haereticum,
805 1978 871 2032 ad
899 1978 1045 2033 ibam
1076 1981 1389 2053 episcopum
1419 2000 1529 2039 non
1556 1987 1730 2042 solum
1763 2004 1871 2044 non
1899 1999 2037 2047 atte-

445 2064 851 2133 nuisse,vcrmn
879 2069 1039 2123 etiam
1070 2071 1138 2125 ab
1159 2086 1226 2126 eo
1256 2070 1565 2129 damnatam
1597 2092 1719 2133 esse
1746 2087 2033 2137 testantur.

440 2155 678 2214 Joannes
699 2161 984 2232 episcopus
1002 2162 1284 2235 Sebastize,
1306 2167 1564 2226 Seleucus
1583 2173 1869 2245 episcopus
1883 2178 2040 2232 Ama-

441 2248 553 2311 side,
583 2248 971 2335 Constantinus
999 2256 1286 2327 episcopus
1313 2258 1581 2327 Meliti'nte,
1627 2261 1890 2320 Patricius
1918 2266 2037 2338 epi-

439 2327 639 2409 scopus
659 2339 986 2412 Tyanorum,
1021 2342 1212 2403 Petrus
1258 2349 1545 2421 episcopus
1573 2350 1933 2427 Gangrorum,
1953 2327 2038 2415 .et

440 2426 695 2486 Artanius
718 2432 1003 2504 episcopus
1027 2434 1382 2508 Trapezuntis
1398 2485 1414 2510 ,
1464 2442 1714 2501 similiter
1739 2426 2035 2504 consense-

439 2525 566 2572 runt
595 2519 670 2573 ita
699 2520 942 2578 dicentes
986 2524 1122 2595 (Act.
1153 2526 1243 2597 10)
1273 2547 1285 2582 :
1316 2529 1562 2600 Deﬁnitio
1592 2540 2037 2596 reverentissimo-

439 2620 557 2659 rum
592 2609 949 2681 episcoporum
995 2615 1169 2671 Photii
1213 2629 1265 2673 et
1313 2621 1574 2680 Eustatltii
1602 2626 1924 2685 demonstnat
1956 2634 2036 2687 iu-

438 2699 661 2754 noxium'
709 2708 1179 2763 reverentissimum
1228 2711 1398 2768 Ibam.
1459 2717 1714 2775 Similiter
1763 2732 1933 2779 autem
1986 2735 2038 2780 et

440 2788 556 2860 ejus
582 2788 854 2864 abnegatio
876 2797 1009 2866 facit
1033 2816 1127 2855 nos
1148 2803 1207 2855 iu
1224 2819 1288 2858 eo
1311 2807 1448 2876 quod
1468 2812 1716 2881 receperit
1743 2816 2032 2881 proniores.

441 2878 563 2947 Qua
576 2880 994 2945 interlocutione
1017 2896 1441 2952 memoratorum
1454 2878 1801 2957 sacerdotum
1823 2905 2037 2961 eviden-

440 2980 535 3028 ter.
553 2984 778 3047 pparet
803 2994 903 3050 per
929 2980 1044 3039 hzee
1063 2982 1171 3040 duo
1196 2985 1344 3043 lbam
1372 2989 1685 3062 episcopum
1714 2992 1784 3050 de
1812 2993 1896 3051 his
1915 2997 2037 3066 qui-

437 3064 539 3120 bus
558 3076 846 3125 accusatus
882 3080 966 3127 est
996 3072 1273 3131 innoxium
1301 3092 1421 3135 esse
1446 3090 1741 3151 repertum,
1771 3083 1822 3139 id
1853 3064 1949 3143 est
1965 3102 2034 3144 ex

2142 1916 2196 1958 ut
2219 1904 2401 1960 habent
2426 1909 2750 1978 episcopatus
2780 1909 3019 1981 gradum,
3054 1926 3165 1965 esse
3187 1901 3516 1968 catholicum.
3548 1914 3731 1973 Euno-

2140 2001 2274 2055 mitts
2302 2004 2573 2072 cpiswpus
2598 2001 2921 2059 Nicomediae
2960 2003 3135 2058 dixit:
3164 2004 3285 2059 lam
3314 2007 3523 2078 quidem
3562 2026 3627 2064 ex
3650 2011 3731 2066 his

2139 2105 2253 2161 qua:
2293 2091 2483 2145 retecta
2520 2101 2639 2146 sunt
2666 2094 2916 2147 innoxius
2960 2096 3278 2164 approbatus
3320 2107 3399 2151 est
3428 2102 3734 2155 venerabilis

2140 2181 2286 2238 Ibus.
2314 2182 2381 2237 In
2406 2184 2586 2257 quibus
2614 2187 2805 2240 etenim
2833 2186 3051 2242 dicendo
3078 2188 3216 2243 male
3253 2191 3466 2262 culpare
3492 2194 3624 2248 risus
3656 2205 3734 2249 est

2138 2275 2489 2331 beatissimum
2537 2276 2802 2349 Cyrillum,
2851 2279 2907 2333 in
2945 2281 3216 2344 postremis
3257 2292 3396 2337 recte
3441 2287 3729 2357 confessus,

2139 2365 2236 2419 illa
2263 2382 2379 2436 qua:
2405 2368 2701 2438 culpaverat
2730 2371 2991 2442 refutauit.
3045 2370 3195 2426 Unde
3220 2382 3270 2427 et
3296 2391 3391 2446 ego
3419 2379 3734 2430 anaticma-
3796 2414 3805 2422 ο

2139 2456 2383 2511 tisantem
2411 2473 2524 2512 eum
2566 2455 2869 2514 Nestorium
2893 2469 2954 2515 et
2970 2448 3236 2534 Eutychen
3266 2474 3316 2518 et
3353 2467 3514 2536 impia
3552 2485 3733 2522 eorum

2138 2547 2409 2620 dogmata,
2450 2559 2500 2604 et
2528 2553 2928 2607 consentientem
2956 2554 3038 2608 his
3077 2572 3193 2626 quo:
3228 2573 3262 2610 α
3291 2561 3618 2614 sanctissimo
3639 2577 3734 2613 or-

2139 2637 2467 2709 chiepiscopo
2500 2639 2667 2697 Leone
2711 2645 2906 2714 scripta
2952 2655 3070 2701 sunt
3110 2655 3160 2701 et
3196 2647 3261 2701 ab
3306 2648 3410 2702 hac
3448 2652 3732 2710 universali

2136 2728 2360 2799 synodo,
2388 2728 2603 2800 dignum
2643 2748 2754 2787 esse
2798 2735 3097 2808 episwpatu
3122 2737 3362 2794 decerno.
3396 2740 3566 2797 Antea
3596 2754 3732 2816 ergo

2138 2818 2295 2873 nobis
2323 2818 2653 2889 inspicienda
2682 2831 2767 2878 est
2797 2823 3044 2881 Eunomii
3083 2828 3448 2900 interlocutio,
3470 2836 3734 2906 qum'pla-

2138 2909 2262 2965 nius
2287 2909 2391 2966 lbae
2419 2914 2657 2984 episcopi
2703 2916 3036 2975 intellectum
3078 2936 3343 2993 asserens,
3393 2929 3518 2995 quid
3568 2946 3634 2987 ex
3661 2946 3732 2989 ea

2137 3013 2197 3055 re
2223 3000 2387 3058 etiam
2416 3003 2704 3075 episcOpus
2729 3005 3006 3066 Iuvenalis
3042 3014 3213 3068 sensit
3261 3021 3503 3088 exponit.
3537 3021 3732 3080 Dicens

2137 3092 2282 3147 enim
2305 3100 2373 3152 ex
2394 3095 2475 3149 his
2498 3111 2618 3166 qua:
2646 3098 2843 3155 reiecta
2868 3110 2993 3156 sunt
3013 3101 3157 3160 Ibam
3181 3107 3454 3167 innoxium
3477 3128 3731 3184 compro—

439 3153 755 3215 deﬁnitione
783 3158 960 3216 Photii
991 3172 1152 3234 atque
1181 3165 1444 3225 Eostathii
1474 3173 1853 3246 episcoporum
1881 3187 1937 3232 et
1964 3194 2032 3236 ex
2060 3201 2109 3264 C
2136 3183 2341 3250 batum,
2375 3153 2552 3241 Photii
2580 3195 2637 3243 et
2664 3186 2928 3247 Eustathii
2959 3193 3097 3250 sicut
3124 3194 3179 3251 et
3206 3202 3513 3270 superiores
3538 3153 3730 3264 Pa'tres

435 3260 534 3301 sua
562 3248 941 3318 abnegatione.
987 3252 1158 3311 Porro
1187 3256 1501 3317 deﬁnitione
1550 3262 1727 3321 Photii
1756 3276 1813 3323 et
1838 3267 2032 3327 Eusta-
2062 3248 2104 3264 v
2132 3248 2452 3348 comprobat
2476 3278 2594 3334 sine
2619 3280 2969 3351 ambiguitate
3005 3248 3298 3356 judicium,r
3332 3302 3394 3348 ut
3437 3294 3520 3353 his
3548 3298 3731 3356 verbis

438 3337 536 3393 thii
565 3339 873 3397 declaratur
896 3344 1021 3414 quia
1052 3346 1177 3402 licet
1203 3347 1336 3404 false
1356 3351 1427 3405 ab
1446 3357 1851 3412 accusatoribus
1872 3357 2034 3416 fuerit

439 3428 946 3499 impetitus,~tamen
974 3436 1043 3491 ad
1067 3438 1488 3502 satisfactionem
1510 3446 1595 3501 vel
1625 3446 1758 3503 false
1784 3449 2034 3519 objecto-

438 3536 556 3575 rum
583 3538 753 3592 prone
781 3529 1021 3596 sapuerit
1047 3545 1113 3584 ex
1142 3532 1346 3603 scripto
1367 3535 1494 3605 quid
1515 3538 1584 3594 de
1612 3549 1757 3596 recta
1784 3539 1890 3598 fide
1916 3554 2036 3600 scn-

434 3611 570 3665 serit
618 3611 888 3682 profiteri,
939 3626 996 3673 et
1043 3636 1110 3675 ex
1160 3622 1454 3680 abundanti
1500 3629 2030 3690 anathematizaverit

436 3702 762 3799 liestorium,
794 3718 851 3764 et
878 3711 1079 3768 habere
1107 3729 1168 3769 se
1193 3715 1391 3772 dixerit
1417 3722 1599 3776 omnia
1629 3739 1750 3793 qua:
1778 3727 1831 3782 in
1854 3727 2033 3799 Ephe-

748 3763 761 3775 ,
807 3763 817 3764 ,
1054 3763 1074 3768 -
1108 3763 1166 3769 _-
1196 3763 1391 3772 _._-..-
1419 3763 1599 3776 ν........
1631 3763 1749 3793 ,μω
1854 3763 2031 3799 ,πρηυ-

435 3763 556 3849 sino
601 3798 776 3867 primo
831 3802 1063 3857 concilio
1116 3807 1453 3874 placuerunt.
1504 3810 1707 3870 Deinde
1743 3819 1868 3885 quia
1915 3810 2031 3888 ejus

435 3902 650 3957 quoque
680 3891 985 3959 abnegatio,
1034 3910 1131 3965 per
1156 3912 1319 3967 quam
1350 3917 1412 3957 se
1450 3905 1611 3961 etiam
1645 3908 2027 3969 in'Chalcedn-

440 3976 593 4030 nensi
625 3980 855 4035 concilio
883 3992 1003 4051 post
1030 3984 1317 4042 lectionem
1349 3990 1415 4045 ad
1445 3991 1632 4049 Marim
1667 3996 1882 4055 Persam
1913 4007 2027 4074 epi-

435 4063 607 4129 stolae,
641 4081 759 4135 qua:
787 4068 1025 4136 ejusdem
1048 4073 1154 4129 lbze
1195 4077 1434 4149 episcopi
1466 4087 1817 4153 apertissimae
1845 4101 1899 4147 et
1927 4063 2028 4165 pitu

437 4154 764 4213 confessioni
795 4164 1066 4218 contraria
1097 4174 1198 4230 est,
1243 4170 1312 4225 ab
1340 4170 1424 4226 bis
1450 4188 1573 4242 qua:
1596 4177 1695 4232 sibi
1726 4180 1872 4238 illata
1903 4154 2029 4240 sunt

435 4247 670 4304 existere
707 4251 977 4320 perhibuit
1005 4256 1262 4329 alienum,
1313 4266 1596 4332 proniores
1643 4271 1881 4331 ellicerct
1910 4279 2027 4334 ani-

435 4355 553 4394 tnos
572 4339 904 4409 judicautum
938 4359 994 4402 ut
1022 4351 1311 4408 crederent
1336 4356 1460 4425 quia
1484 4363 1680 4430 spretis
1701 4374 1755 4418 et
1782 4367 2025 4426 refutatis

434 4444 554 4498 quae
577 4432 645 4487 ab
672 4449 739 4489 eo
770 4446 962 4506 negata
992 4449 1134 4505 sunt,
1165 4433 1258 4498 illa
1278 4453 1484 4504 tantum
1514 4460 1569 4506 ct
1593 4464 1750 4511 antea
1778 4458 2051 4517 habuerit‘

434 4533 554 4587 qua:
598 4537 658 4577 se
694 4524 946 4584 habuisse
984 4540 1041 4586 et
1068 4536 1341 4605 recepisse
1383 4542 1653 4608 professus
1682 4557 1783 4602 est.

434 4608 508 4662 ita
540 4618 872 4679 monstratis,
906 4620 1109 4676 clarum
1138 4633 1221 4679 est
1264 4628 1546 4697 epistolam
1577 4636 1642 4688 ad
1671 4608 1862 4694 Marini
1890 4640 2021 4698 Per-

433 4713 548 4753 sam
573 4703 825 4762 omnibus
850 4722 970 4777 qua:
998 4727 1058 4767 se
1084 4717 1353 4786 recepisse
1379 4719 1498 4776 lbas
1536 4724 1670 4779 dixit
1695 4733 2021 4788 contrariam

431 4791 774 4861 existentem,
807 4807 862 4853 et
904 4801 993 4855 illa
1025 4806 1205 4873 potius
1253 4823 1372 4878 quae
1400 4814 1878 4875 anathematizavit
1904 4823 2023 4880 lhas

428 4883 720 4956 episcopus
749 4889 1072 4950 defendente
1093 4913 1146 4965 ν,
1198 4900 1504 4959 nullatenus
1549 4907 1618 4963 ab
1648 4907 1737 4964 Iba
1765 4913 2023 4987 episcopo

428 4973 594 5031 fuisse
619 4977 898 5034 dictatam;

500 5064 617 5121 XX.
649 5067 782 5124 Nam
815 5081 871 5126 ut
897 5076 1147 5135 omnibus
1177 5078 1333 5138 ﬂeret
1360 5086 1703 5146 manifestum
1732 5095 1873 5164 quod
1898 5094 2043 5155 lbas'

430 5158 679 5225 negando
726 5177 789 5217 ea
832 5180 953 5234 quae
996 5169 1064 5224 ab
1093 5178 1498 5234 accusatoribus
1548 5183 1693 5238 illata
1736 5197 1880 5255 sunt,
1927 5190 2015 5244 illa

427 5259 548 5313 qua:
575 5248 642 5305 de
671 5253 757 5320 pia
789 5254 893 5312 ﬁde
917 5261 1194 5318 confessus
1220 5275 1303 5320 est
1330 5269 1619 5328 reddiderit
1648 5248 1900 5341 certiora,
1940 5281 2015 5337 ita

429 5333 770 5395 interl‘ocutio
814 5343 943 5400 dicit
975 5365 988 5400 :
1022 5345 1091 5402 Et
1122 5349 1396 5424 abuegntio
1417 5358 1528 5430 ejus
1555 5364 1678 5431 fecit
1721 5381 1816 5420 nos
1861 5369 1915 5422 in
1956 5385 2017 5425 eo

426 5428 567 5498 quod
592 5437 834 5502 receperit
864 5444 1154 5507 proniores.
1183 5446 1260 5503 Ac
1289 5448 1333 5503 si
1360 5451 1563 5508 diceret
1592 5473 1603 5508 :
1639 5456 1715 5511 Ex
1746 5474 1812 5515 eo
1840 5464 2017 5517 credi-

428 5516 587 5623 bilius
620 5524 833 5590 quze‘de
862 5530 948 5597 pia
993 5546 1076 5589 est
1113 5536 1216 5593 lide
1238 5540 1517 5623 professus
1549 5549 1840 5618 accipimus
1871 5555 2013 5623 qnol

429 5607 519 5663 illa
547 5626 669 5681 qua}
695 5614 744 5667 ei
774 5616 987 5685 objecta
1015 5607 1257 5683 fuerant;
1274 5632 1579 5704 abnegavit,
1631 5652 1688 5694 ut
1719 5658 1824 5698 non
1869 5607 2016 5702 velut

427 5698 765 5770 olijrctorum
796 5710 1024 5767 veritate
1050 5721 1347 5789 convictus,
1406 5730 1661 5798 tanquam
1709 5749 1775 5788 ex
1823 5752 2011 5792 neces-

427 5794 588 5854 aitate
614 5800 914 5874 corrigens,
937 5807 1061 5874 quid
1091 5810 1158 5866 de
1184 5814 1273 5884 pia
1306 5814 1406 5874 ﬁde
1433 5794 1655 5880 sentiret
1677 5822 2006 5896 ostenderet,

2136 3369 2297 3422 etiam
2338 3369 2687 3439 negationem
2711 3372 2814 3430 "133
2863 3377 3104 3450 episcopi
3152 3390 3207 3438 et
3253 3400 3350 3454 pro
3396 3389 3587 3444 eodem
3632 3390 3722 3448 lba

2135 3461 2534 3516 attestationem
2556 3460 2948 3522 Edessenorum
2979 3472 3220 3542 epistolae
3240 3475 3557 3534 clericorum
3581 3476 3750 3537 com:

2135 3549 2469 3618 prehendere
2498 3552 2760 3611 videatur.
2786 3556 2892 3613 Pro
2912 3576 3017 3629 qua
3046 3577 3102 3618 re
3123 3574 3392 3634 gestorum
3420 3571 3559 3639 apud
3586 3571 3728 3644 Rho-

2134 3641 2266 3694 tium
2294 3650 2348 3696 et
2378 3641 2715 3703 Enstathium
2747 3649 3050 3706 habitorum
3081 3656 3322 3712 ordinem
3349 3676 3507 3733 comp
3530 3641 3725 3722 tenter

2132 3734 2437 3803 attendens,
2456 3752 2522 3791 ne
2538 3738 2659 3806 quis
2682 3740 2733 3794 id
2758 3741 3056 3811 aliquorum
3084 3749 3278 3806 animis
3300 3752 3554 3811 adversus
3574 3750 3722 3816 ibam

2131 3825 2443 3896 episcopum
2488 3843 2554 3884 ex
2605 3831 2707 3888 hoc
2752 3837 3035 3905 scrupulus
3080 3854 3387 3902 remaneret
3431 3836 3594 3920 quod.
3621 3853 3723 3909 ali-

2130 3917 2347 3984 quando
2374 3928 2498 3974 ante
2528 3922 2820 3979 unitionem
2852 3929 3009 3984 aliter
3034 3931 3337 4003 intelligens
3363 3917 3506 3996 beati
3534 3942 3721 4015 Cyrilli

2131 4007 2390 4063 doctrinm
2419 4010 2592 4067 lucri-tt
2631 4015 2933 4081 ohlocutns,
2991 4027 3297 4082 necessarie
3337 4041 3529 4099 purgat
3573 4007 3721 4103 quod

2130 4108 2370 4154 correcta
2393 4100 2512 4157 lbas
2534 4104 2881 4175 intelligentia
2904 4126 3019 4173 sua,
3047 4114 3188 4169 beati
3211 4114 3395 4187 Cyrilli
3414 4100 3720 4180 orthodoxa

2128 4188 2379 4258 dogmata
2402 4195 2716 4265 suscipiens,
2752 4207 2807 4253 et
2836 4216 2897 4256 ea
2928 4214 3072 4259 recta
3098 4218 3221 4264 esse
3246 4194 3539 4281 confessus,
3571 4219 3720 4286 prio-

2129 4281 2204 4335 ris
2246 4282 2631 4355 intelligentiae,
2676 4305 2837 4358 quam
2869 4304 2994 4350 ante
3030 4299 3327 4358 unitionem
3359 4303 3715 4379 Ecclesiarum

2128 4369 2331 4436 habuit,
2373 4374 2627 4430 refutavit
2668 4394 2931 4449 errorem,
2982 4392 3272 4447 ostendens
3315 4374 3721 4456 evidentissima

2127 4460 2196 4513 ab
2226 4459 2316 4515 lba
2346 4465 2601 4536 episcopo
2624 4471 2766 4538 quod
2793 4472 2907 4542 ejus
2938 4474 3097 4532 fuerit
3125 4494 3244 4549 quae
3273 4483 3338 4539 ad
3369 4484 3554 4542 Marim
3586 4470 3722 4545 Per?

1818 4549 2022 4617 Quibus
2054 4568 2240 4640 Dsam
2274 4555 2465 4624 legitur
2490 4559 2715 4649 epistola
2748 4563 3086 4634 denegatum.
3116 4571 3249 4626 Cum
3281 4576 3422 4630 enim
3451 4580 3719 4649 approbet

2128 4642 2196 4696 ab
2226 4645 2308 4697 his
2330 4661 2448 4714 qua:
2468 4657 2593 4704 ante
2620 4640 2914 4709 unitiouem
2945 4655 3303 4719 Ecclesiarum
3328 4665 3445 4721 ibas
3551 4670 3717 4729 beato

2123 4733 2327 4806 Cyl-illo
2361 4737 2979 4816 dixerat‘recedentem,
3029 4761 3153 4823 post
3195 4757 3451 4813 unitatem
3498 4763 3623 4835 quia
3651 4781 3718 4822 se

2123 4837 2273 4884 recte
2314 4830 2549 4888 habeant
2578 4834 2740 4893 fuisse
2775 4841 3101 4911 confessum,
3154 4848 3381 4919 cpistola
3428 4863 3608 4909 autem
3638 4855 3713 4910 ad

2123 4916 2309 4973 Marim
2362 4920 2580 4979 Persam
2631 4937 2753 4997 post
2798 4933 3059 4989 unitatem
3099 4916 3296 5008 scripta
3344 4941 3486 4997 beati
3524 4942 3715 5016 Cyrilli

2122 5009 2263 5065 dicta
2293 5026 2412 5068 esse
2454 5015 2706 5073 haeretica
2737 5024 3042 5088 mentiatur,
3095 5027 3376 5100 ipsumque
3423 5033 3474 5086 in
3502 5022 3711 5105 Apolli—

2122 5104 2266 5158 naris
2290 5102 2536 5161 htnretim
2574 5109 2825 5185 incidisse
2860 5115 3149 5187 conlingat,
3193 5130 3398 5189 eertum
3447 5132 3527 5178 est
3551 5102 3712 5195 hanc

2121 5192 2190 5247 ab
2214 5193 2301 5249 lha
2332 5198 2496 5252 etiam
2525 5204 2802 5270 praesentis
2825 5205 3249 5265 interlocutionis
3279 5216 3585 5272 testimonio
3613 5219 3711 5276 de.

2122 5297 2391 5355 negatam.
2416 5289 2512 5344 Cui
2543 5294 2721 5348 sensui
2750 5293 3024 5354 Iuvenalis
3048 5302 3285 5372 episcopi
3310 5309 3562 5362 convenit
3590 5310 3709 5367 sine

2123 5376 2470 5445 ambiguitate
2490 5385 2784 5443 sententia:
2811 5401 2929 5455 qna:
2959 5406 3080 5445 cum
3126 5397 3319 5449 astruit
3346 5396 3488 5452 Ibam
3519 5401 3709 5456 ortho-

2122 5466 2320 5524 doxum
2350 5473 2640 5544 exstitisse,
2684 5480 2920 5535 o'stentlit
2947 5484 3016 5540 ab
3062 5501 3129 5541 eo
3172 5488 3454 5558 epistolam
3493 5509 3610 5561 qua:
3638 5497 3703 5552 ad

2123 5556 2309 5615 liarim
2342 5560 2556 5619 Persam
2605 5570 2805 5640 scripta
2848 5582 2930 5627 est
2975 5556 3309 5646 denegatam,
3357 5556 3557 5652 quippe
3586 5594 3705 5639 tan.

2121 5668 2281 5721 quam
2331 5657 2496 5713 rectis
2535 5652 2871 5731 dogmatibus
2913 5667 3202 5733 inimicam.
3254 5682 3309 5728 et
3338 5670 3695 5747 Photiiatque

2121 5740 2386 5801 Eustathii
2431 5760 2747 5807 ceterorum
2791 5755 3023 5816 decretis
3069 5758 3394 5821 conveniens
3428 5781 3687 5843 approbat

2115 5833 2429 5903 judicatum.
2451 5840 2583 5896 Cum
2608 5860 2734 5899 vero
2756 5863 3077 5907 conversum
3100 5854 3228 5910 dicit
3253 5856 3440 5916 delere
3473 5867 3692 5936 suscipi,
