4000 6186
263 317 365 376 169

1193 316 1327 374 PRO
1364 319 1806 377 DAMNATIONE
1847 319 2063 376 TRIUM
2103 321 2619 386 CAPITULORUM.

3448 342 3552 398 170

261 425 516 483 Eunomii
558 426 954 484 inteilocutioni
1000 444 1322 500 congruens,
1371 432 1438 488 de
1484 434 1629 488 beati
1665 433 1846 506 Cyrilli
1880 443 1922 493 Α
1954 435 2080 489 dum
2130 438 2276 506 prius
2317 455 2384 494 ex
2432 441 2667 499 lectione
2715 446 3024 503 chartarum
3084 459 3140 506 et
3185 468 3254 508 ex
3303 454 3551 524 judicato

257 517 621 586 dogmatibus,
652 519 722 575 de
747 522 942 590 quibus
969 529 1096 577 ante
1126 523 1379 578 unionem
1408 526 1563 580 aliter
1588 537 1851 588 senserat,

255 620 381 661 eum
427 608 542 678 jam
592 620 718 681 post
762 621 911 668 recte
955 613 1098 669 sicut
1143 616 1388 686 Oportuit
1430 619 1749 674 sentientem
1787 619 1855 674 ad

257 717 513 773 congruae
555 705 927 776 intelligentia:
946 721 1162 763 sensum
1193 708 1457 778 approbat
1483 725 1604 766 esse
1631 726 1856 767 conver-

253 811 394 852 sum.
429 799 531 855 Per
555 800 722 870 quod,
751 800 894 856 sicut
920 801 1290 871 multipliciter
1312 802 1424 872 jam
1447 813 1721 860 ostensum
1751 813 1852 870 est,

254 899 474 946 constat
502 891 653 946 illam
696 891 982 962 epistolam
1011 907 1131 962 quae
1157 903 1281 964 post
1311 894 1607 952 unitionem
1636 906 1855 953 contra-

254 980 334 1033 ria
363 980 605 1049 loquitur
631 978 740 1036 [bac
769 981 1012 1053 episcopi
1040 997 1148 1038 non
1179 982 1372 1038 fuisse.

324 1070 471 1126 XXI.
502 1071 765 1139 Quamvis
811 1073 975 1141 igitur
1019 1073 1216 1130 idonee
1261 1075 1701 1148 suﬁicienterque
1743 1090 1852 1134 tam

249 1176 318 1216 ex
344 1177 512 1232 supra
543 1163 858 1218 memoratis
886 1164 1136 1221 omnibus
1177 1167 1562 1225 assertionibus
1595 1183 1757 1239 quam
1787 1185 1853 1224 ex

251 1250 764 1308 interlocutionibus
789 1253 1008 1310 Patrum
1052 1255 1109 1311 in
1136 1253 1482 1314 Chalcedona
1522 1259 1853 1316 residentum

250 1341 320 1396 de
342 1341 450 1396 [hie
477 1342 719 1412 episcopi
746 1343 1089 1401 absolutione
1109 1345 1214 1401 sibi
1241 1361 1337 1417 per
1357 1348 1537 1403 omnia
1559 1363 1856 1405 consonan-

251 1432 396 1486 tibus
443 1429 609 1487 fuerit
649 1431 1077 1489 demonstratum
1127 1436 1253 1510 quia
1292 1437 1521 1508 epistola
1569 1439 1637 1496 ad
1665 1439 1853 1496 Marim

250 1519 474 1578 Persam
521 1524 688 1581 rectis
717 1525 935 1581 inimica
981 1526 1321 1596 dogmatibus
1362 1539 1419 1584 et
1464 1531 1705 1600 ejusdem
1749 1532 1854 1589 Iba:

249 1613 577 1682 professioni
605 1617 902 1685 contraria,
949 1617 1018 1673 ab
1045 1619 1238 1674 eodem
1275 1619 1439 1677 fuerit
1475 1623 1758 1693 abnegata,
1799 1635 1850 1680 et

249 1701 474 1759 Patrum
503 1705 824 1762 multimode
865 1708 1094 1764 refutata
1116 1709 1338 1780 judicio,
1388 1719 1446 1769 et
1485 1728 1582 1784 per
1607 1715 1712 1771 boc
1739 1715 1851 1771 cla-

247 1805 370 1849 reat
397 1810 431 1848 a
461 1796 614 1852 nullo
643 1812 712 1853 ex
739 1798 931 1854 eodem
961 1799 1182 1856 Patrum
1206 1819 1433 1860 numero
1460 1807 1702 1876 potuisse
1729 1825 1849 1865 sus—
1884 1835 1925 1892 Β

242 1885 392 1955 cipi,
443 1902 606 1957 quam
652 1897 708 1943 et
751 1889 867 1959 ipse
909 1892 994 1946 cui
1045 1892 1258 1962 objecta
1305 1904 1388 1951 est
1429 1897 1678 1966 negando
1717 1914 1748 1954 a
1791 1916 1851 1956 se

243 1978 476 2048 repulit,
495 1988 553 2034 et
576 1980 774 2051 ubique
803 1983 1115 2039 eorumdem
1141 1985 1361 2043 Patrum
1390 1988 1461 2046 de
1489 1993 1576 2062 pia
1605 1991 1708 2049 ﬁde
1729 2009 1852 2050 sen-

244 2069 424 2123 tentia
450 2070 664 2140 prolata
691 2072 989 2141 damnavit,
1040 2085 1222 2132 tamen
1249 2093 1321 2134 ex
1349 2080 1647 2138 abundanti
1692 2084 1851 2141 intel-

244 2159 425 2228 ligere
451 2160 663 2229 adjacet
691 2161 760 2218 de
787 2178 894 2232 qua
921 2166 1150 2235 epistola
1179 2167 1478 2238 legatorum
1526 2173 1672 2230 sedis
1718 2191 1851 2247 apo-

239 2252 458 2308 clolica:
486 2253 572 2308 vel
611 2252 830 2310 Maximi
859 2256 1182 2314 Antiocheni
1221 2262 1458 2320 sensisse
1504 2265 1850 2325 interlocutio

244 2342 518 2408 videatur,
571 2353 627 2400 et
653 2353 714 2400 ut
757 2346 889 2403 illud
927 2350 1073 2419 quod
1111 2349 1350 2407 ﬁdelium
1397 2352 1556 2410 decet
1603 2357 1851 2415 sensibus

246 2435 542 2503 inhzcrere,
591 2439 723 2494 nihil
771 2441 826 2494 in
851 2441 1068 2497 Patrum
1109 2443 1344 2502 decretis
1378 2447 1608 2504 inveniri
1635 2460 1850 2507 contra-

244 2528 387 2583 rium
410 2529 868 2588 demonstremus.
900 2533 1252 2606 Apertissime
1271 2537 1512 2594 creditur
1530 2538 1598 2594 de
1619 2541 1849 2612 epistola

247 2617 650 2675 Edessenorum
696 2621 1044 2691 clericorum,
1087 2639 1251 2696 quam
1286 2625 1408 2684 lbas
1433 2629 1720 2702 episcopus
1748 2647 1848 2702 pro

243 2728 309 2767 se
334 2713 506 2784 relegi
535 2715 850 2785 postulavit,
900 2717 1090 2775 Patres
1139 2727 1358 2783 nostros
1404 2721 1461 2777 in
1496 2723 1611 2779 suis
1658 2723 1848 2780 fecisse

252 2805 764 2864 interlocutionibus
793 2809 1145 2867 mentionem.
1179 2810 1353 2879 Quam
1401 2813 1588 2885 utique
1615 2813 1845 2871 Edesse-

246 2913 443 2953 norum
493 2899 816 2956 clericorum
844 2901 1128 2973 epistolam
1153 2917 1221 2958 ex
1257 2903 1347 2959 illa
1385 2912 1542 2976 parte
1568 2914 1847 2976 gestorum

241 2989 389 3060 apud
419 2989 675 3046 Photium
704 2999 760 3046 et
788 2991 1128 3048 Eustathium
1156 2994 1490 3062 habitorum,
1536 3011 1698 3068 quam
1734 2999 1846 3056 cal-

241 3083 353 3138 iide
383 3097 448 3138 ac
477 3083 846 3140 fraudulenter
873 3086 1214 3145 adversarius
1240 3087 1358 3157 ejus
1377 3089 1653 3156 omiserat,
1679 3091 1843 3162 relegi

240 3171 543 3239 festinavit,
592 3181 652 3227 ut
697 3174 845 3229 illam
894 3174 962 3229 ad
1005 3173 1215 3241 Marim,
1262 3193 1382 3249 qua:
1428 3194 1499 3235 ex
1543 3179 1672 3250 ipsis
1699 3180 1842 3236 idem

240 3263 420 3337 [item]
449 3264 616 3332 gestis
641 3273 829 3320 contra
871 3281 992 3322 eum
1021 3268 1222 3325 relecta
1265 3269 1460 3339 fuerat,
1511 3273 1837 3342 confutaret,

239 3369 346 3424 per
367 3370 533 3424 quam
585 3356 946 3427 supradictam
975 3358 1043 3414 ad
1072 3357 1259 3415 Marim
1287 3359 1514 3417 Persam
1555 3363 1839 3432 epistolam

240 3446 371 3518 quia
401 3446 523 3502 [bas
546 3456 752 3504 rectam
782 3448 942 3505 ﬁdem
969 3449 1382 3520 impugnaverit,
1413 3459 1470 3507 et
1492 3452 1637 3508 beati
1656 3452 1842 3526 Cyrilli

242 3539 500 3605 dogmata
549 3539 605 3592 in
645 3537 913 3610 Ephesina
968 3541 1144 3610 prima
1192 3542 1402 3614 synodo
1449 3543 1646 3598 tradita
1692 3545 1841 3600 omni

244 3627 526 3699 impietate
561 3631 716 3701 plena
741 3640 797 3686 et
835 3639 997 3688 rectze
1026 3632 1150 3689 ﬁdei
1175 3633 1374 3689 dixerit
1397 3648 1518 3691 esse
1547 3636 1836 3703 contraria,

244 3721 543 3776 adversarii
584 3722 870 3779 ostendere
915 3724 1249 3782 nitebantur.
1281 3724 1432 3781 Unde
1477 3741 1705 3784 necesse
1740 3727 1843 3785 fuit

245 3814 390 3868 illam
419 3829 544 3884 quae
589 3813 943 3885 dirigentibns
970 3815 1258 3874 Edessenis
1296 3819 1506 3876 clericis
1548 3819 1745 3878 Photio
1785 3831 1842 3878 et

243 3902 526 3961 Eustatliio
555 3907 824 3979 episcopis
847 3908 958 3979 jam
993 3908 1199 3980 pridem
1227 3911 1423 3967 tradita
1464 3912 1659 3982 fuerat,
1700 3921 1756 3970 et
1784 3914 1837 3969 in

1961 525 2136 584 Photii
2178 537 2232 584 et
2261 529 2526 588 Eustathii
2557 537 2934 608 episcoporum
2984 542 3244 600 dixissent
3290 546 3438 602 Ibam
3468 549 3552 605 in-

1957 620 2179 674 noxium
2209 624 2637 692 comprobatum,
2665 629 2837 683 secuti
2859 639 2984 685 sunt
3005 631 3246 690 dicentes
3270 637 3404 707 (Act.
3426 637 3548 708 10):

1959 706 2169 764 Reiecta
2199 713 2336 766 enim
2364 713 2474 784 ejus
2503 716 2723 786 epistola
2761 721 3062 790 agnovimus
3090 739 3206 779 eum
3234 706 3345 780 esse
3370 706 3552 785 catho-

1955 800 2142 868 ticum;
2174 812 2231 858 ut
2259 805 2492 875 primum
2537 823 2604 863 ex
2634 809 2752 880 ipso
2789 827 2969 867 rerum
3003 814 3166 886 (apud
3213 815 3464 874 Photium
3494 830 3553 876 et

1956 888 2322 965 Eustathiuni)
2352 904 2625 964 gestarum
2667 899 2857 956 ordine
2899 902 2967 958 de
2994 920 3078 971 ea,
3130 905 3182 960 id
3210 917 3294 962 est
3322 907 3550 965 Edesse-

1956 998 2168 1051 norum,
2186 1000 2307 1054 quin
2327 987 2470 1058 apud
2500 1004 2594 1045 eos
2615 1000 2890 1061 postremo
2912 995 3035 1052 loco
3058 999 3254 1054 reiecta
3275 1008 3548 1056 monstra-

1958 1083 2044 1130 tur
2088 1077 2338 1146 epistola,
2387 1079 2498 1136 suis
2545 1081 2833 1138 credantur
2881 1086 3384 1148 interlocutionibus
3414 1109 3549 1149 ceu-

1955 1166 2146 1221 suisse.
2203 1166 2358 1234 Quod
2404 1181 2584 1226 autem
2613 1172 2748 1242 ejus,
2793 1175 2846 1229 id
2877 1184 2956 1231 est
2985 1177 3089 1233 Ibin
3116 1181 3377 1253 episcopi,
3424 1199 3548 1241 eam

1954 1260 2283 1328 signiﬁcasse
2307 1263 2560 1321 videntur
2577 1268 2862 1338 epistolam
2891 1272 3138 1340 signante
3156 1277 3312 1348 [forte
3327 1279 3547 1348 signan-

1957 1348 2063 1423 tur]
2087 1353 2257 1423 magis
2286 1355 2427 1411 hanc
2470 1357 2637 1428 ipsius
2683 1363 3005 1432 appellando
3035 1381 3194 1436 quam
3234 1385 3334 1440 pro
3363 1387 3422 1429 se
3460 1388 3547 1428 rc-

1955 1440 2058 1512 legi
2089 1445 2263 1513 petiit,
2296 1445 2442 1505 illam
2471 1450 2652 1519 potius
2679 1451 2746 1507 ad
2778 1453 2964 1509 Marim
2996 1454 3236 1524 Persam,
3268 1477 3388 1530 qua:
3417 1477 3547 1518 con-

1955 1539 2038 1586 tra
2068 1548 2191 1589 eum
2222 1537 2431 1608 prolata
2453 1548 2558 1606 est,
2589 1543 2879 1598 ostendunt
2904 1545 3071 1617 ipsius
3101 1564 3210 1604 nou
3243 1550 3422 1618 fuisse,
3451 1552 3544 1610 illo

1955 1621 2207 1693 loquendi
2244 1625 2408 1684 modo
2437 1645 2545 1701 quo
2592 1631 2959 1692 indubitanter
2985 1649 3176 1695 omnes
3203 1641 3452 1698 homines
3489 1654 3548 1703 et

1953 1715 2021 1770 de
2051 1715 2169 1772 aliis
2216 1727 2270 1773 et
2299 1719 2366 1775 de
2410 1735 2468 1776 sc
2513 1723 2590 1778 uti
2635 1723 2832 1794 solent,
2883 1736 2941 1783 ut
2983 1744 3170 1786 eorum
3200 1733 3548 1808 documenta,

1953 1805 2172 1874 chartis,
2205 1809 2451 1880 epistolae
2473 1813 2720 1870 dicantur
2746 1818 2838 1887 qui
2882 1819 2960 1876 eis
2988 1837 3086 1892 pro
3112 1837 3171 1879 se
3211 1833 3449 1894 utuntur,
3491 1805 3548 1887 et

1954 1910 2184 1964 quorum
2215 1901 2575 1958 ostenduntur
2602 1907 2860 1976 prodesse
2911 1913 3160 1980 negotiis.
3201 1913 3373 1983 Quam
3403 1919 3547 1978 enim

1953 1989 2032 2044 illi
2059 1993 2388 2050 sanctissimi
2414 1997 2724 2066 cognitores
2749 2000 2930 2071 potius
2957 2001 3080 2071 lbze,
3109 2021 3269 2076 quem
3302 2010 3546 2067 absolve-

1953 2080 2104 2148 bant,
2138 2098 2258 2140 esse
2288 2086 2573 2156 epistolam
2595 2089 2921 2159 judicnrent,
2950 2094 3094 2150 illam
3118 2097 3183 2150 ad
3205 2095 3392 2154 Marim
3418 2100 3544 2158 Per~

1951 2189 2089 2242 sam,
2117 2190 2279 2245 quam
2303 2193 2403 2249 pro
2432 2181 2638 2250 magnis
2661 2183 2974 2241 criminibus
3001 2203 3120 2258 qua:
3147 2189 3198 2244 in
3228 2206 3293 2246 ea
3318 2193 3545 2264 epistola

1952 2265 2300 2322 continentur
2324 2268 2394 2324 ad
2441 2269 2589 2325 Ibam
2637 2272 3055 2343 impugnandum
3103 2278 3418 2350 objecerant
3446 2285 3544 2341 ad-

1951 2356 2177 2411 versarii
2205 2357 2342 2428 ejus,
2387 2375 2456 2416 an
2500 2361 2649 2417 illam
2676 2361 3090 2434 Edessenorum,
3143 2385 3262 2438 qum
3305 2388 3428 2428 eum
3476 2376 3544 2432 ab

1951 2445 2200 2503 omnibus
2225 2459 2421 2520 purgat
2447 2451 2711 2522 objectis;
2755 2455 2902 2511 illam
2931 2459 2999 2513 ad
3025 2457 3212 2515 Marim
3237 2463 3542 2534 epistolam,

1951 2551 2112 2606 quam
2161 2538 2430 2608 objectam
2479 2543 2583 2598 sibi
2625 2543 2742 2614 ipse
2786 2545 2938 2616 lbas,
2984 2549 3124 2605 sicut
3175 2552 3544 2624 multipliciter

1951 2637 2231 2687 ostensum
2278 2642 2383 2700 est,
2444 2635 2762 2706 abnegavit,
2808 2656 2876 2695 an
2925 2641 3071 2697 illam
3120 2642 3538 2714 Edessenorum,

1950 2735 2112 2790 quam
2140 2721 2209 2777 ad
2237 2723 2378 2779 illius
2400 2725 2644 2796 epistolae
2671 2728 2739 2783 ad
2767 2728 2955 2786 Marim
2999 2734 3457 2806 impugnationem
3486 2750 3542 2796 et

1949 2826 2051 2882 pro
2095 2827 2206 2869 sum
2244 2815 2562 2872 orthodoxae
2604 2819 2725 2876 fidei
2770 2823 3163 2894 approbatione
3207 2829 3540 2898 relegeretur

1949 2904 2164 2974 exegit;
2196 2905 2340 2961 illam
2366 2908 2434 2963 ad
2459 2907 2648 2965 Marim
2675 2909 2916 2983 Persam,
2963 2932 3083 2988 quae
3113 2933 3258 2990 eum,
3289 2923 3333 2976 si
3371 2923 3538 2994 ipsius

1949 2993 2302 3063 probaretur,
2351 3006 2557 3085 rectam
2604 2999 2764 3057 ﬁdem
2812 3003 3153 3076 impugnasse
3200 2993 3414 3077 astruit,
3464 3029 3534 3070 an

1948 3084 2094 3141 illam
2125 3085 2540 3159 Edessenorum,
2571 3109 2692 3165 quae
2717 3110 2840 3152 eum
2882 3109 3069 3155 contra
3103 3103 3427 3161 catholicam
3469 3104 3538 3160 ﬁ-

1945 3177 2070 3233 dem
2115 3180 2493 3239 nihil-dixisse
2547 3191 2805 3255 testatur;
2859 3189 3006 3245 illam
3047 3191 3116 3248 ad
3163 3192 3352 3251 Marini
3397 3194 3534 3254 Per-

1944 3285 2080 3338 sam,
2125 3283 2249 3343 post
2275 3274 2428 3345 cujus
2469 3277 2758 3335 lectionem
2787 3283 2942 3338 statis
2969 3284 3090 3340 lbas
3136 3287 3422 3361 episcOpus
3451 3291 3535 3347 in-

1944 3359 2067 3415 tulit
2129 3362 2256 3432 quia
2313 3373 2370 3419 et
2435 3366 2504 3422 ab
2548 3367 2632 3424 his
2675 3383 2797 3440 quae
2835 3372 2938 3429 sibi
2985 3374 3133 3431 illata
3171 3359 3357 3436 essent
3401 3379 3534 3438 alie—

1901 3453 2045 3504 ‘nus
2086 3451 2364 3522 existeret,
2413 3469 2482 3509 an
2537 3455 2684 3512 illam
2738 3458 3158 3534 Edessenorum,
3218 3484 3316 3538 per
3368 3485 3533 3542 quam

1943 3537 2271 3610 Theophilus
2299 3543 2636 3604 adversarius
2657 3549 2772 3619 ejus
2791 3566 3124 3623 cognoscens
3143 3572 3202 3612 se
3222 3537 3534 3618 fuisse-con-

1941 3632 2164 3700 victum,
2190 3648 2315 3690 eum
2355 3635 2606 3694 falsitatis
2634 3640 2862 3699 crimine
2905 3645 3186 3703 nitebatur
3215 3649 3529 3720 infringere.

1942 3721 2085 3792 Ergo
2115 3724 2204 3779 illa
2238 3724 2308 3780 ad
2356 3725 2546 3783 Marim
2592 3728 2812 3787 Persam
2853 3738 3181 3795 accusatoris
3209 3741 3410 3810 potius,
3441 3744 3532 3815 qui

1940 3827 2060 3868 eam
2089 3815 2314 3884 protulit
2342 3832 2441 3874 nec
2466 3819 2735 3891 probavit,
2760 3837 2919 3894 quam
2945 3824 3066 3894 lbre,
3097 3829 3189 3900 qui
3218 3844 3339 3886 eam
3363 3847 3531 3901 nega-

1940 3904 2036 3970 vit,
2061 3920 2180 3961 esse
2223 3905 2520 3976 justissima
2547 3911 2615 3966 ab
2656 3913 2904 3973 omnibus
2936 3917 3019 3971 vel
3045 3919 3307 3974 aestimata
3336 3930 3420 3978 est
3445 3923 3532 3979 vel

243 4011 429 4051 eorum
461 4000 732 4056 recensita
769 3999 1011 4069 judicio,
1045 4001 1281 4072 ipsisque
1317 4004 1484 4072 gestis
1512 4005 1732 4071 inserta,
1771 4006 1838 4060 ad
1937 3997 2192 4052 aestimari
2219 3997 2380 4054 debet
2406 4001 2654 4072 epistola.
2700 4004 2852 4063 Nunc
2879 4007 3009 4064 illud
3054 4011 3403 4070 nihilominus
3448 4026 3532 4071 est

243 4091 326 4144 sui
369 4092 748 4161 purgationem
794 4092 914 4150 [bas
959 4093 1012 4149 in
1042 4095 1466 4152 Chalcedonensi
1494 4111 1710 4167 quoque
1745 4112 1836 4168 sy-
1939 4091 2185 4160 sagacius
2231 4092 2567 4163 intuendum,
2612 4112 2711 4168 per
2755 4113 2915 4169 quam
2953 4104 3290 4173 potissimum
3338 4109 3530 4165 ortho-

243 4180 391 4237 nodo
418 4184 586 4252 relqi
616 4191 954 4253 precaretur,
1004 4199 1126 4255 quae
1173 4185 1316 4242 inter
1341 4194 1536 4244 caetera
1584 4188 1660 4243 ita
1708 4188 1839 4243 dicit
1937 4181 2110 4236 doxus
2136 4181 2258 4240 lbas
2277 4184 2563 4258 episcopus
2583 4202 2614 4242 a
2635 4189 2852 4246 vicariis
2872 4191 3014 4250 sedis
3036 4197 3346 4266 apostolicae
3369 4198 3530 4255 fuerit

240 4273 1088 4344 (Act.10):Anatltematizantes
1134 4292 1230 4332 nos
1277 4278 1448 4348 ipsos,
1495 4287 1545 4332 et
1593 4276 1836 4334 terribilis
1931 4271 2223 4341 judicatus,
2271 4289 2371 4345 per
2412 4276 2558 4332 illam
2589 4280 2656 4333 ad
2703 4278 2891 4336 Marim
2943 4281 3182 4352 Persam,
3231 4301 3352 4356 qua:
3405 4305 3529 4346 cum

239 4364 493 4433 gehennc
525 4367 864 4435 nosmetipsos
904 4365 1160 4422 obnoxios
1198 4368 1472 4440 facientes,
1515 4371 1562 4424 si
1605 4372 1834 4425 novimus
1937 4367 2275 4435 apertissime
2306 4367 2587 4440 Ephesium
2627 4371 2814 4443 prima:
2854 4373 3011 4448 [adde
3051 4377 3280 4450 synodo]
3303 4388 3357 4435 et
3385 4380 3528 4437 beati

238 4458 440 4528 aliqlu'd
459 4459 565 4513 ισιε
592 4459 786 4514 dictum
816 4460 881 4514 ab
909 4478 969 4515 εο
997 4469 1089 4514 aut
1118 4461 1317 4532 aliquid
1342 4461 1488 4516 aliud
1513 4464 1859 4518 contrarium'
1937 4454 2119 4528 Cyrilli
2150 4456 2273 4513 ﬁdei
2293 4459 2365 4515 ibi
2388 4462 2663 4531 expositae,
2691 4478 2853 4534 quam
2881 4464 3320 4526 Chalcedonense
3343 4475 3528 4529 conci-

235 4551 510 4606 cntlrolicw
531 4552 677 4622 ﬁdei.
711 4552 775 4608 Si
802 4553 938 4608 enim
969 4554 1143 4626 aliqua
1170 4555 1266 4608 tali
1305 4555 1443 4609 dicto
1470 4557 1612 4624 passi
1639 4557 1830 4628 [uisse-

1945 4547 2067 4604 lium
2091 4547 2270 4605 ﬁrmat
2294 4565 2359 4606 ac
2383 4553 2647 4622 sequitur,
2672 4555 3012 4625 contradicit,
3031 4561 3350 4632 scriptorem
3372 4579 3527 4620 suum

238 4659 350 4696 ,ηη
380 4645 764 4698 communicare
791 4645 839 4700 εί
867 4647 952 4716 qui
994 4646 1147 4713 dixit,
1195 4655 1285 4700 αηι
1312 4648 1500 4701 missa;
1525 4663 1640 4701 cum
1667 4665 1728 4703 εο
1758 4657 1830 4702 ιε-
1859 4640 1908 4658 ³¹
1934 4640 2172 4696 ostendit
2192 4641 2529 4711 hmreticum,
2560 4660 2628 4700 an
2660 4661 2757 4716 per
2777 4647 2935 4703 istam
2961 4647 3382 4723 Edessenorum,
3411 4671 3527 4726 quin

235 4749 378 4796 και,
399 4734 584 4789 ultimo
604 4735 856 4804 σκρριίοξο
878 4737 1154 4807 fuissemus
1174 4735 1405 4803 obnoxii,
1423 4747 1667 4810 tanquam
1689 4756 1829 4794 com.
1930 4731 2064 4789 nihil
2085 4733 2232 4790 Ibam
2251 4736 2564 4816 episcopum
2587 4739 2870 4796 catholica:
2895 4740 3022 4798 ﬁdei
3041 4746 3368 4802 contrarium
3390 4764 3526 4804 nun-

236 4826 560 4879 micantes
591 4826 686 4878 tali
725 4828 913 4892 errori,
945 4836 1000 4882 et
1036 4835 1251 4882 caetera.
1286 4825 1355 4882 Ut
1394 4843 1493 4898 per
1531 4829 1636 4886 hoc
1681 4829 1827 4896 quod
1927 4839 2090 4894 quam
2123 4825 2326 4883 dixisse
2347 4828 2446 4884 sub
2475 4830 2730 4887 terribilis
2751 4830 3102 4904 iurisiurandi
3131 4843 3187 4892 et
3211 4837 3525 4895 anathema-

234 4925 484 4970 asserunt
527 4915 786 4972 Edesseni
835 4916 1017 4973 clerici
1045 4917 1179 4973 nihil
1209 4934 1331 4975 eum
1359 4919 1465 4975 tale
1493 4920 1579 4975 vel
1624 4920 1825 4990 aliquid
1927 4918 1996 4974 tis
2026 4919 2441 4992 interpositione
2468 4922 2828 4993 conﬁrmans,
2871 4929 2940 4984 ab
2975 4928 3406 4986 adversariorum
3436 4931 3525 4986 ob‘

233 5005 382 5060 aliud
408 5007 729 5062 orthodoxa;
758 5005 880 5064 ﬁdei
905 5008 1108 5065 dixisse
1135 5011 1485 5078 contrarium,
1526 5012 1617 5067 illa
1642 5014 1822 5068 omnia
1921 5010 2164 5081 jectione
2189 5022 2473 5084 purgatum
2499 5017 2837 5087 pronuntiari
2864 5017 2990 5075 fecit
3011 5020 3402 5088 orthodoxam;
3426 5036 3524 5092 per

229 5112 355 5168 qua:
382 5106 548 5154 recta:
577 5098 720 5154 ﬁdei.
742 5101 1014 5156 contraria
1043 5099 1113 5156 ad
1137 5099 1327 5158 Marim
1357 5102 1574 5159 Persam
1599 5105 1825 5174 epistola

229 5189 569 5256 continebat,
594 5197 648 5246 et
675 5192 744 5246 ab
772 5189 1098 5247 adversariis
1137 5192 1205 5246 ad
1236 5192 1693 5263 impugnationem
1720 5193 1825 5250 Ibae

231 5282 474 5352 episcopi
503 5282 631 5352 quia
660 5285 727 5338 ab
757 5297 824 5338 eo
853 5282 998 5338 dicta
1047 5285 1245 5339 fuerint
1284 5285 1621 5354 ﬁngebantur
1646 5288 1830 5342 exclu-

229 5374 362 5429 dere
403 5373 570 5448 [forte
595 5372 988 5445 excluderent],
1035 5384 1092 5430 et
1121 5377 1464 5445 negationem
1494 5393 1646 5434 suam
1687 5379 1826 5435 idem

229 5465 350 5521 [has
369 5467 660 5538 episcopus
683 5467 736 5521 in
764 5481 870 5537 qua
885 5466 1051 5538 paulo
1075 5476 1202 5524 ante
1215 5467 1424 5523 dixerat
1450 5471 1568 5542 quia
1584 5482 1632 5524 et
1655 5470 1718 5526 ob
1741 5474 1821 5527 his

222 5572 344 5627 quc
377 5558 505 5611 mihi
540 5557 692 5612 illata
721 5565 841 5612 sunt
869 5558 1075 5612 alienus
1105 5560 1293 5625 exislo,
1321 5561 1660 5629 apertissime
1687 5580 1817 5620 con-

227 5652 489 5704 ﬁrmaret.

297 5736 461 5794 XXII.
495 5739 648 5796 lianc
687 5754 819 5810 ergo
847 5739 1242 5797 Edessenorum
1291 5743 1610 5800 clericorum
1660 5744 1817 5814 legati

231 5829 543 5898 apostolica:
591 5829 736 5886 sedis
780 5838 908 5887 ante
962 5831 1162 5921 oculos
1201 5833 1462 5892 habentes
1509 5830 1817 5908 epistolam,

636 5916 907 5985 ιἈτιιοι..
955 5927 1094 5991 LXI
1110 5916 1186 5990 Χ.

1929 5102 2073 5159 illam
2101 5104 2168 5159 ad
2198 5104 2386 5161 Marim
2418 5105 2658 5178 Persam,
2687 5123 2848 5179 quam
2879 5110 3020 5166 inter
3039 5127 3136 5167 eos
3161 5112 3253 5183 qui
3279 5127 3386 5168 non
3407 5129 3525 5170 cre-

1929 5196 2063 5252 dunt
2090 5199 2227 5254 sicut
2267 5199 2322 5254 in
2347 5197 2613 5268 Ephesina
2645 5203 2816 5274 prima
2863 5204 3069 5276 synodo
3097 5202 3328 5276 Cyrillus
3355 5220 3525 5277 eXpo-

1928 5291 2066 5357 suit,
2127 5302 2313 5348 sancta
2360 5291 2817 5351 Chalcedonensis
2876 5295 3112 5367 synodus
3166 5297 3526 5354 anathematis

1931 5397 2087 5453 pinna
2119 5385 2401 5453 percussit,
2435 5401 2502 5440 an
2529 5400 2627 5457 per
2658 5385 2802 5442 illam
2830 5383 3242 5454 Edessenorum,
3274 5403 3393 5459 qua:
3433 5406 3527 5446 eo-

1930 5472 2174 5528 rumdem
2226 5475 2444 5530 Patrum
2493 5475 2695 5546 judicio
2740 5491 3064 5540 consonans,
3097 5477 3176 5533 eis
3205 5481 3382 5549 magni
3434 5483 3525 5552 qui

1929 5563 2130 5633 aliquid
2159 5573 2346 5620 contra
2379 5565 2539 5620 ﬁdem
2567 5565 2891 5620 catholicam
2931 5565 3232 5623 dicentibus
3279 5585 3522 5624 commu-

1931 5657 2112 5711 nicant
2134 5657 2324 5727 inﬁigit
2350 5657 2654 5713 anathema.
2683 5658 2810 5726 Qua:
2830 5659 3009 5714 omnia
3039 5661 3199 5714 etiam
3231 5662 3520 5717 interlocu-

1932 5745 2061 5800 tioni
2108 5745 2326 5802 Maximi
2364 5747 2684 5805 Antiocheni
2714 5749 2948 5822 episc0pi
2997 5751 3288 5806 convenire
3328 5752 3523 5808 eadem

1928 5852 2049 5910 qua:
2076 5837 2305 5900 disserta
2333 5850 2416 5902 est
2443 5840 2674 5902 veritate
2700 5843 3052 5917 perspicitur;
3081 5842 3172 5911 qui
3203 5844 3518 5916 rescriptum

3009 5934 3048 5991 6
