4032 6190
444 264 536 320 ΠΙ

1658 254 1877 318 νιοιιιί
1912 256 2019 318 PP.
2048 260 2533 320 CONS'I‘ITUTUM

3629 260 3737 317 na
3822 240 3829 241 “

437 378 680 449 epistola:
711 374 1054 441 nominando,
1089 388 1197 429 non
1227 373 1295 445 de
1324 372 1413 428 illa
1453 373 1521 429 ad
1558 373 1747 429 Marini
1791 373 2032 440 Persam,
2065 382 2117 441 Α
2140 374 2250 431 vim
2292 374 2503 431 idonea:
2527 373 2863 447 probationis
2892 373 3201 446 exprimens
3248 374 3388 446 (Act.
3440 373 3550 445 10),
3607 384 3736 444 post

438 470 535 529 sed
589 470 658 526 de
710 468 1104 526 Edessenorum
1150 465 1473 522 clericorum
1522 466 1751 536 epistola
1807 468 2038 525 sensisse

438 571 794 622 monstratur.
824 558 1109 629 Quomodo
1149 559 1294 614 enim
1339 558 1407 614 de
1454 559 1685 631 epistola
1732 560 1801 615 ad
1848 559 2040 616 Marim

446 659 683 722 Persam,
710 673 741 713 a
772 671 878 727 qua
906 655 1135 728 primam
1165 652 1493 724 Ephesinam
1521 654 1790 726 synodum
1815 662 1874 710 et
1897 654 2039 710 beati

443 751 628 824 (ἰγνίΗί
658 750 769 806 illic
796 748 1141 821 prtedicatam
1170 753 1379 802 certum
1403 753 1487 801 est
1515 745 1815 816 impugnari
1838 744 2041 802 doctri-

447 858 570 897 nam
599 884 614 910 ,
681 840 885 911 aliquid
952 844 1287 895 memoratus
1352 837 1616 894 Maximus
1679 837 2042 894 orthodoxum

443 936 643 991 dixisse
668 931 935 1005 putandus
957 937 1062 1000 est,
1084 931 1199 1002 qui,
1228 929 1369 987 sicut
1393 945 1554 1002 supra
1584 930 1742 1002 plene
1764 928 1876 1000 jam
1906 928 2044 984 dixi-

444 1044 585 1097 mus,
613 1027 739 1083 dum
767 1025 835 1081 de
882 1023 1192 1096 recipienda
1239 1023 1414 1079 beata:
1462 1021 1853 1079 recordationis
1893 1034 2042 1093 papae

447 1120 641 1182 Leonis
670 1115 896 1188 epistola
926 1122 1266 1183 censeretur,
1294 1128 1414 1168 eam
1443 1112 1513 1168 ob
1536 1113 1640 1168 hoc
1680 1109 2044 1181 recipiendam

444 1208 633 1265 statuit
670 1208 799 1278 quia
846 1206 993 1263 beati
1025 1203 1213 1278 Cyrilli
1254 1205 1307 1260 in
1355 1202 1572 1273 Epheso
1615 1202 1876 1279 expositae
1922 1199 2046 1256 ﬁdei

444 1299 784 1365 conveniret,
813 1295 1044 1353 dicendo
1087 1297 1159 1351 ita
1191 1296 1327 1364 (Act.
1370 1294 1427 1366 4)
1457 1312 1470 1349 :
1504 1292 1797 1348 Concordat
1825 1292 2046 1364 epistola

444 1391 759 1449 sanctissimi
790 1386 1165 1459 archiepiscopi
1205 1386 1362 1458 regia:
1392 1383 1573 1439 Rome
1622 1382 1815 1439 Leonis
1841 1382 2047 1454 exposi—

449 1484 671 1543 tionibus
694 1489 1035 1540 trecentorum
1060 1479 1236 1535 decem
1262 1488 1314 1534 et
1341 1489 1457 1534 octo
1492 1476 1632 1548 apud
1658 1474 1896 1531 Nicaaam
1919 1491 2046 1528 san-

447 1585 649 1635 ctorum
675 1575 923 1640 Patrum,
940 1582 991 1626 et
1011 1580 1215 1626 centum
1234 1569 1612 1643 quinquaginta
1633 1565 1774 1638 apud
1794 1564 2049 1620 Constan-

450 1669 724 1740 tinopolim
752 1682 937 1722 novam
966 1662 1210 1727 Romam,
1240 1670 1292 1716 et
1317 1661 1373 1715 in
1406 1657 1620 1731 Epheso
1649 1674 1684 1710 a
1713 1654 2046 1711 sanctissimo

452 1760 653 1835 Cyrillo
700 1760 941 1831 episcopo
987 1755 1240 1827 exposita:
1275 1752 1433 1825 ﬁdei;
1477 1759 1530 1806 et
1571 1747 1877 1820 subscripsi.
1917 1744 2051 1813 Quis

454 1854 621 1924 igitur
650 1850 730 1907 sic
756 1865 789 1905 a
815 1848 982 1907 totius
1008 1843 1360 1903 humanitatis
1385 1841 1600 1898 ratione
1619 1840 1889 1913 sepositus
1909 1837 2053 1892 inve-

459 1945 601 1998 nitur
631 1950 690 1997 ut
716 1940 907 1997 credat
931 1939 1077 1994 hunc
1105 1934 1446 1991 sacerdotem
1475 1933 1531 1988 in
1557 1947 1719 1989 causa
1747 1929 1834 1987 vel
1860 1926 2053 1985 defini-

454 2038 603 2093 tione
643 2031 769 2089 ﬁdei
807 2032 882 2087 ita
924 2030 1025 2085 sibi
1062 2028 1335 2085 exstitisse
1376 2025 1709 2083 contrarium
1736 2030 1796 2079 ut
1821 2021 1913 2092 qni
1944 2028 2055 2074 tam

457 2123 700 2198 pneclari
726 2119 998 2194 pontificis
1018 2128 1180 2189 atque
1200 2117 1455 2187 doctoris,
1486 2115 1538 2172 id
1563 2122 1647 2171 est
1665 2114 1812 2170 beati
1835 2112 2056 2180 Leonis,

456 2216 739 2291 epistolam
766 2220 954 2285 aperte
979 2212 1069 2283 pia
1090 2210 1343 2279 dogmata
1371 2207 1741 2264 continentem
1771 2203 1918 2259 beati
1946 2202 2057 2274 Cy-

457 2307 561 2365 rilli
583 2322 703 2381 qum
725 2307 780 2362 in
803 2304 1018 2377 Epheso
1039 2310 1123 2358 est
1144 2300 1390 2372 exposita
1410 2294 1778 2368 comparando
1800 2293 2058 2350 doctrinae

459 2398 717 2470 iudicavit
755 2393 1142 2458 orthodoxam,
1177 2391 1319 2447 illius
1365 2387 1674 2445 econtrario
1703 2384 1943 2459 epistola:
1971 2398 2062 2438 or-

462 2489 756 2544 thodoxum
818 2485 1025 2542 diceret
1079 2498 1201 2539 esse
1260 2482 1563 2552 scriptum,
1613 2476 1760 2547 quod
1808 2474 2060 2531 hmretiea

461 2595 598 2649 voce
644 2579 762 2649 ipsa
798 2576 945 2632 beati
992 2573 1176 2646 Cyrilli
1219 2571 1475 2641 dogmata
1506 2569 1727 2624 molitur
1773 2565 2062 2622 evertere?

467 2669 604 2727 Cum
628 2679 760 2737 ergo
808 2662 1142 2735 impossibile
1183 2660 1255 2716 sit
1284 2658 1454 2715 videri
1495 2673 1661 2714 unum
1706 2657 2063 2724 eamdemque

463 2758 696 2831 iudicem
724 2757 779 2812 in
807 2754 1121 2812 deﬁnitione
1163 2751 1287 2808 ﬁdei
1328 2757 1424 2806 aut
1463 2749 1734 2821 respuisse
1773 2747 1918 2819 quod
1960 2745 2065 2803 sibi

465 2849 668 2923 'placuit
694 2855 787 2905 aut
816 2838 957 2903 idem
986 2844 1087 2901 sibi
1121 2844 1306 2900 dicere
1354 2842 1623 2912 placuisse
1648 2840 1794 2910 quod
1838 2839 2062 2910 respuit,

465 2954 689 2999 necesse
708 2943 794 2994 est
820 2945 879 2992 ut
907 2935 1158 2992 omnibus
1185 2933 1388 2990 clareat
1418 2947 1526 2988 non
1555 2946 1679 2987 eum
1714 2930 1785 2987 dc
1830 2931 1917 2985 illa
1945 2930 2064 3000 epi-

466 3035 604 3092 stola
623 3032 692 3087 ad
718 3030 904 3087 Marim
932 3027 1171 3093 Persam,
1200 3024 1296 3082 sed
1316 3025 1384 3080 de
1413 3024 1514 3080 ista
1545 3024 1726 3095 potius
1755 3021 1877 3077 Ede
1898 3036 2063 3077 seno-

468 3141 608 3194 rum,
652 3138 773 3196 quae
822 3121 1091 3193 posterius
1138 3119 1280 3175 lecta
1326 3125 1428 3185 est,
1470 3117 1595 3188 quia
1636 3116 1707 3172 sit
1741 3115 1859 3186 ejus
1885 3114 2068 3170 ortho-

467 3220 606 3276 doxa
635 3216 908 3272 declarata
936 3210 1159 3268 dictatio
1188 3210 1488 3267 censuisse.

518 3307 727 3364 ZXXlll.
759 3305 868 3361 Nec
895 3304 1096 3374 aliquid
1123 3299 1403 3376 [aliquem]
1433 3306 1652 3361 moveat
1680 3297 1811 3356 illud
1838 3297 1982 3368 quod
2012 3297 2063 3353 in

465 3402 663 3459 eadem
692 3395 1101 3455 interlocutione
1130 3401 1461 3449 memoratur
1483 3391 1804 3461 rescriptum
1824 3389 2081 3460 epistolm-

471 3491 618 3564 quod
640 3489 908 3562 prolattun
935 3494 1018 3542 est
1046 3484 1114 3539 ab
1143 3499 1210 3541 eo
1238 3484 1331 3554 qui
1361 3484 1478 3555 ejus
1503 3481 1843 3537 adversarius
1862 3480 2062 3546 existit,

473 3593 532 3639 ut
563 3600 632 3640 ex
672 3582 755 3637 his
792 3579 993 3647 verbis,
1039 3578 1180 3634 sicut
1228 3576 1428 3632 inimici
1468 3574 1782 3630 orthodoxa:
1826 3571 1949 3628 ﬁdei
1999 3571 2065 3626 ad

474 3673 887 3746 impugnandam
935 3669 1164 3741 primam
1214 3666 1540 3738 Ephesinam
1585 3664 1847 3736 synodum
1898 3660 2065 3717 astrui

472 3769 714 3841 cupiunt,
744 3765 897 3836 quasi
925 3763 993 3817 de
1023 3763 1111 3816 illa
1141 3776 1260 3829 quae
1281 3759 1349 3815 ad
1377 3758 1564 3813 Marim
1617 3756 1835 3812 Persam
1874 3756 2067 3825 legitur

472 3858 722 3918 epistola.
754 3870 915 3926 quam
944 3860 1132 3910 contra
1171 3849 1316 3905 lbam
1348 3850 1659 3920 episcopum
1704 3848 1757 3902 in
1806 3846 1983 3902 Photii
2013 3855 2070 3902 et

477 3948 739 4004 Ensthatii
765 3945 964 4015 judicio
990 3942 1106 4021 ejus
1144 3940 1438 3996 adversarii
1466 3938 1823 4010 protulerunt,
1866 3937 2065 3992 intelli-

475 4049 629 4111 gatur
659 4039 732 4092 ita
778 4035 1068 4089 Maximum
1114 4031 1513 4088 Antiochenam
1560 4029 1876 4100 episcopum
1915 4026 2066 4098 judi»

479 4147 655 4188 casse.
689 4128 843 4197 Quod
873 4128 1033 4196 longe
1062 4127 1128 4181 ab
1158 4124 1399 4194 ejusdem
1427 4122 1641 4181 Maximi
1674 4137 1794 4178 esse
1821 4121 2069 4177 sensibus

479 4211 712 4278 alie'num
735 4218 979 4291 superius
1008 4216 1202 4272 idonea
1229 4222 1283 4271 et
1311 4213 1591 4284 multiplici
1628 4212 1841 4268 ratione
1880 4212 2071 4283 proba-

477 4315 672 4371 vimus.
704 4312 835 4368 Nam
867 4308 995 4366 illud
1018 4308 1162 4381 quod
1212 4308 1281 4364 ab
1331 4306 1639 4363 adversario
1665 4304 1783 4376 ejus
1809 4305 2066 4377 scriptum

481 4406 750 4479 prolatum
793 4403 1010 4459 nomina
1049 4400 1212 4474 [forte
1247 4396 1509 4470 nominat]
1539 4397 1610 4453 de
1637 4397 1740 4454 ista
1771 4395 2069 4452 Edesseno-

2144 466 2399 523 relectam
2422 462 2816 521 Edessenorum
2860 465 3146 535 epistoiam
3189 464 3510 521 clericorum
3552 481 3622 523 ex
3649 468 3738 524 h'u

2142 555 2344 612 chartis
2383 570 2520 627 quas
2548 555 2887 610 adversarius
2927 555 3224 626 protulerat
3259 566 3536 613 ostensum
3585 555 3736 614 Ibam

2144 646 2516 717 pronuntiavit
2541 646 2927 702 orthodoxum.
2960 644 3031 702 Ut
3055 656 3238 702 autem
3278 648 3491 719 plenius
3515 658 3741 706 conten-

2145 734 2266 790 tiosi
2295 734 2673 790 hmrcticorum
2708 734 2875 789 animi
2912 742 3256 805 superentur,
3287 736 3514 794 diversis
3561 740 3742 795 modis

2143 807 2447 878 ostenditu'r
2489 822 2631 878 hanc
2658 821 3053 880 Edessenorum
3100 825 3387 896 epistolam
3434 841 3544 882 non
3591 828 3741 883 velut

2145 929 2339 969 novam
2379 914 2432 969 in
2461 913 2887 971 Chalcedonensi
2934 915 3165 971 concilio
3201 917 3270 973 ab
3311 917 3404 974 Iba
3445 921 3739 990 prolatam,

2144 1001 2237 1059 sed
2264 1002 2395 1058 olim
2426 1002 2619 1061 Photio
2647 1013 2704 1061 et
2746 1003 3029 1061 Eustathio
3058 1006 3328 1077 episcopis
3373 1012 3740 1067 contraditam

2144 1099 2203 1149 et
2227 1109 2415 1150 eorum
2441 1098 2608 1164 gestis
2654 1096 2931 1152 insertam.
2983 1096 3163 1154 Primo
3203 1100 3345 1156 enim
3375 1117 3445 1157 ex
3483 1118 3551 1160 eo
3591 1107 3742 1175 quod

2147 1192 2391 1256 tempore
2414 1185 2603 1257 judicii
2632 1187 2701 1242 ad
2730 1202 2826 1243 eos
2853 1187 2979 1244 data
3012 1189 3234 1260 legitur,
3264 1192 3344 1247 eis
3370 1193 3440 1248 ad
3480 1210 3621 1265 quos
3658 1198 3740 1252 di-
3808 1182 3811 1183 ν

2145 1284 2295 1332 recta
2319 1285 2402 1333 est
2430 1277 2626 1332 tradita
2655 1278 2804 1334 nullo
2849 1280 3013 1335 modo
3050 1281 3352 1349 dubitatur;
3383 1286 3584 1357 quippe
3614 1302 3741 1345 cum

2148 1366 2203 1421 in
2230 1383 2418 1423 eorum
2437 1367 2641 1437 judicio
2666 1385 2763 1439 per
2782 1385 2902 1425 eam
2925 1370 3044 1426 lbas
3065 1372 3131 1426 ad
3154 1375 3523 1442 purgationem
3550 1393 3741 1438 eorum

2146 1472 2268 1529 qua:
2292 1458 2507 1528 .objecta
2533 1457 2747 1515 fuerant
2768 1459 3057 1530 indiguerit
3083 1461 3344 1532 adjuvari.
3375 1464 3577 1522 Deinde
3593 1470 3742 1537 quod

2146 1549 2204 1604 in
2248 1549 2437 1605 eadem
2465 1550 2693 1621 epistola
2738 1552 2961 1622 petiisse
2998 1568 3030 1607 a
3072 1556 3385 1612 memoratis
3438 1556 3633 1615 Photio
3684 1569 3744 1620 et

2148 1637 2430 1696 Eustathio
2474 1643 2768 1713 impensius
2803 1642 3060 1700 Edesseni
3096 1647 3277 1703 clerici
3328 1649 3640 1720 releguntur
3683 1665 3746 1712 ut

2151 1732 2262 1787 suis
2286 1747 2406 1787 eam
2434 1742 2686 1789 curarent
2711 1734 2876 1803 gestis
2926 1735 3194 1806 inserere;
3225 1740 3371 1809 quod
3401 1741 3514 1797 fieri
3543 1745 3744 1802 niltilo-
3767 1777 3782 1787 ο

2159 1824 2337 1881 minus
2376 1833 2432 1881 et
2477 1825 2591 1897 ipse
2621 1825 2810 1895 judicii
2833 1825 2969 1882 ordo
3000 1829 3278 1898 poscebat.
3321 1830 3452 1899 Qua:
3491 1834 3563 1890 ita
3591 1844 3749 1906 gesta

2157 1927 2264 1967 non
2294 1913 2467 1969 solum
2496 1915 2695 1970 veritas
2725 1918 3006 1987 praesentis
3032 1919 3460 1980 ratiocinationis
3486 1928 3746 1996 ostendit,

2155 1998 2251 2060 sed
2279 2013 2334 2059 et
2371 2004 2539 2076 ipsius
2567 2005 2669 2061 lbze
2699 2014 2927 2062 testatur
2962 2011 3209 2081 superius
3236 2021 3295 2070 et
3348 2013 3401 2069 in
3447 2016 3750 2075 Chalcedo-

2157 2097 2312 2152 nensi
2340 2096 2546 2169 synodo
2576 2105 2633 2152 et
2678 2098 2730 2152 in
2770 2097 2948 2155 Photii
2976 2111 3138 2172 atque
3183 2101 3449 2162 Eustathii
3494 2112 3753 2168 examine

2157 2187 2474 2259 deprompta
2515 2188 2798 2259 professio.
2838 2190 3113 2263 Siquidem
3153 2205 3398 2253 sanctum
3444 2180 3756 2260 Chalcedo-

2159 2292 2328 2333 nense
2356 2278 2640 2333 concilium
2678 2280 2964 2351 episcopus
3004 2281 3122 2339 lbas
3166 2285 3457 2356 ingressus,
3504 2291 3634 2348 dum
3691 2310 3767 2351 se

2161 2369 2354 2424 asserit
2380 2368 2689 2425 absolutum
2720 2370 2897 2426 Photii
2927 2381 2983 2428 et
3006 2371 3271 2432 Eustathii
3311 2383 3626 2453 constituto,
3673 2386 3759 2444 ita

2161 2461 2291 2517 dicit
2316 2460 2453 2534 (Act.
2497 2462 2591 2535 9):
2630 2462 2773 2519 Nunt
2810 2476 2859 2519 et
2906 2483 3084 2523 omnes
3124 2470 3297 2526 clerici
3333 2472 3604 2545 Edesseni,
3653 2497 3764 2551 ρει-

2161 2569 2288 2624 quos
2314 2554 2630 2625 scripserunt
2652 2557 2887 2627 praefatis
2922 2558 3195 2631 episcopis,
3227 2570 3483 2619 testantur
3529 2584 3610 2622 mc
3636 2585 3763 2625 esse

2163 2644 2509 2699 catholicum:
2539 2646 2830 2702 ostendens
2860 2649 3043 2718 utique
3080 2651 3147 2705 ad
3187 2668 3284 2710 eos
3314 2656 3569 2726 scriptum
3597 2668 3656 2714 et
3694 2662 3760 2716 in

2164 2736 2376 2793 illorum
2399 2736 2514 2807 jam
2537 2737 2742 2808 judicio
2772 2739 3172 2799 Edessenorum
3201 2745 3523 2804 clericorum
3552 2753 3762 2808 rescri-

2164 2839 2258 2901 pto
2284 2846 2344 2886 se
2372 2832 2439 2885 ab
2469 2830 2697 2901 objectis
2726 2834 2974 2890 omnibus
3002 2835 3311 2893 absolutum
3341 2847 3398 2894 et
3421 2842 3762 2901 catholicum

2165 2920 2518 2975 declaratum.
2546 2922 2750 2979 Deinde
2771 2924 2897 2979 dum
2927 2925 2981 2980 in
3011 2925 3101 2981 illa
3127 2937 3281 2997 parte
3304 2938 3576 2998 gestorum
3607 2935 3763 3003 apud

2166 3008 2417 3065 Pbotium
2446 3017 2503 3065 et
2529 3009 2868 3069 Eustathium
2895 3013 3223 3086 habitorum,
3251 3030 3434 3086 quam,
3464 3028 3524 3074 ut
3548 3021 3764 3081 dictum

2170 3112 2273 3171 est,
2312 3112 2505 3161 contra
2550 3121 2675 3162 eum
2727 3107 3014 3167 adversarii
3054 3109 3219 3180 relegi
3270 3112 3594 3182 petiverunt,
3642 3126 3767 3174 tres

2170 3206 2332 3252 testes
2357 3211 2496 3268 quos
2536 3198 2589 3251 in
2632 3196 2811 3254 l’hotii
2839 3208 2895 3254 et
2932 3198 3200 3257 Eustathii
3239 3201 3445 3272 judicio
3490 3204 3767 3264 adversus

2168 3302 2292 3341 cum
2347 3286 2641 3343 adversarii
2694 3288 2995 3361 producere
3032 3290 3370 3361 nitebantur,
3425 3304 3765 3355 memoratus

2168 3381 2451 3449 episcopus
2486 3381 2823 3451 reprobarct,
2857 3381 2930 3436 ita
2959 3381 3093 3436 dixit
3124 3383 3262 3452 (Act.
3295 3382 3418 3452 i0):
3446 3382 3546 3442 Est
3584 3387 3766 3446 clerus

2168 3481 2342 3526 noster
2359 3470 2610 3542 plurimus
2632 3470 2769 3544 [plus
2799 3470 2988 3542 minus]
3013 3474 3277 3528 nominum
3307 3474 3635 3532 ducentorum
3661 3490 3766 3535 aut

2166 3564 2445 3635 plurimum
2465 3580 2484 3619 :
2518 3580 2680 3635 neque
2705 3566 2843 3618 enim
2883 3566 3077 3619 retineo
3105 3581 3391 3622 numerum.
3423 3567 3614 3625 Omnes
3644 3571 3765 3626 elc-

2167 3655 2261 3708 rici
2291 3655 2463 3709 testati
2485 3664 2602 3710 sunt
2622 3655 2727 3708 sive
2755 3654 3073 3710 ortltodoxus
3093 3656 3210 3724 sim,
3242 3658 3346 3714 sine
3383 3658 3671 3727 htcreticus,
3700 3672 3765 3717 et

2167 3763 2257 3818 per
2281 3747 2632 3818 confessiones
2662 3748 2903 3819 scriptas,
2924 3765 3038 3820 qua:
3064 3761 3113 3802 et
3142 3750 3352 3825 directae
3377 3760 3498 3807 sunt
3532 3754 3765 3809 sanctis-

2166 3839 2298 3893 simo
2325 3840 2565 3910 episcopo
2594 3838 2821 3905 Damno,
2846 3848 2895 3893 et
2923 3840 2993 3893 ad
3018 3851 3236 3894 vestram
3268 3845 3601 3898 reverentiam
3621 3847 3765 3899 scri-

2169 3937 2400 4008 pserunt.
2426 3928 2489 3985 Si
2510 3939 2761 3987 consonat
2790 3939 3051 3985 tantorum
3070 3932 3421 3986 testimonium
3456 3934 3765 3990 clericorurn

2171 4022 2352 4089 tribus,
2384 4024 2518 4077 sicut
2541 4022 2668 4077 dicit
2696 4024 2829 4093 ipse,
2862 4023 3074 4077 testibus
3103 4025 3190 4096 qui
3219 4040 3334 4079 cum
3360 4026 3485 4096 ipsis
3510 4036 3765 4083 uenerant!

2169 4118 2238 4170 ad
2265 4117 2615 4172 accusandum
2634 4118 2686 4172 in
2718 4115 3238 4190 Constantinopolim,
3265 4130 3314 4175 et
3334 4137 3468 4175 nunc
3490 4138 3605 4176 cum
3628 4123 3767 4193 ipsi.

2166 4207 2415 4275 existunt,
2445 4217 2663 4262 uestrum
2704 4217 2782 4262 est
2813 4209 3072 4279 judicare.
3115 4208 3193 4268 Ex
3223 4226 3330 4281 quo
3353 4211 3629 4268 evidenter
3654 4228 3761 4284 ap-

2168 4307 2325 4371 paret
2353 4300 2425 4355 ita
2454 4314 2579 4356 eum
2610 4301 2662 4355 in
2693 4300 2808 4373 ipso
2834 4299 3011 4356 Photii
3050 4311 3104 4357 et
3151 4301 3415 4359 Eustathii
3457 4304 3660 4374 judicio
3685 4307 3766 4363 ad

2169 4394 2526 4453 conlutandos
2554 4402 2721 4452 testes
2748 4396 2818 4451 ab
2846 4395 3155 4452 adversario
3197 4396 3572 4468 producendos
3597 4401 3765 4456 cleri-

480 4515 597 4556 rum
623 4499 941 4555 clericorum
967 4495 1169 4553 dictum
1198 4508 1321 4551 esse
1361 4508 1470 4549 non
1514 4492 1736 4549 dubium
1783 4500 1885 4548 est.
1933 4490 2066 4546 Cum
2098 4530 2145 4589 υ
2170 4501 2356 4544 eorum
2388 4485 2781 4544 Edessenorum
2803 4488 3045 4558 epistola:
3065 4487 3255 4547 fecisse
3284 4491 3594 4547 memoriam
3623 4502 3761 4548 utet

480 4588 623 4646 enim
647 4589 777 4644 nihil
806 4587 950 4643 aliud
978 4586 1307 4657 Theophilus
1334 4584 1671 4640 adversarius
1699 4582 1803 4638 [hee
1824 4581 2064 4654 episcopi

481 4691 671 4739 contra
699 4694 821 4737 eum
840 4681 905 4735 in
937 4677 1361 4736 Chalcedonensi
1388 4676 1595 4750 synodo
1617 4675 1718 4733 nisi
1747 4685 1897 4744 gesta
1922 4672 2067 4745 apud

484 4773 734 4830 Photium
762 4780 818 4827 et
864 4769 1199 4827 Eustalbium
1238 4768 1419 4823 habita
1460 4767 1792 4838 protulisset,
1843 4773 1900 4822 et
1948 4780 2069 4821 eam

468 4873 688 4937 partem
718 4870 1012 4934 gestorum,
1043 4867 1104 4916 ut
1125 4850 1404 4916 evidenter
1426 4866 1677 4930 apparet,
1702 4860 1755 4914 in
1779 4872 1885 4928 qua
1906 4858 2075 4929 conti—

484 4955 711 5011 nebatur
737 4951 1135 5009 Edessenorum
1180 4949 1409 5021 epistola
1454 4947 1774 5005 clericorum
1810 4945 2074 5001 malevole

482 5044 844 5115 supprimens,
877 5040 1020 5095 illam
1048 5047 1254 5096 tantum
1284 5054 1382 5110 per
1408 5052 1570 5109 quam
1604 5036 1815 5108 gravari
1855 5035 2076 5107 putabat

472 5128 627 5188 "Ibam
660 5133 974 5205 episcopum
1022 5129 1186 5185 fuisse
1236 5128 1456 5186 fecisset
1499 5127 1736 5192 recitari,
1787 5135 1916 5205 tunc
1957 5124 2079 5183 lbas

487 5202 805 5296 episcopus,
865 5230 924 5278 ut
979 5236 1103 5278 eum
1155 5220 1462 5278 evidentius
1509 5226 1812 5287 constaret,
1853 5202 2072 5294 [aliquid

487 5312 654 5386 deest]
687 5328 756 5369 ex
797 5314 930 5386 ipsis
967 5327 1088 5385 quae
1124 5311 1192 5368 ab
1242 5310 1432 5368 eodem
1485 5310 1797 5368 adversario
1852 5311 2074 5382 prolatae

486 5402 700 5459 fuerant
734 5404 958 5473 Chattis,
1008 5405 1156 5461 illam
1208 5412 1416 5472 partem
1469 5403 1539 5460 ab
1591 5419 1659 5460 eo
1708 5401 2076 5459 fraudulenter

491 5495 752 5554 omissam
782 5495 947 5564 relegi
972 5497 1126 5567 petiit
1157 5511 1254 5567 per
1282 5512 1442 5568 quam
1474 5496 1565 5552 illa
1590 5496 1818 5568 epistola
1842 5512 1962 5567 qua:
1989 5497 2079 5551 ad-

489 5600 678 5642 versus
694 5597 821 5638 eum
851 5582 987 5638 lecta
1017 5584 1190 5641 fuerat
1209 5588 1469 5657 probatur
1496 5586 1734 5654 exclusa,
1765 5594 1824 5642 ut
1852 5602 1948 5657 per
1976 5587 2079 5641 hoc

486 5676 632 5753 quod
660 5677 775 5749 ipse
794 5674 1133 5734 adversarius
1156 5677 1486 5749 Theophilus
1508 5680 1805 5750 protulerat
1831 5681 2076 5735 convinci

488 5770 762 5832 efﬁcacius
788 5776 1197 5828 monstraretur.
1229 5766 1382 5828 Unde
1404 5780 1462 5829 et
1502 5769 1766 5829 Maximus
1794 5770 2080 5842 episcopus

2170 4594 2291 4634 eam
2335 4577 2602 4648 judicibus
2636 4579 2750 4649 jam
2781 4580 3028 4636 traditam
3056 4582 3467 4649 demonstraret,
3498 4593 3553 4639 et
3579 4600 3645 4639 ex
3670 4601 3771 4649 eq.

2169 4672 2318 4742 gnito
2348 4670 2536 4727 iisdem
2560 4671 2831 4742 judicibus
2853 4672 3017 4730 totius
3037 4673 3289 4729 Edesseni
3317 4675 3445 4730 cieri
3470 4676 3765 4746 rescripto.

2173 4776 2467 4831 paucorum
2496 4759 2818 4817 clericorum
2848 4761 3091 4831 exigeret
3128 4777 3236 4818 non
3277 4762 3474 4819 debere
3501 4766 3754 4823 testiﬁca-

2176 4851 2349 4906 tiones
2378 4849 2608 4906 admitti.
2640 4846 2794 4904 Unde
2817 4849 3037 4905 minime
3054 4850 3328 4908 dubitatur
3354 4868 3452 4924 per
3475 4853 3620 4910 illam
3635 4870 3765 4926 par-

2175 4951 2282 4998 tem
2310 4951 2586 5012 gestorum
2615 4940 2778 4997 fuisse
2800 4941 2869 4997 ab
2895 4940 3216 4999 adversariis
3236 4957 3305 4999 ex
3327 4943 3506 5001 studio
3531 4954 3763 5016 praeter-

2175 5034 2391 5089 missam
2438 5032 2493 5087 in
2545 5046 2653 5102 qua
2699 5030 3095 5087 Edessenorum
3143 5032 3464 5091 clericorum
3518 5052 3618 5106 pro
3670 5037 3764 5094 Iba

2173 5126 2366 5181 litterm
2396 5124 2719 5180 tenebantur
2744 5123 2981 5193 inserte,
3007 5132 3063 5181 et
3100 5123 3247 5181 Ibam
3291 5130 3592 5185 necessarie
3617 5130 3766 5188 hanc

2177 5217 2346 5288 ipsam
2376 5214 2770 5272 Edessenorum
2797 5214 3082 5286 epistolam
3110 5230 3178 5271 ex
3206 5231 3268 5273 ea
3298 5227 3452 5289 parte
3474 5234 3593 5290 quae
3631 5236 3768 5292 sup-

2179 5320 2364 5376 pressa
2406 5303 2579 5360 fuerat
2605 5304 2770 5376 relegi
2798 5304 3118 5377 postulasse,
3150 5322 3215 5365 ac
3239 5320 3526 5381 propterea
3558 5311 3771 5382 episeo-

2138 5468 2151 5482 .
2182 5416 2307 5471 pum
2338 5399 2629 5454 Maximum
2657 5400 3039 5472 pronuntiasse
3067 5418 3137 5458 ex
3173 5404 3377 5463 relecto
3405 5408 3666 5479 rescripto
3692 5408 3770 5467 de

2181 5491 2346 5560 gestis
2365 5490 2434 5545 ab
2455 5490 2764 5549 adversario
2788 5492 3012 5563 prolatis
3031 5493 3199 5564 ipsius
3226 5498 3469 5568 rescripti
3498 5501 3765 5569 epistolae;

2182 5581 2233 5636 id
2262 5592 2363 5648 est,
2396 5580 2812 5647 Edessenorum,
2842 5583 3187 5640 dictationem
3210 5588 3564 5653 orthodoxam
3590 5589 3772 5646 decia-

2181 5683 2371 5728 ratam.
2396 5671 2662 5729 Omissam
2688 5688 2817 5729 vero
2845 5674 2914 5730 ab
2950 5673 3271 5732 adversariis
3317 5678 3463 5735 illam
3489 5690 3773 5749 gestorum

2182 5777 2390 5842 partem
2437 5783 2543 5840 qua
2590 5767 2710 5827 lbas
2739 5768 3027 5841 episcopus
3069 5772 3138 5829 ab
3182 5771 3410 5844 objectis
3461 5772 3772 5843 evidentius
