4000 6186
222 354 319 412 ηδ

1146 340 1282 397 PRO
1310 334 1751 396 DAMNATIONE
1791 329 2003 388 TRIUM
2045 325 2556 384 CAPITULORUM.

3372 320 3474 373 171,

217 467 569 540 purgabatur,
596 472 650 519 et
670 461 795 518 aliis
827 458 1000 515 modis
1019 457 1341 514 ostenditur.
1382 454 1514 509 Nam
1545 454 1598 508 in
1626 449 1813 507 eadem
1847 453 1887 507 Α
1924 443 2270 498 catholicum.
2303 441 2589 540 Rursus-in
2617 437 2806 540 eadem
2827 435 3141 540 defensione
3172 449 3497 540 permanens

218 559 396 614 Photii
426 567 590 627 alque
627 553 894 609 Eustathii
937 551 1224 616 sententia,
1255 562 1361 617 qua
1410 545 1650 602 referunt
1691 545 1808 599 uni-

217 664 373 705 versa
402 661 523 717 qua:
545 647 612 699 ab
648 644 737 699 Iba
765 643 1022 713 episcopo
1053 641 1108 695 in
1137 653 1236 694 suo
1282 638 1480 693 fuerint
1513 644 1632 692 acta
1667 635 1810 704 judi-

214 743 320 806 rio,
346 740 659 795 continetur
689 736 833 806 quod
880 750 1048 805 prone
1091 733 1330 804 sapuerit
1375 730 1496 786 Ibas
1524 731 1811 799 episcopus

217 847 280 886 ex
307 831 514 899 scripto
541 829 671 882 dare
695 825 823 896 quid
846 824 913 880 de
943 825 1027 894 pia
1060 820 1162 878 fide
1189 823 1433 886 sentiret,
1465 827 1521 876 et
1542 836 1609 875 ex
1638 820 1810 875 abun-

215 919 362 974 danti
392 914 943 972 anattematizaverit
970 911 1300 977 Nestorium,
1330 919 1386 966 et
1412 925 1477 965 ea
1507 924 1567 964 se
1609 909 1660 962 in
1703 923 1812 961 suae

217 1012 533 1082 promiserit
589 1007 770 1076 eloqui
823 1006 1056 1062 civitatis
1109 1003 1380 1069 Ecclesia,
1435 1010 1491 1056 et
1544 1001 1649 1055 alia
1695 1015 1814 1071 qum

218 1102 460 1170 ejusdem
498 1099 725 1169 judicati
779 1107 968 1152 tenore
1018 1101 1406 1155 monstrantur.
1457 1093 1587 1160 Quae
1633 1093 1813 1147 omnia

219 1208 342 1262 pars
369 1192 461 1245 illa
493 1203 772 1258 gestorum
803 1204 902 1259 pro
954 1187 1386 1243 adversariorum
1435 1185 1538 1239 lbae
1573 1183 1815 1254 episcopi

221 1295 348 1339 vnto
375 1285 434 1337 in
456 1279 888 1337 Chalcedonensi
924 1279 1131 1350 synodo
1160 1278 1360 1333 relecta
1404 1291 1512 1330 non
1549 1274 1810 1330 continet.

221 1377 381 1434 Gesta
410 1385 596 1431 tamen
627 1376 681 1429 in
725 1373 903 1429 Photii
931 1380 1094 1442 atque
1137 1369 1403 1426 Eustathii
1447 1368 1652 1438 judicio
1698 1383 1818 1423 esse

221 1482 409 1523 eorum
455 1464 722 1520 sententia
749 1462 1071 1518 dedantur.
1117 1459 1221 1516 Per
1245 1460 1389 1529 quod
1443 1467 1656 1516 constat
1702 1459 1820 1516 sine

221 1561 382 1615 dubio
412 1573 511 1614 eas
536 1564 720 1628 partes
749 1557 818 1611 ab
847 1555 1169 1611 adversariis
1211 1554 1480 1611 malitiose
1504 1568 1820 1625 suppressas

219 1665 356 1720 quas
385 1650 632 1705 scribant
657 1647 762 1702 Ibaa
780 1646 1040 1717 episcopo
1068 1646 1296 1717 amplius
1322 1645 1649 1716 profuturas.
1684 1644 1817 1699 Nam

221 1751 278 1796 ut
307 1741 431 1796 haec
461 1739 603 1815 apud
633 1737 885 1795 Photium
913 1746 970 1793 et
1004 1736 1335 1793 Eustathium
1366 1737 1650 1807 episcopos
1685 1736 1819 1791 actis

1913 545 2036 605 post
2090 535 2231 589 illius
2276 535 2342 588 ad
2392 533 2582 587 Marim
2639 530 2855 587 Persam
2905 530 3142 601 epistolae
3191 529 3499 594 lectionem,

1914 625 2080 700 [cum]
2120 625 2516 682 Edesseuorum
2545 624 2862 680 clericorum
2891 638 2990 694 pro
3037 635 3098 678 se
3136 621 3322 692 relegi,
3349 620 3503 690 cujus

1914 730 2057 786 saepe
2084 716 2414 771 mentionem
2444 715 2665 784 fecerat,
2707 713 2987 786 epistolam
3017 712 3360 784 postulasset,
3383 711 3506 782 quis

1914 815 2022 860 tam
2054 805 2243 861 lucida:
2271 805 2512 860 veritatis
2542 806 2884 875 impugnator
2910 804 3108 860 existat
3145 803 3238 874 qui
3286 819 3396 859 non
3436 819 3507 859 ex

1915 899 2070 951 istius
2110 895 2506 952 Edesseuorum
2549 896 2788 966 epistola:
2824 903 2994 960 textu,
3038 910 3135 966 per
3181 909 3342 966 quam
3393 894 3508 964 ipse

1916 996 2197 1042 accusatus
2230 987 2349 1042 lbas
2377 987 2627 1041 aestimari
2662 987 2829 1058 (forte
2855 987 3111 1042 aestimari
3141 986 3230 1058 se]
3259 987 3509 1057 poposcit

1861 1073 1870 1080 ’
1917 1077 2302 1146 orthodoxum,
2327 1095 2357 1132 a
2389 1078 2635 1135 Patribus
2664 1079 3020 1135 orthodoxam
3050 1079 3419 1143 dictationem,
3453 1087 3510 1135 et

1918 1167 2170 1223 eumdem
2199 1168 2343 1222 Ibam
2387 1170 2710 1225 catholicum
2748 1171 3150 1240 pronuntiatum
3199 1168 3362 1226 fuisse
3415 1185 3510 1225 co-

1918 1268 2166 1328 gnoscat,
2192 1260 2288 1315 sed
2318 1260 2456 1314 illius
2487 1262 2727 1331 epistola:
2759 1262 2826 1316 ad
2864 1261 3048 1317 Marim
3097 1263 3314 1317 Persam
3342 1262 3510 1318 dicta-

1920 1347 2118 1404 tionem
2149 1357 2303 1418 putet
2330 1349 2688 1406 orthodoxam
2723 1350 3037 1420 judicatam,
3065 1367 3180 1423 quae
3225 1351 3275 1408 ei
3305 1360 3360 1408 et
3411 1367 3511 1422 pro

1920 1437 2146 1494 crimine
2194 1439 2464 1494 haereseos
2515 1440 2729 1510 objecta
2771 1448 2874 1506 est,
2919 1449 2974 1495 et
3023 1441 3068 1496 si
3122 1440 3239 1510 ejus
3284 1441 3511 1512 probata

1922 1526 2128 1591 fuisset,
2162 1529 2445 1584 hmreticus
2473 1531 2646 1599 potuit
2667 1530 2937 1600 judicari?

1995 1617 2156 1673 XXV.
2199 1619 2384 1688 Itaque
2423 1621 2938 1676 anathematizamus
2985 1631 3146 1690 atque
3197 1623 3514 1681 damnamus

1923 1711 2343 1781 suprascriptum
2401 1713 2682 1782 epistolam
2728 1728 2888 1782 quam
2948 1713 3013 1767 ad
3063 1713 3248 1768 Marim
3297 1712 3515 1769 Persam

220 1835 429 1888 inserta
477 1801 642 1887 fuisse
676 1830 898 1886 minime
926 1829 1217 1891 dubitetur,
1261 1801 1526 1884 Thalassii
1555 1801 1816 1898 vepiscopi
1849 1826 1893 1884 Β
1924 1801 2230 1898 ¹¹³²Γ⁰ίί⁶ξ¹¹¹¹
2261 1804 2541 1898 ξοτῖβςίεδθ
2583 1803 2700 1859 [bas
2729 1803 3069 1873 θοηηηὲίίυνν
3103 1821 3222 1876 qui“
3251 1806 3422 1861 Dem“
3449 1806 3518 1862 de

217 1923 490 1979 Cit-sarem
512 1919 868 1991 Cappadocia:
889 1919 942 1974 in
967 1916 1312 1973 Chalcedona
1341 1917 1628 1973 residentis
1647 1916 1821 1970 mani--

218 2015 384 2067 restat
413 2011 622 2081 absque
643 2007 988 2076 ambiguitate
1014 2005 1303 2073 sententia,
1329 2020 1450 2076 qua:
1477 2013 1598 2076 post
1623 2005 1726 2060 alia
1752 2006 1823 2058 ita

217 2105 355 2158 dicit
379 2121 395 2156 :
433 2101 571 2167 Quia
594 2103 821 2156 maxime
837 2101 994 2178 gestis
1020 2099 1245 2171 suscepit
1270 2108 1326 2153 ut
1363 2100 1827 2154 anathematizarct

218 2195 317 2248 illa
345 2209 469 2265 qua:
495 2194 610 2264 ejus
629 2201 955 2246 accusatores
975 2189 1219 2245 adversus
1247 2207 1363 2244 eum
1389 2190 1738 2260 deposuerant
1763 2205 1827 2243 ea:

221 2287 441 2356 scripto.
472 2284 629 2352 Quod
657 2285 839 2354 utique
863 2284 986 2352 quia
1026 2283 1081 2338 in
1108 2292 1265 2354 parte
1296 2282 1383 2338 illa
1406 2290 1677 2352 gestorum
1707 2296 1827 2351 quae

221 2375 562 2431 adversariis
589 2373 693 2428 lbae
713 2373 1141 2430 desiderantibus
1161 2373 1430 2429 recensita
1461 2381 1541 2428 est
1562 2387 1670 2428 non
1696 2372 1829 2441 legi-

222 2477 336 2531 tur,
367 2465 718 2520 manifestum
742 2476 825 2520 est
852 2480 920 2520 ex
941 2465 1025 2524 his
1043 2480 1162 2536 qua:
1189 2464 1414 2521 Photius
1438 2473 1495 2520 et
1518 2463 1830 2519 Eustathius

223 2559 284 2612 in
309 2573 417 2612 suo
440 2556 647 2625 judicio
673 2563 825 2623 gesta
852 2554 1109 2623 referunt,
1135 2571 1254 2626 qua:
1297 2555 1434 2610 actis
1481 2554 1680 2611 inserta
1723 2551 1831 2608 fue-

222 2646 360 2711 rint,
397 2653 760 2701 memoratum
785 2645 1097 2716 episcopum
1126 2644 1462 2702 Thalassium
1491 2645 1828 2715 cognovisse.

223 2736 301 2792 Et
325 2737 458 2793 ideo
479 2737 629 2793 omni
648 2737 891 2792 veritatis
919 2736 1037 2791 luce
1063 2735 1346 2807 probatum
1374 2744 1459 2793 est
1486 2736 1560 2791 ita
1601 2744 1658 2791 et
1685 2735 1830 2790 illam

224 2838 450 2900 partem
502 2835 778 2898 gestorum
818 2828 870 2884 in
916 2842 1023 2897 qua
1069 2825 1466 2886 Edesseuorum
1513 2827 1832 2884 clericorum

226 2921 628 2977 continebatur
654 2919 902 2991 epistola,
932 2920 1001 2974 ab
1031 2919 1352 2975 adversariis
1384 2917 1548 2974 fuisse
1576 2932 1832 2989 suppres-

227 3027 380 3076 sam,
412 3010 556 3065 sicut
582 3017 636 3065 et
662 3008 778 3064 haec
805 3023 949 3079 pars,
992 3023 1062 3065 ne
1098 3008 1452 3078 relegeretur,
1480 3008 1678 3064 omissa
1707 3016 1792 3064 est
1817 3027 1829 3060 :

228 3118 362 3173 quae
397 3117 508 3158 non
536 3116 606 3157 ex
627 3101 716 3155 illa
745 3107 900 3172 parte
925 3115 1085 3170 quam
1125 3098 1418 3155 adversarii
1447 3099 1612 3168 relegi
1656 3098 1836 3154 volue-

1925 1905 2108 1952 sancta
2134 1895 2227 1951 Dei
2258 1895 2532 1953 Genitrice
2560 1907 2616 1952 et
2654 1914 2866 1968 semper
2892 1899 3097 1968 virgine.
3127 1899 3291 1954 Maria
3341 1899 3518 1956 incar-

1929 1997 2111 2042 natum
2143 1997 2198 2042 et
2231 1989 2503 2044 hominem
2546 1989 2742 2046 factum
2781 2005 2900 2046 esse
2928 1991 3176 2059 abnegat,
3203 1991 3297 2046 sed
3327 2006 3518 2062 purum

1928 2079 2203 2134 hominem
2233 2095 2298 2136 ex
2349 2081 2461 2148 ipsa
2503 2092 2685 2135 natum
2718 2097 2838 2138 esse
2888 2082 3034 2148 dicit,
3067 2087 3226 2151 quem
3255 2083 3518 2153 templum

1931 2168 2188 2239 appellat,
2216 2177 2277 2223 ut
2297 2184 2366 2224 ex
2393 2169 2498 2224 hoc
2527 2170 2664 2224 alius
2688 2170 2828 2225 Deus
2851 2170 3087 2226 Verbum
3123 2179 3177 2226 et
3204 2172 3340 2226 alius
3365 2170 3519 2226 Chri-

1929 2270 2044 2316 stus
2087 2261 2435 2330 intelligatur,
2487 2269 2542 2317 et
2589 2271 2837 2318 sanctum
2893 2263 3172 2336 Cyrillum,
3221 2265 3312 2333 qui
3362 2272 3521 2320 rectae

1930 2351 2054 2407 lidei
2082 2352 2272 2409 doctor
2299 2361 2354 2408 et
2399 2353 2724 2424 praedicator
2756 2355 2978 2420 exstitit,
3024 2363 3082 2410 ut
3131 2356 3438 2412 bze'reticum
3467 2366 3518 2413 et

1931 2446 2124 2501 similia
2169 2444 2461 2516 Apollinari
2490 2447 2815 2502 scribentem
2864 2446 3200 2513 criminatur,
3243 2456 3298 2502 et
3343 2449 3520 2518 culpat

1933 2536 2159 2606 primam
2191 2536 2514 2607 Ephesinam
2543 2537 2805 2608 synodum
2825 2546 3078 2608 tanquam
3108 2537 3223 2593 sine
3243 2539 3520 2593 examina-

1935 2630 2082 2683 tione
2112 2637 2168 2681 et
2210 2624 2559 2698 inquisitione
2607 2626 2914 2683 Nestorium
2958 2627 3420 2692 condemnaverit,
3471 2637 3532 2684 et

1937 2718 2221 2774 duodecim
2247 2718 2480 2788 capitula
2509 2719 2683 2774 sancti
2721 2717 2904 2790 Cyrilli
2947 2718 3110 2790 impia
3155 2727 3211 2774 et
3255 2719 3523 2775 contraria

1935 2818 2100 2865 rectae
2131 2807 2254 2864 fidei
2302 2817 2463 2866 vocat
2513 2810 2700 2866 eadem
2757 2810 3007 2881 epistola,
3062 2809 3302 2867 defendit
3348 2819 3524 2867 autem

1937 2899 2280 2956 Theodorum
2311 2908 2367 2957 et
2385 2901 2692 2956 Nestorium
2717 2910 2772 2957 et
2801 2903 2961 2972 impia
2983 2918 3171 2958 eorum
3194 2903 3448 2972 dogmata
3473 2911 3524 2958 et

1938 2993 2260 3064 conscripta.
2313 2992 2629 3052 Prtedictam
2685 2996 2849 3065 igitur
2892 2997 3178 3067 epistolam
3229 2996 3297 3050 ad
3341 2996 3526 3051 Marim

1941 3085 2163 3143 Persam
2192 3088 2708 3144 anathematizamus
2755 3097 2917 3159 atque
2959 3088 3296 3153 damnamus,
3341 3089 3391 3143 in
3427 3103 3534 3160 qua

229 3205 400 3265 runt,
439 3197 536 3251 sed
582 3211 649 3251 ex
697 3193 874 3249 Photii
913 3203 1077 3263 atque
1124 3191 1391 3248 Eustathii
1437 3192 1834 3262 episcoporum,
1865 3197 1910 3260 ο
1942 3179 2186 3236 nefanda:
2208 3179 2454 3250 superius
2475 3181 2767 3251 designatae
2791 3180 3138 3251 blasphemiae
3165 3179 3526 3235 continentur.

230 3304 368 3360 qua:
396 3287 538 3359 apud
565 3303 662 3343 eos
689 3293 808 3342 acta
834 3285 961 3351 sint,
991 3284 1256 3341 sententia
1295 3283 1623 3340 declaratur.

313 3378 517 3435 XXIV.
555 3377 720 3448 Igitur
755 3375 1118 3432 indubitanter
1155 3383 1380 3446 apparet
1415 3389 1485 3429 ex
1534 3374 1640 3429 illis
1676 3373 1841 3442 gestis

232 3488 376 3546 qua:
405 3471 474 3526 ab
495 3469 812 3526 adversariis
833 3467 1041 3539 prolata
1061 3466 1277 3537 quidem
1307 3473 1452 3528 sunt,
1483 3464 1578 3520 sed
1605 3463 1841 3520 studiose

237 3580 355 3636 pro
401 3569 555 3633 parte
597 3574 900 3632 suppressa,
933 3556 1326 3614 Edesseuorum
1367 3556 1649 3627 epistolam
1694 3555 1840 3610 Ibam

240 3656 571 3730 episcopum
595 3668 694 3724 pro
721 3668 782 3709 se
809 3652 975 3720 relegi
1006 3650 1336 3724 poposcisse,
1368 3658 1424 3705 et
1467 3649 1536 3704 de
1565 3647 1680 3719 ejus
1727 3647 1842 3719 epi-

241 3747 414 3805 stoL'e
461 3747 739 3817 rescripto,
785 3742 930 3815 quod
971 3743 1039 3798 ab
1085 3741 1396 3798 adversario
1440 3741 1709 3812 prolatum
1749 3740 1840 3804 sit,

246 3839 549 3895 Iaximum
571 3835 961 3893 Antiochenum
981 3835 1293 3905 episcopum
1313 3847 1412 3888 sua
1431 3831 1846 3888 interlocutione

248 3927 482 3984 dixisse.
510 3924 676 3996 Cujus
701 3932 883 3981 autem
909 3925 1152 3996 epistolae
1179 3923 1478 3980 orthodoxa
1508 3923 1685 3993 potuit
1714 3938 1842 3993 pro-

252 4020 500 4077 nuntiari
533 4018 755 4076 dictatio
783 4017 936 4073 valde
973 4026 1057 4075 est
1102 4017 1348 4088 superius
1385 4017 1760 4088 approbatum.
1791 4025 1849 4071 et

251 4127 328 4170 ex
361 4110 473 4168 hoc
492 4110 824 4168 manifestius
849 4109 1131 4181 apparebit
1149 4109 1274 4180 quia
1298 4108 1351 4162 in
1376 4107 1701 4178 praecedenti
1722 4122 1849 4177 pro-

250 4204 542 4261 secutione
594 4217 692 4260 sua
740 4201 860 4258 Ihas
903 4217 972 4257 ex
1027 4200 1425 4257 Edesseuorum
1472 4199 1740 4270 rescripto
1793 4214 1851 4255 se

252 4297 499 4352 asseruit
514 4295 878 4352 orthodoxam
905 4294 1266 4365 comprobari.
1295 4291 1446 4348 Unde
1461 4298 1853 4361 consequenter

251 4387 564 4444 orthodoxa
616 4387 840 4444 dictatio
886 4385 1124 4456 ejusdem
1173 4385 1561 4442 Edesseuorum
1615 4385 1853 4455 epistola:

255 4483 408 4535 dicta
440 4489 542 4544 est,
569 4495 666 4551 per
691 4493 850 4551 quam
896 4488 951 4534 et
980 4479 1094 4549 ipse
1129 4493 1189 4534 se
1217 4477 1578 4534 orthodoxum
1627 4476 1782 4546 petiit
1821 4490 1852 4529 a

1943 3271 2013 3327 Et
2039 3273 2346 3342 quicunque
2384 3287 2448 3328 ea
2503 3287 2722 3344 quoquo
2759 3279 3006 3344 tempore
3046 3272 3336 3328 crediderit
3382 3271 3527 3328 acci-

1945 3364 2139 3435 pienda
2169 3364 2254 3420 vel
2279 3362 2638 3432 defendenda,
2665 3372 2757 3418 aut
2786 3373 3012 3420 conatus
3056 3363 3216 3419 fuerit
3245 3363 3537 3433 aliquando

1947 3461 2262 3525 pnesentem
2293 3452 2693 3509 damnationem
2723 3454 3012 3520 resolvere,
3046 3454 3162 3525 pari
3192 3454 3538 3511 anathemate

1948 3532 2386 3600 condemnamus.
2420 3541 2528 3597 Eos
2549 3550 2727 3597 autem
2757 3543 2847 3612 qui
2875 3552 3224 3599 memoratam
3252 3543 3540 3612 epistolam

1948 3635 2016 3691 ad
2052 3635 2241 3690 Marim
2283 3633 2504 3690 Persam
2544 3633 2849 3702 designatas
2893 3634 3138 3704 superius
3179 3633 3543 3704 blasphemias

1949 3727 2311 3784 continentem
2343 3742 2373 3781 a
2405 3733 2590 3782 sancta
2617 3724 3040 3782 Chalcedonensi
3085 3725 3291 3798 synodo
3333 3741 3363 3780 a
3402 3741 3531 3798 prae-

1950 3819 2091 3873 senti
2121 3825 2388 3889 tempore,
2430 3812 2804 3871 iunct‘escente
2831 3816 2932 3871 sibi
2962 3817 3130 3872 nostri
3160 3816 3300 3871 serie
3338 3816 3533 3872 constio

1954 3911 2075 3976 tuti,
2105 3909 2496 3964 contenderent
2522 3923 2643 3964 esse
2671 3915 2996 3978 susceptam,
3023 3908 3109 3963 vel
3149 3922 3180 3962 a
3215 3922 3537 3979 quocunque

1954 4000 2264 4056 earumdem
2292 3999 2512 4055 Patrum
2539 4001 2589 4055 in
2613 3999 2954 4056 Chalcedona
2989 4001 3319 4056 residentum
3350 4001 3534 4057 ortho-

1953 4093 2151 4148 doxam
2180 4089 2586 4162 pronuntiatam
2617 4090 2860 4146 nituntur
2889 4099 3152 4160 astruere,
3181 4092 3296 4162 pari
3318 4093 3537 4148 anathe-

1955 4186 2114 4239 matis
2145 4197 2301 4255 pmna
2333 4183 2700 4253 percellinms;
2731 4183 2983 4251 quoniam
3016 4199 3121 4237 non
3153 4184 3326 4238 solum
3354 4191 3540 4240 sancto

1957 4292 2020 4330 ac
2049 4273 2348 4330 reverendo
2386 4271 2811 4327 Chalcedonensi
2858 4271 3088 4327 concilio
3138 4271 3377 4341 irrogare
3426 4288 3538 4328 mo-

1959 4367 2158 4420 liuntur
2186 4365 2453 4434 injuriam,
2486 4379 2673 4418 verum
2703 4364 2866 4417 etiam
2896 4364 3202 4437 incentores
3232 4378 3296 4418 ac
3322 4378 3538 4419 renova-

1959 4467 2104 4512 torcs
2132 4473 2187 4511 se
2228 4458 2386 4526 sopiti
2425 4456 2659 4510 scandali
2690 4454 3028 4524 profitentur,
3079 4469 3178 4524 per
3220 4454 3365 4524 quod
3420 4455 3542 4510 uni-

256 4572 531 4643 judicibus
557 4547 828 4636 aestimari,
861 4580 916 4627 et
944 4547 1130 4626 eorum
1159 4569 1425 4625 sententia
1449 4578 1531 4624 est
1549 4569 1835 4624 declaratus

1960 4551 2180 4607 vet-salis
2208 4565 2392 4604 rursus
2427 4549 2642 4605 concuti
2685 4550 2851 4619 possit
2901 4547 3172 4612 Ecclesia;
3220 4555 3279 4603 ut
3306 4549 3542 4604 doctoris

255 4661 617 4720 orthodoxus.
666 4661 834 4718 Cedat
871 4663 1055 4732 itaque
1097 4661 1425 4732 impudentia
1472 4675 1848 4731 perversurum

256 4765 376 4810 tam
411 4753 754 4827 Eutychiana:
792 4755 1064 4811 haereseos
1091 4769 1254 4825 quam
1301 4754 1631 4810 Nestorianm
1658 4768 1852 4824 sequa-

254 4845 432 4906 cium,
473 4845 564 4914 qui
612 4843 863 4902 haeretica
918 4843 1103 4900 fraude
1155 4846 1396 4900 nituntur
1432 4846 1662 4901 suadere
1705 4843 1852 4914 quod

253 4936 492 5004 quilibet
520 4937 572 4990 in
600 4935 1026 4992 Chalcedonensi
1065 4937 1274 5008 synodo
1310 4937 1553 4993 residens
1577 4938 1646 4994 de
1672 4937 1762 4993 illa
1784 4937 1851 4992 ad

251 5026 453 5082 κείω
479 5025 696 5084 Persam
726 5029 954 5099 epistola
977 5030 1143 5084 totius
1163 5029 1452 5100 impietatis
1476 5030 1633 5100 plena
1655 5028 1854 5100 aliquid

251 5120 627 5176 mbodoxnm
661 5121 842 5178 dicere
888 5124 975 5179 vel
1015 5124 1219 5179 sentire
1247 5123 1504 5195 potuerit.
1537 5121 1671 5177 Cum
1710 5123 1854 5177 enim

252 5211 384 5267 [bas
431 5211 714 5282 episcopus
757 5213 808 5267 in
846 5213 1111 5284 principio
1160 5229 1260 5284 pro
1310 5220 1510 5268 sancta!
1557 5211 1853 5268 Chalcedo-

257 5304 448 5359 nensis
471 5301 664 5374 synodi
693 5318 919 5359 examen
950 5304 1222 5372 ingressus
1241 5313 1344 5368 est,
1377 5305 1449 5358 ita
1483 5303 1639 5359 fuerit
1667 5318 1854 5373 prose-

253 5404 442 5462 cutus,
469 5396 702 5453 dicendo
730 5413 788 5452 se
809 5413 906 5468 per
934 5397 1258 5452 clericorum
1289 5396 1683 5451 Edesseuorum
1724 5406 1856 5451 atte-

252 5487 552 5542 statiouem
581 5487 901 5541 :estimatum
940 5487 1105 5544 fuisse
1137 5487 1218 5542 vel
1257 5488 1510 5542 testimari
1536 5488 1732 5543 debere
1760 5503 1854 5543 ca-

257 5578 548 5644 tholicum,
579 5579 718 5634 idem
744 5580 885 5650 apud
926 5578 1175 5635 Photium
1206 5588 1262 5634 et
1289 5578 1624 5634 Eustathium
1654 5580 1858 5650 episco-

261 5687 362 5742 pos
390 5673 460 5727 ad
489 5674 866 5742 purgationem
895 5688 1047 5728 suam
1077 5675 1271 5730 astruit
1316 5681 1570 5743 oportere
1609 5673 1856 5728 suliicere

258 5764 407 5831 quod
435 5766 676 5822 attestati
714 5766 825 5820 sint
863 5763 1119 5821 Edesseni
1159 5765 1342 5821 clerici
1371 5779 1468 5834 per
1492 5762 1858 5820 confessiones

248 5872 548 5930 suas,quas
571 5855 640 5913 ad
670 5856 889 5914 eosdem
911 5858 1200 5930 episcopos
1228 5857 1581 5927 scripserunt,
1637 5872 1698 5914 se
1737 5855 1859 5914 esée

1959 4643 2198 4711 gentium
2259 4641 2502 4710 Apostoli
2550 4640 2693 4709 juste
2742 4639 3024 4694 videantur
3066 4637 3209 4693 feriri
3253 4641 3542 4698 sententia.

1959 4750 2078 4804 quae
2107 4732 2234 4788 dicit
2264 4751 2276 4784 :
2306 4730 2526 4786 Utinam
2557 4739 2602 4783 et
2634 4728 2964 4783 absciduntur
2988 4731 3071 4800 qui
3113 4746 3198 4783 vos
3239 4730 3544 4784 conturbant

1962 4821 2158 4894 (Galat.
2191 4837 2244 4887 γ,
2277 4820 2398 4887 ωε

2031 4935 2219 4992 XXVI.
2261 4935 2501 5004 Expletis
2537 4947 2657 5004 quae
2701 4933 2769 4987 de
2813 4930 3070 5002 sopienda
3115 4930 3272 5000 primi
3326 4929 3545 5000 capituli

1959 5028 2278 5099 qurestione,
2310 5025 2362 5080 id
2390 5033 2474 5080 est
2501 5024 2570 5080 de
2593 5023 2818 5095 epistola
2847 5024 2913 5077 ad
2949 5021 3137 5077 Marim
3164 5020 3405 5087 Persam,
3443 5022 3545 5075 dis-

1958 5119 2187 5177 serenda
2215 5118 2302 5173 vel
2329 5116 2628 5172 definienda
2651 5123 2825 5179 erant,
2848 5127 3070 5169 necesse
3109 5112 3264 5168 nobis
3293 5119 3378 5167 est
3416 5114 3546 5182 quid

1959 5211 2028 5268 de
2055 5209 2343 5266 Theodoro
2375 5206 2811 5278 Mompsuesteno
2848 5204 3070 5275 ejusque
3098 5203 3256 5258 dictis
3289 5203 3552 5258 ecclesia-

1956 5307 2105 5364 stica:
2142 5305 2362 5360 unitatis
2388 5303 2531 5358 ratio
2559 5301 2644 5356 vel
2687 5300 2808 5354 lidei
2839 5315 2868 5352 a
2899 5297 3100 5353 sanctis
3144 5295 3388 5352 Patribus
3435 5306 3553 5352 tra-

1957 5397 2081 5452 ditze
2106 5397 2316 5452 cautela
2341 5395 2455 5450 fieri
2477 5391 2643 5462 exigit
2663 5390 2937 5460 expedire.
2962 5387 3349 5456 Perpendimus
3368 5389 3551 5459 itaque

1959 5488 2105 5559 quod
2129 5477 2287 5558 hujus
2312 5500 2528 5556 quoque
2569 5481 2878 5554 qumstionis
2907 5478 3186 5534 exordium
3237 5495 3303 5535 ex
3335 5481 3550 5535 hzereti—

1959 5595 2146 5636 eorum
2184 5579 2404 5634 coinoso
2447 5577 2593 5631 fonte
2634 5571 2950 5627 manaverit.
2995 5571 3129 5627 Cum
3167 5574 3308 5628 enim
3351 5573 3548 5628 Nesto-

1962 5671 2097 5726 riani
2137 5677 2264 5723 ante
2316 5668 2500 5738 plures
2549 5680 2720 5720 annos
2766 5680 2870 5720 non
2919 5664 3161 5719 valerent
3218 5665 3380 5734 impia
3435 5664 3552 5733 ejus

1959 5762 2211 5830 dogmata
2247 5761 2344 5815 sub
2389 5759 2552 5828 ipsius
2581 5755 2822 5811 damnati
2865 5755 3096 5811 Nestorii
3145 5756 3363 5812 nomine
3415 5771 3552 5824 quio-

1962 5849 2208 5910 rumdam
2256 5849 2500 5908 sensibus
2527 5845 2862 5917 decipiendis
2899 5848 3158 5914 inserere,
3208 5845 3334 5904 hinc
3373 5845 3553 5917 prore.
