4000 6186
470 261 574 318 175

1657 253 1881 312 νιοιιιι
1920 252 2022 308 ΡΡ.
2064 250 2567 311 CONSTITUTUM.

3639 249 3734 307 1ἷῦ

454 380 608 437 renti
633 366 990 454 [proferendi]
1011 385 1213 433 erroris
1250 374 1333 431 sui
1380 372 1840 446 opportunitatem
1865 369 2056 439 exqui-
2087 375 2131 429 Λ
2160 367 2320 425 Verbi
2350 369 2416 424 ad
2443 367 2711 425 Christum
2742 368 2955 439 qualem
2979 368 3266 439 Apostolus
3292 367 3428 425 dixit
3453 367 3522 425 de
3550 369 3665 424 viro
3684 380 3741 425 et

470 475 590 530 sitis
615 471 890 528 fraudibus
919 471 1241 526 invenerunt
1258 476 1318 524 ut
1354 483 1423 525 ex
1447 467 1718 525 Theodori
1748 465 2054 536 Mompsue-

470 568 612 625 steni
642 566 810 631 libris,
838 578 999 635 quem
1015 561 1225 633 jactant
1254 562 1309 617 in
1335 576 1468 634 pace
1496 560 1752 617 Ecclesiae
1771 559 2053 625 defecisse,

471 658 636 730 impia
675 670 860 712 rursus
901 652 1138 709 Nestorii
1180 650 1437 722 dogmata
1481 650 1831 724 blasphemiis
1872 650 2059 704 imma-

473 753 715 823 nioribus
759 750 1013 813 innovata
1063 745 1408 803 introducere
1453 746 1776 803 niterentur.
1816 742 2056 811 Quorum

468 859 681 905 venena
709 840 979 905 diuturnis
1006 837 1342 911 temporibus
1363 837 1577 895 occulte
1602 834 1894 907 serpentia,
1917 849 2064 889 nunt-

474 944 663 1008 aperta
690 931 1028 1005 professione
1054 928 1353 998 manantia,
1394 935 1611 984 nostros
1637 937 1694 982 et
1720 923 2062 982 Christianis-

475 1025 597 1082 simi
656 1021 914 1095 principis
975 1019 1323 1089 omniumque
1374 1018 1798 1075 orthodoxorum
1852 1015 2063 1071 animos

476 1102 866 1187 permoverunt
911 1110 1305 1167 attendentium
1352 1124 1459 1166 non
1497 1122 1619 1166 esse
1646 1106 1869 1163 ulterius
1906 1104 2064 1162 diffe-

474 1205 645 1261 renda
690 1202 932 1260 remedia
962 1202 1076 1271 ubi,
1131 1217 1231 1274 per
1272 1201 1591 1274 patientiam
1637 1199 2065 1257 dissimulatione

470 1298 700 1365 nutrita,
733 1305 842 1352 tam
880 1295 1059 1366 magni
1110 1294 1236 1350 mali
1262 1294 1475 1351 videtur
1503 1294 1735 1352 crevisse
1777 1291 2064 1365 pernicies.

476 1388 596 1447 lloc
627 1391 775 1447 enim
804 1396 1133 1445 memoratos
1169 1386 1520 1444 Nestorianos
1546 1386 1759 1458 publice
1799 1392 1856 1441 et
1890 1384 2068 1440 inces-

481 1489 664 1537 santer
717 1488 962 1536 astruere
1006 1477 1141 1533 nulli
1193 1477 1343 1537 venit
1386 1477 1441 1533 in
1490 1476 1735 1547 dubium,
1785 1474 2063 1531 dicentes:

478 1574 590 1632 Nos
615 1583 821 1645 patrem
850 1586 958 1633 non
987 1579 1100 1627 tam
1127 1570 1433 1628 Nestorium
1473 1584 1637 1642 quam
1680 1568 2070 1640 Mompsueste—

483 1681 613 1720 num
639 1662 982 1719 Theodorum
1006 1676 1352 1729 veneramur,
1383 1660 1607 1733 ejusque
1634 1659 1801 1716 libros
1824 1666 1938 1715 tota
1964 1672 2066 1714 no-

2156 457 2404 525 muliere,
2428 457 2595 511 Erunt
2623 458 2724 512 duo
2748 459 2803 512 in
2831 474 2986 512 carne
3006 474 3133 526 una,
3161 466 3218 513 et
3238 457 3382 528 quod
3411 465 3535 529 post
3560 471 3739 513 resur-

2156 548 2474 614 rectionem,
2523 563 2646 604 cum
2689 546 3012 604 insufllasset
3055 548 3314 604 Dominus
3359 548 3415 604 in
3462 548 3742 620 discipulis

2158 644 2213 691 et
2235 634 2479 701 dixisset,
2507 635 2739 708 Accipite
2767 634 3022 707 Spiritum
3057 645 3314 706 sanctum,
3344 652 3453 692 non
3488 636 3637 692 dedit
3663 638 3746 695 eis

2160 722 2417 794 Spiritum
2442 732 2705 780 sanetum.
2728 722 2844 781 Hoc
2862 739 3077 795 quoque
3100 739 3263 782 ausus
3287 736 3372 781 est
3392 727 3594 795 dicere,
3618 729 3745 798 quia

2160 817 2554 876 confessionem
2603 834 2766 890 quam
2816 819 2945 876 fecit
2992 819 3229 877 Thomas
3292 837 3416 878 cum
3470 823 3745 895 palpasset

2162 925 2355 968 manus
2382 919 2438 967 et
2467 912 2606 969 latus
2635 911 2849 969 Domini
2885 920 3011 984 post
3035 916 3507 983 resurrectionem,
3540 916 3745 987 dicens,

2164 998 2419 1056 Dominus
2462 1018 2604 1057 mea:
2641 1011 2693 1057 et
2729 1001 2872 1057 Deus
2924 1019 3082 1069 meus,
3110 996 3244 1059 non
3294 1019 3415 1061 esse
3467 1006 3664 1062 dictam
3714 1021 3746 1064 ι

2164 1086 2372 1145 Thema
2416 1089 2484 1147 de
2508 1090 2724 1147 Christo
2757 1094 2881 1163 (nec
2907 1090 3050 1147 enim
3075 1091 3208 1149 dicit
3232 1092 3547 1151 Theodorus
3575 1095 3745 1151 Deum

2165 1194 2288 1237 esse
2299 1178 2619 1255 Christum),
2642 1182 2739 1239 sed
2763 1182 2830 1238 ad
2858 1183 3171 1240 miraculum
3199 1187 3609 1243 resurrectionis
3635 1197 3749 1245 stu-

2167 1270 2436 1341 pelactum
2466 1270 2728 1337 Thomam
2755 1272 3084 1342 gloriﬁcasse
3110 1273 3282 1330 Deum
3309 1282 3366 1330 et
3393 1275 3495 1330 ista
3524 1275 3745 1333 dixisse.

2169 1359 2240 1416 Et
2265 1361 2411 1431 quod
2438 1361 2595 1433 pejus
2619 1370 2724 1431 est,
2751 1364 2916 1421 etiam
2945 1364 3000 1419 in
3029 1366 3479 1436 interpretatione
3504 1381 3665 1436 quam
3695 1367 3752 1424 in

2169 1449 2392 1506 Actibus
2410 1452 2775 1522 apostolorum
2802 1454 3018 1526 scripsit
3057 1455 3201 1511 idem
3233 1454 3569 1519 Theodorus,
3596 1458 3751 1512 simi-

2169 1544 2276 1600 lem
2299 1544 2429 1605 fecit
2452 1544 2723 1602 Christum
2752 1544 2964 1605 Platoni
2991 1556 3049 1605 et
3081 1548 3374 1606 Manicbteo
3418 1558 3475 1606 et
3515 1549 3755 1623 Epicuro

2170 1646 2227 1691 et
2252 1634 2530 1704 Marcioni,
2561 1636 2746 1694 dicens
2771 1638 2918 1709 quod
2952 1638 3095 1695 sicut
3128 1638 3342 1694 illorum
3387 1641 3755 1712 unusquisque

483 1768 609 1817 stre:
638 1757 928 1813 devotione
954 1754 1154 1811 mentis
1192 1753 1601 1826 amplectimur;
1634 1766 1738 1807 nec
1778 1751 1885 1807 erit
1926 1749 2073 1820 quis-

2186 1741 2243 1783 δι
2266 1726 2521 1797 dogmate
2545 1727 2691 1798 quod
2716 1728 2922 1784 invenit
2947 1742 3076 1786 suos
3098 1728 3389 1800 discipulos
3420 1729 3548 1786 fecit
3570 1732 3753 1787 vocari

485 1865 644 1921 quam
691 1848 784 1918 qui
846 1847 1000 1903 nobis
1057 1845 1323 1902 obsistere
1376 1840 1637 1918 [valeat],
1688 1856 1811 1899 cum
1875 1840 2070 1911 dogma

486 1952 730 1999 nostrum
759 1940 838 1997 sic
863 1940 1070 2010 antiqui
1098 1938 1339 1995 doctoris
1361 1937 1633 1995 Theodori
1658 1937 1860 2007 ubique
1886 1934 2067 2004 vulga-

484 2038 555 2093 tis
584 2032 863 2089 codicibus
890 2038 1181 2087 astruatur.
1229 2028 1470 2097 Quorum
1507 2026 1953 2087 Nestorianorum
1978 2040 2074 2081 vo-

487 2124 639 2193 cibus
668 2121 954 2179 nonnullus
985 2118 1238 2177 ineruditi
1283 2119 1427 2191 vulgi
1457 2133 1711 2176 numerus
1751 2115 2076 2188 quotidianis

478 2213 679 2270 diebus
706 2228 871 2284 prava
899 2210 1214 2268 seductione
1242 2209 1527 2283 decipitur.
1548 2208 1683 2271 Cum
1711 2221 1841 2278 ergo
1864 2214 2078 2264 constet

480 2306 721 2379 amplius
766 2319 866 2375 per
918 2302 1159 2360 defuncti
1201 2302 1473 2369 Theodori
1517 2316 1714 2358 nomen
1749 2309 1912 2371 atque
1952 2314 2078 2356 con-

479 2398 688 2466 scripta
726 2395 1061 2451 Nestoriana:
1096 2395 1318 2453 haeresis
1370 2408 1612 2450 errorem
1655 2392 1871 2464 populis
1907 2391 2079 2448 intro-

482 2485 626 2538 mitti
654 2500 816 2553 quam
841 2483 995 2539 vivus
1038 2483 1217 2554 potuit
1258 2482 1456 2538 inferre
1495 2482 1791 2550 Nestorius,
1831 2488 2079 2538 nontam

495 2574 829 2643 negligentia:
852 2589 1014 2645 quam
1043 2572 1402 2629 conhibentite
1425 2570 1710 2628 discrimen
1735 2573 1751 2645 [
1770 2574 1927 2644 forte,
1947 2587 2083 2629 con-

486 2665 745 2723 niventia:
775 2664 1002 2738 crimen]
1049 2681 1149 2721 nos
1188 2665 1510 2722 credidimus
1558 2665 1893 2733 incursuros;
1923 2666 1970 2721 si
1998 2673 2081 2722 ta-

488 2771 619 2815 men
664 2757 980 2813 necessarias
1026 2757 1225 2830 (forte,
1274 2756 1318 2813 si
1358 2764 1468 2811 tam
1510 2755 1859 2828 necessariae]
1905 2771 2083 2813 corre-

484 2847 711 2915 ctionis,
742 2862 903 2918 quam
924 2847 1278 2920 periclitantis
1307 2846 1557 2904 Ecclesia:
1577 2847 1906 2919 dispensatio
1929 2845 2082 2919 ﬂagi-

485 2947 595 3004 ‘tat,
623 2937 827 2996 differri
847 2938 1071 2994 ulterius
1096 2938 1332 2994 remedia
1358 2947 1685 3009 pateremur.
1710 2938 1898 3009 Neque
1917 2940 2084 3008 enim,

490 3040 554 3087 ut
584 3031 804 3103 quidam
857 3031 1091 3088 inaniter
1136 3030 1503 3098 diflamahant,
1554 3031 1822 3087 Theodori
1860 3031 2084 3105 ejusque

2174 1816 2480 1895 Platonicos
2506 1825 2561 1874 et
2586 1815 2909 1875 Manichzeos
2945 1827 3003 1875 et
3045 1818 3339 1890 Epicureos
3378 1828 3436 1876 et
3474 1818 3757 1878 Marcioni-

2173 1918 2303 1975 stas,
2333 1910 2494 1966 simili
2519 1910 2681 1967 modo
2699 1918 2905 1967 etcum
2931 1910 3180 1968 Christus
3207 1911 3404 1982 dogma
3438 1912 3757 1983 invenisset,

2175 2016 2244 2059 ex
2267 2002 2386 2072 ipso
2417 2000 2756 2060 Christianos
2787 2003 2990 2059 vocari.
3023 2002 3261 2071 Quarum
3303 2003 3757 2074 blasphemiarum

2174 2104 2243 2146 ex
2268 2090 2418 2147 libris
2438 2089 2708 2147 Theodori
2732 2089 3147 2162 Mompsuesteni
3167 2092 3520 2163 perversitate
3542 2101 3758 2164 reperta

2175 2180 2450 2238 evidenter
2470 2189 2694 2253 apparet
2716 2182 2999 2239 falsissime
3036 2185 3297 2254 quosdam
3326 2183 3572 2241 foventes
3614 2185 3761 2243 dicta

2178 2273 2451 2331 Theodori
2488 2275 2699 2346 opinari
2745 2275 2895 2346 quod
2930 2284 3261 2334 memoratus
3287 2277 3604 2334 Theodorus
3650 2292 3762 2333 non

2174 2366 2340 2424 fuerit
2365 2367 2421 2422 in
2444 2381 2545 2423 sua
2572 2368 2683 2423 vita
2710 2366 3017 2433 damnatus,
3045 2383 3169 2424 cum
3215 2368 3513 2440 perspectis
3558 2368 3764 2440 praede—

2175 2459 2410 2517 censoris
2438 2459 2608 2516 nostri
2634 2460 2808 2515 beatte
2831 2459 3223 2517 recordationis
3250 2459 3466 2515 Damasi
3491 2459 3767 2531 synodali-

2179 2555 2281 2611 bus
2317 2551 2648 2620 constitutis,
2692 2564 2813 2621 quae
2860 2558 2985 2621 post
3028 2549 3302 2606 Niezenum
3355 2550 3644 2606 concilium
3692 2551 3767 2607 de

2181 2640 2383 2710 Spiritu
2410 2647 2600 2696 sancto
2630 2640 2984 2696 tractantibus
3003 2647 3060 2696 et
3080 2641 3523 2696 convenientibus
3549 2641 3601 2696 in
3631 2640 3769 2698 urbe

2182 2733 2355 2790 Roma
2400 2733 2681 2790 catholicis
2735 2734 3004 2805 episcopis
3043 2740 3100 2789 et
3165 2733 3338 2789 beata:
3377 2733 3770 2790 recordationis

2184 2825 2468 2882 Ambrosio
2491 2823 2909 2882 Mediolanensis
2943 2824 3175 2880 civitatis
3202 2825 3442 2882 antistite
3465 2832 3590 2881 sunt
3623 2825 3767 2881 edita

2187 2918 2345 2987 longe
2386 2924 2675 2986 antequam
2739 2915 3057 2973 Theodorus
3105 2913 3537 2987 Mompsuestinae
3572 2914 3767 2989 [Mom-

2187 3007 2459 3080 psuestize]
2485 3005 2722 3065 ofﬁcium
2750 3008 3090 3078 episcopatus
3126 3014 3447 3075 assumeret,
3497 3007 3768 3062 invenire-

492 3094 769 3179 dictorum
794 3123 1000 3194 poterit
1025 3122 1358 3191 excusationi
1390 3094 1654 3193 proﬁcere
1682 3121 1827 3193 quod
1867 3094 1923 3179 in
1972 3094 2086 3194 epi-
2111 3117 2158 3179 C
2189 3115 2310 3156 mus
2332 3099 2640 3171 Plenissime
2652 3097 3045 3194 df’ﬁnimmf‘”
3063 3097 3155 3168 qui
3174 3097 3309 3153 duos
3324 3094 3463 3152 “nos
3479 3094 3770 3194 amr-mam"

497 3212 641 3268 stola
669 3211 737 3268 ad
766 3211 956 3281 Marim
982 3209 1203 3267 Persam
1233 3226 1429 3267 nomen
1472 3210 1746 3267 Theodori
1772 3210 1861 3268 vel
1888 3212 2086 3283 scripta

500 3301 620 3371 ejus
664 3300 919 3356 videntur
965 3300 1186 3370 copiose
1229 3298 1459 3365 laudari,
1506 3313 1627 3354 cum
1675 3307 1732 3354 et
1765 3299 2089 3370 prmcedenti

502 3391 803 3447 assertione
821 3389 1191 3463 multipliciter
1211 3388 1371 3444 fuerit
1398 3387 1825 3467 demonstratum
1845 3389 2090 3445 eamdem

500 3481 812 3555 epistolam,
830 3482 974 3540 sicut
1001 3497 1033 3538 a
1063 3481 1240 3551 nobis,
1271 3480 1344 3536 ita
1374 3489 1429 3536 et
1457 3495 1488 3535 a
1518 3481 1719 3537 sanctis
1751 3478 2001 3537 Patribus
2038 3480 2091 3536 in

494 3574 851 3633 Chalcedona
898 3576 1258 3634 residentibus
1311 3574 1455 3646 juste
1498 3574 1842 3643 damnatam,
1886 3581 1943 3629 et
1988 3574 2095 3630 hoc

509 3667 688 3739 potius
701 3668 771 3724 ad
790 3666 1056 3724 malorum
1069 3664 1342 3722 Theodori
1354 3665 1867 3721 demonstrationem
1882 3664 2096 3720 abunde

507 3757 740 3814 sulliciat
766 3758 913 3829 quod
956 3757 1067 3812 illic
1109 3771 1307 3811 nomen
1352 3755 1660 3826 scriptaque
1715 3755 1833 3825 ejus
1879 3756 2094 3811 laudata

492 3836 635 3907 sunt
663 3850 754 3906 ubi
782 3851 973 3907 beatus
999 3847 1228 3921 Cyrillus
1266 3855 1321 3903 et
1347 3845 1615 3918 Ephesiua
1640 3847 1814 3919 prima
1861 3848 2097 3919 synodus

394 3990 406 4000 ,
432 3953 453 3971 κ
506 3940 874 4011 impugnatur.
898 3940 1037 4025 _Qu:e
1059 3955 1179 3996 cum
1206 3937 1279 3995 ita
1302 3937 1428 4006 sint,
1459 3953 1567 3994 non
1592 3944 1771 3994 tamen
1795 3938 2097 3996 destitimus

509 4044 608 4102 per
632 4028 900 4086 ﬁdeliores
945 4031 1267 4100 interpretes
1313 4028 1512 4099 scripta
1539 4027 1782 4099 ejusdem
1822 4027 2095 4085 Theodori

502 4118 839 4191 perscrutari
861 4160 877 4186 ,
911 4114 1155 4189 quamvis
1182 4116 1338 4174 nobis
1358 4126 1415 4173 et
1443 4125 1571 4174 ante
1598 4125 1873 4188 utcunque
1900 4118 2101 4175 fuerint

505 4210 802 4283 publicata.
831 4209 911 4267 Ex
939 4225 1046 4282 quo
1079 4225 1223 4267 nunc
1265 4209 1559 4281 perclaruit
1599 4210 1928 4267 lucidissima
1956 4212 2098 4267 veri-

511 4310 626 4357 tate
654 4302 892 4374 praedicti
923 4301 1191 4358 Theodori
1222 4301 1639 4372 Mompsuesteni
1662 4301 1800 4357 libro
1828 4302 2098 4358 contraria

514 4404 663 4452 recta
691 4394 813 4451 ﬁdei
841 4403 896 4451 et
922 4403 1231 4451 sanctorum
1261 4392 1481 4449 Patrum
1510 4394 1789 4451 continere
1815 4394 2093 4451 doctrinis.

2192 3204 2356 3245 unum
2397 3196 2524 3244 ante
2562 3187 2767 3255 secula,
2808 3194 2867 3243 et
2894 3186 3125 3243 alterum
3169 3194 3295 3257 post
3341 3186 3773 3256 assumptione!!!

2190 3285 2368 3341 carnis
2394 3299 2463 3340 ex
2489 3282 2724 3353 Virgine,
2759 3283 2899 3338 sicut
2943 3283 3189 3353 superius
3234 3279 3575 3337 Theodorum
3619 3296 3775 3339 asso-

2191 3375 2369 3431 ruisse
2386 3380 2744 3430 monstratum
2769 3380 2873 3437 est,
2898 3372 3257 3428 anathematis
3278 3385 3438 3442 poena
3462 3385 3771 3442 percussos.

2198 3465 2297 3522 Ubi
2328 3480 2437 3522 non
2464 3465 2638 3521 solum
2666 3465 2744 3521 illi
2786 3464 2879 3534 qui
2907 3464 3099 3520 eodem
3130 3472 3374 3534 tempore
3416 3463 3583 3534 ipsius
3618 3471 3777 3520 erant

2194 3558 2413 3616 haeresis
2439 3564 2757 3622 sectatores,
2790 3569 2979 3611 verum
3006 3554 3170 3610 etiam
3208 3554 3283 3611 illi
3311 3554 3403 3624 qui
3441 3554 3778 3611 succedenti-

2194 3651 2295 3706 bus
2317 3647 2652 3719 temporibus
2679 3645 2930 3701 eumdem
2957 3653 3314 3716 sequerentur
3340 3659 3599 3710 errorem,
3632 3642 3779 3715 ejus-

2194 3740 2319 3797 dem
2364 3737 2722 3794 anathematis
2759 3736 2986 3792 vinculis
3022 3735 3367 3807 reperiuntur
3407 3735 3631 3791 astricti.
3676 3733 3779 3792 Cui

2195 3829 2530 3888 damnationi
2548 3829 2891 3886 Theodorum
2911 3842 3124 3900 quoque
3142 3827 3539 3899 Mompsuestite
3559 3842 3781 3884 necesse

2196 3934 2280 3983 est
2304 3923 2466 3980 fuisse
2485 3923 2805 3994 subjectum,
2835 3922 2927 3992 qui
2956 3921 3333 3993 praedamnatos
3360 3922 3581 3977 haeresis
3604 3930 3780 3977 secu-

2199 4026 2286 4075 tor
2313 4025 2369 4073 et
2393 4015 2716 4086 praedicator
2741 4011 2965 4070 effectus
2990 4020 3094 4069 est.
3124 4012 3309 4084 Neque
3336 4015 3479 4068 enim
3507 4013 3666 4069 aliter
3685 4027 3783 4068 eos

2198 4125 2334 4180 quos
2357 4123 2500 4164 nunc
2528 4107 2583 4162 in
2603 4106 2858 4162 Arianam
2886 4105 2973 4161 vel
3002 4105 3055 4160 in
3085 4105 3243 4160 aliam
3264 4104 3558 4176 quamlibet
3607 4105 3783 4161 incre-

2198 4215 2310 4257 sem
2352 4198 2651 4271 reperimus
2696 4196 3023 4268 implicatos,
3063 4195 3176 4266 jam
3223 4197 3582 4252 anathematis
3622 4211 3784 4267 ptena

2199 4290 2481 4347 damnatos
2509 4289 2803 4360 accipimus
2840 4288 2942 4343 nisi
2971 4288 3096 4358 quia
3136 4287 3191 4342 in
3239 4286 3620 4357 pra-damnatis
3646 4301 3786 4355 quos

2200 4389 2478 4439 sectantur
2504 4380 2778 4437 erroribus
2800 4374 3140 4434 inveniuntur
3161 4376 3258 4448 ipsi
3279 4390 3496 4448 quoque
3520 4376 3781 4433 damnati.

514 4483 669 4541 Unde
696 4494 752 4541 et
787 4487 958 4542 sancti
1008 4485 1194 4541 Patres
1223 4493 1411 4543 contra
1439 4500 1562 4541 eum
1605 4484 1923 4551 scribentes,
1973 4500 2084 4540 suo:

2203 4471 2314 4543 Nec
2341 4471 2470 4527 illud
2498 4470 2849 4527 omittendum
2877 4481 2996 4524 esse
3022 4466 3396 4561 perspicimus,
3437 4467 3580 4539 quod
3605 4465 3664 4561 hi
3692 4467 3789 4537 qui

514 4575 684 4631 libros
713 4575 779 4632 ad
807 4577 1213 4633 instructionem
1242 4584 1440 4632 sanctae
1465 4574 1716 4631 Ecclesia:
1742 4576 2094 4647 reliquerunt.

512 4665 650 4721 Nam
699 4666 839 4723 inter
877 4668 1011 4724 alias
1052 4664 1418 4737 blasphemias
1447 4665 1725 4722 evidenter
1750 4682 1873 4721 eum
1902 4665 2101 4721 dixisse

511 4760 881 4830 comperimus
911 4759 1071 4812 alimn
1095 4773 1214 4813 csse
1238 4757 1407 4812 Deum
1433 4756 1667 4812 Verbum
1692 4765 1746 4812 et
1771 4757 1934 4811 alium
1956 4756 2104 4813 Chri-

515 4860 659 4909 stum
688 4865 720 4905 a
757 4849 1097 4923 passionibus
1121 4847 1311 4903 anima:
1343 4854 1399 4903 et
1423 4846 1703 4903 desideriis
1727 4848 1903 4904 carnis
1930 4848 2104 4903 mole-

514 4943 648 5000 stias
667 4941 986 5013 patientem,
1012 4946 1067 4995 et
1094 4954 1126 4993 a
1156 4936 1516 4993 deterioribus
1558 4937 1816 5008 paulatim
1846 4936 2106 4992 receden-

515 5044 649 5100 tem,
681 5034 749 5089 ad
775 5026 997 5087 meliora
1021 5029 1269 5100 profectu
1289 5043 1514 5099 operum
1540 5027 1871 5098 pervenisse,
1896 5035 1953 5082 et
1975 5041 2105 5083 con-

517 5118 822 5182 versatione
851 5120 1253 5177 immaculatum
1291 5118 1511 5184 factum,
1539 5126 1595 5173 et
1624 5126 1874 5187 tanquam
1912 5132 2104 5187 purum

518 5219 793 5274 hominem
866 5214 1193 5286 baptizatum
1246 5228 1367 5270 esse
1438 5214 1493 5270 in
1558 5214 1777 5270 nomine
1841 5212 2013 5269 Patris
2054 5223 2110 5270 et

516 5307 640 5363 Filii
683 5316 739 5363 et
774 5307 1006 5378 Spiritus
1044 5307 1236 5371 sancti,
1288 5315 1345 5361 et
1388 5320 1487 5377 per
1512 5304 1833 5375 baptismum
1880 5306 2104 5374 gratiam

516 5400 691 5457 Sancti
720 5399 950 5469 Spiritus
970 5399 1264 5469 accepisse,
1309 5407 1364 5452 et
1407 5396 1775 5452 aliiliationem
1820 5398 2102 5465 meruisse,

520 5500 578 5549 et
602 5490 672 5547 ad
713 5492 1010 5562 imperialis
1039 5489 1284 5560 imaginis
1312 5488 1719 5546 similitudinem
1765 5486 1819 5543 in
1867 5503 2102 5559 persona

520 5584 616 5640 Dei
649 5581 808 5639 Verbi
835 5580 1105 5638 Christum
1135 5580 1371 5647 adorari,
1404 5588 1459 5637 et
1503 5584 1626 5651 post
1650 5563 2100 5665 resdrrectionein

520 5670 906 5730 immutabilem
933 5669 1348 5739 cogitationibus
1375 5677 1432 5727 et
1450 5669 1672 5725 omnino
1701 5668 2101 5741 impeeeabilem

523 5766 741 5826 factum.
776 5762 919 5824 Dixit
944 5762 1106 5823 etiam
1136 5762 1300 5822 talem
1329 5761 1524 5822 factam
1541 5776 1660 5821 esse
1688 5761 1982 5820 unitionem
2008 5759 2103 5819 Dei

2206 4562 2261 4619 in
2285 4563 2395 4619 suis
2423 4561 2574 4617 libris
2595 4576 2660 4617 ac
2683 4557 3140 4630 disputationibus
3162 4556 3297 4612 duos
3334 4554 3472 4612 ﬁlios
3493 4554 3644 4612 credi
3683 4556 3791 4613 do-

2207 4663 2350 4722 cent,
2375 4661 2571 4725 negent
2598 4660 2777 4709 tamen
2804 4667 2864 4708 se
2907 4651 3043 4709 duos
3072 4650 3210 4707 filios
3248 4648 3508 4721 proﬁteri,
3540 4663 3661 4704 rum
3709 4650 3793 4707 eis

2210 4748 2342 4803 nihil
2364 4746 2535 4818 prosit
2561 4747 2666 4801 hoc
2700 4744 2884 4800 vacuis
2911 4756 3110 4813 negare
3136 4741 3474 4798 sermonibus
3499 4740 3645 4810 quod
3684 4741 3789 4796 do-

2211 4842 2328 4898 lose
2371 4854 2471 4910 per
2524 4852 2621 4893 sua
2673 4836 2948 4908 dogmata,
3001 4835 3153 4890 libris
3191 4834 3354 4889 etiam
3397 4833 3796 4889 convincuntur

2213 4940 2472 4989 astruere.
2504 4929 2594 4986 Sic
2621 4930 2820 4986 etenim
2841 4928 3137 4994 Nestorius,
3167 4934 3226 4982 ut
3247 4928 3490 4998 superius
3509 4924 3621 4996 jam
3645 4924 3791 4983 dixi-

2205 5039 2347 5091 mus,
2372 5021 2506 5077 duas
2533 5028 2773 5086 naturas,
2804 5034 2967 5075 unum
3002 5017 3198 5073 Filium
3236 5031 3297 5073 se
3326 5015 3583 5072 simulans
3625 5015 3797 5071 conﬁ-

2208 5114 2327 5176 teri,
2379 5119 2436 5168 et
2473 5110 2701 5166 alterum
2739 5123 2859 5165 esse
2886 5109 2978 5179 qui
3021 5123 3088 5165 ex
3131 5107 3243 5163 Deo
3289 5105 3451 5162 Patre
3496 5116 3656 5162 natus
3681 5114 3790 5172 est,

2205 5208 2435 5264 alterum
2462 5205 2554 5276 qui
2596 5220 2666 5261 ex
2711 5204 2928 5273 Virgine
2966 5209 3139 5257 matre
3178 5200 3510 5272 progenitus,
3566 5200 3620 5256 in
3675 5199 3801 5256 suis

2207 5297 2658 5371 disputationibus
2684 5295 2829 5351 omni
2861 5294 3058 5349 fraudis
3086 5291 3385 5349 intentione
3408 5292 3634 5348 suadere
3661 5305 3798 5362 per-

2203 5394 2417 5457 sistens,
2450 5405 2556 5444 non
2585 5386 2762 5459 potuit
2802 5386 2995 5441 debita:
3037 5398 3254 5456 patriam
3294 5383 3656 5440 damnationis
3701 5378 3797 5439 ef-

2205 5483 2409 5554 fugere,
2440 5495 2542 5536 nec
2560 5492 2683 5535 eum
2713 5477 2941 5533 liberare
2958 5476 3129 5531 valuit
3157 5475 3245 5531 illa
3267 5476 3426 5532 unius
3451 5473 3573 5531 Filii
3597 5472 3799 5533 dolos:

2206 5573 2487 5645 professio,
2518 5569 2669 5642 cujus
2712 5567 2854 5624 aliud
2906 5567 3328 5623 convincebatur
3368 5564 3648 5623 continere
3689 5565 3804 5621 do-

2205 5667 2416 5724 ctrina:
2448 5665 2574 5736 quia
2617 5662 2986 5735 perversitatis
3030 5659 3336 5732 bujusmodi
3381 5669 3683 5717 sectatores
3718 5661 3793 5703 88

2206 5761 2333 5835 ipsis
2387 5757 2681 5832 puniuntur
2726 5754 3067 5825 auctoribus;
3112 5753 3203 5825 qui
3256 5752 3403 5825 quod
3460 5751 3814 5810 erubescunt
