4032 6190
506 285 603 344 179

1873 295 2158 352 γιειιιυε
2201 296 2392 351 PAPA.

3238 275 3264 305 Ι

3665 309 3768 370 180

499 429 581 462 om
605 417 696 470 τῆς
721 407 1008 482 ἁγιωτάτης
1050 416 1140 465 τοῦ
1174 418 1300 466 Θεοῦ
1324 413 1579 474 reﬂatur};
1624 417 1708 468 καί
1742 416 2050 476 άποστολικὴ

2155 466 2156 471 η
2189 423 2492 484 statumque
2531 419 2878 474 sanctissima:
2910 419 2999 474 Dei
3041 423 3320 480 catholica:
3365 432 3422 480 et
3457 427 3769 496 apostolica:

498 500 763 560 ἐκκλησίας
818 501 1086 573 ἀτάραχον
1146 500 1229 557 διά
1294 504 1490 559 πάντων
1553 505 1939 577 φυλάττεσθαι,
2002 513 2085 562 καί

496 591 687 648 ταύτην
709 594 911 667 πρώτην
935 598 1032 645 τῶν
1060 588 1217 645 ἄλλων
1254 595 1346 649 τήν
1369 593 1603 667 φροντίδα
1626 596 1872 666 τιθέμεθα.
1915 593 1984 650 Δι’
2028 595 2086 656 ἧς

495 684 578 735 καί
613 687 701 740 τήν
730 683 778 733 ἐν
808 687 882 754 τῷ
911 680 1125 756 παρόντι
1151 683 1323 755 κόσμῳ
1353 685 1614 754 βασιλείαν
1652 689 1772 756 ἡμῖν
1819 688 1921 742 άπὸ
1952 696 2078 743 Θεοῦ

494 771 898 848 παραδεδόσθαι,
925 777 1009 830 καί
1032 774 1368 847 φυλάττεσθαι
1388 775 1828 848 πεπιστεύκαμεν,
1861 782 1939 832 καὶ
1961 782 2079 844 τοῦς

493 867 715 944 ἐχθροὺς
739 875 832 928 τῆς
859 868 1112 943 ἡμετέρας
1133 867 1385 930 πολιτείας
1413 871 1785 925 ὑποτάττεσθαι
1830 868 1894 926 δι’
1917 868 1973 932 ἧς
2000 876 2078 926 καί

489 961 544 1015 ἐν
569 969 642 1032 τῷ
668 961 892 1033 μέλλοντι
912 961 1051 1015 αίῶνι
1078 959 1218 1019 ἔλεος
1247 958 1453 1015 ἐνώπιον
1473 970 1562 1022 τῆς
1589 963 1742 1016 αὐτοῦ
1773 963 2077 1033 άγαθὸτητις

489 1053 660 1126 εὑρεῖν
689 1053 966 1122 ἐλπίζομεν.
994 1055 1051 1105 Εἰ
1079 1054 1158 1106 καί
1184 1053 1250 1106 τά
1275 1052 1498 1121 μάλιστα
1525 1054 1625 1125 γάρ
1654 1053 1680 1108 6
1708 1059 1800 1108 τοῦ
1827 1055 2075 1128 άνὲρωπί·

486 1164 573 1198 νου
598 1145 770 1216 γένους
799 1144 1034 1215 πολέμιος
1061 1142 1332 1219 διαφόρους
1364 1144 1640 1219 ἐφευρίσκει
1667 1151 1976 1219 «patriaac.
2009 1144 2075 1200 δι’

485 1235 554 1292 ὧν
583 1236 864 1302 σπουδάζει
895 1237 1234 1292 ἐπιϐουλεύειν
1260 1245 1378 1296 ταῖς
1416 1244 1513 1290 τῶν
1537 1237 1808 1310 obeyiner
1829 1237 2069 1308 ψυχαῖς,

483 1328 586 1387 ἀλλ’
614 1325 700 1384 οῦν
724 1333 753 1389 ἡ
774 1337 863 1386 τοῦ
894 1337 1022 1385 Θεοῦ
1049 1329 1391 1405 φιλανθρωπία
1415 1334 1504 1388 τήν
1525 1330 1708 1384 ἐκείνου
1740 1340 2072 1405 καταργοῦσα

481 1424 741 1499 πονηρίαν,
772 1424 859 1476 καί
886 1424 1003 1482 τοὺς
1032 1423 1284 1482 ἐναντίους
1323 1420 1664 1494 διελέγχουσα
1705 1423 1762 1475 οὐ
1798 1433 2072 1496 συγχωρεῖ

481 1516 572 1572 τήν
637 1511 767 1567 ἰδίαν
828 1511 1306 1573 καταϐλάπτεσθαι.
1356 1510 1386 1570 ἢ
1435 1513 1794 1586 σκορπίζεσθαι
1832 1515 2065 1584 ποίμνην.

480 1606 658 1658 Ταῦτα
684 1601 739 1658 δὲ
768 1604 882 1673 ημῖν
911 1600 1105 1680 εἴρηται
1123 1643 1138 1669 ,
1173 1605 1377 1677 ἐπείπερ
1403 1600 1543 1662 ἦλθεν
1567 1605 1638 1664 εἰς
1663 1605 1820 1674 ἡμᾶς,
1847 1606 1915 1667 ὥς
1935 1627 2067 1668 τινες

477 1697 549 1765 μὴ
578 1693 789 1766 ἔχοντες
817 1697 945 1750 κατά
970 1702 1082 1750 νοῦν
1110 1697 1192 1750 τὸν
1220 1703 1314 1750 τοῦ
1345 1703 1472 1750 Θεοῦ
1498 1692 1678 1768 φόϐον,
1706 1695 1831 1769 μηδέ
1855 1707 1944 1757 τάν
1966 1707 2066 1755 τῶν

2187 506 2470 572 Ecclesiae,
2530 509 2990 578 perturbationum
3042 522 3317 581 expertem
3382 531 3769 588 usquequaque

2184 598 2459 653 custodiri.
2492 597 2616 655 liaec
2639 601 2792 656 nobis
2822 601 2991 670 prima
3007 611 3074 656 -et
3095 604 3462 675 antiquissima
3493 623 3618 662 cura
3641 619 3761 664 est:

2183 704 2279 758 per
2302 704 2463 758 quam
2491 699 2548 748 et
2590 693 2745 748 nobis
2788 693 2841 748 in
2883 695 3133 763 praesenti
3182 697 3378 753 saeculo
3419 699 3702 770 imperium
3728 715 3766 759 δ

2182 778 2294 836 Deo
2339 781 2590 836 traditum
2643 798 2762 838 esse
2818 792 2870 839 et
2933 788 3238 842 conservari
3292 789 3654 860 credidimus,
3705 800 3766 848 et

2179 872 2488 942 reipublicm
2506 884 2703 931 nostum
2719 876 2964 934 inimicos
2977 879 3219 946 subdi,ct
3241 883 3437 937 smculo
3457 881 3638 940 futuro
3655 886 3763 940 mi-

2177 963 2528 1019 sericordiam
2558 965 2610 1020 in
2655 977 2947 1038 conspectu
2977 969 3094 1039 ejus
3120 970 3377 1028 bonitatis
3405 989 3504 1028 nos
3533 978 3764 1046 adeptu-

2176 1069 2270 1109 ros
2298 1071 2598 1125 speramus.
2648 1058 2782 1113 Nam
2811 1068 2866 1114 et
2892 1060 2938 1115 si
2965 1061 3184 1116 humani
3208 1064 3421 1132 generis
3450 1065 3622 1121 hostis
3665 1083 3762 1122 va-

2175 1145 2282 1200 rias
2349 1149 2666 1204 occasiones
2726 1152 3188 1220 comminiscitur,
3239 1155 3432 1224 quibus
3479 1158 3761 1214 hominum

2175 1238 2380 1294 animas
2410 1240 2589 1296 studet
2617 1240 2853 1298 lmdere:
2896 1243 2994 1298 Dei
3032 1252 3210 1300 tamen
3248 1245 3573 1316 humanitas,
3612 1240 3760 1307 illius

2173 1331 2570 1404 improbitatem
2619 1343 2675 1390 et
2718 1336 2973 1390 malitiam
3000 1339 3248 1406 frangens
3276 1349 3436 1409 atque
3461 1357 3752 1409 evacuans,

2171 1419 2613 1496 adversariosque
2665 1424 3012 1494 redarguens,
3061 1441 3280 1496 gregem
3309 1444 3464 1484 suum
3494 1430 3753 1487 damnum

2170 1513 2419 1584 accipere
2451 1525 2543 1570 aut
2587 1518 2838 1588 dissipari
2869 1535 2974 1575 non
3021 1521 3304 1591 permittit.
3344 1521 3473 1579 llaec
3507 1535 3689 1580 autem
3719 1542 3752 1580 a

2168 1604 2323 1660 nobis
2355 1605 2474 1661 ideo
2503 1607 2645 1663 dicta
2661 1617 2810 1676 sunt,
2843 1610 2984 1680 quod
3023 1611 3088 1665 ad
3109 1627 3210 1668 nos
3235 1611 3455 1668 allatura
3479 1623 3582 1683 est,
3614 1634 3754 1672 non-

2167 1696 2341 1751 nullos
2365 1697 2461 1752 Dei
2489 1698 2737 1755 timorem
2765 1701 2820 1755 in
2847 1703 3029 1758 animo
3070 1718 3178 1758 non
3215 1704 3504 1772 habentes,
3532 1723 3632 1762 nec
3663 1724 3750 1761 re-

479 1785 634 1861 ὄρθῶν
662 1785 929 1860 δογμάτων
954 1785 1200 1861 διάκρισιν
1227 1788 1576 1857 ἐπιστάμενοι.
1601 1787 1671 1843 Δι’
1702 1786 1760 1849 ἧς
1793 1794 1897 1850 πᾶς
1933 1788 1958 1845 6
1987 1813 2050 1862 γι-

2167 1794 2266 1840 ctae
2287 1785 2546 1843 doctrina:
2574 1789 2862 1847 discrimen
2889 1801 3158 1859 tenentes,
3207 1810 3316 1864 quo
3357 1797 3594 1851 salvatur
3628 1800 3748 1866 qui-

471 1878 678 1934 νώσκων
704 1883 792 1937 τὴν
828 1879 1051 1936 ἀληθειαν
1078 1881 1296 1942 σώζεται
1317 1917 1330 1938 ,
1372 1878 1761 1949 καταλείψαντες
1798 1883 1892 1941 τάς
1928 1882 2060 1958 θείας

474 1972 688 2044 γραφάς.
724 1973 806 2025 καί
845 1974 966 2030 τοὺς
1007 1969 1182 2044 ἁγίους
1220 1970 1469 2044 πατέρας,
1511 1968 1599 2031 οῦς
1636 1973 1667 2030 ἡ
1711 1972 1945 2031 καθολική
1967 1980 2057 2027 τοῦ

475 2070 600 2118 Θεοῦ
630 2062 866 2124 ἐκκλησία
893 2061 1228 2125 διδασκάλους
1263 2061 1294 2118 ἕ
1295 2087 1386 2137 χει
1406 2108 1419 2129 ,
1453 2067 1536 2118 καί
1580 2063 1646 2119 δι’
1675 2062 1740 2118 ὧν
1779 2070 1926 2120 πᾶσα
1968 2069 2058 2136 μέν

474 2161 742 2224 πανταχοῦ
772 2156 972 2232 αἵρεσις
1021 2153 1356 2220 ἀπελήλαται,
1403 2158 1432 2214 ἡ
1479 2154 1532 2210 δὲ
1580 2153 1842 2228 ὀρθὸδοξος
1881 2157 2057 2218 πίστις

473 2252 826 2320 σεσαφήνισται
859 2249 898 2312 ³,
925 2245 1208 2326 Ὦριγίνους
1255 2270 1309 2304 τε
1361 2251 1444 2301 καὶ
1489 2255 1588 2302 τῶν
1618 2246 1929 2310 Ἑλληνικῶν,
1977 2251 2058 2303 καὶ

469 2344 799 2414 ’Δρειανικῶν,
824 2341 907 2392 καί
934 2346 1256 2409 Μανιχαῑκῶν
1284 2341 1440 2394 αὐτοῦ
1463 2338 1727 2411 δογμάτων
1747 2339 2056 2394 άντιποιοίν-

463 2449 580 2494 ται,
611 2427 674 2484 δι’
699 2428 764 2482 ὧν
799 2431 976 2490 ἐκεῖνος
1022 2433 1094 2490 εἰς
1135 2430 1316 2504 βόθρον
1352 2431 1604 2486 ἒνέπεσεν.
1637 2432 1696 2485 Οί
1733 2429 1786 2486 δέ
1835 2439 2056 2490 τοιοῦτοι

471 2525 576 2578 πῶς
606 2516 841 2573 δύνανται
868 2526 1193 2592 Χριστιανοῖς
1225 2521 1645 2592 συναριθμεῖσθαι
1665 2525 1946 2595 προσώπου
1969 2526 2054 2579 άν-

461 2609 828 2684 τιποιοίμενοι,
847 2610 910 2666 τά
927 2608 1182 2676 Ἐλλήνων,
1214 2613 1300 2666 καί
1326 2615 1636 2682 Μανιχαίων.
1663 2618 1749 2668 καὶ
1770 2611 2051 2690 ’Λρειανῶν,

459 2708 547 2762 καί
584 2713 683 2761 τῶν
724 2701 884 2760 ἄλλων
940 2705 1203 2778 αἱρετικῶν
1253 2703 1645 2767 σπουδάσαντος
1696 2706 2052 2782 παραδοῦναι;

469 2794 616 2858 ὅστις
652 2797 752 2869 πρὸ
789 2796 990 2851 πάντων
1031 2797 1104 2855 είς
1133 2797 1286 2854 αὐτὴν
1332 2801 1420 2854 την
1463 2795 1611 2868 ἁγίαν
1663 2801 1744 2854 καί
1783 2798 2053 2868 ὁμοούσιον

457 2887 647 2965 τριάδα
682 2889 1058 2960 βλασφημήσας
1101 2887 1370 2960 ἐτόλμησεν
1403 2890 1558 2944 εἰπεῖν
1593 2891 1676 2946 τὸν
1721 2894 1810 2963 μέν
1854 2897 2052 2968 πατέρα

458 2981 658 3052 μείζονα
671 2975 797 3034 εἶναι
819 2987 910 3035 τοῦ
933 2979 1164 3046 υἷοῦ,ςὸν
1191 2979 1242 3036 δέ
1264 2981 1368 3034 υίόν
1390 2988 1479 3035 τοῦ
1503 2980 1649 3055 ἁγίου
1667 2985 2051 3054 πνεύματος,τό

454 3074 515 3133 δῦ
537 3072 680 3146 ἅγιον
702 3079 906 3144 πνεῦμα
923 3079 1022 3127 τῶν
1038 3069 1192 3128 ἄλλων
1218 3079 1534 3144 πνευμάτων.
1549 3078 1899 3149 Προστίθειται
1921 3079 2049 3154 [leg.

2164 1891 2378 1947 cunque
2407 1880 2688 1936 veritatem
2718 1885 2996 1951 cognoscit
3020 1901 3039 1952 ;
3059 1885 3262 1942 relictis
3284 1886 3477 1942 divinis
3503 1887 3748 1959 Scriptu-

2161 1964 2234 2020 ris
2261 1967 2568 2037 sanctisque
2607 1968 2858 2027 Patribus
2897 1989 3035 2043 quos
3061 1975 3327 2032 catholica
3378 1977 3480 2033 Dei
3505 1977 3746 2035 Ecclesia

2158 2056 2411 2114 doctores
2436 2060 2616 2127 habet,
2661 2077 2758 2132 per
2793 2079 2930 2132 quos
2955 2066 3132 2120 omnis
3162 2066 3358 2137 ubique
3399 2069 3618 2126 hmresis
3647 2086 3748 2125 cx-

2158 2151 2308 2220 pulsa
2331 2160 2430 2220 est,
2455 2153 2587 2209 lides
2616 2171 2743 2212 vero
2774 2158 3074 2214 orthodoxa
3096 2159 3364 2215 declarata
3389 2179 3406 2228 ;
3427 2160 3740 2232 Origenem,

2156 2243 2382 2315 ejusque
2411 2247 2681 2318 dogmata,
2720 2267 3049 2322 paganorum
3071 2265 3127 2311 et
3150 2256 3468 2312 Arianorum
3495 2271 3550 2314 et
3569 2259 3741 2315 Mani-

2157 2334 2426 2392 chaeorum
2458 2342 2729 2398 erroribus
2756 2342 2934 2399 aﬂinia
2963 2361 3204 2402 asserere
3228 2365 3240 2401 :
3289 2363 3386 2418 per
3411 2365 3529 2419 qua:
3557 2352 3648 2408 ille
3677 2354 3739 2409 in

2152 2422 2366 2479 foveam
2393 2427 2598 2485 incidit.
2625 2429 2726 2498 Qui
2753 2432 3018 2502 ejusmodi
3045 2444 3188 2502 sunt,
3217 2440 3490 2506 quomodo
3515 2453 3753 2511 possunt

2155 2517 2210 2572 in
2239 2515 2556 2574 Christianis
2585 2524 2889 2591 numerari,
2921 2541 3042 2580 eum
3076 2535 3286 2582 tuentes
3315 2528 3613 2599 hominem,
3645 2533 3748 2600 qui

2154 2621 2218 2660 ea
2246 2622 2364 2678 qua:
2394 2609 2617 2679 pagani,
2667 2609 2964 2680 Manichaei,
3015 2615 3218 2684 Ariani,
3266 2617 3466 2687 aliique
3500 2619 3750 2677 hmretici

2154 2697 2424 2764 sentiunt,
2458 2698 2671 2755 tradere
2711 2702 2959 2758 studuit?
2989 2702 3089 2770 Qui
3119 2713 3244 2761 ante
3273 2707 3453 2761 omnia
3482 2708 3535 2762 in
3564 2709 3750 2779 ipsam

2153 2797 2397 2846 sanctam
2418 2799 2476 2847 et
2499 2793 3014 2852 consubstantialem
3036 2796 3353 2853 Trinitatem
3376 2799 3750 2870 blasphemias

2153 2895 2317 2938 ausus
2345 2884 2626 2942 estdicere
2651 2903 2664 2939 :
2699 2885 2914 2943 Patrem
2932 2888 3195 2958 majorem
3221 2905 3343 2946 esse
3363 2891 3518 2958 Filio,
3543 2892 3748 2949 Filium

2154 2983 2344 3030 sancto
2389 2973 2626 3046 Spiritu,
2672 2987 2918 3034 sanctum
2965 2977 3224 3054 Spiritum
3271 2981 3390 3037 aliis
3435 2983 3745 3052 spiritibus.

2156 3067 2326 3125 Porro
2355 3069 2460 3126 hoc
2499 3070 2567 3126 ad
2607 3071 2943 3142 impietatem
2971 3089 3124 3129 suam
3152 3073 3377 3142 addidit,
3418 3087 3476 3131 ut
3504 3076 3744 3145 diceret,

458 3158 866 3240 προστέθεικε1δὲ
877 3167 963 3219 καί
975 3170 1129 3220 τοῦτο
1143 3172 1209 3238 τῇ,
1219 3165 1238 3218 ἔ
1242 3171 1402 3219 αυτοῦ
1417 3166 1508 3220 άσε
1516 3167 1626 3242 ϐείᾳ
1643 3169 1814 3235 είπών,
1827 3170 1954 3242 μηδὲ
1969 3175 2050 3230 τὸν

2156 3172 2258 3214 nec
2286 3175 2446 3230 posse
2472 3161 2667 3218 Filium
2699 3161 2914 3219 Patrem
2942 3165 3151 3234 videre,
3180 3183 3280 3222 nec
3308 3167 3566 3238 Spiritum
3603 3185 3745 3226 san-

453 3256 564 3312 υίὸν
588 3254 834 3313 δύνασθαι
851 3258 937 3312 τὸν
952 3257 1156 3331 πατέρα
1187 3254 1327 3322 ἰδεῖν,
1348 3255 1473 3327 μηδέ
1492 3259 1551 3313 τὸ
1575 3258 1714 3332 ἅγιον
1733 3269 1936 3334 πνεῦμα
1963 3265 2050 3320 τὸν

453 3346 584 3402 υίόν⁰
611 3349 697 3401 καί
727 3343 809 3402 ὅτι
832 3344 858 3400 6
885 3345 995 3407 υίὸς
1021 3347 1109 3402 καί
1133 3347 1192 3401 τὸ
1221 3343 1362 3418 ἅγιον
1387 3353 1588 3418 πνεῦμα
1625 3352 1881 3420 κτίσματά
1923 3355 2046 3408 εἰσι·

457 3438 547 3494 καί
570 3435 693 3515 ὅπερ
715 3439 858 3508 ἡμεῖς
885 3437 1037 3507 ἔσμεν
1074 3437 1202 3512 πρὸς
1229 3439 1315 3493 τὸν
1343 3439 1450 3492 υῗόν
1468 3482 1480 3504 ,
1529 3446 1681 3495 τοῦτο
1726 3439 1752 3496 6
1789 3442 1897 3503 υίός
1937 3445 2050 3501 ιστι

450 3527 583 3606 πρὸς
609 3528 696 3584 τὸν
715 3529 1262 3604 πατέρα..Προστίθησι
1289 3527 1344 3584 δέ
1362 3537 1476 3591 ταῖς
1499 3529 1685 3585 ἑαυτοῦ
1709 3532 2048 3606 βλασφημίαις

446 3624 536 3678 καί
561 3628 715 3679 τοῦτο
735 3623 785 3677 ἓν
814 3629 885 3693 τῷ
909 3624 1030 3698 περὶ
1053 3623 1235 3696 ἀρχῶν
1259 3624 1416 3679 αὐτοῦ
1438 3625 1628 3698 πρώτῳ
1645 3625 1772 3698 λόγῳ
1794 3627 1877 3682 ἔπ’
1893 3632 2050 3693 αὐτῆς

450 3715 627 3780 λέξεως
646 3718 800 3774 εἰπὼν
827 3717 1010 3777 ο”τως·
1049 3733 1068 3767 ε
1099 3723 1179 3770 Ἐν
1198 3725 1262 3794 τῇ
1287 3718 1614 3794 έπινοουμένῃ
1635 3723 1782 3798 ἀρχῇ
1809 3733 2053 3781 τοσοῦτον.

447 3808 656 3884 ἀριθμὸν
685 3816 759 3882 τῷ
787 3807 1070 3883 βουλήματι
1095 3809 1253 3865 αὐτοῦ
1284 3809 1576 3871 ὑποστῆσαι
1601 3815 1688 3868 τὸν
1717 3815 1836 3870 Θεὸν
1864 3827 2048 3892 νοερῶν

445 3901 661 3969 οὐσιῶν,
693 3898 815 3956 ὅσον
841 3899 1066 3960 ἠδύνατο
1097 3900 1363 3974 διαρκέσαι
1392 3921 1404 3934 °
1433 3909 1820 3984 πεπερασμένην
1847 3911 1948 3985 γάρ
1978 3908 2062 3972 εἴη

449 4013 536 4046 ναι
564 3995 649 4046 καί
671 3998 760 4051 τὴν
779 3990 994 4062 δύναμιν
1029 3999 1120 4051 τοῦ
1153 3999 1279 4048 Θεοῦ
1316 3993 1532 4050 λεκτέον
1575 4001 1662 4052 καί
1692 4004 1762 4068 μή
1796 4003 2046 4073 προφάσει

447 4083 689 4156 εὐφημῗας
711 4087 799 4142 τήν
821 4089 1130 4156 περιγραφήν
1169 4084 1324 4145 αὐτῆς
1364 4089 1725 4162 περιαιρετέον·
1760 4090 1847 4144 ἐάν
1872 4093 1973 4167 γάρ

451 4169 666 4248 ἄπειρος
693 4175 724 4233 ἡ
743 4175 850 4228 θεία
888 4171 1120 4244 δύναμις,
1151 4176 1340 4247 ἀνάγκη
1365 4179 1516 4237 αὐτην
1538 4176 1665 4249 μηδέ
1687 4179 1871 4239 ἑαυτήν
1897 4191 2038 4236 νοεῖν·

448 4270 513 4338 τῇ
547 4265 649 4337 γάρ
686 4263 833 4336 φύσει
864 4262 922 4317 τὸ
960 4258 1168 4339 ἄπειρον
1194 4264 1558 4339 ἀπερίληπτον
1595 4271 1835 4326 πεποίηκε
1880 4273 2043 4324 τοίνυν

454 4363 710 4424 τοσαῦτα,
736 4354 802 4411 ὧν
827 4355 1040 4417 ἠδύνατο
1065 4355 1484 4430 περιδράξασθαι,
1507 4363 1591 4414 καί
1612 4358 1644 4414 ε’
1647 4381 1761 4429 χειν
1781 4363 1914 4417 αὐτά
1943 4364 2043 4416 ὑπὸ

449 4457 636 4524 χεῖρας
659 4451 743 4503 καί
777 4457 1074 4522 συγκροτεῖν
1112 4449 1214 4504 ὑπὸ
1249 4454 1341 4508 τήν
1369 4451 1528 4506 αὐτοῦ
1567 4452 1798 4530 πρόνοιαν
1817 4494 1833 4521 ,
1863 4457 2041 4530 ὥσπερ

447 4542 533 4594 καί
577 4537 833 4597 τοσαύτην
882 4539 1002 4597 ὕλην
1045 4541 1420 4596 κατεσκεύασεν
1457 4539 1580 4602 ὅσην
1615 4542 1834 4604 ἠδύνατο
1878 4567 2034 4601 κατα-

2155 4545 2250 4590 tam
2270 4537 2541 4590 materiam
2568 4539 2858 4608 apparavit,
2885 4545 3131 4609 quantum
3161 4556 3359 4610 regere,
3386 4541 3734 4611 distinguere,
3779 4583 3786 4588 .
3825 4537 3830 4556 ³

2142 4651 2204 4690 ac
2247 4652 2503 4691 exornare
2549 4645 2770 4706 poterat.
2823 4635 2904 4690 An
2948 4636 3110 4691 ullam
3151 4637 3415 4706 majorem
3459 4637 3738 4708 potuisset
3817 4661 3825 4684 -.

442 4640 720 4703 κοσμῆσαι.
747 4651 764 4684 ε
793 4636 940 4688 Ποίαν
959 4634 1150 4694 ταύτης
1179 4639 1383 4704 μείζονα
1402 4636 1723 4709 βλασφημίαν
1753 4639 1886 4690 κατά
1907 4645 2031 4691 Θεοῦ

443 4732 753 4801 προενεγκεῖν
780 4723 1034 4803 Ὠριγένης
1060 4724 1300 4790 ἠδύνατο,
1327 4725 1354 4781 6
1381 4730 1466 4780 καί
1495 4729 1580 4781 ἐπὶ
1601 4734 1691 4786 τῆς
1713 4724 1866 4796 ἁγίας
1889 4729 2030 4802 τριά-

445 4818 532 4880 δος
555 4821 781 4892 βαθμοὺς
811 4820 1112 4884 ἐπινοήσας,
1141 4819 1407 4875 πολυθεῖαν
1432 4821 1518 4874 καί
1560 4820 1782 4874 ἐντεῦθεν
1810 4821 2032 4892 εἰσάγειν

442 4913 768 4984 βουλόμενος,
797 4914 884 4966 καί
905 4913 1063 4971 αὐτην
1092 4909 1144 4968 δέ
1174 4918 1302 4968 Θεοῦ
1331 4917 1422 4971 την
1448 4910 1656 4982 δ·ἔναμιν
1681 4920 2032 4984 περιγραπτην

442 5003 567 5062 εἶναι
592 5006 1010 5082 τερατευόμενος
1030 5007 1228 5061 κάκεῖνο
1251 5003 1303 5061 δέ
1321 5005 1379 5060 τὸ
1403 5003 1571 5064 πάσης
1587 5003 1892 5064 δυσσεϐείας
1913 5005 2028 5059 άνά·

441 5121 629 5169 μεστον
653 5107 743 5161 τῆς
779 5100 934 5155 αὐτοῦ
979 5099 1092 5154 ἔστι
1117 5097 1421 5170 μυθολογίας
1448 5096 1507 5150 τὸ
1545 5096 1733 5167 λέγειν,
1767 5092 1845 5151 ὅτι
1868 5097 2031 5151 πάντα

439 5194 508 5248 τά
531 5197 661 5268 γένη.
699 5197 785 5250 καί
809 5195 874 5251 τά
906 5191 1014 5252 εἶ’δη
1038 5189 1277 5248 συναῖδιά
1316 5193 1428 5247 ἐστι
1453 5197 1524 5260 τῷ
1549 5196 1681 5260 Θεῷ·
1703 5191 1792 5243 σαί
1816 5187 1896 5244 ὅτι
1935 5195 2033 5245 τῶν

515 5394 535 5426 ⁸
562 5391 888 5468 Describitur
927 5392 1019 5448 hic
1053 5391 1232 5468 locus,
1272 5387 1388 5468 sed
1401 5389 1600 5468 _I_uultis_
1625 5387 1864 5468 subinde
1879 5401 2019 5468 pra:-

438 5462 727 5528 termissis,
754 5463 808 5514 in
838 5462 973 5531 Reg.
1004 5463 1127 5518 cod.
1158 5478 1257 5516 ms.
1291 5458 1431 5514 “2955
1459 5459 1676 5531 prmlixo
1698 5461 1800 5513 hoc
1831 5458 2016 5511 titulo:

439 5549 492 5591 'It
522 5535 642 5605 ἁγία
671 5535 755 5585 καί
786 5529 1093 5601 οἰκουμενιιιὴ
1117 5534 1324 5603 πέμπτη
1335 5529 1556 5612 Ασύνῇος
1577 5531 1770 5612 γέζονεν
1791 5531 2018 5612 έπίλΊου·

437 5601 613 5663 mtto
643 5603 765 5670 (pro
790 5601 1295 5664 ’louarmavoﬁlroﬁ
1326 5601 1602 5674 βασιλέῳςε
1641 5603 1751 5674 ἥτις
1782 5601 2021 5674 ἀνεθεμά-

437 5699 547 5732 τισε
579 5675 661 5730 τὸν
684 5674 934 5752 Ὠριγένην
959 5677 1042 5726 καί
1069 5678 1132 5727 τά
1157 5676 1310 5727 αὐτοῦ
1336 5672 2016 5752 εἳυσσεϐῇισυγγῖάμμαται,

440 5755 519 5802 καί
549 5741 1051 5810 ἀλλόκοταίδόίματα
1077 5747 1339 5816 Eum/{limi
1362 5745 1441 5816 καί
1471 5741 1692 5810 Διδύμου
1731 5743 1795 5794 τά
1821 5741 2016 5813 Ὦριγέ-

437 5839 552 5878 νους
580 5821 888 5890 φροιοῦντος-
929 5822 1005 5866 Ἐκ
1033 5818 1116 5866 τοῦ
1151 5811 1188 5866 δ’
1194 5811 1200 5812 ί
1220 5811 1432 5882 ’βιϐλίου
1464 5819 1561 5865 τῶν
1605 5811 1895 5886 πρακτικῶν
1926 5820 2014 5871 τῆς

2154 3257 2301 3305 ctum
2344 3251 2536 3307 Filium
2581 3272 2594 3307 :
2649 3255 2825 3325 ipsum
2869 3255 3062 3311 Filium
3109 3266 3163 3330 et
3199 3258 3458 3330 Spiritum
3486 3270 3745 3318 sanctum

2151 3350 2424 3398 creaturas
2446 3360 2565 3400 esse
2588 3363 2601 3398 :
2623 3347 2875 3418 quodque
2897 3363 2994 3402 nos
3021 3364 3206 3406 sumus
3227 3351 3292 3405 ad
3315 3351 3525 3419 Filium,
3540 3352 3744 3410 Filium

2151 3446 2271 3488 esse
2317 3433 2385 3489 ad
2414 3433 2647 3490 Patrem.
2690 3436 2771 3492 Ad
2819 3453 2944 3493 suas
2989 3447 3170 3496 autem
3217 3441 3580 3512 blasphemias
3629 3443 3746 3502 hoc

2149 3537 2366 3596 quoque
2393 3527 2637 3596 adjunxit
2666 3529 2719 3584 in
2747 3530 2923 3600 primo
2953 3546 3202 3588 sermone
3237 3531 3360 3588 Peri
3391 3535 3614 3601 archon,
3649 3537 3745 3593 his

2148 3619 2347 3686 verbis,
2379 3619 2458 3675 sic
2479 3621 2700 3678 dicens:
2735 3621 2802 3677 In
2827 3625 2938 3689 illo,
2971 3625 3107 3696 quod
3136 3634 3305 3680 mente
3333 3628 3745 3698 apprehenditur

2148 3711 2426 3781 principio,
2477 3721 2678 3766 tantum
2717 3729 2982 3768 numerum
3014 3717 3275 3770 voluntate
3304 3731 3399 3770 sua
3429 3716 3744 3789 intelligibi-

2147 3799 2273 3853 lium
2301 3799 2711 3857 substantiarum
2755 3805 3022 3858 constituit
3071 3804 3248 3873 Deus,
3294 3817 3486 3878 quanto
3523 3815 3742 3878 poterat

2146 3892 2410 3962 sufﬁcere;
2442 3892 2714 3948 dicendum
2741 3897 2878 3948 enim
2906 3896 3112 3966 ﬁnitam
3141 3914 3252 3952 esse
3280 3897 3380 3952 Dei
3407 3900 3693 3968 potentiam
3714 3917 3737 3954 :
3782 3972 3793 3980 _

2146 3999 2258 4049 nec,
2289 3983 2381 4036 sub
2406 3983 2616 4038 obtentu
2644 3986 2814 4039 laudis
2849 4003 2910 4040 ac
2939 3987 3187 4042 bonorum
3218 3989 3500 4055 verborum,
3541 3991 3736 4044 tollen-

2145 4076 2215 4131 da
2235 4076 2348 4148 ejus
2377 4077 2784 4147 circumscriptio
2813 4087 2890 4134 est
2919 4096 2936 4135 :
2965 4081 3151 4134 etenim
3171 4082 3217 4135 si
3237 4082 3447 4152 inﬁnita
3468 4082 3535 4137 sit
3554 4082 3738 4137 divina

2144 4168 2396 4238 potentia,
2438 4185 2643 4223 necesse
2671 4178 2749 4224 est
2776 4187 2890 4224 eam
2931 4188 2996 4226 nc
3025 4174 3253 4243 seipscm
3301 4175 3505 4245 quidem
3532 4176 3738 4230 intelli-

2144 4275 2262 4330 gere
2283 4274 2302 4312 .'
2328 4268 2519 4314 natura
2549 4263 2684 4315 enim
2715 4263 2975 4331 inﬁnitum
3007 4265 3372 4334 comprehendi
3403 4283 3507 4321 non
3535 4278 3734 4338 potest.

2147 4348 2316 4403 Tanta
2344 4351 2502 4421 igitur
2543 4353 2694 4422 fecit,
2747 4361 2944 4420 quanta
2982 4363 3184 4423 poterat
3231 4357 3639 4425 apprehendere.
3677 4368 3738 4411 et
3836 4415 3841 4419 ,

2145 4443 2238 4496 sub
2275 4444 2599 4514 providentia
2624 4461 2719 4498 sua
2747 4446 3050 4510 continere;
3078 4447 3506 4516 quemadmodum
3533 4458 3582 4502 et
3611 4458 3737 4502 ten-
3827 4461 3841 4496 ‘.

2139 4725 2398 4796 Origenes
2424 4727 2478 4781 in
2508 4727 2675 4782 Deum
2706 4728 3095 4798 blasphemiam
3126 4729 3414 4798 proferre?
3461 4729 3553 4797 qui
3582 4737 3640 4782 et
3669 4729 3732 4783 in

2139 4827 2324 4874 sancta
2352 4817 2614 4872 Triuitate
2639 4819 2834 4888 gradus
2859 4820 3194 4888 excogitaus,
3227 4818 3356 4876 inde
3383 4819 3498 4874 vult
3536 4818 3735 4873 multi-

2141 4909 2379 4965 tudinem
2402 4909 2626 4964 deorum
2665 4908 2942 4977 inducere,
2991 4925 3056 4966 ac
3095 4909 3266 4981 ipsam
3296 4910 3390 4966 Dei
3419 4909 3733 4981 potentiam

2139 5001 2600 5070 circumscriptam
2643 5015 2762 5056 esse
2811 5008 3119 5056 monstrose
3168 5001 3380 5058 asserit.
3433 5000 3548 5057 Hoc
3590 5015 3730 5056 vero

2139 5092 2287 5148 omni
2317 5091 2594 5161 impietate
2618 5092 2857 5164 plenum,
2889 5091 3006 5162 ejus
3029 5092 3388 5148 t'abulositatis
3412 5101 3494 5149 est
3517 5092 3734 5163 dicere,

2141 5183 2320 5240 omnia
2349 5196 2550 5252 genera
2573 5183 2892 5253 speciesque
2919 5191 3215 5240 cozeternas
3237 5198 3356 5240 esse
3376 5183 3486 5240 Deo
3511 5181 3735 5254 :quod-

2135 5387 2285 5457 ἁγίας
2315 5390 2551 5456 πέμπτης
2572 5385 2820 5458 συνόδου,
2847 5389 2902 5441 ἐκ
2927 5395 3016 5443 τοῦ
3033 5386 3195 5458 λόγου
3221 5393 3312 5442 τοῦ
3342 5381 3731 5439 εὐσεϐεστάτου

2136 5454 2272 5528 ἡμῶν
2300 5454 2544 5528 βασιλέως
2572 5454 2928 5528 ἰουστινιανοῦ
2951 5457 3078 5528 πρὸς
3104 5454 3270 5515 Μηνᾶν
3290 5458 3374 5512 τὸν
3392 5458 3732 5528 μακαριώτα-

2135 5549 2221 5610 τον
2271 5527 2689 5610 άρχιεπίσκοπον
2730 5527 3022 5610 εὐδαίμονος
3079 5527 3291 5610 πόλεως.
3334 5527 3616 5610 ᾯριγένους
3660 5547 3730 5610 τε

2132 5597 2264 5670 λέγει
2292 5594 2383 5651 καί
2406 5607 2517 5676 ,τῶν
2555 5599 2814 5676 έλληνικῶν
2843 5594 2928 5654 καί
2956 5605 3294 5668 Μανιχαῑκῶν
3320 5594 3501 5676 αὐτοῦ.
3524 5594 3729 5676 δοχξέ-

2131 5661 2250 5790 Ηιὶν,
2278 5677 2370 5726 etc.
2403 5666 2793 5737 Manuscriptus
2820 5682 2927 5724 non
2957 5675 3040 5723 est
3058 5661 3321 5723 aiinorum
3340 5664 3568 5736 amplius
3588 5661 3726 5720 m

2182 5754 2302 5790 ARD.
3189 5783 3196 5790 .

2182 5754 2302 5794 ABD.
