  <div class='ocr_page' id='page_1' title='image "/cluster/home/n/w/nwhite01/storage/ocr_20150623/69/hvd.32044054758727/096.png"; bbox 0 0 4032 6190; ppageno 0'>
   <div class='ocr_carea' id='block_1_1' title="bbox 272 293 367 345">
    <p class='ocr_par' dir='ltr' id='par_1_1' title="bbox 272 293 367 345">
     <span class='ocr_line' id='line_1_1' title="bbox 272 293 367 345; baseline 0 0"><span class='ocrx_word' id='word_1_1' title='bbox 272 293 367 345; x_wconf 77' lang='grc'><strong>181</strong></span> 
     </span>
    </p>
   </div>
   <div class='ocr_carea' id='block_1_2' title="bbox 1334 265 2487 350">
    <p class='ocr_par' dir='ltr' id='par_1_2' title="bbox 1334 265 2487 350">
     <span class='ocr_line' id='line_1_2' title="bbox 1334 265 2487 350; baseline -0.001 0"><span class='ocrx_word' id='word_1_2' title='bbox 1334 265 1702 350; x_wconf 70' lang='lat' dir='ltr'><strong>Jusrmlm</strong></span> <span class='ocrx_word' id='word_1_3' title='bbox 1743 290 1866 346; x_wconf 79' lang='lat' dir='ltr'><strong>un.</strong></span> <span class='ocrx_word' id='word_1_4' title='bbox 1913 292 2069 347; x_wconf 62' lang='lat' dir='ltr'><strong>sov.</strong></span> <span class='ocrx_word' id='word_1_5' title='bbox 2113 289 2487 350; x_wconf 70' lang='lat' dir='ltr'><strong>ORIGENESI.</strong></span> 
     </span>
    </p>
   </div>
   <div class='ocr_carea' id='block_1_3' title="bbox 3455 299 3564 350">
    <p class='ocr_par' dir='ltr' id='par_1_3' title="bbox 3455 299 3564 350">
     <span class='ocr_line' id='line_1_3' title="bbox 3455 299 3564 350; baseline -0.018 0"><span class='ocrx_word' id='word_1_6' title='bbox 3455 299 3564 350; x_wconf 67' lang='lat'><strong>18&#39;!</strong></span> 
     </span>
    </p>
   </div>
   <div class='ocr_carea' id='block_1_4' title="bbox 265 403 1881 481">
    <p class='ocr_par' dir='ltr' id='par_1_4' title="bbox 265 403 1868 477">
     <span class='ocr_line' id='line_1_4' title="bbox 265 403 1868 477; baseline 0.001 -21"><span class='ocrx_word' id='word_1_7' title='bbox 265 403 477 474; x_wconf 67' lang='grc' dir='ltr'><strong>λογικῶν</strong></span> <span class='ocrx_word' id='word_1_8' title='bbox 493 406 564 460; x_wconf 83' lang='grc' dir='ltr'><strong>τά</strong></span> <span class='ocrx_word' id='word_1_9' title='bbox 586 403 984 477; x_wconf 73' lang='grc' dir='ltr'><strong>ἀμαρτείσαντα,</strong></span> <span class='ocrx_word' id='word_1_10' title='bbox 1013 406 1090 461; x_wconf 84' lang='grc' dir='ltr'><strong>καί</strong></span> <span class='ocrx_word' id='word_1_11' title='bbox 1121 403 1203 460; x_wconf 82' lang='grc' dir='ltr'><strong>διὰ</strong></span> <span class='ocrx_word' id='word_1_12' title='bbox 1222 413 1373 462; x_wconf 84' lang='grc' dir='ltr'><strong>τοῦτο</strong></span> <span class='ocrx_word' id='word_1_13' title='bbox 1394 405 1676 462; x_wconf 79' lang='grc' dir='ltr'><strong>ίκπεσόντα</strong></span> <span class='ocrx_word' id='word_1_14' title='bbox 1703 414 1792 472; x_wconf 75' lang='grc' dir='ltr'><strong>τῆς</strong></span> <span class='ocrx_word' id='word_1_15' title='bbox 1819 408 1868 458; x_wconf 83' lang='grc' dir='ltr'><strong>ἰν</strong></span> 
     </span>
    </p>
   </div>
   <div class='ocr_carea' id='block_1_5' title="bbox 1983 403 3560 481">
    <p class='ocr_par' dir='ltr' id='par_1_5' title="bbox 1983 406 3560 481">
     <span class='ocr_line' id='line_1_5' title="bbox 1983 406 3560 481; baseline 0.006 -23"><span class='ocrx_word' id='word_1_16' title='bbox 1983 418 2080 472; x_wconf 80' lang='lat' dir='ltr'><strong>que</strong></span> <span class='ocrx_word' id='word_1_17' title='bbox 2135 406 2479 460; x_wconf 89' lang='lat' dir='ltr'><strong>rationabilia</strong></span> <span class='ocrx_word' id='word_1_18' title='bbox 2537 421 2657 475; x_wconf 69' lang='lat' dir='ltr'><strong>qute</strong></span> <span class='ocrx_word' id='word_1_19' title='bbox 2705 416 3019 478; x_wconf 84' lang='lat' dir='ltr'><strong>peccarunt,</strong></span> <span class='ocrx_word' id='word_1_20' title='bbox 3069 415 3147 465; x_wconf 79' lang='lat' dir='ltr'><strong>ac</strong></span> <span class='ocrx_word' id='word_1_21' title='bbox 3175 417 3464 481; x_wconf 83' lang='lat' dir='ltr'><strong>pr0ptcrea</strong></span> <span class='ocrx_word' id='word_1_22' title='bbox 3491 412 3560 468; x_wconf 84' lang='lat' dir='ltr'><strong>de</strong></span> 
     </span>
    </p>
   </div>
   <div class='ocr_carea' id='block_1_6' title="bbox 267 493 1870 571">
    <p class='ocr_par' dir='ltr' id='par_1_6' title="bbox 267 493 1870 571">
     <span class='ocr_line' id='line_1_6' title="bbox 267 493 1870 571; baseline -0.002 -18"><span class='ocrx_word' id='word_1_23' title='bbox 267 493 296 569; x_wconf 68' lang='grc' dir='ltr'><em>ᾗ</em></span> <span class='ocrx_word' id='word_1_24' title='bbox 328 494 464 553; x_wconf 71' lang='grc' dir='ltr'><strong>ἦσαν</strong></span> <span class='ocrx_word' id='word_1_25' title='bbox 503 498 875 559; x_wconf 78' lang='grc' dir='ltr'><strong>καταστάσεως</strong></span> <span class='ocrx_word' id='word_1_26' title='bbox 894 536 910 562; x_wconf 93' lang='grc'><strong>,</strong></span> <span class='ocrx_word' id='word_1_27' title='bbox 951 499 1082 552; x_wconf 85' lang='grc' dir='ltr'><strong>κατά</strong></span> <span class='ocrx_word' id='word_1_28' title='bbox 1122 503 1213 556; x_wconf 68' lang='grc' dir='ltr'><strong>τήν</strong></span> <span class='ocrx_word' id='word_1_29' title='bbox 1240 499 1508 571; x_wconf 78' lang='grc' dir='ltr'><strong>ἀναλογίαν</strong></span> <span class='ocrx_word' id='word_1_30' title='bbox 1541 505 1640 552; x_wconf 92' lang='grc' dir='ltr'><strong>τῶν</strong></span> <span class='ocrx_word' id='word_1_31' title='bbox 1680 499 1870 551; x_wconf 76' lang='grc' dir='ltr'><strong>οἰκείων</strong></span> 
     </span>
    </p>
   </div>
   <div class='ocr_carea' id='block_1_7' title="bbox 265 586 1870 665">
    <p class='ocr_par' dir='ltr' id='par_1_7' title="bbox 265 586 1870 665">
     <span class='ocr_line' id='line_1_7' title="bbox 265 586 1870 665; baseline 0.002 -25"><span class='ocrx_word' id='word_1_32' title='bbox 265 586 654 662; x_wconf 71' lang='grc' dir='ltr'><strong>ἁμαρτημάτων</strong></span> <span class='ocrx_word' id='word_1_33' title='bbox 699 592 949 662; x_wconf 78' lang='grc' dir='ltr'><strong>τιμωρίας</strong></span> <span class='ocrx_word' id='word_1_34' title='bbox 1008 589 1164 665; x_wconf 80' lang='grc' dir='ltr'><strong>χάριν</strong></span> <span class='ocrx_word' id='word_1_35' title='bbox 1211 592 1445 662; x_wconf 78' lang='grc' dir='ltr'><strong>σώμασιν</strong></span> <span class='ocrx_word' id='word_1_36' title='bbox 1486 590 1742 648; x_wconf 66' lang='grc' dir='ltr'><strong>ἐνεϐλήθη·</strong></span> <span class='ocrx_word' id='word_1_37' title='bbox 1788 592 1870 644; x_wconf 80' lang='grc' dir='ltr'><strong>καί</strong></span> 
     </span>
    </p>
   </div>
   <div class='ocr_carea' id='block_1_8' title="bbox 267 676 1872 757">
    <p class='ocr_par' dir='ltr' id='par_1_8' title="bbox 267 676 1872 757">
     <span class='ocr_line' id='line_1_8' title="bbox 267 676 1872 757; baseline 0.002 -27"><span class='ocrx_word' id='word_1_38' title='bbox 267 678 608 750; x_wconf 71' lang='grc' dir='ltr'><strong>καθαιρόμενοι</strong></span> <span class='ocrx_word' id='word_1_39' title='bbox 627 678 774 732; x_wconf 79' lang='grc' dir='ltr'><strong>πάλιν</strong></span> <span class='ocrx_word' id='word_1_40' title='bbox 794 679 1061 752; x_wconf 87' lang='grc' dir='ltr'><strong>ἀνάγονται</strong></span> <span class='ocrx_word' id='word_1_41' title='bbox 1073 681 1118 734; x_wconf 80' lang='grc' dir='ltr'><strong>ἰν</strong></span> <span class='ocrx_word' id='word_1_42' title='bbox 1194 681 1441 757; x_wconf 83' lang='grc' dir='ltr'><strong>πρότερον</strong></span> <span class='ocrx_word' id='word_1_43' title='bbox 1465 676 1596 739; x_wconf 77' lang='grc' dir='ltr'><strong>ἦσαν</strong></span> <span class='ocrx_word' id='word_1_44' title='bbox 1617 681 1872 736; x_wconf 87' lang='grc' dir='ltr'><strong>καταστά-</strong></span> 
     </span>
    </p>
   </div>
   <div class='ocr_carea' id='block_1_9' title="bbox 270 770 1868 842">
    <p class='ocr_par' dir='ltr' id='par_1_9' title="bbox 270 770 1868 842">
     <span class='ocr_line' id='line_1_9' title="bbox 270 770 1868 842; baseline 0.001 -18"><span class='ocrx_word' id='word_1_45' title='bbox 270 790 388 832; x_wconf 81' lang='grc' dir='ltr'><strong>σει,</strong></span> <span class='ocrx_word' id='word_1_46' title='bbox 421 770 682 830; x_wconf 80' lang='grc' dir='ltr'><strong>παντελῶς</strong></span> <span class='ocrx_word' id='word_1_47' title='bbox 716 775 808 829; x_wconf 68' lang='grc' dir='ltr'><strong>τὴν</strong></span> <span class='ocrx_word' id='word_1_48' title='bbox 847 773 1020 825; x_wconf 88' lang='grc' dir='ltr'><strong>κακίαν</strong></span> <span class='ocrx_word' id='word_1_49' title='bbox 1061 772 1394 842; x_wconf 76' lang='grc' dir='ltr'><strong>ἀποτιθέμενα</strong></span> <span class='ocrx_word' id='word_1_50' title='bbox 1418 773 1502 826; x_wconf 81' lang='grc' dir='ltr'><strong>καί</strong></span> <span class='ocrx_word' id='word_1_51' title='bbox 1535 772 1601 826; x_wconf 85' lang='grc' dir='ltr'><strong>τά</strong></span> <span class='ocrx_word' id='word_1_52' title='bbox 1626 775 1868 842; x_wconf 82' lang='grc' dir='ltr'><strong>σὼματα⁶</strong></span> 
     </span>
    </p>
   </div>
   <div class='ocr_carea' id='block_1_10' title="bbox 270 857 1869 936">
    <p class='ocr_par' dir='ltr' id='par_1_10' title="bbox 270 857 1869 936">
     <span class='ocr_line' id='line_1_10' title="bbox 270 857 1869 936; baseline -0.001 -21"><span class='ocrx_word' id='word_1_53' title='bbox 270 862 359 915; x_wconf 83' lang='grc' dir='ltr'><strong>καί</strong></span> <span class='ocrx_word' id='word_1_54' title='bbox 389 860 540 914; x_wconf 83' lang='grc' dir='ltr'><strong>πάλιν</strong></span> <span class='ocrx_word' id='word_1_55' title='bbox 566 860 621 913; x_wconf 82' lang='grc' dir='ltr'><strong>ἰκ</strong></span> <span class='ocrx_word' id='word_1_56' title='bbox 640 857 910 936; x_wconf 76' lang='grc' dir='ltr'><strong>δευτέρου,</strong></span> <span class='ocrx_word' id='word_1_57' title='bbox 937 863 1020 916; x_wconf 86' lang='grc' dir='ltr'><strong>καί</strong></span> <span class='ocrx_word' id='word_1_58' title='bbox 1055 864 1231 936; x_wconf 88' lang='grc' dir='ltr'><strong>τρίτου</strong></span> <span class='ocrx_word' id='word_1_59' title='bbox 1251 865 1377 930; x_wconf 38' lang='lat' dir='ltr'><strong>“ml</strong></span> <span class='ocrx_word' id='word_1_60' title='bbox 1401 863 1668 922; x_wconf 73' lang='grc' dir='ltr'><strong>πλεονάκις</strong></span> <span class='ocrx_word' id='word_1_61' title='bbox 1704 860 1869 932; x_wconf 69' lang='grc' dir='ltr'><strong>διαφό-</strong></span> 
     </span>
    </p>
   </div>
   <div class='ocr_carea' id='block_1_11' title="bbox 269 953 1868 1030">
    <p class='ocr_par' dir='ltr' id='par_1_11' title="bbox 269 953 1868 1030">
     <span class='ocr_line' id='line_1_11' title="bbox 269 953 1868 1030; baseline 0.002 -24"><span class='ocrx_word' id='word_1_62' title='bbox 269 973 382 1024; x_wconf 84' lang='grc' dir='ltr'><strong>ροις</strong></span> <span class='ocrx_word' id='word_1_63' title='bbox 411 953 742 1023; x_wconf 77' lang='grc' dir='ltr'><strong>ἐμϐάλλονται</strong></span> <span class='ocrx_word' id='word_1_64' title='bbox 779 956 991 1024; x_wconf 77' lang='grc' dir='ltr'><strong>σώμασι</strong></span> <span class='ocrx_word' id='word_1_65' title='bbox 1018 961 1146 1030; x_wconf 85' lang='grc' dir='ltr'><strong>πρὸς</strong></span> <span class='ocrx_word' id='word_1_66' title='bbox 1177 957 1446 1030; x_wconf 79' lang='grc' dir='ltr'><strong>τιμωρίαν.</strong></span> <span class='ocrx_word' id='word_1_67' title='bbox 1475 957 1792 1012; x_wconf 81' lang='grc' dir='ltr'><strong>Ὓποτίθεται</strong></span> <span class='ocrx_word' id='word_1_68' title='bbox 1818 953 1868 1009; x_wconf 72' lang='grc' dir='ltr'><strong>δε</strong></span> 
     </span>
    </p>
   </div>
   <div class='ocr_carea' id='block_1_12' title="bbox 269 1043 1870 1118">
    <p class='ocr_par' dir='ltr' id='par_1_12' title="bbox 269 1043 1870 1118">
     <span class='ocr_line' id='line_1_12' title="bbox 269 1043 1870 1118; baseline 0.001 -19"><span class='ocrx_word' id='word_1_69' title='bbox 269 1049 357 1099; x_wconf 69' lang='grc' dir='ltr'><strong>καί</strong></span> <span class='ocrx_word' id='word_1_70' title='bbox 386 1043 665 1116; x_wconf 71' lang='grc' dir='ltr'><strong>διαφόρους</strong></span> <span class='ocrx_word' id='word_1_71' title='bbox 693 1045 918 1118; x_wconf 79' lang='grc' dir='ltr'><strong>κόσμους</strong></span> <span class='ocrx_word' id='word_1_72' title='bbox 964 1047 1216 1105; x_wconf 83' lang='grc' dir='ltr'><strong>συστῆναί</strong></span> <span class='ocrx_word' id='word_1_73' title='bbox 1242 1066 1294 1100; x_wconf 84' lang='grc' dir='ltr'><strong>τι</strong></span> <span class='ocrx_word' id='word_1_74' title='bbox 1318 1083 1336 1110; x_wconf 86' lang='grc'><strong>,</strong></span> <span class='ocrx_word' id='word_1_75' title='bbox 1373 1047 1458 1101; x_wconf 82' lang='grc' dir='ltr'><strong>καί</strong></span> <span class='ocrx_word' id='word_1_76' title='bbox 1495 1048 1833 1102; x_wconf 78' lang='grc' dir='ltr'><strong>συνίστασθαι</strong></span> <span class='ocrx_word' id='word_1_77' title='bbox 1855 1085 1870 1110; x_wconf 83' lang='grc'><strong>,</strong></span> 
     </span>
    </p>
   </div>
   <div class='ocr_carea' id='block_1_13' title="bbox 269 1138 1875 1213">
    <p class='ocr_par' dir='ltr' id='par_1_13' title="bbox 269 1138 1875 1213">
     <span class='ocr_line' id='line_1_13' title="bbox 269 1138 1875 1213; baseline 0.001 -20"><span class='ocrx_word' id='word_1_78' title='bbox 269 1146 429 1193; x_wconf 79' lang='grc' dir='ltr'><strong>τοῦτο</strong></span> <span class='ocrx_word' id='word_1_79' title='bbox 457 1140 546 1209; x_wconf 71' lang='grc' dir='ltr'><strong>μέν</strong></span> <span class='ocrx_word' id='word_1_80' title='bbox 569 1139 928 1213; x_wconf 65' lang='grc' dir='ltr'><strong>παρελθόντας,</strong></span> <span class='ocrx_word' id='word_1_81' title='bbox 955 1146 1105 1194; x_wconf 77' lang='grc' dir='ltr'><strong>τοῦτ)</strong></span> <span class='ocrx_word' id='word_1_82' title='bbox 1121 1138 1173 1194; x_wconf 82' lang='grc' dir='ltr'><strong>δί</strong></span> <span class='ocrx_word' id='word_1_83' title='bbox 1197 1140 1482 1210; x_wconf 78' lang='grc' dir='ltr'><strong>μίλλοντας⁶</strong></span> <span class='ocrx_word' id='word_1_84' title='bbox 1509 1143 1594 1194; x_wconf 85' lang='grc' dir='ltr'><strong>καί</strong></span> <span class='ocrx_word' id='word_1_85' title='bbox 1611 1142 1691 1201; x_wconf 92' lang='grc' dir='ltr'><strong>τίς</strong></span> <span class='ocrx_word' id='word_1_86' title='bbox 1711 1140 1875 1201; x_wconf 71' lang='grc' dir='ltr'><strong>οὕτως</strong></span> 
     </span>
    </p>
   </div>
   <div class='ocr_carea' id='block_1_14' title="bbox 273 1228 1876 1304">
    <p class='ocr_par' dir='ltr' id='par_1_14' title="bbox 273 1228 1876 1304">
     <span class='ocr_line' id='line_1_14' title="bbox 273 1228 1876 1304; baseline 0.002 -21"><span class='ocrx_word' id='word_1_87' title='bbox 273 1229 415 1284; x_wconf 81' lang='grc' dir='ltr'><strong>ἰστὶν</strong></span> <span class='ocrx_word' id='word_1_88' title='bbox 445 1231 659 1293; x_wconf 73' lang='grc' dir='ltr'><strong>ἠλίθιος,</strong></span> <span class='ocrx_word' id='word_1_89' title='bbox 693 1228 749 1290; x_wconf 79' lang='grc' dir='ltr'><strong>ὃς</strong></span> <span class='ocrx_word' id='word_1_90' title='bbox 785 1251 866 1292; x_wconf 87' lang='grc' dir='ltr'><strong>τις</strong></span> <span class='ocrx_word' id='word_1_91' title='bbox 898 1238 998 1285; x_wconf 90' lang='grc' dir='ltr'><strong>τῶν</strong></span> <span class='ocrx_word' id='word_1_92' title='bbox 1024 1233 1265 1288; x_wconf 80' lang='grc' dir='ltr'><strong>τοιούτων</strong></span> <span class='ocrx_word' id='word_1_93' title='bbox 1289 1230 1486 1288; x_wconf 89' lang='grc' dir='ltr'><strong>ἀκούων</strong></span> <span class='ocrx_word' id='word_1_94' title='bbox 1517 1234 1574 1287; x_wconf 86' lang='grc' dir='ltr'><strong>ού</strong></span> <span class='ocrx_word' id='word_1_95' title='bbox 1599 1235 1759 1304; x_wconf 82' lang='grc' dir='ltr'><strong>φρίξει</strong></span> <span class='ocrx_word' id='word_1_96' title='bbox 1786 1239 1876 1293; x_wconf 67' lang='grc' dir='ltr'><strong>τήν</strong></span> 
     </span>
    </p>
   </div>
   <div class='ocr_carea' id='block_1_15' title="bbox 273 1320 1878 1399">
    <p class='ocr_par' dir='ltr' id='par_1_15' title="bbox 273 1320 1878 1399">
     <span class='ocr_line' id='line_1_15' title="bbox 273 1320 1878 1399; baseline 0.001 -22"><span class='ocrx_word' id='word_1_97' title='bbox 273 1320 500 1378; x_wconf 73' lang='grc' dir='ltr'><strong>διάνοιαν</strong></span> <span class='ocrx_word' id='word_1_98' title='bbox 524 1321 611 1378; x_wconf 83' lang='grc' dir='ltr'><strong>διά</strong></span> <span class='ocrx_word' id='word_1_99' title='bbox 636 1328 727 1382; x_wconf 73' lang='grc' dir='ltr'><strong>τὴν</strong></span> <span class='ocrx_word' id='word_1_100' title='bbox 757 1331 847 1383; x_wconf 78' lang='grc' dir='ltr'><strong>τῆς</strong></span> <span class='ocrx_word' id='word_1_101' title='bbox 876 1325 1111 1386; x_wconf 72' lang='grc' dir='ltr'><strong>ἀσεϐείας</strong></span> <span class='ocrx_word' id='word_1_102' title='bbox 1131 1325 1442 1399; x_wconf 59' lang='grc' dir='ltr'><strong>ύπερϐολτὲη</strong></span> <span class='ocrx_word' id='word_1_103' title='bbox 1487 1327 1567 1386; x_wconf 90' lang='grc' dir='ltr'><strong>τίς</strong></span> <span class='ocrx_word' id='word_1_104' title='bbox 1600 1323 1655 1380; x_wconf 71' lang='grc' dir='ltr'><strong>δέ</strong></span> <span class='ocrx_word' id='word_1_105' title='bbox 1697 1327 1790 1379; x_wconf 79' lang='grc' dir='ltr'><strong>οὐκ</strong></span> <span class='ocrx_word' id='word_1_106' title='bbox 1819 1320 1878 1378; x_wconf 71' lang='grc' dir='ltr'><strong>ὂν</strong></span> 
     </span>
    </p>
   </div>
   <div class='ocr_carea' id='block_1_16' title="bbox 275 1411 1879 1487">
    <p class='ocr_par' dir='ltr' id='par_1_16' title="bbox 275 1411 1879 1487">
     <span class='ocr_line' id='line_1_16' title="bbox 275 1411 1879 1487; baseline 0.002 -21"><span class='ocrx_word' id='word_1_107' title='bbox 275 1411 584 1487; x_wconf 77' lang='grc' dir='ltr'><strong>βδελύξηται</strong></span> <span class='ocrx_word' id='word_1_108' title='bbox 604 1414 689 1468; x_wconf 71' lang='grc' dir='ltr'><strong>τόν</strong></span> <span class='ocrx_word' id='word_1_109' title='bbox 717 1415 933 1483; x_wconf 75' lang='grc' dir='ltr'><strong>μανέντα</strong></span> <span class='ocrx_word' id='word_1_110' title='bbox 961 1417 1218 1486; x_wconf 74' lang='grc' dir='ltr'><strong>Ὠριγένην</strong></span> <span class='ocrx_word' id='word_1_111' title='bbox 1239 1459 1252 1481; x_wconf 85' lang='grc'><strong>,</strong></span> <span class='ocrx_word' id='word_1_112' title='bbox 1276 1414 1520 1477; x_wconf 73' lang='grc' dir='ltr'><strong>τοιαύτας</strong></span> <span class='ocrx_word' id='word_1_113' title='bbox 1556 1417 1879 1486; x_wconf 79' lang='grc' dir='ltr'><strong>πλασάμενόν</strong></span> 
     </span>
    </p>
   </div>
   <div class='ocr_carea' id='block_1_17' title="bbox 273 1507 1876 1583">
    <p class='ocr_par' dir='ltr' id='par_1_17' title="bbox 273 1507 1876 1583">
     <span class='ocr_line' id='line_1_17' title="bbox 273 1507 1876 1583; baseline 0.001 -21"><span class='ocrx_word' id='word_1_114' title='bbox 273 1525 360 1573; x_wconf 76' lang='grc' dir='ltr'><strong>τε,</strong></span> <span class='ocrx_word' id='word_1_115' title='bbox 388 1509 474 1561; x_wconf 82' lang='grc' dir='ltr'><strong>καί</strong></span> <span class='ocrx_word' id='word_1_116' title='bbox 501 1507 758 1581; x_wconf 72' lang='grc' dir='ltr'><strong>ἐγγράφως</strong></span> <span class='ocrx_word' id='word_1_117' title='bbox 782 1508 1038 1580; x_wconf 77' lang='grc' dir='ltr'><strong>ἐκθέμενον</strong></span> <span class='ocrx_word' id='word_1_118' title='bbox 1066 1511 1197 1563; x_wconf 86' lang='grc' dir='ltr'><strong>κατά</strong></span> <span class='ocrx_word' id='word_1_119' title='bbox 1231 1516 1364 1563; x_wconf 82' lang='grc' dir='ltr'><strong>Θεοῦ</strong></span> <span class='ocrx_word' id='word_1_120' title='bbox 1397 1509 1750 1583; x_wconf 74' lang='grc' dir='ltr'><strong>βλασῖρημίας;</strong></span> <span class='ocrx_word' id='word_1_121' title='bbox 1785 1507 1876 1564; x_wconf 83' lang='grc' dir='ltr'><strong>ἆσ-</strong></span> 
     </span>
    </p>
   </div>
   <div class='ocr_carea' id='block_1_18' title="bbox 273 1599 1880 1676">
    <p class='ocr_par' dir='ltr' id='par_1_18' title="bbox 273 1599 1880 1676">
     <span class='ocr_line' id='line_1_18' title="bbox 273 1599 1880 1676; baseline 0.004 -25"><span class='ocrx_word' id='word_1_122' title='bbox 273 1619 423 1659; x_wconf 84' lang='grc' dir='ltr'><strong>τινας</strong></span> <span class='ocrx_word' id='word_1_123' title='bbox 447 1599 516 1658; x_wconf 82' lang='grc' dir='ltr'><strong>ὡς</strong></span> <span class='ocrx_word' id='word_1_124' title='bbox 541 1603 674 1652; x_wconf 80' lang='grc' dir='ltr'><strong>πᾶσι</strong></span> <span class='ocrx_word' id='word_1_125' title='bbox 707 1607 1031 1674; x_wconf 64' lang='grc' dir='ltr'><strong>Χριστιανοῐς</strong></span> <span class='ocrx_word' id='word_1_126' title='bbox 1072 1601 1487 1674; x_wconf 77' lang='grc' dir='ltr'><strong>ἀπηγορευμένας</strong></span> <span class='ocrx_word' id='word_1_127' title='bbox 1504 1641 1518 1666; x_wconf 90' lang='grc'><strong>,</strong></span> <span class='ocrx_word' id='word_1_128' title='bbox 1547 1606 1628 1657; x_wconf 82' lang='grc' dir='ltr'><strong>καί</strong></span> <span class='ocrx_word' id='word_1_129' title='bbox 1654 1610 1880 1676; x_wconf 68' lang='grc' dir='ltr'><strong>προγανῆ</strong></span> 
     </span>
    </p>
   </div>
   <div class='ocr_carea' id='block_1_19' title="bbox 182 1686 1878 1770">
    <p class='ocr_par' dir='ltr' id='par_1_19' title="bbox 182 1686 1878 1770">
     <span class='ocr_line' id='line_1_19' title="bbox 182 1686 1878 1770; baseline 0.005 -27"><span class='ocrx_word' id='word_1_130' title='bbox 182 1764 184 1767; x_wconf 21' lang='grc' dir='ltr'><strong>Ι</strong></span> <span class='ocrx_word' id='word_1_131' title='bbox 274 1697 372 1749; x_wconf 76' lang='grc' dir='ltr'><strong>τῆς</strong></span> <span class='ocrx_word' id='word_1_132' title='bbox 402 1686 707 1750; x_wconf 74' lang='grc' dir='ltr'><strong>δυσσεϐείας</strong></span> <span class='ocrx_word' id='word_1_133' title='bbox 735 1691 970 1761; x_wconf 73' lang='grc' dir='ltr'><strong>ἐχούσας</strong></span> <span class='ocrx_word' id='word_1_134' title='bbox 1002 1694 1087 1749; x_wconf 88' lang='grc' dir='ltr'><strong>τόν</strong></span> <span class='ocrx_word' id='word_1_135' title='bbox 1110 1690 1354 1766; x_wconf 56' lang='grc' dir='ltr'><strong>ἔλεγχον,</strong></span> <span class='ocrx_word' id='word_1_136' title='bbox 1377 1696 1624 1770; x_wconf 86' lang='grc' dir='ltr'><strong>περισσόν</strong></span> <span class='ocrx_word' id='word_1_137' title='bbox 1647 1698 1878 1767; x_wconf 72' lang='grc' dir='ltr'><strong>ἐνομίσα-</strong></span> 
     </span>
    </p>
   </div>
   <div class='ocr_carea' id='block_1_20' title="bbox 1968 495 3556 572">
    <p class='ocr_par' dir='ltr' id='par_1_20' title="bbox 1968 495 3556 572">
     <span class='ocr_line' id='line_1_20' title="bbox 1968 495 3556 572; baseline 0.002 -23"><span class='ocrx_word' id='word_1_138' title='bbox 1968 501 2113 549; x_wconf 86' lang='lat' dir='ltr'><strong>statn</strong></span> <span class='ocrx_word' id='word_1_139' title='bbox 2142 510 2241 551; x_wconf 90' lang='lat' dir='ltr'><strong>suo</strong></span> <span class='ocrx_word' id='word_1_140' title='bbox 2267 495 2603 563; x_wconf 85' lang='lat' dir='ltr'><strong>exciderunt,</strong></span> <span class='ocrx_word' id='word_1_141' title='bbox 2647 513 2748 567; x_wconf 91' lang='lat' dir='ltr'><strong>pro</strong></span> <span class='ocrx_word' id='word_1_142' title='bbox 2787 513 3005 554; x_wconf 90' lang='lat' dir='ltr'><strong>suorum</strong></span> <span class='ocrx_word' id='word_1_143' title='bbox 3055 507 3400 570; x_wconf 73' lang='lat' dir='ltr'><strong>peccatorum</strong></span> <span class='ocrx_word' id='word_1_144' title='bbox 3439 517 3556 572; x_wconf 81' lang='lat' dir='ltr'><strong>pro-</strong></span> 
     </span>
    </p>
   </div>
   <div class='ocr_carea' id='block_1_21' title="bbox 1968 585 3559 660">
    <p class='ocr_par' dir='ltr' id='par_1_21' title="bbox 1968 585 3559 660">
     <span class='ocr_line' id='line_1_21' title="bbox 1968 585 3559 660; baseline 0.004 -18"><span class='ocrx_word' id='word_1_145' title='bbox 1968 587 2241 657; x_wconf 86' lang='lat' dir='ltr'><strong>portione,</strong></span> <span class='ocrx_word' id='word_1_146' title='bbox 2273 585 2520 656; x_wconf 82' lang='lat' dir='ltr'><strong>supplicii</strong></span> <span class='ocrx_word' id='word_1_147' title='bbox 2551 602 2712 646; x_wconf 90' lang='lat' dir='ltr'><strong>causa</strong></span> <span class='ocrx_word' id='word_1_148' title='bbox 2751 589 2806 644; x_wconf 87' lang='lat' dir='ltr'><strong>in</strong></span> <span class='ocrx_word' id='word_1_149' title='bbox 2829 605 3060 660; x_wconf 89' lang='lat' dir='ltr'><strong>corpora</strong></span> <span class='ocrx_word' id='word_1_150' title='bbox 3091 589 3288 658; x_wconf 89' lang='lat' dir='ltr'><strong>injecta</strong></span> <span class='ocrx_word' id='word_1_151' title='bbox 3315 599 3464 657; x_wconf 89' lang='lat' dir='ltr'><strong>sunt,</strong></span> <span class='ocrx_word' id='word_1_152' title='bbox 3492 607 3559 650; x_wconf 88' lang='lat' dir='ltr'><strong>ac</strong></span> 
     </span>
    </p>
   </div>
   <div class='ocr_carea' id='block_1_22' title="bbox 1970 678 3554 751">
    <p class='ocr_par' dir='ltr' id='par_1_22' title="bbox 1970 678 3554 751">
     <span class='ocr_line' id='line_1_22' title="bbox 1970 678 3554 751; baseline 0.001 -18"><span class='ocrx_word' id='word_1_153' title='bbox 1970 687 2283 750; x_wconf 86' lang='lat' dir='ltr'><strong>expurgata,</strong></span> <span class='ocrx_word' id='word_1_154' title='bbox 2337 693 2550 732; x_wconf 81' lang='lat' dir='ltr'><strong>rursum</strong></span> <span class='ocrx_word' id='word_1_155' title='bbox 2579 678 2874 734; x_wconf 87' lang='lat' dir='ltr'><strong>ell‘eruntur</strong></span> <span class='ocrx_word' id='word_1_156' title='bbox 2918 681 2973 735; x_wconf 92' lang='lat' dir='ltr'><strong>in</strong></span> <span class='ocrx_word' id='word_1_157' title='bbox 3021 680 3304 751; x_wconf 88' lang='lat' dir='ltr'><strong>pristinum</strong></span> <span class='ocrx_word' id='word_1_158' title='bbox 3332 689 3554 747; x_wconf 86' lang='lat' dir='ltr'><strong>statum,</strong></span> 
     </span>
    </p>
   </div>
   <div class='ocr_carea' id='block_1_23' title="bbox 1970 769 3559 844">
    <p class='ocr_par' dir='ltr' id='par_1_23' title="bbox 1970 769 3559 844">
     <span class='ocr_line' id='line_1_23' title="bbox 1970 769 3559 844; baseline 0.004 -20"><span class='ocrx_word' id='word_1_159' title='bbox 1970 770 2118 825; x_wconf 89' lang='lat' dir='ltr'><strong>omni</strong></span> <span class='ocrx_word' id='word_1_160' title='bbox 2161 769 2406 840; x_wconf 90' lang='lat' dir='ltr'><strong>deposita</strong></span> <span class='ocrx_word' id='word_1_161' title='bbox 2451 770 2652 825; x_wconf 88' lang='lat' dir='ltr'><strong>malitia</strong></span> <span class='ocrx_word' id='word_1_162' title='bbox 2683 779 2738 826; x_wconf 90' lang='lat' dir='ltr'><strong>et</strong></span> <span class='ocrx_word' id='word_1_163' title='bbox 2763 772 3082 844; x_wconf 83' lang='lat' dir='ltr'><strong>corporibus</strong></span> <span class='ocrx_word' id='word_1_164' title='bbox 3115 791 3128 826; x_wconf 89' lang='lat'><strong>:</strong></span> <span class='ocrx_word' id='word_1_165' title='bbox 3163 774 3466 843; x_wconf 74' lang='lat' dir='ltr'><strong>iterumque</strong></span> <span class='ocrx_word' id='word_1_166' title='bbox 3494 788 3559 831; x_wconf 89' lang='lat' dir='ltr'><strong>ac</strong></span> 
     </span>
    </p>
   </div>
   <div class='ocr_carea' id='block_1_24' title="bbox 1973 862 3560 936">
    <p class='ocr_par' dir='ltr' id='par_1_24' title="bbox 1973 862 3560 936">
     <span class='ocr_line' id='line_1_24' title="bbox 1973 862 3560 936; baseline 0.002 -20"><span class='ocrx_word' id='word_1_167' title='bbox 1973 863 2210 928; x_wconf 90' lang='lat' dir='ltr'><strong>tertium,</strong></span> <span class='ocrx_word' id='word_1_168' title='bbox 2243 869 2300 917; x_wconf 91' lang='lat' dir='ltr'><strong>et</strong></span> <span class='ocrx_word' id='word_1_169' title='bbox 2317 863 2644 932; x_wconf 88' lang='lat' dir='ltr'><strong>compluries</strong></span> <span class='ocrx_word' id='word_1_170' title='bbox 2669 862 2897 919; x_wconf 86' lang='lat' dir='ltr'><strong>diversis</strong></span> <span class='ocrx_word' id='word_1_171' title='bbox 2925 864 2991 920; x_wconf 90' lang='lat' dir='ltr'><strong>ad</strong></span> <span class='ocrx_word' id='word_1_172' title='bbox 3013 879 3227 936; x_wconf 74' lang='lat' dir='ltr'><strong>pmnam</strong></span> <span class='ocrx_word' id='word_1_173' title='bbox 3250 865 3560 934; x_wconf 74' lang='lat' dir='ltr'><strong>injiciuntur</strong></span> 
     </span>
    </p>
   </div>
   <div class='ocr_carea' id='block_1_25' title="bbox 1970 952 3554 1024">
    <p class='ocr_par' dir='ltr' id='par_1_25' title="bbox 1970 952 3554 1024">
     <span class='ocr_line' id='line_1_25' title="bbox 1970 952 3554 1024; baseline 0.001 -15"><span class='ocrx_word' id='word_1_174' title='bbox 1970 953 2310 1024; x_wconf 85' lang='lat' dir='ltr'><strong>corporibus.</strong></span> <span class='ocrx_word' id='word_1_175' title='bbox 2358 952 2520 1008; x_wconf 87' lang='lat' dir='ltr'><strong>Ponit</strong></span> <span class='ocrx_word' id='word_1_176' title='bbox 2545 969 2711 1024; x_wconf 90' lang='lat' dir='ltr'><strong>porro</strong></span> <span class='ocrx_word' id='word_1_177' title='bbox 2737 954 2981 1010; x_wconf 86' lang='lat' dir='ltr'><strong>diversos</strong></span> <span class='ocrx_word' id='word_1_178' title='bbox 3009 956 3318 1013; x_wconf 76' lang='lat' dir='ltr'><strong>constitisse</strong></span> <span class='ocrx_word' id='word_1_179' title='bbox 3348 966 3404 1011; x_wconf 92' lang='lat' dir='ltr'><strong>et</strong></span> <span class='ocrx_word' id='word_1_180' title='bbox 3423 971 3554 1011; x_wconf 91' lang='lat' dir='ltr'><strong>con-</strong></span> 
     </span>
    </p>
   </div>
   <div class='ocr_carea' id='block_1_26' title="bbox 1971 1045 3557 1116">
    <p class='ocr_par' dir='ltr' id='par_1_26' title="bbox 1971 1045 3557 1116">
     <span class='ocr_line' id='line_1_26' title="bbox 1971 1045 3557 1116; baseline 0.002 -17"><span class='ocrx_word' id='word_1_181' title='bbox 1971 1053 2116 1100; x_wconf 84' lang='lat' dir='ltr'><strong>stare</strong></span> <span class='ocrx_word' id='word_1_182' title='bbox 2152 1045 2400 1113; x_wconf 90' lang='lat' dir='ltr'><strong>mundos,</strong></span> <span class='ocrx_word' id='word_1_183' title='bbox 2435 1052 2547 1100; x_wconf 89' lang='lat' dir='ltr'><strong>tum</strong></span> <span class='ocrx_word' id='word_1_184' title='bbox 2574 1046 2896 1116; x_wconf 73' lang='lat' dir='ltr'><strong>prmtcritOs,</strong></span> <span class='ocrx_word' id='word_1_185' title='bbox 2932 1055 3042 1101; x_wconf 92' lang='lat' dir='ltr'><strong>tum</strong></span> <span class='ocrx_word' id='word_1_186' title='bbox 3070 1045 3297 1102; x_wconf 76' lang='lat' dir='ltr'><strong>futuros.</strong></span> <span class='ocrx_word' id='word_1_187' title='bbox 3329 1048 3557 1116; x_wconf 82' lang='lat' dir='ltr'><strong>Ecquis-</strong></span> 
     </span>
    </p>
   </div>
   <div class='ocr_carea' id='block_1_27' title="bbox 1971 1136 3554 1202">
    <p class='ocr_par' dir='ltr' id='par_1_27' title="bbox 1971 1136 3554 1202">
     <span class='ocr_line' id='line_1_27' title="bbox 1971 1136 3554 1202; baseline 0.001 -10"><span class='ocrx_word' id='word_1_188' title='bbox 1971 1152 2096 1192; x_wconf 90' lang='lat' dir='ltr'><strong>nam</strong></span> <span class='ocrx_word' id='word_1_189' title='bbox 2141 1137 2279 1193; x_wconf 90' lang='lat' dir='ltr'><strong>adeo</strong></span> <span class='ocrx_word' id='word_1_190' title='bbox 2319 1136 2498 1193; x_wconf 79' lang='lat' dir='ltr'><strong>fatuus</strong></span> <span class='ocrx_word' id='word_1_191' title='bbox 2545 1145 2663 1202; x_wconf 86' lang='lat' dir='ltr'><strong>est,</strong></span> <span class='ocrx_word' id='word_1_192' title='bbox 2713 1145 2772 1192; x_wconf 91' lang='lat' dir='ltr'><strong>ut</strong></span> <span class='ocrx_word' id='word_1_193' title='bbox 2823 1138 2938 1194; x_wconf 75' lang='lat' dir='ltr'><strong>haec</strong></span> <span class='ocrx_word' id='word_1_194' title='bbox 2963 1139 3188 1194; x_wconf 89' lang='lat' dir='ltr'><strong>audiens</strong></span> <span class='ocrx_word' id='word_1_195' title='bbox 3213 1139 3395 1194; x_wconf 89' lang='lat' dir='ltr'><strong>animo</strong></span> <span class='ocrx_word' id='word_1_196' title='bbox 3447 1155 3554 1194; x_wconf 92' lang='lat' dir='ltr'><strong>non</strong></span> 
     </span>
    </p>
   </div>
   <div class='ocr_carea' id='block_1_28' title="bbox 1975 1229 3558 1300">
    <p class='ocr_par' dir='ltr' id='par_1_28' title="bbox 1975 1229 3558 1300">
     <span class='ocr_line' id='line_1_28' title="bbox 1975 1229 3558 1300; baseline 0.001 -16"><span class='ocrx_word' id='word_1_197' title='bbox 1975 1229 2322 1284; x_wconf 81' lang='lat' dir='ltr'><strong>exhorrescat</strong></span> <span class='ocrx_word' id='word_1_198' title='bbox 2343 1237 2566 1300; x_wconf 86' lang='lat' dir='ltr'><strong>propter</strong></span> <span class='ocrx_word' id='word_1_199' title='bbox 2588 1243 2852 1285; x_wconf 87' lang='lat' dir='ltr'><strong>summam</strong></span> <span class='ocrx_word' id='word_1_200' title='bbox 2878 1230 3209 1300; x_wconf 89' lang='lat' dir='ltr'><strong>impietatem</strong></span> <span class='ocrx_word' id='word_1_201' title='bbox 3231 1232 3255 1285; x_wconf 84' lang='lat'><strong>?</strong></span> <span class='ocrx_word' id='word_1_202' title='bbox 3283 1230 3414 1297; x_wconf 85' lang='lat' dir='ltr'><strong>Quis</strong></span> <span class='ocrx_word' id='word_1_203' title='bbox 3447 1245 3558 1286; x_wconf 91' lang='lat' dir='ltr'><strong>non</strong></span> 
     </span>
    </p>
   </div>
   <div class='ocr_carea' id='block_1_29' title="bbox 1977 1319 3558 1390">
    <p class='ocr_par' dir='ltr' id='par_1_29' title="bbox 1977 1319 3558 1390">
     <span class='ocr_line' id='line_1_29' title="bbox 1977 1319 3558 1390; baseline 0.002 -16"><span class='ocrx_word' id='word_1_204' title='bbox 1977 1329 2292 1374; x_wconf 80' lang='lat' dir='ltr'><strong>exsecretur</strong></span> <span class='ocrx_word' id='word_1_205' title='bbox 2316 1319 2563 1374; x_wconf 91' lang='lat' dir='ltr'><strong>insanum</strong></span> <span class='ocrx_word' id='word_1_206' title='bbox 2585 1319 2891 1390; x_wconf 88' lang='lat' dir='ltr'><strong>Origenem,</strong></span> <span class='ocrx_word' id='word_1_207' title='bbox 2922 1320 3016 1390; x_wconf 89' lang='lat' dir='ltr'><strong>qui</strong></span> <span class='ocrx_word' id='word_1_208' title='bbox 3047 1319 3355 1389; x_wconf 87' lang='lat' dir='ltr'><strong>hujusmodi</strong></span> <span class='ocrx_word' id='word_1_209' title='bbox 3385 1320 3558 1377; x_wconf 81' lang='lat' dir='ltr'><strong>tinxe-</strong></span> 
     </span>
    </p>
   </div>
   <div class='ocr_carea' id='block_1_30' title="bbox 1975 1411 3558 1483">
    <p class='ocr_par' dir='ltr' id='par_1_30' title="bbox 1975 1411 3558 1483">
     <span class='ocr_line' id='line_1_30' title="bbox 1975 1411 3558 1483; baseline 0.003 -17"><span class='ocrx_word' id='word_1_210' title='bbox 1975 1411 2047 1466; x_wconf 89' lang='lat' dir='ltr'><strong>rit</strong></span> <span class='ocrx_word' id='word_1_211' title='bbox 2073 1426 2136 1466; x_wconf 90' lang='lat' dir='ltr'><strong>ac</strong></span> <span class='ocrx_word' id='word_1_212' title='bbox 2161 1411 2376 1482; x_wconf 87' lang='lat' dir='ltr'><strong>scriptis</strong></span> <span class='ocrx_word' id='word_1_213' title='bbox 2397 1411 2663 1468; x_wconf 86' lang='lat' dir='ltr'><strong>mandarit</strong></span> <span class='ocrx_word' id='word_1_214' title='bbox 2692 1413 2746 1468; x_wconf 91' lang='lat' dir='ltr'><strong>in</strong></span> <span class='ocrx_word' id='word_1_215' title='bbox 2774 1413 2944 1468; x_wconf 90' lang='lat' dir='ltr'><strong>Deum</strong></span> <span class='ocrx_word' id='word_1_216' title='bbox 2969 1412 3334 1483; x_wconf 87' lang='lat' dir='ltr'><strong>hlasphemias</strong></span> <span class='ocrx_word' id='word_1_217' title='bbox 3355 1415 3378 1467; x_wconf 72' lang='grc' dir='ltr'><strong><em>τ</em></strong></span> <span class='ocrx_word' id='word_1_218' title='bbox 3401 1428 3558 1483; x_wconf 88' lang='lat' dir='ltr'><strong>quas,</strong></span> 
     </span>
    </p>
   </div>
   <div class='ocr_carea' id='block_1_31' title="bbox 1977 1502 3556 1576">
    <p class='ocr_par' dir='ltr' id='par_1_31' title="bbox 1977 1502 3556 1576">
     <span class='ocr_line' id='line_1_31' title="bbox 1977 1502 3556 1576; baseline 0.003 -20"><span class='ocrx_word' id='word_1_219' title='bbox 1977 1510 2039 1556; x_wconf 89' lang='lat' dir='ltr'><strong>ut</strong></span> <span class='ocrx_word' id='word_1_220' title='bbox 2091 1502 2338 1559; x_wconf 87' lang='lat' dir='ltr'><strong>omnibus</strong></span> <span class='ocrx_word' id='word_1_221' title='bbox 2383 1503 2702 1559; x_wconf 87' lang='lat' dir='ltr'><strong>Christianis</strong></span> <span class='ocrx_word' id='word_1_222' title='bbox 2755 1504 3103 1569; x_wconf 81' lang='lat' dir='ltr'><strong>interdictas,</strong></span> <span class='ocrx_word' id='word_1_223' title='bbox 3161 1503 3556 1576; x_wconf 83' lang='lat' dir='ltr'><strong>manifestaque</strong></span> 
     </span>
    </p>
   </div>
   <div class='ocr_carea' id='block_1_32' title="bbox 1978 1593 3562 1667">
    <p class='ocr_par' dir='ltr' id='par_1_32' title="bbox 1978 1593 3562 1667">
     <span class='ocr_line' id='line_1_32' title="bbox 1978 1593 3562 1667; baseline 0.002 -20"><span class='ocrx_word' id='word_1_224' title='bbox 1978 1593 2240 1649; x_wconf 85' lang='lat' dir='ltr'><strong>habentes</strong></span> <span class='ocrx_word' id='word_1_225' title='bbox 2262 1595 2552 1664; x_wconf 89' lang='lat' dir='ltr'><strong>impietatis</strong></span> <span class='ocrx_word' id='word_1_226' title='bbox 2581 1605 2893 1664; x_wconf 90' lang='lat' dir='ltr'><strong>argumenta</strong></span> <span class='ocrx_word' id='word_1_227' title='bbox 2912 1634 2928 1660; x_wconf 94' lang='lat'><strong>,</strong></span> <span class='ocrx_word' id='word_1_228' title='bbox 2977 1611 3435 1667; x_wconf 87' lang='lat' dir='ltr'><strong>supervacaneum</strong></span> <span class='ocrx_word' id='word_1_229' title='bbox 3465 1595 3562 1650; x_wconf 81' lang='lat' dir='ltr'><strong>du-</strong></span> 
     </span>
    </p>
   </div>
   <div class='ocr_carea' id='block_1_33' title="bbox 1981 1684 3562 1763">
    <p class='ocr_par' dir='ltr' id='par_1_33' title="bbox 1981 1684 3562 1763">
     <span class='ocr_line' id='line_1_33' title="bbox 1981 1684 3562 1763; baseline 0.002 -24"><span class='ocrx_word' id='word_1_230' title='bbox 1981 1685 2156 1741; x_wconf 81' lang='lat' dir='ltr'><strong>ximus</strong></span> <span class='ocrx_word' id='word_1_231' title='bbox 2177 1684 2504 1741; x_wconf 81' lang='lat' dir='ltr'><strong>refutatione</strong></span> <span class='ocrx_word' id='word_1_232' title='bbox 2531 1685 2760 1756; x_wconf 89' lang='lat' dir='ltr'><strong>dignari.</strong></span> <span class='ocrx_word' id='word_1_233' title='bbox 2787 1685 2966 1753; x_wconf 85' lang='lat' dir='ltr'><strong>Quare</strong></span> <span class='ocrx_word' id='word_1_234' title='bbox 3007 1687 3053 1742; x_wconf 89' lang='lat' dir='ltr'><strong>si</strong></span> <span class='ocrx_word' id='word_1_235' title='bbox 3081 1685 3325 1763; x_wconf 71' lang='lat' dir='ltr'><strong>haeretici</strong></span> <span class='ocrx_word' id='word_1_236' title='bbox 3351 1702 3562 1750; x_wconf 89' lang='lat' dir='ltr'><strong>omnes,</strong></span> 
     </span>
    </p>
   </div>
   <div class='ocr_carea' id='block_1_34' title="bbox 275 1773 1881 1862">
    <p class='ocr_par' dir='ltr' id='par_1_34' title="bbox 275 1781 1877 1862">
     <span class='ocr_line' id='line_1_34' title="bbox 275 1781 1877 1862; baseline 0.004 -28"><span class='ocrx_word' id='word_1_237' title='bbox 275 1799 370 1849; x_wconf 80' lang='grc' dir='ltr'><strong>μεν</strong></span> <span class='ocrx_word' id='word_1_238' title='bbox 389 1781 733 1858; x_wconf 69' lang='grc' dir='ltr'><strong>ἀντιῤῥήσεως</strong></span> <span class='ocrx_word' id='word_1_239' title='bbox 754 1783 987 1844; x_wconf 77' lang='grc' dir='ltr'><strong>άξιῶσαι³</strong></span> <span class='ocrx_word' id='word_1_240' title='bbox 1021 1784 1067 1836; x_wconf 88' lang='grc' dir='ltr'><strong>εἰ</strong></span> <span class='ocrx_word' id='word_1_241' title='bbox 1093 1781 1256 1838; x_wconf 83' lang='grc' dir='ltr'><strong>τοίνυν</strong></span> <span class='ocrx_word' id='word_1_242' title='bbox 1283 1781 1506 1845; x_wconf 80' lang='grc' dir='ltr'><strong>ἅπαντες</strong></span> <span class='ocrx_word' id='word_1_243' title='bbox 1532 1786 1773 1862; x_wconf 68' lang='grc' dir='ltr'><strong>αἵρετικοί</strong></span> <span class='ocrx_word' id='word_1_244' title='bbox 1794 1786 1877 1841; x_wconf 82' lang='grc' dir='ltr'><strong>ἐπί</strong></span> 
     </span>
    </p>
   </div>
   <div class='ocr_carea' id='block_1_35' title="bbox 1983 1773 3560 1862">
    <p class='ocr_par' dir='ltr' id='par_1_35' title="bbox 1983 1775 3560 1848">
     <span class='ocr_line' id='line_1_35' title="bbox 1983 1775 3560 1848; baseline -0.001 -17"><span class='ocrx_word' id='word_1_245' title='bbox 1983 1776 2051 1831; x_wconf 93' lang='lat' dir='ltr'><strong>ob</strong></span> <span class='ocrx_word' id='word_1_246' title='bbox 2071 1776 2228 1831; x_wconf 90' lang='lat' dir='ltr'><strong>unius</strong></span> <span class='ocrx_word' id='word_1_247' title='bbox 2251 1775 2472 1831; x_wconf 84' lang='lat' dir='ltr'><strong>forsitan</strong></span> <span class='ocrx_word' id='word_1_248' title='bbox 2493 1785 2585 1831; x_wconf 88' lang='lat' dir='ltr'><strong>aut</strong></span> <span class='ocrx_word' id='word_1_249' title='bbox 2604 1776 2826 1832; x_wconf 85' lang='lat' dir='ltr'><strong>alterius</strong></span> <span class='ocrx_word' id='word_1_250' title='bbox 2847 1777 3110 1846; x_wconf 79' lang='lat' dir='ltr'><strong>dogmatis</strong></span> <span class='ocrx_word' id='word_1_251' title='bbox 3131 1776 3560 1848; x_wconf 78' lang='lat' dir='ltr'><strong>perversitatem,</strong></span> 
     </span>
    </p>
   </div>
   <div class='ocr_carea' id='block_1_36' title="bbox 275 1874 1881 1954">
    <p class='ocr_par' dir='ltr' id='par_1_36' title="bbox 275 1874 1881 1954">
     <span class='ocr_line' id='line_1_36' title="bbox 275 1874 1881 1954; baseline 0.003 -25"><span class='ocrx_word' id='word_1_252' title='bbox 275 1874 414 1943; x_wconf 74' lang='grc' dir='ltr'><strong>ἑνός,</strong></span> <span class='ocrx_word' id='word_1_253' title='bbox 438 1898 500 1930; x_wconf 90' lang='grc' dir='ltr'><strong>τυ</strong></span> <span class='ocrx_word' id='word_1_254' title='bbox 508 1875 624 1945; x_wconf 86' lang='grc' dir='ltr'><strong>χόν,</strong></span> <span class='ocrx_word' id='word_1_255' title='bbox 646 1874 677 1934; x_wconf 75' lang='grc' dir='ltr'><strong>ἦ</strong></span> <span class='ocrx_word' id='word_1_256' title='bbox 695 1877 936 1952; x_wconf 83' lang='grc' dir='ltr'><strong>δευτέρου</strong></span> <span class='ocrx_word' id='word_1_257' title='bbox 959 1874 1210 1949; x_wconf 84' lang='grc' dir='ltr'><strong>δόγματος</strong></span> <span class='ocrx_word' id='word_1_258' title='bbox 1230 1887 1539 1954; x_wconf 76' lang='grc' dir='ltr'><strong>παρατροπῇ</strong></span> <span class='ocrx_word' id='word_1_259' title='bbox 1560 1879 1881 1938; x_wconf 66' lang='grc' dir='ltr'><strong>ίκϐἐξληνται</strong></span> 
     </span>
    </p>
   </div>
   <div class='ocr_carea' id='block_1_37' title="bbox 276 1963 1880 2044">
    <p class='ocr_par' dir='ltr' id='par_1_37' title="bbox 276 1963 1880 2044">
     <span class='ocr_line' id='line_1_37' title="bbox 276 1963 1880 2044; baseline 0.004 -25"><span class='ocrx_word' id='word_1_260' title='bbox 276 1973 372 2024; x_wconf 76' lang='grc' dir='ltr'><strong>τῆς</strong></span> <span class='ocrx_word' id='word_1_261' title='bbox 398 1963 688 2037; x_wconf 75' lang='grc' dir='ltr'><strong>ἁγιωτάτης</strong></span> <span class='ocrx_word' id='word_1_262' title='bbox 726 1966 1024 2030; x_wconf 78' lang='grc' dir='ltr'><strong>ἐκκλησίας,</strong></span> <span class='ocrx_word' id='word_1_263' title='bbox 1055 1967 1416 2028; x_wconf 81' lang='grc' dir='ltr'><strong>ύποϐληθέντες</strong></span> <span class='ocrx_word' id='word_1_264' title='bbox 1445 1970 1716 2040; x_wconf 73' lang='grc' dir='ltr'><strong>ἀναθέματι</strong></span> <span class='ocrx_word' id='word_1_265' title='bbox 1747 1973 1880 2044; x_wconf 85' lang='grc' dir='ltr'><strong>μετά</strong></span> 
     </span>
    </p>
   </div>
   <div class='ocr_carea' id='block_1_38' title="bbox 275 2053 1879 2134">
    <p class='ocr_par' dir='ltr' id='par_1_38' title="bbox 275 2053 1879 2134">
     <span class='ocr_line' id='line_1_38' title="bbox 275 2053 1879 2134; baseline 0.003 -22"><span class='ocrx_word' id='word_1_266' title='bbox 275 2063 382 2112; x_wconf 75' lang='grc' dir='ltr'><strong>τῶν</strong></span> <span class='ocrx_word' id='word_1_267' title='bbox 409 2054 548 2110; x_wconf 79' lang='grc' dir='ltr'><strong>ἰδίων</strong></span> <span class='ocrx_word' id='word_1_268' title='bbox 577 2053 862 2129; x_wconf 72' lang='grc' dir='ltr'><strong>δογμάτων,</strong></span> <span class='ocrx_word' id='word_1_269' title='bbox 885 2059 965 2119; x_wconf 87' lang='grc' dir='ltr'><strong>τίς</strong></span> <span class='ocrx_word' id='word_1_270' title='bbox 997 2054 1126 2119; x_wconf 79' lang='grc' dir='ltr'><strong>ὅλως</strong></span> <span class='ocrx_word' id='word_1_271' title='bbox 1148 2067 1458 2134; x_wconf 81' lang='grc' dir='ltr'><strong>Χριστιανῶν</strong></span> <span class='ocrx_word' id='word_1_272' title='bbox 1479 2061 1702 2126; x_wconf 70' lang='grc' dir='ltr'><strong>ἀνέξεται</strong></span> <span class='ocrx_word' id='word_1_273' title='bbox 1725 2063 1879 2117; x_wconf 81' lang='grc' dir='ltr'><strong>αὐτοῦ</strong></span> 
     </span>
    </p>
   </div>
   <div class='ocr_carea' id='block_1_39' title="bbox 277 2152 1883 2230">
    <p class='ocr_par' dir='ltr' id='par_1_39' title="bbox 277 2152 1883 2230">
     <span class='ocr_line' id='line_1_39' title="bbox 277 2152 1883 2230; baseline 0.002 -25"><span class='ocrx_word' id='word_1_274' title='bbox 277 2152 567 2224; x_wconf 76' lang='grc' dir='ltr'><strong>Ὠριγένους</strong></span> <span class='ocrx_word' id='word_1_275' title='bbox 610 2171 696 2217; x_wconf 91' lang='grc' dir='ltr'><strong>τε,</strong></span> <span class='ocrx_word' id='word_1_276' title='bbox 740 2153 828 2205; x_wconf 81' lang='grc' dir='ltr'><strong>καί</strong></span> <span class='ocrx_word' id='word_1_277' title='bbox 864 2158 965 2206; x_wconf 88' lang='grc' dir='ltr'><strong>τῶν</strong></span> <span class='ocrx_word' id='word_1_278' title='bbox 1001 2159 1230 2222; x_wconf 79' lang='grc' dir='ltr'><strong>πονηρῶν</strong></span> <span class='ocrx_word' id='word_1_279' title='bbox 1278 2153 1432 2208; x_wconf 81' lang='grc' dir='ltr'><strong>αὐτοῦ</strong></span> <span class='ocrx_word' id='word_1_280' title='bbox 1470 2158 1883 2230; x_wconf 77' lang='grc' dir='ltr'><strong>συγγραμμάτων</strong></span> 
     </span>
    </p>
   </div>
   <div class='ocr_carea' id='block_1_40' title="bbox 279 2244 1879 2322">
    <p class='ocr_par' dir='ltr' id='par_1_40' title="bbox 279 2244 1879 2322">
     <span class='ocr_line' id='line_1_40' title="bbox 279 2244 1879 2322; baseline 0.001 -23"><span class='ocrx_word' id='word_1_281' title='bbox 279 2244 673 2308; x_wconf 69' lang='grc' dir='ltr'><strong>ἀντιποιεῖσθαι,</strong></span> <span class='ocrx_word' id='word_1_282' title='bbox 703 2249 790 2297; x_wconf 86' lang='grc' dir='ltr'><strong>τοῦ</strong></span> <span class='ocrx_word' id='word_1_283' title='bbox 816 2244 1080 2303; x_wconf 81' lang='grc' dir='ltr'><strong>τοσαύτας</strong></span> <span class='ocrx_word' id='word_1_284' title='bbox 1122 2245 1212 2313; x_wconf 73' lang='grc' dir='ltr'><strong>μὲν</strong></span> <span class='ocrx_word' id='word_1_285' title='bbox 1242 2244 1492 2322; x_wconf 77' lang='grc' dir='ltr'><strong>εἰρηκότος</strong></span> <span class='ocrx_word' id='word_1_286' title='bbox 1532 2245 1879 2319; x_wconf 72' lang='grc' dir='ltr'><strong>βλασφημίας,</strong></span> 
     </span>
    </p>
   </div>
   <div class='ocr_carea' id='block_1_41' title="bbox 283 2332 1884 2409">
    <p class='ocr_par' dir='ltr' id='par_1_41' title="bbox 283 2332 1884 2409">
     <span class='ocr_line' id='line_1_41' title="bbox 283 2332 1884 2409; baseline 0.002 -21"><span class='ocrx_word' id='word_1_287' title='bbox 283 2343 419 2390; x_wconf 77' lang='grc' dir='ltr'><strong>πᾶσι</strong></span> <span class='ocrx_word' id='word_1_288' title='bbox 463 2333 517 2389; x_wconf 79' lang='grc' dir='ltr'><strong>δί</strong></span> <span class='ocrx_word' id='word_1_289' title='bbox 545 2332 737 2405; x_wconf 82' lang='grc' dir='ltr'><strong>σχεδόν</strong></span> <span class='ocrx_word' id='word_1_290' title='bbox 765 2335 1035 2409; x_wconf 66' lang='grc' dir='ltr'><strong>ατρετικτῖς</strong></span> <span class='ocrx_word' id='word_1_291' title='bbox 1063 2336 1320 2393; x_wconf 76' lang='grc' dir='ltr'><strong>τοσαύτην</strong></span> <span class='ocrx_word' id='word_1_292' title='bbox 1357 2335 1478 2394; x_wconf 79' lang='grc' dir='ltr'><strong>ὕλην</strong></span> <span class='ocrx_word' id='word_1_293' title='bbox 1516 2337 1768 2400; x_wconf 81' lang='grc' dir='ltr'><strong>ἀπωλείας</strong></span> <span class='ocrx_word' id='word_1_294' title='bbox 1799 2343 1884 2392; x_wconf 83' lang='grc' dir='ltr'><strong>καὶ</strong></span> 
     </span>
    </p>
   </div>
   <div class='ocr_carea' id='block_1_42' title="bbox 282 2425 1884 2508">
    <p class='ocr_par' dir='ltr' id='par_1_42' title="bbox 282 2425 1884 2508">
     <span class='ocr_line' id='line_1_42' title="bbox 282 2425 1884 2508; baseline 0.002 -27"><span class='ocrx_word' id='word_1_295' title='bbox 282 2428 613 2498; x_wconf 68' lang='grc' dir='ltr'><strong>βλασφημίας</strong></span> <span class='ocrx_word' id='word_1_296' title='bbox 642 2429 1082 2498; x_wconf 80' lang='grc' dir='ltr'><strong>παρασχομένου,</strong></span> <span class='ocrx_word' id='word_1_297' title='bbox 1116 2429 1196 2481; x_wconf 77' lang='grc' dir='ltr'><strong>καί</strong></span> <span class='ocrx_word' id='word_1_298' title='bbox 1225 2425 1312 2483; x_wconf 79' lang='grc' dir='ltr'><strong>διὰ</strong></span> <span class='ocrx_word' id='word_1_299' title='bbox 1343 2434 1494 2484; x_wconf 81' lang='grc' dir='ltr'><strong>τοῦτο</strong></span> <span class='ocrx_word' id='word_1_300' title='bbox 1517 2432 1603 2483; x_wconf 78' lang='grc' dir='ltr'><strong>καί</strong></span> <span class='ocrx_word' id='word_1_301' title='bbox 1623 2432 1764 2508; x_wconf 85' lang='grc' dir='ltr'><strong>παρά</strong></span> <span class='ocrx_word' id='word_1_302' title='bbox 1785 2439 1884 2487; x_wconf 85' lang='grc' dir='ltr'><strong>τῶν</strong></span> 
     </span>
    </p>
   </div>
   <div class='ocr_carea' id='block_1_43' title="bbox 282 2515 1883 2594">
    <p class='ocr_par' dir='ltr' id='par_1_43' title="bbox 282 2515 1883 2594">
     <span class='ocr_line' id='line_1_43' title="bbox 282 2515 1883 2594; baseline 0.004 -24"><span class='ocrx_word' id='word_1_303' title='bbox 282 2517 441 2592; x_wconf 72' lang='grc' dir='ltr'><strong>ἁγίων</strong></span> <span class='ocrx_word' id='word_1_304' title='bbox 465 2519 698 2594; x_wconf 85' lang='grc' dir='ltr'><strong>πατέρων</strong></span> <span class='ocrx_word' id='word_1_305' title='bbox 721 2515 938 2571; x_wconf 78' lang='grc' dir='ltr'><strong>ἔκπαλαι</strong></span> <span class='ocrx_word' id='word_1_306' title='bbox 959 2519 1052 2572; x_wconf 77' lang='grc' dir='ltr'><strong>ὓπό</strong></span> <span class='ocrx_word' id='word_1_307' title='bbox 1072 2518 1297 2589; x_wconf 76' lang='grc' dir='ltr'><strong>ἀνάθεμα</strong></span> <span class='ocrx_word' id='word_1_308' title='bbox 1321 2521 1584 2591; x_wconf 84' lang='grc' dir='ltr'><strong>γενομένου</strong></span> <span class='ocrx_word' id='word_1_309' title='bbox 1607 2523 1740 2591; x_wconf 85' lang='grc' dir='ltr'><strong>μετά</strong></span> <span class='ocrx_word' id='word_1_310' title='bbox 1782 2529 1883 2576; x_wconf 90' lang='grc' dir='ltr'><strong>τῶν</strong></span> 
     </span>
    </p>
   </div>
   <div class='ocr_carea' id='block_1_44' title="bbox 281 2609 1884 2686">
    <p class='ocr_par' dir='ltr' id='par_1_44' title="bbox 281 2609 1884 2686">
     <span class='ocr_line' id='line_1_44' title="bbox 281 2609 1884 2686; baseline 0.002 -20"><span class='ocrx_word' id='word_1_311' title='bbox 281 2618 538 2684; x_wconf 81' lang='grc' dir='ltr'><strong>μυσαρῶν</strong></span> <span class='ocrx_word' id='word_1_312' title='bbox 560 2615 711 2666; x_wconf 76' lang='grc' dir='ltr'><strong>αἰτοῦ</strong></span> <span class='ocrx_word' id='word_1_313' title='bbox 737 2609 1038 2682; x_wconf 82' lang='grc' dir='ltr'><strong>δογμάτων;</strong></span> <span class='ocrx_word' id='word_1_314' title='bbox 1063 2612 1118 2665; x_wconf 83' lang='grc' dir='ltr'><strong>Εἰ</strong></span> <span class='ocrx_word' id='word_1_315' title='bbox 1143 2614 1244 2686; x_wconf 81' lang='grc' dir='ltr'><strong>γὰρ</strong></span> <span class='ocrx_word' id='word_1_316' title='bbox 1277 2615 1362 2666; x_wconf 87' lang='grc' dir='ltr'><strong>καί</strong></span> <span class='ocrx_word' id='word_1_317' title='bbox 1387 2609 1494 2670; x_wconf 84' lang='grc' dir='ltr'><strong>δοίη</strong></span> <span class='ocrx_word' id='word_1_318' title='bbox 1534 2635 1610 2674; x_wconf 91' lang='grc' dir='ltr'><strong>τις</strong></span> <span class='ocrx_word' id='word_1_319' title='bbox 1652 2614 1736 2667; x_wconf 85' lang='grc' dir='ltr'><strong>τόν</strong></span> <span class='ocrx_word' id='word_1_320' title='bbox 1779 2616 1884 2669; x_wconf 81' lang='grc' dir='ltr'><strong>οεο-</strong></span> 
     </span>
    </p>
   </div>
   <div class='ocr_carea' id='block_1_45' title="bbox 282 2700 1882 2780">
    <p class='ocr_par' dir='ltr' id='par_1_45' title="bbox 282 2700 1882 2780">
     <span class='ocr_line' id='line_1_45' title="bbox 282 2700 1882 2780; baseline 0.003 -24"><span class='ocrx_word' id='word_1_321' title='bbox 282 2703 465 2773; x_wconf 81' lang='grc' dir='ltr'><strong>μάχον</strong></span> <span class='ocrx_word' id='word_1_322' title='bbox 491 2703 768 2780; x_wconf 79' lang='grc' dir='ltr'><strong>Ὧριγένην,</strong></span> <span class='ocrx_word' id='word_1_323' title='bbox 817 2700 943 2775; x_wconf 82' lang='grc' dir='ltr'><strong>ὅπερ</strong></span> <span class='ocrx_word' id='word_1_324' title='bbox 969 2705 1057 2756; x_wconf 83' lang='grc' dir='ltr'><strong>καί</strong></span> <span class='ocrx_word' id='word_1_325' title='bbox 1093 2705 1237 2776; x_wconf 86' lang='grc' dir='ltr'><strong>παρά</strong></span> <span class='ocrx_word' id='word_1_326' title='bbox 1274 2712 1379 2764; x_wconf 85' lang='grc' dir='ltr'><strong>τοῖς</strong></span> <span class='ocrx_word' id='word_1_327' title='bbox 1405 2700 1569 2764; x_wconf 75' lang='grc' dir='ltr'><strong>ἄλλοις</strong></span> <span class='ocrx_word' id='word_1_328' title='bbox 1610 2706 1882 2779; x_wconf 66' lang='grc' dir='ltr'><strong>α’ρετικοῐς</strong></span> 
     </span>
    </p>
   </div>
   <div class='ocr_carea' id='block_1_46' title="bbox 283 2792 1882 2867">
    <p class='ocr_par' dir='ltr' id='par_1_46' title="bbox 283 2792 1882 2867">
     <span class='ocr_line' id='line_1_46' title="bbox 283 2792 1882 2867; baseline 0.004 -21"><span class='ocrx_word' id='word_1_329' title='bbox 283 2795 599 2867; x_wconf 71' lang='grc' dir='ltr'><strong>εὑρίσκεται,</strong></span> <span class='ocrx_word' id='word_1_330' title='bbox 616 2794 868 2863; x_wconf 78' lang='grc' dir='ltr'><strong>ἀναμάξαι</strong></span> <span class='ocrx_word' id='word_1_331' title='bbox 896 2792 992 2863; x_wconf 81' lang='grc' dir='ltr'><strong>[ἶσ.</strong></span> <span class='ocrx_word' id='word_1_332' title='bbox 1009 2794 1264 2867; x_wconf 68' lang='grc' dir='ltr'><strong>ἐναμῆξαι,</strong></span> <span class='ocrx_word' id='word_1_333' title='bbox 1282 2795 1313 2856; x_wconf 75' lang='grc' dir='ltr'>ἦ</span> <span class='ocrx_word' id='word_1_334' title='bbox 1328 2835 1341 2858; x_wconf 89' lang='grc'><strong>,</strong></span> <span class='ocrx_word' id='word_1_335' title='bbox 1364 2793 1624 2866; x_wconf 83' lang='grc' dir='ltr'><strong>ἀναμίξαι]</strong></span> <span class='ocrx_word' id='word_1_336' title='bbox 1641 2800 1752 2852; x_wconf 85' lang='grc' dir='ltr'><strong>τινά</strong></span> <span class='ocrx_word' id='word_1_337' title='bbox 1777 2806 1882 2858; x_wconf 82' lang='grc' dir='ltr'><strong>τοῖς</strong></span> 
     </span>
    </p>
   </div>
   <div class='ocr_carea' id='block_1_47' title="bbox 283 2887 1876 2964">
    <p class='ocr_par' dir='ltr' id='par_1_47' title="bbox 283 2887 1876 2964">
     <span class='ocr_line' id='line_1_47' title="bbox 283 2887 1876 2964; baseline -0.001 -22"><span class='ocrx_word' id='word_1_338' title='bbox 283 2893 524 2964; x_wconf 73' lang='grc' dir='ltr'><strong>πονηροῖς</strong></span> <span class='ocrx_word' id='word_1_339' title='bbox 553 2888 706 2941; x_wconf 79' lang='grc' dir='ltr'><strong>αὑτοῦ</strong></span> <span class='ocrx_word' id='word_1_340' title='bbox 745 2887 1147 2961; x_wconf 78' lang='grc' dir='ltr'><strong>συγγράμμασιν</strong></span> <span class='ocrx_word' id='word_1_341' title='bbox 1178 2889 1229 2940; x_wconf 80' lang='grc' dir='ltr'><strong>ἐκ</strong></span> <span class='ocrx_word' id='word_1_342' title='bbox 1260 2895 1358 2942; x_wconf 89' lang='grc' dir='ltr'><strong>τῶν</strong></span> <span class='ocrx_word' id='word_1_343' title='bbox 1393 2889 1545 2964; x_wconf 77' lang='grc' dir='ltr'><strong>ἰρθῶιι</strong></span> <span class='ocrx_word' id='word_1_344' title='bbox 1585 2887 1876 2960; x_wconf 78' lang='grc' dir='ltr'><strong>δογμάτων,</strong></span> 
     </span>
    </p>
   </div>
   <div class='ocr_carea' id='block_1_48' title="bbox 285 2977 1879 3051">
    <p class='ocr_par' dir='ltr' id='par_1_48' title="bbox 285 2977 1879 3051">
     <span class='ocr_line' id='line_1_48' title="bbox 285 2977 1879 3051; baseline 0 -17"><span class='ocrx_word' id='word_1_345' title='bbox 285 2984 458 3034; x_wconf 77' lang='grc' dir='ltr'><strong>ταῦτα</strong></span> <span class='ocrx_word' id='word_1_346' title='bbox 485 2979 576 3033; x_wconf 79' lang='grc' dir='ltr'><strong>οὐκ</strong></span> <span class='ocrx_word' id='word_1_347' title='bbox 611 2977 718 3034; x_wconf 77' lang='grc' dir='ltr'><strong>ἴδια</strong></span> <span class='ocrx_word' id='word_1_348' title='bbox 756 2979 940 3033; x_wconf 83' lang='grc' dir='ltr'><strong>ἐκείνου</strong></span> <span class='ocrx_word' id='word_1_349' title='bbox 970 2980 1298 3046; x_wconf 80' lang='grc' dir='ltr'><strong>καθέστηκεν,</strong></span> <span class='ocrx_word' id='word_1_350' title='bbox 1343 2980 1466 3035; x_wconf 84' lang='grc' dir='ltr'><strong>ἀλλά</strong></span> <span class='ocrx_word' id='word_1_351' title='bbox 1492 2988 1584 3040; x_wconf 77' lang='grc' dir='ltr'><strong>τῆς</strong></span> <span class='ocrx_word' id='word_1_352' title='bbox 1614 2980 1763 3051; x_wconf 84' lang='grc' dir='ltr'><strong>ἀγίας</strong></span> <span class='ocrx_word' id='word_1_353' title='bbox 1789 2986 1879 3036; x_wconf 85' lang='grc' dir='ltr'><strong>τοῦ</strong></span> 
     </span>
    </p>
   </div>
   <div class='ocr_carea' id='block_1_49' title="bbox 287 3071 1881 3149">
    <p class='ocr_par' dir='ltr' id='par_1_49' title="bbox 287 3071 1881 3149">
     <span class='ocr_line' id='line_1_49' title="bbox 287 3071 1881 3149; baseline 0.002 -23"><span class='ocrx_word' id='word_1_354' title='bbox 287 3076 418 3126; x_wconf 86' lang='grc' dir='ltr'><strong>Θεοῦ</strong></span> <span class='ocrx_word' id='word_1_355' title='bbox 442 3071 706 3131; x_wconf 75' lang='grc' dir='ltr'><strong>ἐκκλησίας</strong></span> <span class='ocrx_word' id='word_1_356' title='bbox 740 3072 990 3148; x_wconf 73' lang='grc' dir='ltr'><strong>ὑπάρχει.</strong></span> <span class='ocrx_word' id='word_1_357' title='bbox 1024 3076 1116 3127; x_wconf 71' lang='lat' dir='ltr'><strong>xui</strong></span> <span class='ocrx_word' id='word_1_358' title='bbox 1162 3081 1312 3130; x_wconf 88' lang='grc' dir='ltr'><strong>τοῦτο</strong></span> <span class='ocrx_word' id='word_1_359' title='bbox 1337 3072 1391 3129; x_wconf 80' lang='grc' dir='ltr'><strong>δί</strong></span> <span class='ocrx_word' id='word_1_360' title='bbox 1427 3077 1547 3130; x_wconf 83' lang='grc' dir='ltr'><strong>αύτό</strong></span> <span class='ocrx_word' id='word_1_361' title='bbox 1588 3077 1881 3149; x_wconf 81' lang='grc' dir='ltr'><strong>κακούργως</strong></span> 
     </span>
    </p>
   </div>
   <div class='ocr_carea' id='block_1_50' title="bbox 1982 1864 3564 1936">
    <p class='ocr_par' dir='ltr' id='par_1_50' title="bbox 1982 1864 3564 1936">
     <span class='ocr_line' id='line_1_50' title="bbox 1982 1864 3564 1936; baseline 0.001 -16"><span class='ocrx_word' id='word_1_362' title='bbox 1982 1879 2014 1920; x_wconf 93' lang='lat' dir='ltr'><strong>e</strong></span> <span class='ocrx_word' id='word_1_363' title='bbox 2034 1865 2368 1921; x_wconf 90' lang='lat' dir='ltr'><strong>sanctissima</strong></span> <span class='ocrx_word' id='word_1_364' title='bbox 2395 1864 2631 1921; x_wconf 86' lang='lat' dir='ltr'><strong>Ecclesia</strong></span> <span class='ocrx_word' id='word_1_365' title='bbox 2661 1874 2786 1921; x_wconf 91' lang='lat' dir='ltr'><strong>sunt</strong></span> <span class='ocrx_word' id='word_1_366' title='bbox 2811 1867 2991 1936; x_wconf 87' lang='lat' dir='ltr'><strong>ejecti,</strong></span> <span class='ocrx_word' id='word_1_367' title='bbox 3019 1866 3323 1936; x_wconf 89' lang='lat' dir='ltr'><strong>subditiqne</strong></span> <span class='ocrx_word' id='word_1_368' title='bbox 3343 1867 3564 1922; x_wconf 85' lang='lat' dir='ltr'><strong>anathe-</strong></span> 
     </span>
    </p>
   </div>
   <div class='ocr_carea' id='block_1_51' title="bbox 1982 1957 3566 2029">
    <p class='ocr_par' dir='ltr' id='par_1_51' title="bbox 1982 1957 3566 2029">
     <span class='ocr_line' id='line_1_51' title="bbox 1982 1957 3566 2029; baseline 0.001 -17"><span class='ocrx_word' id='word_1_369' title='bbox 1982 1957 2112 2012; x_wconf 90' lang='lat' dir='ltr'><strong>mati</strong></span> <span class='ocrx_word' id='word_1_370' title='bbox 2140 1972 2260 2012; x_wconf 89' lang='lat' dir='ltr'><strong>cum</strong></span> <span class='ocrx_word' id='word_1_371' title='bbox 2289 1957 2401 2014; x_wconf 89' lang='lat' dir='ltr'><strong>suis</strong></span> <span class='ocrx_word' id='word_1_372' title='bbox 2424 1957 2765 2028; x_wconf 78' lang='lat' dir='ltr'><strong>dogmatibus</strong></span> <span class='ocrx_word' id='word_1_373' title='bbox 2791 1977 2803 2012; x_wconf 92' lang='lat'><strong>:</strong></span> <span class='ocrx_word' id='word_1_374' title='bbox 2831 1959 2952 2028; x_wconf 87' lang='lat' dir='ltr'><strong>quis</strong></span> <span class='ocrx_word' id='word_1_375' title='bbox 2991 1974 3214 2029; x_wconf 86' lang='lat' dir='ltr'><strong>prorsus</strong></span> <span class='ocrx_word' id='word_1_376' title='bbox 3241 1957 3566 2014; x_wconf 82' lang='lat' dir='ltr'><strong>Christiano-</strong></span> 
     </span>
    </p>
   </div>
   <div class='ocr_carea' id='block_1_52' title="bbox 1981 2048 3564 2119">
    <p class='ocr_par' dir='ltr' id='par_1_52' title="bbox 1981 2048 3564 2119">
     <span class='ocr_line' id='line_1_52' title="bbox 1981 2048 3564 2119; baseline 0.001 -17"><span class='ocrx_word' id='word_1_377' title='bbox 1981 2064 2100 2103; x_wconf 90' lang='lat' dir='ltr'><strong>rum</strong></span> <span class='ocrx_word' id='word_1_378' title='bbox 2128 2049 2415 2104; x_wconf 89' lang='lat' dir='ltr'><strong>sustinebit</strong></span> <span class='ocrx_word' id='word_1_379' title='bbox 2439 2048 2724 2118; x_wconf 87' lang='lat' dir='ltr'><strong>Origenem</strong></span> <span class='ocrx_word' id='word_1_380' title='bbox 2749 2049 2972 2118; x_wconf 88' lang='lat' dir='ltr'><strong>ejusque</strong></span> <span class='ocrx_word' id='word_1_381' title='bbox 2991 2064 3157 2118; x_wconf 89' lang='lat' dir='ltr'><strong>prava</strong></span> <span class='ocrx_word' id='word_1_382' title='bbox 3183 2050 3381 2119; x_wconf 88' lang='lat' dir='ltr'><strong>scripta</strong></span> <span class='ocrx_word' id='word_1_383' title='bbox 3405 2050 3564 2115; x_wconf 90' lang='lat' dir='ltr'><strong>tueri,</strong></span> 
     </span>
    </p>
   </div>
   <div class='ocr_carea' id='block_1_53' title="bbox 1981 2145 3566 2218">
    <p class='ocr_par' dir='ltr' id='par_1_53' title="bbox 1981 2145 3566 2218">
     <span class='ocr_line' id='line_1_53' title="bbox 1981 2145 3566 2218; baseline 0.001 -16"><span class='ocrx_word' id='word_1_384' title='bbox 1981 2147 2074 2218; x_wconf 87' lang='lat' dir='ltr'><strong>qui</strong></span> <span class='ocrx_word' id='word_1_385' title='bbox 2105 2156 2184 2202; x_wconf 92' lang='lat' dir='ltr'><strong>tot</strong></span> <span class='ocrx_word' id='word_1_386' title='bbox 2211 2147 2574 2217; x_wconf 86' lang='lat' dir='ltr'><strong>blasphemias</strong></span> <span class='ocrx_word' id='word_1_387' title='bbox 2601 2147 2823 2215; x_wconf 83' lang='lat' dir='ltr'><strong>dixerit,</strong></span> <span class='ocrx_word' id='word_1_388' title='bbox 2853 2147 3214 2216; x_wconf 90' lang='lat' dir='ltr'><strong>omnibusque</strong></span> <span class='ocrx_word' id='word_1_389' title='bbox 3250 2145 3362 2202; x_wconf 77' lang='lat' dir='ltr'><strong>fere</strong></span> <span class='ocrx_word' id='word_1_390' title='bbox 3395 2149 3566 2205; x_wconf 63' lang='lat' dir='ltr'><strong>haere-</strong></span> 
     </span>
    </p>
   </div>
   <div class='ocr_carea' id='block_1_54' title="bbox 1983 2237 3562 2308">
    <p class='ocr_par' dir='ltr' id='par_1_54' title="bbox 1983 2237 3562 2308">
     <span class='ocr_line' id='line_1_54' title="bbox 1983 2237 3562 2308; baseline -0.001 -14"><span class='ocrx_word' id='word_1_391' title='bbox 1983 2239 2104 2296; x_wconf 89' lang='lat' dir='ltr'><strong>ticis</strong></span> <span class='ocrx_word' id='word_1_392' title='bbox 2134 2248 2336 2293; x_wconf 86' lang='lat' dir='ltr'><strong>tantam</strong></span> <span class='ocrx_word' id='word_1_393' title='bbox 2364 2239 2513 2294; x_wconf 89' lang='lat' dir='ltr'><strong>exitii</strong></span> <span class='ocrx_word' id='word_1_394' title='bbox 2541 2253 2603 2294; x_wconf 90' lang='lat' dir='ltr'><strong>ac</strong></span> <span class='ocrx_word' id='word_1_395' title='bbox 2633 2237 2980 2308; x_wconf 70' lang='lat' dir='ltr'><strong>hlaspbemim</strong></span> <span class='ocrx_word' id='word_1_396' title='bbox 3002 2238 3281 2291; x_wconf 83' lang='lat' dir='ltr'><strong>materiem</strong></span> <span class='ocrx_word' id='word_1_397' title='bbox 3311 2239 3562 2307; x_wconf 61' lang='lat' dir='ltr'><strong>praebue-</strong></span> 
     </span>
    </p>
   </div>
   <div class='ocr_carea' id='block_1_55' title="bbox 1984 2328 3562 2400">
    <p class='ocr_par' dir='ltr' id='par_1_55' title="bbox 1984 2328 3562 2400">
     <span class='ocr_line' id='line_1_55' title="bbox 1984 2328 3562 2400; baseline -0.003 -13"><span class='ocrx_word' id='word_1_398' title='bbox 1984 2331 2072 2397; x_wconf 88' lang='lat' dir='ltr'><strong>rit,</strong></span> <span class='ocrx_word' id='word_1_399' title='bbox 2103 2346 2168 2387; x_wconf 89' lang='lat' dir='ltr'><strong>ac</strong></span> <span class='ocrx_word' id='word_1_400' title='bbox 2208 2330 2409 2385; x_wconf 89' lang='lat' dir='ltr'><strong>idcirco</strong></span> <span class='ocrx_word' id='word_1_401' title='bbox 2437 2329 2644 2400; x_wconf 88' lang='lat' dir='ltr'><strong>pridem</strong></span> <span class='ocrx_word' id='word_1_402' title='bbox 2674 2344 2704 2383; x_wconf 88' lang='lat' dir='ltr'><strong>a</strong></span> <span class='ocrx_word' id='word_1_403' title='bbox 2725 2329 2926 2385; x_wconf 89' lang='lat' dir='ltr'><strong>sanctis</strong></span> <span class='ocrx_word' id='word_1_404' title='bbox 2957 2328 3208 2384; x_wconf 88' lang='lat' dir='ltr'><strong>Patribus</strong></span> <span class='ocrx_word' id='word_1_405' title='bbox 3230 2329 3562 2383; x_wconf 86' lang='lat' dir='ltr'><strong>anathemati</strong></span> 
     </span>
    </p>
   </div>
   <div class='ocr_carea' id='block_1_56' title="bbox 1982 2419 3584 2494">
    <p class='ocr_par' dir='ltr' id='par_1_56' title="bbox 1982 2419 3584 2494">
     <span class='ocr_line' id='line_1_56' title="bbox 1982 2419 3584 2494; baseline -0.004 -14"><span class='ocrx_word' id='word_1_406' title='bbox 1982 2424 2258 2494; x_wconf 85' lang='lat' dir='ltr'><strong>subjectus</strong></span> <span class='ocrx_word' id='word_1_407' title='bbox 2305 2423 2377 2481; x_wconf 89' lang='lat' dir='ltr'><strong>sit</strong></span> <span class='ocrx_word' id='word_1_408' title='bbox 2402 2437 2506 2477; x_wconf 89' lang='lat' dir='ltr'><strong>una</strong></span> <span class='ocrx_word' id='word_1_409' title='bbox 2539 2437 2660 2476; x_wconf 74' lang='lat' dir='ltr'><strong>(uin</strong></span> <span class='ocrx_word' id='word_1_410' title='bbox 2691 2420 2970 2476; x_wconf 90' lang='lat' dir='ltr'><strong>sceleratis</strong></span> <span class='ocrx_word' id='word_1_411' title='bbox 3015 2419 3134 2489; x_wconf 90' lang='lat' dir='ltr'><strong>ejus</strong></span> <span class='ocrx_word' id='word_1_412' title='bbox 3179 2420 3584 2489; x_wconf 57' lang='lat' dir='ltr'><strong>dogmatibus?</strong></span> 
     </span>
    </p>
   </div>
   <div class='ocr_carea' id='block_1_57' title="bbox 1982 2510 3566 2587">
    <p class='ocr_par' dir='ltr' id='par_1_57' title="bbox 1982 2510 3566 2587">
     <span class='ocr_line' id='line_1_57' title="bbox 1982 2510 3566 2587; baseline -0.003 -15"><span class='ocrx_word' id='word_1_413' title='bbox 1982 2517 2116 2573; x_wconf 86' lang='lat' dir='ltr'><strong>Nam</strong></span> <span class='ocrx_word' id='word_1_414' title='bbox 2147 2516 2392 2587; x_wconf 87' lang='lat' dir='ltr'><strong>quamvis</strong></span> <span class='ocrx_word' id='word_1_415' title='bbox 2412 2513 2676 2570; x_wconf 89' lang='lat' dir='ltr'><strong>concedat</strong></span> <span class='ocrx_word' id='word_1_416' title='bbox 2707 2513 2848 2584; x_wconf 89' lang='lat' dir='ltr'><strong>quis,</strong></span> <span class='ocrx_word' id='word_1_417' title='bbox 2879 2512 2990 2568; x_wconf 84' lang='lat' dir='ltr'><strong>Deo</strong></span> <span class='ocrx_word' id='word_1_418' title='bbox 3019 2521 3410 2582; x_wconf 82' lang='lat' dir='ltr'><strong>repugnantem</strong></span> <span class='ocrx_word' id='word_1_419' title='bbox 3451 2510 3566 2568; x_wconf 84' lang='lat' dir='ltr'><strong>Ori-</strong></span> 
     </span>
    </p>
   </div>
   <div class='ocr_carea' id='block_1_58' title="bbox 1982 2602 3568 2680">
    <p class='ocr_par' dir='ltr' id='par_1_58' title="bbox 1982 2602 3568 2680">
     <span class='ocr_line' id='line_1_58' title="bbox 1982 2602 3568 2680; baseline -0.005 -15"><span class='ocrx_word' id='word_1_420' title='bbox 1982 2625 2173 2680; x_wconf 86' lang='lat' dir='ltr'><strong>genem</strong></span> <span class='ocrx_word' id='word_1_421' title='bbox 2203 2623 2235 2664; x_wconf 93' lang='lat' dir='ltr'><strong>e</strong></span> <span class='ocrx_word' id='word_1_422' title='bbox 2260 2615 2408 2664; x_wconf 90' lang='lat' dir='ltr'><strong>recta</strong></span> <span class='ocrx_word' id='word_1_423' title='bbox 2437 2605 2682 2662; x_wconf 88' lang='lat' dir='ltr'><strong>doctrina</strong></span> <span class='ocrx_word' id='word_1_424' title='bbox 2713 2604 2879 2676; x_wconf 90' lang='lat' dir='ltr'><strong>(quod</strong></span> <span class='ocrx_word' id='word_1_425' title='bbox 2910 2613 2966 2660; x_wconf 90' lang='lat' dir='ltr'><strong>et</strong></span> <span class='ocrx_word' id='word_1_426' title='bbox 2995 2602 3150 2675; x_wconf 46' lang='lat' dir='ltr'><strong>apud:</strong></span> <span class='ocrx_word' id='word_1_427' title='bbox 3176 2603 3312 2659; x_wconf 88' lang='lat' dir='ltr'><strong>alios</strong></span> <span class='ocrx_word' id='word_1_428' title='bbox 3351 2603 3568 2658; x_wconf 57' lang='lat' dir='ltr'><strong>haereti-</strong></span> 
     </span>
    </p>
   </div>
   <div class='ocr_carea' id='block_1_59' title="bbox 1982 2695 3568 2766">
    <p class='ocr_par' dir='ltr' id='par_1_59' title="bbox 1982 2695 3568 2766">
     <span class='ocr_line' id='line_1_59' title="bbox 1982 2695 3568 2766; baseline -0.004 -10"><span class='ocrx_word' id='word_1_429' title='bbox 1982 2716 2076 2756; x_wconf 89' lang='lat' dir='ltr'><strong>cos</strong></span> <span class='ocrx_word' id='word_1_430' title='bbox 2117 2695 2407 2766; x_wconf 83' lang='lat' dir='ltr'><strong>invenitur)</strong></span> <span class='ocrx_word' id='word_1_431' title='bbox 2461 2695 2661 2766; x_wconf 90' lang='lat' dir='ltr'><strong>aliquid</strong></span> <span class='ocrx_word' id='word_1_432' title='bbox 2709 2695 3041 2766; x_wconf 89' lang='lat' dir='ltr'><strong>expressisse</strong></span> <span class='ocrx_word' id='word_1_433' title='bbox 3069 2695 3122 2750; x_wconf 90' lang='lat' dir='ltr'><strong>in</strong></span> <span class='ocrx_word' id='word_1_434' title='bbox 3156 2695 3416 2766; x_wconf 88' lang='lat' dir='ltr'><strong>improbis</strong></span> <span class='ocrx_word' id='word_1_435' title='bbox 3457 2697 3568 2750; x_wconf 88' lang='lat' dir='ltr'><strong>suis</strong></span> 
     </span>
    </p>
   </div>
   <div class='ocr_carea' id='block_1_60' title="bbox 1982 2788 3568 2863">
    <p class='ocr_par' dir='ltr' id='par_1_60' title="bbox 1982 2788 3568 2863">
     <span class='ocr_line' id='line_1_60' title="bbox 1982 2788 3568 2863; baseline -0.002 -13"><span class='ocrx_word' id='word_1_436' title='bbox 1982 2792 2199 2863; x_wconf 87' lang='lat' dir='ltr'><strong>scriptis</strong></span> <span class='ocrx_word' id='word_1_437' title='bbox 2224 2809 2237 2844; x_wconf 92' lang='lat'><strong>:</strong></span> <span class='ocrx_word' id='word_1_438' title='bbox 2267 2805 2334 2846; x_wconf 90' lang='lat' dir='ltr'><strong>ea</strong></span> <span class='ocrx_word' id='word_1_439' title='bbox 2365 2790 2532 2860; x_wconf 83' lang='lat' dir='ltr'><strong>ipsius</strong></span> <span class='ocrx_word' id='word_1_440' title='bbox 2564 2788 2780 2860; x_wconf 88' lang='lat' dir='ltr'><strong>propria</strong></span> <span class='ocrx_word' id='word_1_441' title='bbox 2812 2803 2920 2843; x_wconf 90' lang='lat' dir='ltr'><strong>non</strong></span> <span class='ocrx_word' id='word_1_442' title='bbox 2950 2796 3056 2857; x_wconf 87' lang='lat' dir='ltr'><strong>est,</strong></span> <span class='ocrx_word' id='word_1_443' title='bbox 3098 2789 3195 2844; x_wconf 89' lang='lat' dir='ltr'><strong>sed</strong></span> <span class='ocrx_word' id='word_1_444' title='bbox 3226 2798 3432 2844; x_wconf 83' lang='lat' dir='ltr'><strong>sanctae</strong></span> <span class='ocrx_word' id='word_1_445' title='bbox 3477 2789 3568 2848; x_wconf 82' lang='lat' dir='ltr'><strong>Dei</strong></span> 
     </span>
    </p>
   </div>
   <div class='ocr_carea' id='block_1_61' title="bbox 1981 2879 3567 2950">
    <p class='ocr_par' dir='ltr' id='par_1_61' title="bbox 1981 2879 3567 2950">
     <span class='ocr_line' id='line_1_61' title="bbox 1981 2879 3567 2950; baseline -0.002 -12"><span class='ocrx_word' id='word_1_446' title='bbox 1981 2881 2234 2938; x_wconf 75' lang='lat' dir='ltr'><strong>Ecclesia:</strong></span> <span class='ocrx_word' id='word_1_447' title='bbox 2259 2897 2276 2948; x_wconf 89' lang='lat'><strong>;</strong></span> <span class='ocrx_word' id='word_1_448' title='bbox 2301 2887 2461 2950; x_wconf 88' lang='lat' dir='ltr'><strong>atque</strong></span> <span class='ocrx_word' id='word_1_449' title='bbox 2491 2882 2598 2935; x_wconf 92' lang='lat' dir='ltr'><strong>hoc</strong></span> <span class='ocrx_word' id='word_1_450' title='bbox 2626 2879 2798 2948; x_wconf 89' lang='lat' dir='ltr'><strong>ipsum</strong></span> <span class='ocrx_word' id='word_1_451' title='bbox 2822 2879 3086 2934; x_wconf 83' lang='lat' dir='ltr'><strong>malitiose</strong></span> <span class='ocrx_word' id='word_1_452' title='bbox 3108 2879 3162 2934; x_wconf 89' lang='lat' dir='ltr'><strong>in</strong></span> <span class='ocrx_word' id='word_1_453' title='bbox 3181 2879 3567 2950; x_wconf 89' lang='lat' dir='ltr'><strong>simpliciorum</strong></span> 
     </span>
    </p>
   </div>
   <div class='ocr_carea' id='block_1_62' title="bbox 1980 2969 3568 3040">
    <p class='ocr_par' dir='ltr' id='par_1_62' title="bbox 1980 2969 3568 3040">
     <span class='ocr_line' id='line_1_62' title="bbox 1980 2969 3568 3040; baseline -0.001 -12"><span class='ocrx_word' id='word_1_454' title='bbox 1980 2972 2226 3029; x_wconf 77' lang='lat' dir='ltr'><strong>fraudem</strong></span> <span class='ocrx_word' id='word_1_455' title='bbox 2254 2972 2476 3027; x_wconf 84' lang='lat' dir='ltr'><strong>molitus</strong></span> <span class='ocrx_word' id='word_1_456' title='bbox 2502 2980 2603 3026; x_wconf 89' lang='lat' dir='ltr'><strong>est.</strong></span> <span class='ocrx_word' id='word_1_457' title='bbox 2643 2969 2776 3025; x_wconf 82' lang='lat' dir='ltr'><strong>Nam</strong></span> <span class='ocrx_word' id='word_1_458' title='bbox 2809 2969 2861 3025; x_wconf 92' lang='lat' dir='ltr'><strong>in</strong></span> <span class='ocrx_word' id='word_1_459' title='bbox 2895 2985 3224 3040; x_wconf 79' lang='lat' dir='ltr'><strong>paganorum</strong></span> <span class='ocrx_word' id='word_1_460' title='bbox 3248 2973 3568 3027; x_wconf 90' lang='lat' dir='ltr'><strong>commentis</strong></span> 
     </span>
    </p>
   </div>
   <div class='ocr_carea' id='block_1_63' title="bbox 1983 3063 3568 3135">
    <p class='ocr_par' dir='ltr' id='par_1_63' title="bbox 1983 3063 3568 3135">
     <span class='ocr_line' id='line_1_63' title="bbox 1983 3063 3568 3135; baseline -0.003 -12"><span class='ocrx_word' id='word_1_461' title='bbox 1983 3067 2268 3129; x_wconf 87' lang='lat' dir='ltr'><strong>enutritus,</strong></span> <span class='ocrx_word' id='word_1_462' title='bbox 2298 3079 2470 3134; x_wconf 89' lang='lat' dir='ltr'><strong>eaque</strong></span> <span class='ocrx_word' id='word_1_463' title='bbox 2492 3077 2790 3135; x_wconf 80' lang='lat' dir='ltr'><strong>propagare</strong></span> <span class='ocrx_word' id='word_1_464' title='bbox 2817 3063 2867 3117; x_wconf 89' lang='lat' dir='ltr'><strong>in</strong></span> <span class='ocrx_word' id='word_1_465' title='bbox 2895 3063 3077 3118; x_wconf 87' lang='lat' dir='ltr'><strong>animo</strong></span> <span class='ocrx_word' id='word_1_466' title='bbox 3107 3063 3331 3130; x_wconf 84' lang='lat' dir='ltr'><strong>habens,</strong></span> <span class='ocrx_word' id='word_1_467' title='bbox 3361 3065 3568 3120; x_wconf 88' lang='lat' dir='ltr'><strong>divinas</strong></span> 
     </span>
    </p>
   </div>
   <div class='ocr_carea' id='block_1_64' title="bbox 286 3140 1881 3241">
    <p class='ocr_par' dir='ltr' id='par_1_64' title="bbox 286 3166 1876 3241">
     <span class='ocr_line' id='line_1_64' title="bbox 286 3166 1876 3241; baseline 0.002 -22"><span class='ocrx_word' id='word_1_468' title='bbox 286 3166 474 3226; x_wconf 80' lang='grc' dir='ltr'><strong>ἰκεῖνος</strong></span> <span class='ocrx_word' id='word_1_469' title='bbox 496 3167 584 3220; x_wconf 87' lang='grc' dir='ltr'><strong>καί</strong></span> <span class='ocrx_word' id='word_1_470' title='bbox 602 3167 734 3239; x_wconf 84' lang='grc' dir='ltr'><strong>πρὸς</strong></span> <span class='ocrx_word' id='word_1_471' title='bbox 759 3167 954 3224; x_wconf 80' lang='grc' dir='ltr'><strong>ἀπάτην</strong></span> <span class='ocrx_word' id='word_1_472' title='bbox 979 3173 1077 3222; x_wconf 82' lang='grc' dir='ltr'><strong>τῶν</strong></span> <span class='ocrx_word' id='word_1_473' title='bbox 1100 3166 1466 3241; x_wconf 76' lang='grc' dir='ltr'><strong>ἁπλουστέρων</strong></span> <span class='ocrx_word' id='word_1_474' title='bbox 1490 3170 1876 3239; x_wconf 78' lang='grc' dir='ltr'><strong>ἐμηχανήσατο.</strong></span> 
     </span>
    </p>
   </div>
   <div class='ocr_carea' id='block_1_65' title="bbox 1983 3140 3568 3241">
    <p class='ocr_par' dir='ltr' id='par_1_65' title="bbox 1984 3155 3568 3227">
     <span class='ocr_line' id='line_1_65' title="bbox 1984 3155 3568 3227; baseline -0.001 -13"><span class='ocrx_word' id='word_1_475' title='bbox 1984 3175 2044 3214; x_wconf 90' lang='lat' dir='ltr'><strong>se</strong></span> <span class='ocrx_word' id='word_1_476' title='bbox 2069 3159 2256 3227; x_wconf 89' lang='lat' dir='ltr'><strong>utique</strong></span> <span class='ocrx_word' id='word_1_477' title='bbox 2283 3157 2590 3226; x_wconf 88' lang='lat' dir='ltr'><strong>Scripturas</strong></span> <span class='ocrx_word' id='word_1_478' title='bbox 2635 3155 2976 3226; x_wconf 89' lang='lat' dir='ltr'><strong>interpretari</strong></span> <span class='ocrx_word' id='word_1_479' title='bbox 3015 3155 3324 3209; x_wconf 83' lang='lat' dir='ltr'><strong>simulavit:</strong></span> <span class='ocrx_word' id='word_1_480' title='bbox 3373 3164 3434 3210; x_wconf 93' lang='lat' dir='ltr'><strong>ut</strong></span> <span class='ocrx_word' id='word_1_481' title='bbox 3463 3157 3568 3212; x_wconf 84' lang='lat' dir='ltr'><strong>hoc</strong></span> 
     </span>
    </p>
   </div>
   <div class='ocr_carea' id='block_1_66' title="bbox 285 3259 1879 3336">
    <p class='ocr_par' dir='ltr' id='par_1_66' title="bbox 285 3259 1879 3336">
     <span class='ocr_line' id='line_1_66' title="bbox 285 3259 1879 3336; baseline 0.002 -23"><span class='ocrx_word' id='word_1_482' title='bbox 285 3267 418 3318; x_wconf 82' lang='grc' dir='ltr'><strong>ταῖς</strong></span> <span class='ocrx_word' id='word_1_483' title='bbox 439 3261 540 3330; x_wconf 83' lang='grc' dir='ltr'><strong>γάρ</strong></span> <span class='ocrx_word' id='word_1_484' title='bbox 569 3265 667 3313; x_wconf 88' lang='grc' dir='ltr'><strong>τῶν</strong></span> <span class='ocrx_word' id='word_1_485' title='bbox 685 3259 919 3316; x_wconf 80' lang='grc' dir='ltr'><strong>Ἑλλήνων</strong></span> <span class='ocrx_word' id='word_1_486' title='bbox 948 3259 1262 3332; x_wconf 81' lang='grc' dir='ltr'><strong>μυθολογίαις</strong></span> <span class='ocrx_word' id='word_1_487' title='bbox 1288 3261 1561 3336; x_wconf 73' lang='grc' dir='ltr'><strong>ἐντραφείς,</strong></span> <span class='ocrx_word' id='word_1_488' title='bbox 1581 3261 1663 3316; x_wconf 90' lang='grc' dir='ltr'><strong>καί</strong></span> <span class='ocrx_word' id='word_1_489' title='bbox 1686 3261 1879 3322; x_wconf 87' lang='grc' dir='ltr'><strong>ταύτας</strong></span> 
     </span>
    </p>
   </div>
   <div class='ocr_carea' id='block_1_67' title="bbox 285 3349 1880 3420">
    <p class='ocr_par' dir='ltr' id='par_1_67' title="bbox 285 3349 1880 3420">
     <span class='ocr_line' id='line_1_67' title="bbox 285 3349 1880 3420; baseline 0.002 -18"><span class='ocrx_word' id='word_1_490' title='bbox 285 3351 572 3404; x_wconf 70' lang='grc' dir='ltr'><strong>ἐπεκτεῖναι</strong></span> <span class='ocrx_word' id='word_1_491' title='bbox 609 3350 912 3420; x_wconf 81' lang='grc' dir='ltr'><strong>βουλόμενος</strong></span> <span class='ocrx_word' id='word_1_492' title='bbox 964 3350 1362 3419; x_wconf 79' lang='grc' dir='ltr'><strong>ἐσχηματίσατο</strong></span> <span class='ocrx_word' id='word_1_493' title='bbox 1410 3351 1504 3412; x_wconf 79' lang='grc' dir='ltr'><strong>τὰς</strong></span> <span class='ocrx_word' id='word_1_494' title='bbox 1552 3352 1686 3411; x_wconf 84' lang='grc' dir='ltr'><strong>θείας</strong></span> <span class='ocrx_word' id='word_1_495' title='bbox 1734 3349 1880 3410; x_wconf 75' lang='grc' dir='ltr'><strong>δῆθεν</strong></span> 
     </span>
    </p>
   </div>
   <div class='ocr_carea' id='block_1_68' title="bbox 289 3441 1882 3517">
    <p class='ocr_par' dir='ltr' id='par_1_68' title="bbox 289 3441 1882 3517">
     <span class='ocr_line' id='line_1_68' title="bbox 289 3441 1882 3517; baseline 0 -23"><span class='ocrx_word' id='word_1_496' title='bbox 289 3441 581 3515; x_wconf 69' lang='grc' dir='ltr'><strong>ἑρμηνεύειν</strong></span> <span class='ocrx_word' id='word_1_497' title='bbox 603 3444 823 3517; x_wconf 75' lang='grc' dir='ltr'><strong>γραφάς,</strong></span> <span class='ocrx_word' id='word_1_498' title='bbox 861 3441 943 3495; x_wconf 75' lang='grc' dir='ltr'><strong>ἵνα</strong></span> <span class='ocrx_word' id='word_1_499' title='bbox 963 3443 1130 3510; x_wconf 85' lang='grc' dir='ltr'><strong>τούτῳ</strong></span> <span class='ocrx_word' id='word_1_500' title='bbox 1158 3445 1230 3511; x_wconf 83' lang='grc' dir='ltr'><strong>τῷ</strong></span> <span class='ocrx_word' id='word_1_501' title='bbox 1252 3443 1429 3513; x_wconf 85' lang='grc' dir='ltr'><strong>τρόπῳ</strong></span> <span class='ocrx_word' id='word_1_502' title='bbox 1470 3444 1536 3496; x_wconf 83' lang='grc' dir='ltr'><strong>τά</strong></span> <span class='ocrx_word' id='word_1_503' title='bbox 1563 3445 1776 3516; x_wconf 85' lang='grc' dir='ltr'><strong>μυσαρά</strong></span> <span class='ocrx_word' id='word_1_504' title='bbox 1801 3444 1882 3496; x_wconf 76' lang='grc' dir='ltr'><strong>αύ-</strong></span> 
     </span>
    </p>
   </div>
   <div class='ocr_carea' id='block_1_69' title="bbox 287 3531 1884 3610">
    <p class='ocr_par' dir='ltr' id='par_1_69' title="bbox 287 3531 1884 3610">
     <span class='ocr_line' id='line_1_69' title="bbox 287 3531 1884 3610; baseline 0 -20"><span class='ocrx_word' id='word_1_505' title='bbox 287 3541 380 3590; x_wconf 84' lang='grc' dir='ltr'><strong>τοῦ</strong></span> <span class='ocrx_word' id='word_1_506' title='bbox 402 3531 638 3607; x_wconf 78' lang='grc' dir='ltr'><strong>δόγματα</strong></span> <span class='ocrx_word' id='word_1_507' title='bbox 663 3543 767 3595; x_wconf 81' lang='grc' dir='ltr'><strong>τοῖς</strong></span> <span class='ocrx_word' id='word_1_508' title='bbox 795 3542 896 3591; x_wconf 88' lang='grc' dir='ltr'><strong>τῶν</strong></span> <span class='ocrx_word' id='word_1_509' title='bbox 929 3537 1070 3590; x_wconf 84' lang='grc' dir='ltr'><strong>θείων</strong></span> <span class='ocrx_word' id='word_1_510' title='bbox 1097 3541 1296 3610; x_wconf 73' lang='grc' dir='ltr'><strong>γραφῶν</strong></span> <span class='ocrx_word' id='word_1_511' title='bbox 1333 3537 1687 3606; x_wconf 77' lang='grc' dir='ltr'><strong>ὑπομνήμασιν</strong></span> <span class='ocrx_word' id='word_1_512' title='bbox 1712 3537 1884 3606; x_wconf 76' lang='grc' dir='ltr'><strong>ἀναμί-</strong></span> 
     </span>
    </p>
   </div>
   <div class='ocr_carea' id='block_1_70' title="bbox 289 3625 1881 3699">
    <p class='ocr_par' dir='ltr' id='par_1_70' title="bbox 289 3625 1881 3699">
     <span class='ocr_line' id='line_1_70' title="bbox 289 3625 1881 3699; baseline 0.001 -19"><span class='ocrx_word' id='word_1_513' title='bbox 289 3628 379 3690; x_wconf 82' lang='grc' dir='ltr'><strong>ξας</strong></span> <span class='ocrx_word' id='word_1_514' title='bbox 403 3666 420 3690; x_wconf 95' lang='grc'><strong>,</strong></span> <span class='ocrx_word' id='word_1_515' title='bbox 467 3628 724 3687; x_wconf 71' lang='grc' dir='ltr'><strong>κακοήθως</strong></span> <span class='ocrx_word' id='word_1_516' title='bbox 767 3632 858 3686; x_wconf 82' lang='grc' dir='ltr'><strong>τήν</strong></span> <span class='ocrx_word' id='word_1_517' title='bbox 883 3625 1190 3693; x_wconf 70' lang='grc' dir='ltr'><strong>Ἑλληνικήν,</strong></span> <span class='ocrx_word' id='word_1_518' title='bbox 1243 3631 1327 3680; x_wconf 83' lang='grc' dir='ltr'><strong>καί</strong></span> <span class='ocrx_word' id='word_1_519' title='bbox 1370 3635 1689 3699; x_wconf 76' lang='grc' dir='ltr'><strong>Μανιχακην</strong></span> <span class='ocrx_word' id='word_1_520' title='bbox 1728 3632 1881 3684; x_wconf 74' lang='grc' dir='ltr'><strong>αὐτοῦ</strong></span> 
     </span>
    </p>
   </div>
   <div class='ocr_carea' id='block_1_71' title="bbox 291 3716 1884 3794">
    <p class='ocr_par' dir='ltr' id='par_1_71' title="bbox 291 3716 1884 3794">
     <span class='ocr_line' id='line_1_71' title="bbox 291 3716 1884 3794; baseline 0.001 -21"><span class='ocrx_word' id='word_1_521' title='bbox 291 3720 504 3782; x_wconf 78' lang='grc' dir='ltr'><strong>πλάνην,</strong></span> <span class='ocrx_word' id='word_1_522' title='bbox 546 3721 632 3773; x_wconf 88' lang='grc' dir='ltr'><strong>καί</strong></span> <span class='ocrx_word' id='word_1_523' title='bbox 662 3716 967 3794; x_wconf 75' lang='grc' dir='ltr'><strong>’Δρειανικὴν</strong></span> <span class='ocrx_word' id='word_1_524' title='bbox 995 3722 1177 3792; x_wconf 88' lang='grc' dir='ltr'><strong>μανίαν</strong></span> <span class='ocrx_word' id='word_1_525' title='bbox 1215 3721 1497 3792; x_wconf 75' lang='grc' dir='ltr'><strong>εἰσαγάγῃ,</strong></span> <span class='ocrx_word' id='word_1_526' title='bbox 1535 3724 1616 3774; x_wconf 83' lang='grc' dir='ltr'><strong>καί</strong></span> <span class='ocrx_word' id='word_1_527' title='bbox 1644 3722 1768 3782; x_wconf 80' lang='grc' dir='ltr'><strong>τούς</strong></span> <span class='ocrx_word' id='word_1_528' title='bbox 1811 3727 1884 3793; x_wconf 79' lang='grc' dir='ltr'><strong>μὴ</strong></span> 
     </span>
    </p>
   </div>
   <div class='ocr_carea' id='block_1_72' title="bbox 289 3808 1885 3886">
    <p class='ocr_par' dir='ltr' id='par_1_72' title="bbox 289 3808 1885 3886">
     <span class='ocr_line' id='line_1_72' title="bbox 289 3808 1885 3886; baseline 0.004 -25"><span class='ocrx_word' id='word_1_529' title='bbox 289 3809 668 3884; x_wconf 70' lang='grc' dir='ltr'><strong>ἡκριϐωμὲνους</strong></span> <span class='ocrx_word' id='word_1_530' title='bbox 709 3811 775 3864; x_wconf 83' lang='grc' dir='ltr'><strong>τά</strong></span> <span class='ocrx_word' id='word_1_531' title='bbox 803 3817 895 3870; x_wconf 78' lang='grc' dir='ltr'><strong>τῆς</strong></span> <span class='ocrx_word' id='word_1_532' title='bbox 931 3812 1063 3870; x_wconf 84' lang='grc' dir='ltr'><strong>Θείας</strong></span> <span class='ocrx_word' id='word_1_533' title='bbox 1088 3819 1281 3884; x_wconf 64' lang='grc' dir='ltr'><strong>γραῖῆς</strong></span> <span class='ocrx_word' id='word_1_534' title='bbox 1322 3809 1508 3886; x_wconf 78' lang='grc' dir='ltr'><strong>δυνηθῇ</strong></span> <span class='ocrx_word' id='word_1_535' title='bbox 1547 3808 1800 3867; x_wconf 75' lang='grc' dir='ltr'><strong>δελεάσαι.</strong></span> <span class='ocrx_word' id='word_1_536' title='bbox 1825 3820 1885 3870; x_wconf 84' lang='grc' dir='ltr'><strong>Τί</strong></span> 
     </span>
    </p>
   </div>
   <div class='ocr_carea' id='block_1_73' title="bbox 291 3900 1885 3977">
    <p class='ocr_par' dir='ltr' id='par_1_73' title="bbox 291 3900 1885 3977">
     <span class='ocr_line' id='line_1_73' title="bbox 291 3900 1885 3977; baseline 0.003 -25"><span class='ocrx_word' id='word_1_537' title='bbox 291 3902 395 3972; x_wconf 83' lang='grc' dir='ltr'><strong>γάρ</strong></span> <span class='ocrx_word' id='word_1_538' title='bbox 425 3900 591 3974; x_wconf 80' lang='grc' dir='ltr'><strong>ἕτερον</strong></span> <span class='ocrx_word' id='word_1_539' title='bbox 614 3901 758 3976; x_wconf 85' lang='grc' dir='ltr'><strong>παρά</strong></span> <span class='ocrx_word' id='word_1_540' title='bbox 784 3901 851 3955; x_wconf 86' lang='grc' dir='ltr'><strong>τά</strong></span> <span class='ocrx_word' id='word_1_541' title='bbox 873 3908 946 3971; x_wconf 84' lang='grc' dir='ltr'><strong>τῷ</strong></span> <span class='ocrx_word' id='word_1_542' title='bbox 976 3900 1196 3955; x_wconf 82' lang='grc' dir='ltr'><strong>Πλάτωνι</strong></span> <span class='ocrx_word' id='word_1_543' title='bbox 1224 3903 1464 3977; x_wconf 74' lang='grc' dir='ltr'><strong>εἰρημένα</strong></span> <span class='ocrx_word' id='word_1_544' title='bbox 1489 3909 1560 3972; x_wconf 85' lang='grc' dir='ltr'><strong>τῷ</strong></span> <span class='ocrx_word' id='word_1_545' title='bbox 1587 3907 1677 3962; x_wconf 82' lang='grc' dir='ltr'><strong>τήν</strong></span> <span class='ocrx_word' id='word_1_546' title='bbox 1714 3905 1885 3964; x_wconf 78' lang='grc' dir='ltr'><strong>Ἑλλη-</strong></span> 
     </span>
    </p>
   </div>
   <div class='ocr_carea' id='block_1_74' title="bbox 289 3992 1885 4071">
    <p class='ocr_par' dir='ltr' id='par_1_74' title="bbox 289 3992 1885 4071">
     <span class='ocr_line' id='line_1_74' title="bbox 289 3992 1885 4071; baseline 0.005 -27"><span class='ocrx_word' id='word_1_547' title='bbox 289 3997 427 4049; x_wconf 75' lang='grc' dir='ltr'><strong>νικην</strong></span> <span class='ocrx_word' id='word_1_548' title='bbox 454 3993 635 4060; x_wconf 82' lang='grc' dir='ltr'><strong>μανίαν</strong></span> <span class='ocrx_word' id='word_1_549' title='bbox 663 3993 969 4048; x_wconf 86' lang='grc' dir='ltr'><strong>πλατύναντι</strong></span> <span class='ocrx_word' id='word_1_550' title='bbox 996 3992 1248 4070; x_wconf 76' lang='grc' dir='ltr'><strong>Ὠριγίνης</strong></span> <span class='ocrx_word' id='word_1_551' title='bbox 1278 3995 1496 4058; x_wconf 79' lang='grc' dir='ltr'><strong>ἐξίθιτο;</strong></span> <span class='ocrx_word' id='word_1_552' title='bbox 1528 3994 1559 4054; x_wconf 77' lang='grc' dir='ltr'><em>ἢ</em></span> <span class='ocrx_word' id='word_1_553' title='bbox 1590 3999 1733 4071; x_wconf 81' lang='grc' dir='ltr'><strong>παρὰ</strong></span> <span class='ocrx_word' id='word_1_554' title='bbox 1755 3999 1885 4058; x_wconf 54' lang='grc' dir='ltr'><strong>τίνος</strong></span> 
     </span>
    </p>
   </div>
   <div class='ocr_carea' id='block_1_75' title="bbox 290 4081 1885 4160">
    <p class='ocr_par' dir='ltr' id='par_1_75' title="bbox 290 4081 1885 4160">
     <span class='ocr_line' id='line_1_75' title="bbox 290 4081 1885 4160; baseline 0.006 -24"><span class='ocrx_word' id='word_1_555' title='bbox 290 4083 470 4159; x_wconf 75' lang='grc' dir='ltr'><strong>ἑτέρου</strong></span> <span class='ocrx_word' id='word_1_556' title='bbox 495 4081 690 4152; x_wconf 60' lang='lat' dir='ltr'><strong>&quot;Apris;</strong></span> <span class='ocrx_word' id='word_1_557' title='bbox 715 4084 883 4139; x_wconf 78' lang='grc' dir='ltr'><strong>λαϐὼν</strong></span> <span class='ocrx_word' id='word_1_558' title='bbox 915 4091 1007 4143; x_wconf 70' lang='grc' dir='ltr'><strong>τήν</strong></span> <span class='ocrx_word' id='word_1_559' title='bbox 1045 4088 1230 4140; x_wconf 83' lang='grc' dir='ltr'><strong>οἰκείαν</strong></span> <span class='ocrx_word' id='word_1_560' title='bbox 1259 4086 1619 4160; x_wconf 69' lang='grc' dir='ltr'><strong>συνεγράψατο</strong></span> <span class='ocrx_word' id='word_1_561' title='bbox 1645 4090 1794 4144; x_wconf 85' lang='grc' dir='ltr'><strong>νόσον</strong></span> <span class='ocrx_word' id='word_1_562' title='bbox 1814 4133 1826 4152; x_wconf 88' lang='grc'><em>.</em></span> <span class='ocrx_word' id='word_1_563' title='bbox 1859 4090 1885 4146; x_wconf 85' lang='grc' dir='ltr'><strong><em>ὃ</em></strong></span> 
     </span>
    </p>
   </div>
   <div class='ocr_carea' id='block_1_76' title="bbox 291 4172 1888 4253">
    <p class='ocr_par' dir='ltr' id='par_1_76' title="bbox 291 4172 1888 4253">
     <span class='ocr_line' id='line_1_76' title="bbox 291 4172 1888 4253; baseline 0.005 -25"><span class='ocrx_word' id='word_1_564' title='bbox 291 4175 426 4249; x_wconf 75' lang='grc' dir='ltr'><strong>πρὸς</strong></span> <span class='ocrx_word' id='word_1_565' title='bbox 453 4172 653 4249; x_wconf 79' lang='grc' dir='ltr'><strong>ὄλεθρον</strong></span> <span class='ocrx_word' id='word_1_566' title='bbox 679 4184 773 4236; x_wconf 81' lang='grc' dir='ltr'><strong>τῆς</strong></span> <span class='ocrx_word' id='word_1_567' title='bbox 800 4176 986 4232; x_wconf 80' lang='grc' dir='ltr'><strong>ἑαυτοῦ</strong></span> <span class='ocrx_word' id='word_1_568' title='bbox 1016 4176 1199 4248; x_wconf 68' lang='grc' dir='ltr'><strong>ψυχῆς</strong></span> <span class='ocrx_word' id='word_1_569' title='bbox 1221 4181 1292 4238; x_wconf 87' lang='grc' dir='ltr'><strong>είς</strong></span> <span class='ocrx_word' id='word_1_570' title='bbox 1321 4183 1411 4237; x_wconf 81' lang='grc' dir='ltr'><strong>την</strong></span> <span class='ocrx_word' id='word_1_571' title='bbox 1435 4179 1578 4253; x_wconf 75' lang='grc' dir='ltr'><strong>ἁγίαν</strong></span> <span class='ocrx_word' id='word_1_572' title='bbox 1602 4183 1684 4235; x_wconf 85' lang='grc' dir='ltr'><strong>καί</strong></span> <span class='ocrx_word' id='word_1_573' title='bbox 1712 4181 1888 4253; x_wconf 85' lang='grc' dir='ltr'><strong>ὁμοού-</strong></span> 
     </span>
    </p>
   </div>
   <div class='ocr_carea' id='block_1_77' title="bbox 289 4267 1888 4344">
    <p class='ocr_par' dir='ltr' id='par_1_77' title="bbox 289 4267 1888 4344">
     <span class='ocr_line' id='line_1_77' title="bbox 289 4267 1888 4344; baseline 0.006 -24"><span class='ocrx_word' id='word_1_574' title='bbox 289 4287 403 4322; x_wconf 84' lang='grc' dir='ltr'><strong>σιον</strong></span> <span class='ocrx_word' id='word_1_575' title='bbox 428 4267 607 4343; x_wconf 78' lang='grc' dir='ltr'><strong>τριάδα</strong></span> <span class='ocrx_word' id='word_1_576' title='bbox 630 4269 854 4344; x_wconf 78' lang='grc' dir='ltr'><strong>βαθμούς</strong></span> <span class='ocrx_word' id='word_1_577' title='bbox 883 4271 1180 4331; x_wconf 75' lang='grc' dir='ltr'><strong>ἐπινοήσαςς</strong></span> <span class='ocrx_word' id='word_1_578' title='bbox 1207 4271 1258 4325; x_wconf 83' lang='grc' dir='ltr'><strong>ἐν</strong></span> <span class='ocrx_word' id='word_1_579' title='bbox 1285 4277 1383 4326; x_wconf 88' lang='grc' dir='ltr'><strong>τίνι</strong></span> <span class='ocrx_word' id='word_1_580' title='bbox 1411 4269 1464 4326; x_wconf 79' lang='grc' dir='ltr'><strong>δέ</strong></span> <span class='ocrx_word' id='word_1_581' title='bbox 1491 4269 1636 4334; x_wconf 80' lang='grc' dir='ltr'><strong>οὗτος</strong></span> <span class='ocrx_word' id='word_1_582' title='bbox 1666 4281 1756 4328; x_wconf 85' lang='grc' dir='ltr'><strong>τοῦ</strong></span> <span class='ocrx_word' id='word_1_583' title='bbox 1782 4286 1888 4331; x_wconf 84' lang='grc' dir='ltr'><strong>Μα-</strong></span> 
     </span>
    </p>
   </div>
   <div class='ocr_carea' id='block_1_78' title="bbox 289 4361 1887 4440">
    <p class='ocr_par' dir='ltr' id='par_1_78' title="bbox 289 4361 1887 4440">
     <span class='ocr_line' id='line_1_78' title="bbox 289 4361 1887 4440; baseline 0.006 -29"><span class='ocrx_word' id='word_1_584' title='bbox 289 4364 508 4430; x_wconf 85' lang='grc' dir='ltr'><strong>νιχαίου</strong></span> <span class='ocrx_word' id='word_1_585' title='bbox 553 4361 962 4432; x_wconf 79' lang='grc' dir='ltr'><strong>ἀπολιμπάνεται</strong></span> <span class='ocrx_word' id='word_1_586' title='bbox 989 4407 1000 4424; x_wconf 87' lang='grc'><strong>,</strong></span> <span class='ocrx_word' id='word_1_587' title='bbox 1054 4361 1079 4416; x_wconf 86' lang='grc' dir='ltr'><strong>ό</strong></span> <span class='ocrx_word' id='word_1_588' title='bbox 1126 4361 1280 4434; x_wconf 60' lang='grc' dir='ltr'><strong>λέγων</strong></span> <span class='ocrx_word' id='word_1_589' title='bbox 1328 4364 1424 4424; x_wconf 80' lang='grc' dir='ltr'><strong>τὰς</strong></span> <span class='ocrx_word' id='word_1_590' title='bbox 1463 4371 1562 4418; x_wconf 85' lang='grc' dir='ltr'><strong>τῶν</strong></span> <span class='ocrx_word' id='word_1_591' title='bbox 1612 4366 1887 4440; x_wconf 80' lang='grc' dir='ltr'><strong>ἀνθρώπων</strong></span> 
     </span>
    </p>
   </div>
   <div class='ocr_carea' id='block_1_79' title="bbox 291 4447 1885 4528">
    <p class='ocr_par' dir='ltr' id='par_1_79' title="bbox 291 4447 1885 4528">
     <span class='ocr_line' id='line_1_79' title="bbox 291 4447 1885 4528; baseline 0.004 -24"><span class='ocrx_word' id='word_1_592' title='bbox 291 4447 478 4521; x_wconf 67' lang='grc' dir='ltr'><strong>ψυχάς</strong></span> <span class='ocrx_word' id='word_1_593' title='bbox 509 4449 575 4506; x_wconf 81' lang='grc' dir='ltr'><strong>δι’</strong></span> <span class='ocrx_word' id='word_1_594' title='bbox 599 4451 855 4526; x_wconf 78' lang='grc' dir='ltr'><strong>ἁμαρτίας</strong></span> <span class='ocrx_word' id='word_1_595' title='bbox 881 4461 988 4514; x_wconf 90' lang='grc' dir='ltr'><strong>τοῖς</strong></span> <span class='ocrx_word' id='word_1_596' title='bbox 1018 4455 1223 4523; x_wconf 80' lang='grc' dir='ltr'><strong>σώμασι</strong></span> <span class='ocrx_word' id='word_1_597' title='bbox 1244 4455 1502 4528; x_wconf 56' lang='grc' dir='ltr'><strong>τιμιρίαξ</strong></span> <span class='ocrx_word' id='word_1_598' title='bbox 1524 4456 1681 4527; x_wconf 87' lang='grc' dir='ltr'><strong>χάριν</strong></span> <span class='ocrx_word' id='word_1_599' title='bbox 1711 4458 1885 4528; x_wconf 79' lang='grc' dir='ltr'><strong>ἐμϐληο</strong></span> 
     </span>
    </p>
   </div>
   <div class='ocr_carea' id='block_1_80' title="bbox 1982 3247 3567 3306">
    <p class='ocr_par' dir='ltr' id='par_1_80' title="bbox 1982 3247 3567 3306">
     <span class='ocr_line' id='line_1_80' title="bbox 1982 3247 3567 3306; baseline -0.002 0"><span class='ocrx_word' id='word_1_600' title='bbox 1982 3250 2142 3306; x_wconf 92' lang='lat' dir='ltr'><strong>modo</strong></span> <span class='ocrx_word' id='word_1_601' title='bbox 2172 3248 2430 3304; x_wconf 70' lang='lat' dir='ltr'><strong>nefariam</strong></span> <span class='ocrx_word' id='word_1_602' title='bbox 2460 3247 2759 3303; x_wconf 87' lang='lat' dir='ltr'><strong>doctrinam</strong></span> <span class='ocrx_word' id='word_1_603' title='bbox 2788 3262 2940 3301; x_wconf 89' lang='lat' dir='ltr'><strong>suam</strong></span> <span class='ocrx_word' id='word_1_604' title='bbox 2964 3261 3236 3301; x_wconf 88' lang='lat' dir='ltr'><strong>sacrarum</strong></span> <span class='ocrx_word' id='word_1_605' title='bbox 3266 3247 3567 3303; x_wconf 78' lang='lat' dir='ltr'><strong>litterarum</strong></span> 
     </span>
    </p>
   </div>
   <div class='ocr_carea' id='block_1_81' title="bbox 1981 3337 3566 3408">
    <p class='ocr_par' dir='ltr' id='par_1_81' title="bbox 1981 3337 3566 3408">
     <span class='ocr_line' id='line_1_81' title="bbox 1981 3337 3566 3408; baseline -0.001 -13"><span class='ocrx_word' id='word_1_606' title='bbox 1981 3339 2349 3395; x_wconf 87' lang='lat' dir='ltr'><strong>monumentis</strong></span> <span class='ocrx_word' id='word_1_607' title='bbox 2378 3338 2611 3406; x_wconf 80' lang='lat' dir='ltr'><strong>maligne</strong></span> <span class='ocrx_word' id='word_1_608' title='bbox 2657 3337 2979 3404; x_wconf 84' lang='lat' dir='ltr'><strong>admiscens,</strong></span> <span class='ocrx_word' id='word_1_609' title='bbox 3028 3339 3347 3408; x_wconf 87' lang='lat' dir='ltr'><strong>paganicum</strong></span> <span class='ocrx_word' id='word_1_610' title='bbox 3374 3346 3430 3394; x_wconf 91' lang='lat' dir='ltr'><strong>et</strong></span> <span class='ocrx_word' id='word_1_611' title='bbox 3457 3339 3566 3395; x_wconf 82' lang='lat' dir='ltr'><strong>Ma-</strong></span> 
     </span>
    </p>
   </div>
   <div class='ocr_carea' id='block_1_82' title="bbox 1983 3427 3566 3496">
    <p class='ocr_par' dir='ltr' id='par_1_82' title="bbox 1983 3427 3566 3496">
     <span class='ocr_line' id='line_1_82' title="bbox 1983 3427 3566 3496; baseline 0.001 -12"><span class='ocrx_word' id='word_1_612' title='bbox 1983 3429 2248 3484; x_wconf 67' lang='lat' dir='ltr'><strong>nichceum</strong></span> <span class='ocrx_word' id='word_1_613' title='bbox 2293 3442 2538 3483; x_wconf 90' lang='lat' dir='ltr'><strong>errorem</strong></span> <span class='ocrx_word' id='word_1_614' title='bbox 2583 3442 2738 3481; x_wconf 90' lang='lat' dir='ltr'><strong>suum</strong></span> <span class='ocrx_word' id='word_1_615' title='bbox 2790 3435 2955 3496; x_wconf 89' lang='lat' dir='ltr'><strong>atque</strong></span> <span class='ocrx_word' id='word_1_616' title='bbox 2999 3427 3256 3483; x_wconf 77' lang='lat' dir='ltr'><strong>Arianam</strong></span> <span class='ocrx_word' id='word_1_617' title='bbox 3289 3430 3566 3485; x_wconf 81' lang='lat' dir='ltr'><strong>vesaniam</strong></span> 
     </span>
    </p>
   </div>
   <div class='ocr_carea' id='block_1_83' title="bbox 1983 3515 3568 3588">
    <p class='ocr_par' dir='ltr' id='par_1_83' title="bbox 1983 3515 3568 3588">
     <span class='ocr_line' id='line_1_83' title="bbox 1983 3515 3568 3588; baseline 0 -12"><span class='ocrx_word' id='word_1_618' title='bbox 1983 3520 2281 3585; x_wconf 84' lang='lat' dir='ltr'><strong>induceret,</strong></span> <span class='ocrx_word' id='word_1_619' title='bbox 2319 3532 2523 3586; x_wconf 90' lang='lat' dir='ltr'><strong>eosque</strong></span> <span class='ocrx_word' id='word_1_620' title='bbox 2548 3517 2640 3586; x_wconf 87' lang='lat' dir='ltr'><strong>qui</strong></span> <span class='ocrx_word' id='word_1_621' title='bbox 2670 3532 2877 3572; x_wconf 88' lang='lat' dir='ltr'><strong>sacram</strong></span> <span class='ocrx_word' id='word_1_622' title='bbox 2909 3515 3242 3588; x_wconf 89' lang='lat' dir='ltr'><strong>Scripturam</strong></span> <span class='ocrx_word' id='word_1_623' title='bbox 3271 3537 3381 3574; x_wconf 84' lang='lat' dir='ltr'><strong>non</strong></span> <span class='ocrx_word' id='word_1_624' title='bbox 3411 3537 3568 3576; x_wconf 88' lang='lat' dir='ltr'><strong>accu-</strong></span> 
     </span>
    </p>
   </div>
   <div class='ocr_carea' id='block_1_84' title="bbox 1983 3608 3566 3682">
    <p class='ocr_par' dir='ltr' id='par_1_84' title="bbox 1983 3608 3566 3682">
     <span class='ocr_line' id='line_1_84' title="bbox 1983 3608 3566 3682; baseline -0.002 -12"><span class='ocrx_word' id='word_1_625' title='bbox 1983 3623 2100 3670; x_wconf 90' lang='lat' dir='ltr'><strong>rate</strong></span> <span class='ocrx_word' id='word_1_626' title='bbox 2122 3611 2511 3682; x_wconf 87' lang='lat' dir='ltr'><strong>percepissent,</strong></span> <span class='ocrx_word' id='word_1_627' title='bbox 2553 3609 2799 3664; x_wconf 88' lang='lat' dir='ltr'><strong>inescare</strong></span> <span class='ocrx_word' id='word_1_628' title='bbox 2822 3617 3025 3677; x_wconf 88' lang='lat' dir='ltr'><strong>posset.</strong></span> <span class='ocrx_word' id='word_1_629' title='bbox 3077 3608 3220 3676; x_wconf 87' lang='lat' dir='ltr'><strong>Quid</strong></span> <span class='ocrx_word' id='word_1_630' title='bbox 3249 3612 3395 3666; x_wconf 91' lang='lat' dir='ltr'><strong>enim</strong></span> <span class='ocrx_word' id='word_1_631' title='bbox 3420 3611 3566 3667; x_wconf 87' lang='lat' dir='ltr'><strong>aliud</strong></span> 
     </span>
    </p>
   </div>
   <div class='ocr_carea' id='block_1_85' title="bbox 1985 3698 3568 3774">
    <p class='ocr_par' dir='ltr' id='par_1_85' title="bbox 1985 3698 3568 3774">
     <span class='ocr_line' id='line_1_85' title="bbox 1985 3698 3568 3774; baseline -0.002 -13"><span class='ocrx_word' id='word_1_632' title='bbox 1985 3705 2235 3774; x_wconf 87' lang='lat' dir='ltr'><strong>exposuit</strong></span> <span class='ocrx_word' id='word_1_633' title='bbox 2273 3702 2552 3771; x_wconf 88' lang='lat' dir='ltr'><strong>Origenes,</strong></span> <span class='ocrx_word' id='word_1_634' title='bbox 2602 3713 2764 3770; x_wconf 88' lang='lat' dir='ltr'><strong>quam</strong></span> <span class='ocrx_word' id='word_1_635' title='bbox 2805 3698 3064 3766; x_wconf 88' lang='lat' dir='ltr'><strong>Platonis,</strong></span> <span class='ocrx_word' id='word_1_636' title='bbox 3113 3701 3205 3771; x_wconf 90' lang='lat' dir='ltr'><strong>qui</strong></span> <span class='ocrx_word' id='word_1_637' title='bbox 3235 3714 3568 3772; x_wconf 84' lang='lat' dir='ltr'><strong>paganorum</strong></span> 
     </span>
    </p>
   </div>
   <div class='ocr_carea' id='block_1_86' title="bbox 1985 3793 3570 3866">
    <p class='ocr_par' dir='ltr' id='par_1_86' title="bbox 1985 3793 3570 3866">
     <span class='ocr_line' id='line_1_86' title="bbox 1985 3793 3570 3866; baseline 0.001 -12"><span class='ocrx_word' id='word_1_638' title='bbox 1985 3797 2250 3854; x_wconf 83' lang='lat' dir='ltr'><strong>insaniam</strong></span> <span class='ocrx_word' id='word_1_639' title='bbox 2278 3795 2550 3861; x_wconf 77' lang='lat' dir='ltr'><strong>dilataret,</strong></span> <span class='ocrx_word' id='word_1_640' title='bbox 2581 3793 2880 3850; x_wconf 84' lang='lat' dir='ltr'><strong>doctrinam</strong></span> <span class='ocrx_word' id='word_1_641' title='bbox 2905 3811 2920 3860; x_wconf 89' lang='lat'><strong>;</strong></span> <span class='ocrx_word' id='word_1_642' title='bbox 2965 3803 3057 3849; x_wconf 88' lang='lat' dir='ltr'><strong>aut</strong></span> <span class='ocrx_word' id='word_1_643' title='bbox 3085 3810 3115 3849; x_wconf 94' lang='lat' dir='ltr'><strong>a</strong></span> <span class='ocrx_word' id='word_1_644' title='bbox 3144 3810 3254 3866; x_wconf 87' lang='lat' dir='ltr'><strong>quo</strong></span> <span class='ocrx_word' id='word_1_645' title='bbox 3278 3795 3386 3852; x_wconf 87' lang='lat' dir='ltr'><strong>alio</strong></span> <span class='ocrx_word' id='word_1_646' title='bbox 3411 3795 3570 3855; x_wconf 80' lang='lat' dir='ltr'><strong>Arius</strong></span> 
     </span>
    </p>
   </div>
   <div class='ocr_carea' id='block_1_87' title="bbox 1986 3885 3568 3957">
    <p class='ocr_par' dir='ltr' id='par_1_87' title="bbox 1986 3885 3568 3957">
     <span class='ocr_line' id='line_1_87' title="bbox 1986 3885 3568 3957; baseline -0.001 -11"><span class='ocrx_word' id='word_1_647' title='bbox 1986 3897 2278 3954; x_wconf 83' lang='lat' dir='ltr'><strong>mutuatus,</strong></span> <span class='ocrx_word' id='word_1_648' title='bbox 2329 3886 2546 3957; x_wconf 89' lang='lat' dir='ltr'><strong>propria</strong></span> <span class='ocrx_word' id='word_1_649' title='bbox 2574 3901 2783 3942; x_wconf 90' lang='lat' dir='ltr'><strong>venena</strong></span> <span class='ocrx_word' id='word_1_650' title='bbox 2810 3885 3199 3942; x_wconf 79' lang='lat' dir='ltr'><strong>concinnavit?</strong></span> <span class='ocrx_word' id='word_1_651' title='bbox 3243 3888 3336 3957; x_wconf 91' lang='lat' dir='ltr'><strong>qui</strong></span> <span class='ocrx_word' id='word_1_652' title='bbox 3379 3889 3435 3944; x_wconf 90' lang='lat' dir='ltr'><strong>in</strong></span> <span class='ocrx_word' id='word_1_653' title='bbox 3459 3890 3568 3945; x_wconf 90' lang='lat' dir='ltr'><strong>exi-</strong></span> 
     </span>
    </p>
   </div>
   <div class='ocr_carea' id='block_1_88' title="bbox 1987 3980 3571 4039">
    <p class='ocr_par' dir='ltr' id='par_1_88' title="bbox 1987 3980 3571 4039">
     <span class='ocr_line' id='line_1_88' title="bbox 1987 3980 3571 4039; baseline 0.001 -2"><span class='ocrx_word' id='word_1_654' title='bbox 1987 3983 2118 4037; x_wconf 78' lang='lat' dir='ltr'><strong>tium</strong></span> <span class='ocrx_word' id='word_1_655' title='bbox 2139 3981 2330 4035; x_wconf 73' lang='lat' dir='ltr'><strong>anima:</strong></span> <span class='ocrx_word' id='word_1_656' title='bbox 2355 3995 2465 4035; x_wconf 70' lang='lat' dir='ltr'><strong>sua:</strong></span> <span class='ocrx_word' id='word_1_657' title='bbox 2488 3980 2539 4034; x_wconf 91' lang='lat' dir='ltr'><strong>in</strong></span> <span class='ocrx_word' id='word_1_658' title='bbox 2561 3986 2746 4034; x_wconf 90' lang='lat' dir='ltr'><strong>sancta</strong></span> <span class='ocrx_word' id='word_1_659' title='bbox 2771 3987 2828 4035; x_wconf 90' lang='lat' dir='ltr'><strong>et</strong></span> <span class='ocrx_word' id='word_1_660' title='bbox 2849 3980 3285 4036; x_wconf 88' lang='lat' dir='ltr'><strong>consubstantiali</strong></span> <span class='ocrx_word' id='word_1_661' title='bbox 3307 3981 3571 4039; x_wconf 87' lang='lat' dir='ltr'><strong>Trinitate</strong></span> 
     </span>
    </p>
   </div>
   <div class='ocr_carea' id='block_1_89' title="bbox 1987 4071 3571 4145">
    <p class='ocr_par' dir='ltr' id='par_1_89' title="bbox 1987 4071 3571 4145">
     <span class='ocr_line' id='line_1_89' title="bbox 1987 4071 3571 4145; baseline 0.003 -17"><span class='ocrx_word' id='word_1_662' title='bbox 1987 4073 2182 4144; x_wconf 79' lang='lat' dir='ltr'><strong>gradus</strong></span> <span class='ocrx_word' id='word_1_663' title='bbox 2203 4072 2546 4140; x_wconf 88' lang='lat' dir='ltr'><strong>excogitavit.</strong></span> <span class='ocrx_word' id='word_1_664' title='bbox 2595 4072 2676 4126; x_wconf 83' lang='lat' dir='ltr'><strong>An</strong></span> <span class='ocrx_word' id='word_1_665' title='bbox 2706 4071 2794 4127; x_wconf 86' lang='lat' dir='ltr'><strong>hic</strong></span> <span class='ocrx_word' id='word_1_666' title='bbox 2839 4087 2870 4126; x_wconf 90' lang='lat' dir='ltr'><strong>a</strong></span> <span class='ocrx_word' id='word_1_667' title='bbox 2925 4072 3219 4129; x_wconf 69' lang='lat' dir='ltr'><strong>Manichaee</strong></span> <span class='ocrx_word' id='word_1_668' title='bbox 3264 4074 3439 4144; x_wconf 88' lang='lat' dir='ltr'><strong>abest,</strong></span> <span class='ocrx_word' id='word_1_669' title='bbox 3478 4076 3571 4145; x_wconf 88' lang='lat' dir='ltr'><strong>qui</strong></span> 
     </span>
    </p>
   </div>
   <div class='ocr_carea' id='block_1_90' title="bbox 1989 4162 3573 4236">
    <p class='ocr_par' dir='ltr' id='par_1_90' title="bbox 1989 4162 3573 4236">
     <span class='ocr_line' id='line_1_90' title="bbox 1989 4162 3573 4236; baseline 0.004 -18"><span class='ocrx_word' id='word_1_670' title='bbox 1989 4164 2196 4218; x_wconf 84' lang='lat' dir='ltr'><strong>animas</strong></span> <span class='ocrx_word' id='word_1_671' title='bbox 2223 4163 2499 4218; x_wconf 87' lang='lat' dir='ltr'><strong>hominum</strong></span> <span class='ocrx_word' id='word_1_672' title='bbox 2538 4162 2669 4218; x_wconf 89' lang='lat' dir='ltr'><strong>dicit</strong></span> <span class='ocrx_word' id='word_1_673' title='bbox 2715 4171 2938 4234; x_wconf 89' lang='lat' dir='ltr'><strong>propter</strong></span> <span class='ocrx_word' id='word_1_674' title='bbox 2981 4173 3204 4234; x_wconf 88' lang='lat' dir='ltr'><strong>peccata</strong></span> <span class='ocrx_word' id='word_1_675' title='bbox 3253 4166 3573 4236; x_wconf 88' lang='lat' dir='ltr'><strong>corporibus</strong></span> 
     </span>
    </p>
   </div>
   <div class='ocr_carea' id='block_1_91' title="bbox 1989 4254 3574 4326">
    <p class='ocr_par' dir='ltr' id='par_1_91' title="bbox 1989 4254 3574 4326">
     <span class='ocr_line' id='line_1_91' title="bbox 1989 4254 3574 4326; baseline 0.002 -16"><span class='ocrx_word' id='word_1_676' title='bbox 1989 4256 2054 4311; x_wconf 91' lang='lat' dir='ltr'><strong>ad</strong></span> <span class='ocrx_word' id='word_1_677' title='bbox 2081 4254 2400 4326; x_wconf 89' lang='lat' dir='ltr'><strong>supplicium</strong></span> <span class='ocrx_word' id='word_1_678' title='bbox 2425 4254 2684 4309; x_wconf 90' lang='lat' dir='ltr'><strong>immitti?</strong></span> <span class='ocrx_word' id='word_1_679' title='bbox 2711 4255 2910 4324; x_wconf 87' lang='lat' dir='ltr'><strong>quique</strong></span> <span class='ocrx_word' id='word_1_680' title='bbox 2933 4255 3161 4325; x_wconf 88' lang='lat' dir='ltr'><strong>primum</strong></span> <span class='ocrx_word' id='word_1_681' title='bbox 3179 4256 3397 4326; x_wconf 87' lang='lat' dir='ltr'><strong>quidem</strong></span> <span class='ocrx_word' id='word_1_682' title='bbox 3417 4273 3574 4312; x_wconf 85' lang='lat' dir='ltr'><strong>men-</strong></span> 
     </span>
    </p>
   </div>
   <div class='ocr_carea' id='block_1_92' title="bbox 1990 4352 3570 4420">
    <p class='ocr_par' dir='ltr' id='par_1_92' title="bbox 1990 4352 3570 4420">
     <span class='ocr_line' id='line_1_92' title="bbox 1990 4352 3570 4420; baseline 0 -10"><span class='ocrx_word' id='word_1_683' title='bbox 1990 4363 2072 4410; x_wconf 91' lang='lat' dir='ltr'><strong>tes</strong></span> <span class='ocrx_word' id='word_1_684' title='bbox 2093 4367 2148 4410; x_wconf 93' lang='lat' dir='ltr'><strong>et</strong></span> <span class='ocrx_word' id='word_1_685' title='bbox 2168 4364 2383 4410; x_wconf 88' lang='lat' dir='ltr'><strong>sanctas</strong></span> <span class='ocrx_word' id='word_1_686' title='bbox 2403 4355 2630 4409; x_wconf 89' lang='lat' dir='ltr'><strong>virtutes</strong></span> <span class='ocrx_word' id='word_1_687' title='bbox 2660 4352 2824 4409; x_wconf 81' lang='lat' dir='ltr'><strong>fuisse</strong></span> <span class='ocrx_word' id='word_1_688' title='bbox 2851 4363 3078 4420; x_wconf 90' lang='lat' dir='ltr'><strong>asserat,</strong></span> <span class='ocrx_word' id='word_1_689' title='bbox 3107 4355 3300 4410; x_wconf 88' lang='lat' dir='ltr'><strong>deinde</strong></span> <span class='ocrx_word' id='word_1_690' title='bbox 3321 4362 3570 4413; x_wconf 89' lang='lat' dir='ltr'><strong>contem-</strong></span> 
     </span>
    </p>
   </div>
   <div class='ocr_carea' id='block_1_93' title="bbox 1992 4443 3574 4517">
    <p class='ocr_par' dir='ltr' id='par_1_93' title="bbox 1992 4443 3574 4517">
     <span class='ocr_line' id='line_1_93' title="bbox 1992 4443 3574 4517; baseline 0.001 -17"><span class='ocrx_word' id='word_1_691' title='bbox 1992 4446 2244 4517; x_wconf 88' lang='lat' dir='ltr'><strong>plationis</strong></span> <span class='ocrx_word' id='word_1_692' title='bbox 2281 4443 2475 4499; x_wconf 73' lang='lat' dir='ltr'><strong>divina:</strong></span> <span class='ocrx_word' id='word_1_693' title='bbox 2513 4444 2820 4499; x_wconf 88' lang='lat' dir='ltr'><strong>satietatem</strong></span> <span class='ocrx_word' id='word_1_694' title='bbox 2868 4445 3096 4515; x_wconf 87' lang='lat' dir='ltr'><strong>cepisse,</strong></span> <span class='ocrx_word' id='word_1_695' title='bbox 3147 4459 3212 4500; x_wconf 89' lang='lat' dir='ltr'><strong>ac</strong></span> <span class='ocrx_word' id='word_1_696' title='bbox 3252 4446 3305 4499; x_wconf 90' lang='lat' dir='ltr'><strong>in</strong></span> <span class='ocrx_word' id='word_1_697' title='bbox 3335 4446 3574 4503; x_wconf 86' lang='lat' dir='ltr'><strong>deterius</strong></span> 
     </span>
    </p>
   </div>
   <div class='ocr_carea' id='block_1_94' title="bbox 292 4521 1881 4621">
    <p class='ocr_par' dir='ltr' id='par_1_94' title="bbox 292 4544 1881 4621">
     <span class='ocr_line' id='line_1_94' title="bbox 292 4544 1881 4621; baseline 0.007 -26"><span class='ocrx_word' id='word_1_698' title='bbox 292 4545 472 4609; x_wconf 74' lang='grc' dir='ltr'><strong>θῆναι;</strong></span> <span class='ocrx_word' id='word_1_699' title='bbox 513 4546 583 4604; x_wconf 84' lang='grc' dir='ltr'><strong>ὡς</strong></span> <span class='ocrx_word' id='word_1_700' title='bbox 621 4544 681 4604; x_wconf 78' lang='grc' dir='ltr'><strong>δὴ</strong></span> <span class='ocrx_word' id='word_1_701' title='bbox 716 4553 919 4619; x_wconf 86' lang='grc' dir='ltr'><strong>πρῶτον</strong></span> <span class='ocrx_word' id='word_1_702' title='bbox 958 4548 1046 4615; x_wconf 79' lang='grc' dir='ltr'><strong>μὲν</strong></span> <span class='ocrx_word' id='word_1_703' title='bbox 1081 4545 1196 4608; x_wconf 86' lang='grc' dir='ltr'><strong>νόας</strong></span> <span class='ocrx_word' id='word_1_704' title='bbox 1233 4544 1417 4613; x_wconf 63' lang='grc' dir='ltr'><strong>οὔσας,</strong></span> <span class='ocrx_word' id='word_1_705' title='bbox 1439 4550 1518 4601; x_wconf 84' lang='grc' dir='ltr'><strong>καί</strong></span> <span class='ocrx_word' id='word_1_706' title='bbox 1556 4547 1701 4621; x_wconf 79' lang='grc' dir='ltr'><strong>ἁγίας</strong></span> <span class='ocrx_word' id='word_1_707' title='bbox 1739 4548 1881 4606; x_wconf 81' lang='grc' dir='ltr'><strong>δυνά-</strong></span> 
     </span>
    </p>
   </div>
   <div class='ocr_carea' id='block_1_95' title="bbox 1983 4521 3572 4621">
    <p class='ocr_par' dir='ltr' id='par_1_95' title="bbox 1990 4534 3572 4612">
     <span class='ocr_line' id='line_1_95' title="bbox 1990 4534 3572 4612; baseline 0.003 -19"><span class='ocrx_word' id='word_1_708' title='bbox 1990 4552 2298 4603; x_wconf 89' lang='lat' dir='ltr'><strong>conversas,</strong></span> <span class='ocrx_word' id='word_1_709' title='bbox 2345 4536 2546 4592; x_wconf 89' lang='lat' dir='ltr'><strong>idcirco</strong></span> <span class='ocrx_word' id='word_1_710' title='bbox 2575 4552 2604 4590; x_wconf 90' lang='lat' dir='ltr'><strong>a</strong></span> <span class='ocrx_word' id='word_1_711' title='bbox 2648 4534 2744 4592; x_wconf 91' lang='lat' dir='ltr'><strong>Dei</strong></span> <span class='ocrx_word' id='word_1_712' title='bbox 2771 4550 2958 4591; x_wconf 88' lang='lat' dir='ltr'><strong>amore</strong></span> <span class='ocrx_word' id='word_1_713' title='bbox 2997 4536 3286 4606; x_wconf 84' lang='lat' dir='ltr'><strong>refrixisse,</strong></span> <span class='ocrx_word' id='word_1_714' title='bbox 3335 4539 3572 4612; x_wconf 86' lang='lat' dir='ltr'><strong>indeque</strong></span> 
     </span>
    </p>
   </div>
   <div class='ocr_carea' id='block_1_96' title="bbox 291 4634 1880 4714">
    <p class='ocr_par' dir='ltr' id='par_1_96' title="bbox 291 4634 1880 4714">
     <span class='ocr_line' id='line_1_96' title="bbox 291 4634 1880 4714; baseline 0.003 -24"><span class='ocrx_word' id='word_1_715' title='bbox 291 4656 440 4704; x_wconf 84' lang='grc' dir='ltr'><strong>μεις,</strong></span> <span class='ocrx_word' id='word_1_716' title='bbox 482 4634 660 4691; x_wconf 73' lang='grc' dir='ltr'><strong>ἔπειτα</strong></span> <span class='ocrx_word' id='word_1_717' title='bbox 698 4637 838 4712; x_wconf 83' lang='grc' dir='ltr'><strong>κόρον</strong></span> <span class='ocrx_word' id='word_1_718' title='bbox 875 4637 1136 4698; x_wconf 81' lang='grc' dir='ltr'><strong>λαϐούσας</strong></span> <span class='ocrx_word' id='word_1_719' title='bbox 1187 4647 1278 4698; x_wconf 84' lang='grc' dir='ltr'><strong>τῆς</strong></span> <span class='ocrx_word' id='word_1_720' title='bbox 1333 4639 1471 4698; x_wconf 84' lang='grc' dir='ltr'><strong>θείας</strong></span> <span class='ocrx_word' id='word_1_721' title='bbox 1520 4641 1758 4714; x_wconf 80' lang='grc' dir='ltr'><strong>θεωρίας,</strong></span> <span class='ocrx_word' id='word_1_722' title='bbox 1800 4645 1880 4697; x_wconf 74' lang='grc' dir='ltr'><strong>καί</strong></span> 
     </span>
    </p>
   </div>
   <div class='ocr_carea' id='block_1_97' title="bbox 292 4730 1883 4805">
    <p class='ocr_par' dir='ltr' id='par_1_97' title="bbox 292 4730 1883 4805">
     <span class='ocr_line' id='line_1_97' title="bbox 292 4730 1883 4805; baseline 0.006 -21"><span class='ocrx_word' id='word_1_723' title='bbox 292 4730 426 4805; x_wconf 76' lang='grc' dir='ltr'><strong>πρὸς</strong></span> <span class='ocrx_word' id='word_1_724' title='bbox 461 4730 521 4784; x_wconf 83' lang='grc' dir='ltr'><strong>τό</strong></span> <span class='ocrx_word' id='word_1_725' title='bbox 561 4738 740 4805; x_wconf 84' lang='grc' dir='ltr'><strong>χεῖρον</strong></span> <span class='ocrx_word' id='word_1_726' title='bbox 785 4735 1109 4805; x_wconf 82' lang='grc' dir='ltr'><strong>τραπείσας,</strong></span> <span class='ocrx_word' id='word_1_727' title='bbox 1165 4737 1248 4787; x_wconf 85' lang='grc' dir='ltr'><strong>καί</strong></span> <span class='ocrx_word' id='word_1_728' title='bbox 1298 4731 1382 4789; x_wconf 80' lang='grc' dir='ltr'><strong>διὰ</strong></span> <span class='ocrx_word' id='word_1_729' title='bbox 1420 4743 1572 4789; x_wconf 89' lang='grc' dir='ltr'><strong>τοῦτο</strong></span> <span class='ocrx_word' id='word_1_730' title='bbox 1625 4746 1714 4798; x_wconf 79' lang='grc' dir='ltr'><strong>τῆς</strong></span> <span class='ocrx_word' id='word_1_731' title='bbox 1754 4745 1883 4793; x_wconf 86' lang='grc' dir='ltr'><strong>Θεοῦ</strong></span> 
     </span>
    </p>
   </div>
   <div class='ocr_carea' id='block_1_98' title="bbox 291 4821 1883 4898">
    <p class='ocr_par' dir='ltr' id='par_1_98' title="bbox 291 4821 1883 4898">
     <span class='ocr_line' id='line_1_98' title="bbox 291 4821 1883 4898; baseline 0.008 -25"><span class='ocrx_word' id='word_1_732' title='bbox 291 4822 497 4892; x_wconf 78' lang='grc' dir='ltr'><strong>ἀγάπης</strong></span> <span class='ocrx_word' id='word_1_733' title='bbox 533 4821 894 4895; x_wconf 72' lang='grc' dir='ltr'><strong>ἀποψυγείσας</strong></span> <span class='ocrx_word' id='word_1_734' title='bbox 918 4867 932 4890; x_wconf 92' lang='grc'><strong>,</strong></span> <span class='ocrx_word' id='word_1_735' title='bbox 974 4827 1056 4879; x_wconf 79' lang='grc' dir='ltr'><strong>καί</strong></span> <span class='ocrx_word' id='word_1_736' title='bbox 1093 4825 1314 4880; x_wconf 80' lang='grc' dir='ltr'><strong>ἰντεῦθεν</strong></span> <span class='ocrx_word' id='word_1_737' title='bbox 1358 4824 1544 4896; x_wconf 72' lang='grc' dir='ltr'><strong>ψυχάς</strong></span> <span class='ocrx_word' id='word_1_738' title='bbox 1595 4825 1883 4898; x_wconf 81' lang='grc' dir='ltr'><strong>ὀνομασθεί-</strong></span> 
     </span>
    </p>
   </div>
   <div class='ocr_carea' id='block_1_99' title="bbox 290 4914 1882 4989">
    <p class='ocr_par' dir='ltr' id='par_1_99' title="bbox 290 4914 1882 4989">
     <span class='ocr_line' id='line_1_99' title="bbox 290 4914 1882 4989; baseline 0.006 -24"><span class='ocrx_word' id='word_1_739' title='bbox 290 4931 431 4976; x_wconf 81' lang='grc' dir='ltr'><strong>σας,</strong></span> <span class='ocrx_word' id='word_1_740' title='bbox 483 4914 567 4966; x_wconf 79' lang='grc' dir='ltr'><strong>καί</strong></span> <span class='ocrx_word' id='word_1_741' title='bbox 603 4916 854 4988; x_wconf 85' lang='grc' dir='ltr'><strong>τιμωρίας</strong></span> <span class='ocrx_word' id='word_1_742' title='bbox 902 4916 1059 4989; x_wconf 85' lang='grc' dir='ltr'><strong>χάριν</strong></span> <span class='ocrx_word' id='word_1_743' title='bbox 1099 4923 1211 4977; x_wconf 86' lang='grc' dir='ltr'><strong>τοῖς</strong></span> <span class='ocrx_word' id='word_1_744' title='bbox 1250 4919 1484 4988; x_wconf 83' lang='grc' dir='ltr'><strong>σώμασιν</strong></span> <span class='ocrx_word' id='word_1_745' title='bbox 1529 4919 1882 4988; x_wconf 49' lang='grc' dir='ltr'><strong>ἐμϐληθεῖσαν</strong></span> 
     </span>
    </p>
   </div>
   <div class='ocr_carea' id='block_1_100' title="bbox 200 5001 1883 5088">
    <p class='ocr_par' dir='ltr' id='par_1_100' title="bbox 200 5001 1883 5088">
     <span class='ocr_line' id='line_1_100' title="bbox 200 5001 1883 5088; baseline 0.005 -31"><span class='ocrx_word' id='word_1_746' title='bbox 200 5037 216 5055; x_wconf 77' lang='grc'><strong>.</strong></span> <span class='ocrx_word' id='word_1_747' title='bbox 289 5001 422 5080; x_wconf 81' lang='grc' dir='ltr'><strong>ὅπερ</strong></span> <span class='ocrx_word' id='word_1_748' title='bbox 452 5008 534 5057; x_wconf 84' lang='grc' dir='ltr'><strong>καὶ</strong></span> <span class='ocrx_word' id='word_1_749' title='bbox 573 5005 726 5076; x_wconf 88' lang='grc' dir='ltr'><strong>μόνον</strong></span> <span class='ocrx_word' id='word_1_750' title='bbox 755 5006 913 5060; x_wconf 73' lang='grc' dir='ltr'><strong>ἓκανόν</strong></span> <span class='ocrx_word' id='word_1_751' title='bbox 939 5004 998 5066; x_wconf 71' lang='grc' dir='ltr'><strong>ἦν</strong></span> <span class='ocrx_word' id='word_1_752' title='bbox 1029 5011 1100 5068; x_wconf 64' lang='grc' dir='ltr'><strong>εἰς</strong></span> <span class='ocrx_word' id='word_1_753' title='bbox 1137 5009 1326 5064; x_wconf 89' lang='grc' dir='ltr'><strong>τελείαν</strong></span> <span class='ocrx_word' id='word_1_754' title='bbox 1358 5011 1510 5064; x_wconf 69' lang='grc' dir='ltr'><strong>αὐτοῦ</strong></span> <span class='ocrx_word' id='word_1_755' title='bbox 1551 5012 1844 5088; x_wconf 80' lang='grc' dir='ltr'><strong>κατάκρισιν</strong></span> <span class='ocrx_word' id='word_1_756' title='bbox 1869 5053 1883 5076; x_wconf 90' lang='grc'><strong>,</strong></span> 
     </span>
    </p>
   </div>
   <div class='ocr_carea' id='block_1_101' title="bbox 288 5093 1884 5175">
    <p class='ocr_par' dir='ltr' id='par_1_101' title="bbox 288 5093 1884 5175">
     <span class='ocr_line' id='line_1_101' title="bbox 288 5093 1884 5175; baseline 0.004 -26"><span class='ocrx_word' id='word_1_757' title='bbox 288 5093 374 5150; x_wconf 82' lang='grc' dir='ltr'><strong>οά</strong></span> <span class='ocrx_word' id='word_1_758' title='bbox 421 5105 512 5155; x_wconf 79' lang='grc' dir='ltr'><strong>τῆς</strong></span> <span class='ocrx_word' id='word_1_759' title='bbox 549 5096 828 5156; x_wconf 72' lang='grc' dir='ltr'><strong>Ἑλληνικῆς</strong></span> <span class='ocrx_word' id='word_1_760' title='bbox 866 5098 1111 5172; x_wconf 76' lang='grc' dir='ltr'><strong>ὑπάρχον</strong></span> <span class='ocrx_word' id='word_1_761' title='bbox 1137 5097 1460 5162; x_wconf 80' lang='grc' dir='ltr'><strong>δυσσεϐείας.</strong></span> <span class='ocrx_word' id='word_1_762' title='bbox 1497 5107 1599 5154; x_wconf 84' lang='grc' dir='ltr'><strong>Τοῦ</strong></span> <span class='ocrx_word' id='word_1_763' title='bbox 1627 5103 1727 5175; x_wconf 80' lang='grc' dir='ltr'><strong>γὰρ</strong></span> <span class='ocrx_word' id='word_1_764' title='bbox 1756 5109 1884 5158; x_wconf 83' lang='grc' dir='ltr'><strong>Θεοῦ</strong></span> 
     </span>
    </p>
   </div>
   <div class='ocr_carea' id='block_1_102' title="bbox 287 5186 1887 5266">
    <p class='ocr_par' dir='ltr' id='par_1_102' title="bbox 287 5186 1887 5266">
     <span class='ocr_line' id='line_1_102' title="bbox 287 5186 1887 5266; baseline 0.004 -24"><span class='ocrx_word' id='word_1_765' title='bbox 287 5188 542 5251; x_wconf 73' lang='grc' dir='ltr'><strong>εἰπόντος,</strong></span> <span class='ocrx_word' id='word_1_766' title='bbox 569 5193 890 5261; x_wconf 72' lang='grc' dir='ltr'><strong>«Ποιήσωμεν</strong></span> <span class='ocrx_word' id='word_1_767' title='bbox 913 5186 1174 5266; x_wconf 74' lang='grc' dir='ltr'><strong>ἄνθρωπον</strong></span> <span class='ocrx_word' id='word_1_768' title='bbox 1203 5192 1316 5247; x_wconf 81' lang='grc' dir='ltr'><strong>κατ’</strong></span> <span class='ocrx_word' id='word_1_769' title='bbox 1346 5193 1508 5246; x_wconf 82' lang='grc' dir='ltr'><strong>εἰκόνα</strong></span> <span class='ocrx_word' id='word_1_770' title='bbox 1540 5196 1621 5245; x_wconf 76' lang='lat' dir='ltr'><strong>xxi</strong></span> <span class='ocrx_word' id='word_1_771' title='bbox 1645 5193 1887 5263; x_wconf 72' lang='grc' dir='ltr'><strong>ὁμοίωσιν</strong></span> 
     </span>
    </p>
   </div>
   <div class='ocr_carea' id='block_1_103' title="bbox 287 5283 1886 5360">
    <p class='ocr_par' dir='ltr' id='par_1_103' title="bbox 287 5283 1886 5360">
     <span class='ocr_line' id='line_1_103' title="bbox 287 5283 1886 5360; baseline 0.004 -26"><span class='ocrx_word' id='word_1_772' title='bbox 287 5284 565 5356; x_wconf 68' lang='grc' dir='ltr'><strong>ἡμετέραν.</strong></span> <span class='ocrx_word' id='word_1_773' title='bbox 582 5300 601 5332; x_wconf 72' lang='grc' dir='ltr'><strong>ι</strong></span> <span class='ocrx_word' id='word_1_774' title='bbox 619 5283 908 5353; x_wconf 77' lang='grc' dir='ltr'><strong>εὑρίσκεται</strong></span> <span class='ocrx_word' id='word_1_775' title='bbox 932 5283 1064 5340; x_wconf 87' lang='grc' dir='ltr'><strong>κατά</strong></span> <span class='ocrx_word' id='word_1_776' title='bbox 1089 5287 1205 5346; x_wconf 79' lang='grc' dir='ltr'><strong>τοὺς</strong></span> <span class='ocrx_word' id='word_1_777' title='bbox 1227 5285 1410 5339; x_wconf 76' lang='grc' dir='ltr'><strong>ἐκείνου</strong></span> <span class='ocrx_word' id='word_1_778' title='bbox 1433 5290 1682 5356; x_wconf 85' lang='grc' dir='ltr'><strong>ματαίους</strong></span> <span class='ocrx_word' id='word_1_779' title='bbox 1707 5287 1886 5360; x_wconf 80' lang='grc' dir='ltr'><strong>λόγους</strong></span> 
     </span>
    </p>
   </div>
   <div class='ocr_carea' id='block_1_104' title="bbox 287 5371 1887 5449">
    <p class='ocr_par' dir='ltr' id='par_1_104' title="bbox 287 5371 1887 5449">
     <span class='ocr_line' id='line_1_104' title="bbox 287 5371 1887 5449; baseline 0.005 -23"><span class='ocrx_word' id='word_1_780' title='bbox 287 5380 447 5444; x_wconf 84' lang='grc' dir='ltr'><strong>σῶμα</strong></span> <span class='ocrx_word' id='word_1_781' title='bbox 485 5373 638 5442; x_wconf 83' lang='grc' dir='ltr'><strong>μόνον</strong></span> <span class='ocrx_word' id='word_1_782' title='bbox 683 5371 811 5446; x_wconf 78' lang='grc' dir='ltr'><strong>δίχα</strong></span> <span class='ocrx_word' id='word_1_783' title='bbox 843 5374 1024 5446; x_wconf 69' lang='grc' dir='ltr'><strong>ψυχῆς</strong></span> <span class='ocrx_word' id='word_1_784' title='bbox 1049 5375 1157 5432; x_wconf 86' lang='grc' dir='ltr'><strong>κατ’</strong></span> <span class='ocrx_word' id='word_1_785' title='bbox 1176 5376 1341 5432; x_wconf 82' lang='grc' dir='ltr'><strong>εἰκόνα</strong></span> <span class='ocrx_word' id='word_1_786' title='bbox 1380 5381 1462 5431; x_wconf 88' lang='grc' dir='ltr'><strong>καί</strong></span> <span class='ocrx_word' id='word_1_787' title='bbox 1491 5377 1729 5449; x_wconf 76' lang='grc' dir='ltr'><strong>ὁμοίωσιν</strong></span> <span class='ocrx_word' id='word_1_788' title='bbox 1754 5381 1887 5449; x_wconf 81' lang='grc' dir='ltr'><strong>γενό-</strong></span> 
     </span>
    </p>
   </div>
   <div class='ocr_carea' id='block_1_105' title="bbox 288 5462 1888 5542">
    <p class='ocr_par' dir='ltr' id='par_1_105' title="bbox 288 5462 1888 5542">
     <span class='ocr_line' id='line_1_105' title="bbox 288 5462 1888 5542; baseline 0.003 -25"><span class='ocrx_word' id='word_1_789' title='bbox 288 5483 440 5533; x_wconf 78' lang='grc' dir='ltr'><strong>μενον</strong></span> <span class='ocrx_word' id='word_1_790' title='bbox 462 5470 552 5518; x_wconf 88' lang='grc' dir='ltr'><strong>τοῦ</strong></span> <span class='ocrx_word' id='word_1_791' title='bbox 571 5470 724 5526; x_wconf 87' lang='grc' dir='ltr'><strong>Θεοῦ.</strong></span> <span class='ocrx_word' id='word_1_792' title='bbox 753 5466 835 5520; x_wconf 76' lang='grc' dir='ltr'><strong>ἐὰν</strong></span> <span class='ocrx_word' id='word_1_793' title='bbox 867 5462 995 5527; x_wconf 81' lang='grc' dir='ltr'><strong>ὅλως</strong></span> <span class='ocrx_word' id='word_1_794' title='bbox 1021 5474 1336 5542; x_wconf 68' lang='grc' dir='ltr'><strong>προϋπῆρχε</strong></span> <span class='ocrx_word' id='word_1_795' title='bbox 1366 5466 1541 5539; x_wconf 69' lang='grc' dir='ltr'><strong>ψυχή,</strong></span> <span class='ocrx_word' id='word_1_796' title='bbox 1569 5471 1650 5522; x_wconf 86' lang='grc' dir='ltr'><strong>καί</strong></span> <span class='ocrx_word' id='word_1_797' title='bbox 1671 5471 1802 5540; x_wconf 83' lang='grc' dir='ltr'><strong>μετὰ</strong></span> <span class='ocrx_word' id='word_1_798' title='bbox 1832 5469 1888 5522; x_wconf 84' lang='grc' dir='ltr'><strong>τὸ</strong></span> 
     </span>
    </p>
   </div>
   <div class='ocr_carea' id='block_1_106' title="bbox 286 5553 1893 5632">
    <p class='ocr_par' dir='ltr' id='par_1_106' title="bbox 286 5553 1893 5632">
     <span class='ocr_line' id='line_1_106' title="bbox 286 5553 1893 5632; baseline 0.004 -26"><span class='ocrx_word' id='word_1_799' title='bbox 286 5553 527 5623; x_wconf 79' lang='grc' dir='ltr'><strong>γενέσθαι</strong></span> <span class='ocrx_word' id='word_1_800' title='bbox 552 5556 609 5610; x_wconf 88' lang='grc' dir='ltr'><strong>τὸ</strong></span> <span class='ocrx_word' id='word_1_801' title='bbox 651 5562 803 5626; x_wconf 86' lang='grc' dir='ltr'><strong>σῶμα</strong></span> <span class='ocrx_word' id='word_1_802' title='bbox 830 5557 1086 5625; x_wconf 69' lang='grc' dir='ltr'><strong>ἐνεϐλήθη,</strong></span> <span class='ocrx_word' id='word_1_803' title='bbox 1112 5557 1143 5617; x_wconf 74' lang='grc' dir='ltr'><em>ἢ</em></span> <span class='ocrx_word' id='word_1_804' title='bbox 1183 5559 1498 5632; x_wconf 85' lang='grc' dir='ltr'><strong>κατηγγίσθη</strong></span> <span class='ocrx_word' id='word_1_805' title='bbox 1521 5560 1569 5613; x_wconf 82' lang='grc' dir='ltr'><strong>ἐν</strong></span> <span class='ocrx_word' id='word_1_806' title='bbox 1599 5561 1758 5631; x_wconf 78' lang='grc' dir='ltr'><strong>αὐτῷ.</strong></span> <span class='ocrx_word' id='word_1_807' title='bbox 1803 5564 1893 5615; x_wconf 70' lang='grc' dir='ltr'><strong>καί</strong></span> 
     </span>
    </p>
   </div>
   <div class='ocr_carea' id='block_1_107' title="bbox 289 5651 1891 5724">
    <p class='ocr_par' dir='ltr' id='par_1_107' title="bbox 289 5651 1891 5724">
     <span class='ocr_line' id='line_1_107' title="bbox 289 5651 1891 5724; baseline 0.007 -24"><span class='ocrx_word' id='word_1_808' title='bbox 289 5651 487 5722; x_wconf 78' lang='grc' dir='ltr'><strong>ἀνάγκη</strong></span> <span class='ocrx_word' id='word_1_809' title='bbox 513 5657 660 5705; x_wconf 77' lang='grc' dir='ltr'><strong>πᾶσα</strong></span> <span class='ocrx_word' id='word_1_810' title='bbox 691 5658 780 5707; x_wconf 75' lang='grc' dir='ltr'><strong>τοῦ</strong></span> <span class='ocrx_word' id='word_1_811' title='bbox 809 5653 997 5724; x_wconf 77' lang='grc' dir='ltr'><strong>λέγειν,</strong></span> <span class='ocrx_word' id='word_1_812' title='bbox 1032 5657 1113 5708; x_wconf 86' lang='grc' dir='ltr'><strong>καί</strong></span> <span class='ocrx_word' id='word_1_813' title='bbox 1142 5654 1291 5708; x_wconf 62' lang='grc' dir='ltr'><strong>αύτνὶν</strong></span> <span class='ocrx_word' id='word_1_814' title='bbox 1317 5654 1400 5709; x_wconf 73' lang='grc' dir='ltr'><strong>τόν</strong></span> <span class='ocrx_word' id='word_1_815' title='bbox 1435 5656 1556 5708; x_wconf 86' lang='grc' dir='ltr'><strong>Θεὸν</strong></span> <span class='ocrx_word' id='word_1_816' title='bbox 1584 5655 1668 5710; x_wconf 81' lang='grc' dir='ltr'><strong>τὸν</strong></span> <span class='ocrx_word' id='word_1_817' title='bbox 1688 5662 1776 5710; x_wconf 81' lang='grc' dir='ltr'><strong>τοῦ</strong></span> <span class='ocrx_word' id='word_1_818' title='bbox 1805 5657 1891 5710; x_wconf 86' lang='grc' dir='ltr'><strong>ἀν-</strong></span> 
     </span>
    </p>
   </div>
   <div class='ocr_carea' id='block_1_108' title="bbox 292 5737 1896 5819">
    <p class='ocr_par' dir='ltr' id='par_1_108' title="bbox 292 5737 1896 5819">
     <span class='ocr_line' id='line_1_108' title="bbox 292 5737 1896 5819; baseline 0.006 -29"><span class='ocrx_word' id='word_1_819' title='bbox 292 5739 506 5813; x_wconf 73' lang='grc' dir='ltr'><strong>θρώπου</strong></span> <span class='ocrx_word' id='word_1_820' title='bbox 544 5737 851 5816; x_wconf 74' lang='grc' dir='ltr'><strong>δημιουργίν</strong></span> <span class='ocrx_word' id='word_1_821' title='bbox 892 5748 1040 5813; x_wconf 67' lang='grc' dir='ltr'><strong>σῶμα</strong></span> <span class='ocrx_word' id='word_1_822' title='bbox 1068 5743 1358 5819; x_wconf 76' lang='grc' dir='ltr'><strong>ὑπάρχειν,</strong></span> <span class='ocrx_word' id='word_1_823' title='bbox 1392 5747 1459 5805; x_wconf 78' lang='grc' dir='ltr'><strong>ὡς</strong></span> <span class='ocrx_word' id='word_1_824' title='bbox 1489 5745 1546 5798; x_wconf 86' lang='grc' dir='ltr'><strong>τὸ</strong></span> <span class='ocrx_word' id='word_1_825' title='bbox 1590 5752 1742 5815; x_wconf 84' lang='grc' dir='ltr'><strong>σῶμα</strong></span> <span class='ocrx_word' id='word_1_826' title='bbox 1779 5746 1896 5805; x_wconf 74' lang='grc' dir='ltr'><strong>κατ’</strong></span> 
     </span>
    </p>
   </div>
   <div class='ocr_carea' id='block_1_109' title="bbox 286 5827 1894 5907">
    <p class='ocr_par' dir='ltr' id='par_1_109' title="bbox 286 5827 1894 5907">
     <span class='ocr_line' id='line_1_109' title="bbox 286 5827 1894 5907; baseline 0.006 -23"><span class='ocrx_word' id='word_1_827' title='bbox 286 5827 472 5892; x_wconf 71' lang='grc' dir='ltr'><strong>εἰκόνα,</strong></span> <span class='ocrx_word' id='word_1_828' title='bbox 505 5833 592 5884; x_wconf 82' lang='grc' dir='ltr'><strong>καί</strong></span> <span class='ocrx_word' id='word_1_829' title='bbox 621 5830 858 5904; x_wconf 85' lang='grc' dir='ltr'><strong>ὁμοίωσιν</strong></span> <span class='ocrx_word' id='word_1_830' title='bbox 897 5830 1025 5888; x_wconf 77' lang='grc' dir='ltr'><strong>ἰδίαν</strong></span> <span class='ocrx_word' id='word_1_831' title='bbox 1055 5835 1407 5907; x_wconf 72' lang='grc' dir='ltr'><strong>ποιησάμενον.</strong></span> <span class='ocrx_word' id='word_1_832' title='bbox 1454 5842 1558 5896; x_wconf 75' lang='grc' dir='ltr'><strong>Πῶς</strong></span> <span class='ocrx_word' id='word_1_833' title='bbox 1599 5833 1648 5890; x_wconf 79' lang='grc' dir='ltr'><strong>δὲ</strong></span> <span class='ocrx_word' id='word_1_834' title='bbox 1682 5833 1894 5897; x_wconf 74' lang='grc' dir='ltr'><strong>δύναται</strong></span> 
     </span>
    </p>
   </div>
   <div class='ocr_carea' id='block_1_110' title="bbox 1987 4638 3573 4712">
    <p class='ocr_par' dir='ltr' id='par_1_110' title="bbox 1987 4638 3573 4712">
     <span class='ocr_line' id='line_1_110' title="bbox 1987 4638 3573 4712; baseline 0.003 -17"><span class='ocrx_word' id='word_1_835' title='bbox 1987 4640 2176 4697; x_wconf 81' lang='lat' dir='ltr'><strong>Graeco</strong></span> <span class='ocrx_word' id='word_1_836' title='bbox 2208 4640 2423 4694; x_wconf 89' lang='lat' dir='ltr'><strong>nomine</strong></span> <span class='ocrx_word' id='word_1_837' title='bbox 2452 4638 2750 4710; x_wconf 87' lang='lat' dir='ltr'><strong>appellatas</strong></span> <span class='ocrx_word' id='word_1_838' title='bbox 2785 4639 2990 4711; x_wconf 70' lang='grc' dir='ltr'><strong>ψυχὰς,</strong></span> <span class='ocrx_word' id='word_1_839' title='bbox 3040 4650 3096 4694; x_wconf 88' lang='lat' dir='ltr'><strong>ct</strong></span> <span class='ocrx_word' id='word_1_840' title='bbox 3133 4643 3381 4712; x_wconf 87' lang='lat' dir='ltr'><strong>supplicii</strong></span> <span class='ocrx_word' id='word_1_841' title='bbox 3411 4660 3573 4701; x_wconf 89' lang='lat' dir='ltr'><strong>causa</strong></span> 
     </span>
    </p>
   </div>
   <div class='ocr_carea' id='block_1_111' title="bbox 1989 4729 3575 4804">
    <p class='ocr_par' dir='ltr' id='par_1_111' title="bbox 1989 4729 3575 4804">
     <span class='ocr_line' id='line_1_111' title="bbox 1989 4729 3575 4804; baseline 0.001 -15"><span class='ocrx_word' id='word_1_842' title='bbox 1989 4732 2307 4802; x_wconf 90' lang='lat' dir='ltr'><strong>corporibus</strong></span> <span class='ocrx_word' id='word_1_843' title='bbox 2344 4746 2464 4786; x_wconf 89' lang='lat' dir='ltr'><strong>esse</strong></span> <span class='ocrx_word' id='word_1_844' title='bbox 2500 4729 2740 4795; x_wconf 85' lang='lat' dir='ltr'><strong>inditas;</strong></span> <span class='ocrx_word' id='word_1_845' title='bbox 2783 4729 2929 4800; x_wconf 91' lang='lat' dir='ltr'><strong>quod</strong></span> <span class='ocrx_word' id='word_1_846' title='bbox 2971 4732 3058 4786; x_wconf 89' lang='lat' dir='ltr'><strong>vel</strong></span> <span class='ocrx_word' id='word_1_847' title='bbox 3085 4731 3258 4788; x_wconf 89' lang='lat' dir='ltr'><strong>solum</strong></span> <span class='ocrx_word' id='word_1_848' title='bbox 3304 4733 3373 4788; x_wconf 86' lang='lat' dir='ltr'><strong>ad</strong></span> <span class='ocrx_word' id='word_1_849' title='bbox 3407 4735 3575 4804; x_wconf 62' lang='lat' dir='ltr'><strong>perte</strong></span> 
     </span>
    </p>
   </div>
   <div class='ocr_carea' id='block_1_112' title="bbox 1990 4822 3572 4894">
    <p class='ocr_par' dir='ltr' id='par_1_112' title="bbox 1990 4822 3572 4894">
     <span class='ocr_line' id='line_1_112' title="bbox 1990 4822 3572 4894; baseline -0.002 -13"><span class='ocrx_word' id='word_1_850' title='bbox 1990 4834 2131 4881; x_wconf 85' lang='lat' dir='ltr'><strong>ctam</strong></span> <span class='ocrx_word' id='word_1_851' title='bbox 2160 4823 2277 4893; x_wconf 90' lang='lat' dir='ltr'><strong>ejus</strong></span> <span class='ocrx_word' id='word_1_852' title='bbox 2306 4822 2705 4877; x_wconf 88' lang='lat' dir='ltr'><strong>damnationem</strong></span> <span class='ocrx_word' id='word_1_853' title='bbox 2731 4822 2863 4876; x_wconf 88' lang='lat' dir='ltr'><strong>satis</strong></span> <span class='ocrx_word' id='word_1_854' title='bbox 2885 4831 3018 4887; x_wconf 88' lang='lat' dir='ltr'><strong>erat,</strong></span> <span class='ocrx_word' id='word_1_855' title='bbox 3045 4835 3166 4879; x_wconf 88' lang='lat' dir='ltr'><strong>eum</strong></span> <span class='ocrx_word' id='word_1_856' title='bbox 3191 4839 3219 4877; x_wconf 89' lang='lat' dir='ltr'><strong>a</strong></span> <span class='ocrx_word' id='word_1_857' title='bbox 3243 4838 3572 4894; x_wconf 87' lang='lat' dir='ltr'><strong>paganorum</strong></span> 
     </span>
    </p>
   </div>
   <div class='ocr_carea' id='block_1_113' title="bbox 1991 4913 3577 4986">
    <p class='ocr_par' dir='ltr' id='par_1_113' title="bbox 1991 4913 3577 4986">
     <span class='ocr_line' id='line_1_113' title="bbox 1991 4913 3577 4986; baseline -0.003 -13"><span class='ocrx_word' id='word_1_858' title='bbox 1991 4927 2168 4974; x_wconf 90' lang='lat' dir='ltr'><strong>ortum</strong></span> <span class='ocrx_word' id='word_1_859' title='bbox 2198 4917 2267 4972; x_wconf 93' lang='lat' dir='ltr'><strong>sit</strong></span> <span class='ocrx_word' id='word_1_860' title='bbox 2295 4915 2593 4986; x_wconf 89' lang='lat' dir='ltr'><strong>impietate.</strong></span> <span class='ocrx_word' id='word_1_861' title='bbox 2625 4914 2759 4969; x_wconf 85' lang='lat' dir='ltr'><strong>Cum</strong></span> <span class='ocrx_word' id='word_1_862' title='bbox 2787 4916 2929 4970; x_wconf 87' lang='lat' dir='ltr'><strong>enim</strong></span> <span class='ocrx_word' id='word_1_863' title='bbox 2957 4914 3154 4970; x_wconf 78' lang='lat' dir='ltr'><strong>dixerit</strong></span> <span class='ocrx_word' id='word_1_864' title='bbox 3175 4914 3316 4970; x_wconf 86' lang='lat' dir='ltr'><strong>Deus</strong></span> <span class='ocrx_word' id='word_1_865' title='bbox 3345 4933 3358 4968; x_wconf 91' lang='lat'>:</span> <span class='ocrx_word' id='word_1_866' title='bbox 3390 4913 3577 4968; x_wconf 78' lang='lat' dir='ltr'><strong>Facia-</strong></span> 
     </span>
    </p>
   </div>
   <div class='ocr_carea' id='block_1_114' title="bbox 1991 5006 3575 5078">
    <p class='ocr_par' dir='ltr' id='par_1_114' title="bbox 1991 5006 3575 5078">
     <span class='ocr_line' id='line_1_114' title="bbox 1991 5006 3575 5078; baseline -0.004 -13"><span class='ocrx_word' id='word_1_867' title='bbox 1991 5028 2105 5065; x_wconf 81' lang='lat' dir='ltr'><strong>mus</strong></span> <span class='ocrx_word' id='word_1_868' title='bbox 2129 5010 2383 5064; x_wconf 83' lang='lat' dir='ltr'><strong>hominem</strong></span> <span class='ocrx_word' id='word_1_869' title='bbox 2412 5008 2481 5061; x_wconf 87' lang='lat' dir='ltr'><strong>ad</strong></span> <span class='ocrx_word' id='word_1_870' title='bbox 2509 5007 2788 5078; x_wconf 81' lang='lat' dir='ltr'><strong>imaginem</strong></span> <span class='ocrx_word' id='word_1_871' title='bbox 2829 5015 2880 5060; x_wconf 82' lang='lat' dir='ltr'><strong>et</strong></span> <span class='ocrx_word' id='word_1_872' title='bbox 2917 5006 3313 5064; x_wconf 72' lang='lat' dir='ltr'><strong>similitudinem</strong></span> <span class='ocrx_word' id='word_1_873' title='bbox 3342 5015 3575 5061; x_wconf 80' lang='lat' dir='ltr'><strong>nostram</strong></span> 
     </span>
    </p>
   </div>
   <div class='ocr_carea' id='block_1_115' title="bbox 1995 5097 3572 5172">
    <p class='ocr_par' dir='ltr' id='par_1_115' title="bbox 1995 5097 3572 5172">
     <span class='ocr_line' id='line_1_115' title="bbox 1995 5097 3572 5172; baseline -0.001 -17"><span class='ocrx_word' id='word_1_874' title='bbox 1995 5101 2148 5171; x_wconf 79' lang='lat' dir='ltr'><strong>(Gen.</strong></span> <span class='ocrx_word' id='word_1_875' title='bbox 2181 5099 2220 5172; x_wconf 92' lang='grc' dir='ltr'><strong>ι)</strong></span> <span class='ocrx_word' id='word_1_876' title='bbox 2248 5119 2260 5154; x_wconf 88' lang='lat'><strong>:</strong></span> <span class='ocrx_word' id='word_1_877' title='bbox 2289 5115 2355 5155; x_wconf 90' lang='lat' dir='ltr'><strong>ex</strong></span> <span class='ocrx_word' id='word_1_878' title='bbox 2391 5097 2505 5169; x_wconf 82' lang='lat' dir='ltr'><strong>ejus</strong></span> <span class='ocrx_word' id='word_1_879' title='bbox 2534 5099 2690 5154; x_wconf 90' lang='lat' dir='ltr'><strong>vanis</strong></span> <span class='ocrx_word' id='word_1_880' title='bbox 2715 5098 3054 5154; x_wconf 88' lang='lat' dir='ltr'><strong>sermonibus</strong></span> <span class='ocrx_word' id='word_1_881' title='bbox 3082 5099 3366 5163; x_wconf 81' lang='lat' dir='ltr'><strong>invenitur,</strong></span> <span class='ocrx_word' id='word_1_882' title='bbox 3397 5098 3572 5153; x_wconf 91' lang='lat' dir='ltr'><strong>solum</strong></span> 
     </span>
    </p>
   </div>
   <div class='ocr_carea' id='block_1_116' title="bbox 1995 5189 3574 5265">
    <p class='ocr_par' dir='ltr' id='par_1_116' title="bbox 1995 5189 3574 5265">
     <span class='ocr_line' id='line_1_116' title="bbox 1995 5189 3574 5265; baseline -0.003 -15"><span class='ocrx_word' id='word_1_883' title='bbox 1995 5211 2193 5265; x_wconf 87' lang='lat' dir='ltr'><strong>corpus</strong></span> <span class='ocrx_word' id='word_1_884' title='bbox 2221 5195 2426 5263; x_wconf 89' lang='lat' dir='ltr'><strong>absque</strong></span> <span class='ocrx_word' id='word_1_885' title='bbox 2457 5193 2636 5248; x_wconf 88' lang='lat' dir='ltr'><strong>anima</strong></span> <span class='ocrx_word' id='word_1_886' title='bbox 2671 5191 2738 5247; x_wconf 89' lang='lat' dir='ltr'><strong>ad</strong></span> <span class='ocrx_word' id='word_1_887' title='bbox 2769 5192 3056 5261; x_wconf 89' lang='lat' dir='ltr'><strong>imaginem</strong></span> <span class='ocrx_word' id='word_1_888' title='bbox 3082 5199 3137 5247; x_wconf 91' lang='lat' dir='ltr'><strong>et</strong></span> <span class='ocrx_word' id='word_1_889' title='bbox 3169 5189 3574 5247; x_wconf 87' lang='lat' dir='ltr'><strong>similitudinem</strong></span> 
     </span>
    </p>
   </div>
   <div class='ocr_carea' id='block_1_117' title="bbox 1995 5282 3593 5354">
    <p class='ocr_par' dir='ltr' id='par_1_117' title="bbox 1995 5282 3593 5354">
     <span class='ocr_line' id='line_1_117' title="bbox 1995 5282 3593 5354; baseline -0.003 -12"><span class='ocrx_word' id='word_1_890' title='bbox 1995 5287 2089 5342; x_wconf 92' lang='lat' dir='ltr'><strong>Dei</strong></span> <span class='ocrx_word' id='word_1_891' title='bbox 2119 5286 2316 5342; x_wconf 79' lang='lat' dir='ltr'><strong>factum</strong></span> <span class='ocrx_word' id='word_1_892' title='bbox 2344 5301 2483 5353; x_wconf 91' lang='lat' dir='ltr'><strong>esse,</strong></span> <span class='ocrx_word' id='word_1_893' title='bbox 2533 5286 2578 5340; x_wconf 90' lang='lat' dir='ltr'><strong>si</strong></span> <span class='ocrx_word' id='word_1_894' title='bbox 2607 5286 2828 5340; x_wconf 89' lang='lat' dir='ltr'><strong>omnino</strong></span> <span class='ocrx_word' id='word_1_895' title='bbox 2868 5282 3246 5354; x_wconf 63' lang='lat' dir='ltr'><strong>pratexistebat</strong></span> <span class='ocrx_word' id='word_1_896' title='bbox 3274 5283 3448 5336; x_wconf 89' lang='lat' dir='ltr'><strong>anima</strong></span> <span class='ocrx_word' id='word_1_897' title='bbox 3467 5323 3497 5350; x_wconf 96' lang='lat'><strong>,_</strong></span> <span class='ocrx_word' id='word_1_898' title='bbox 3522 5293 3593 5339; x_wconf 81' lang='lat' dir='ltr'><strong>et.</strong></span> 
     </span>
    </p>
   </div>
   <div class='ocr_carea' id='block_1_118' title="bbox 1995 5373 3592 5448">
    <p class='ocr_par' dir='ltr' id='par_1_118' title="bbox 1995 5373 3592 5448">
     <span class='ocr_line' id='line_1_118' title="bbox 1995 5373 3592 5448; baseline -0.001 -16"><span class='ocrx_word' id='word_1_899' title='bbox 1995 5379 2138 5435; x_wconf 78' lang='lat' dir='ltr'><strong>facto</strong></span> <span class='ocrx_word' id='word_1_900' title='bbox 2168 5393 2420 5448; x_wconf 85' lang='lat' dir='ltr'><strong>corpore,</strong></span> <span class='ocrx_word' id='word_1_901' title='bbox 2453 5377 2506 5432; x_wconf 94' lang='lat' dir='ltr'><strong>in</strong></span> <span class='ocrx_word' id='word_1_902' title='bbox 2538 5376 2591 5432; x_wconf 90' lang='lat' dir='ltr'><strong>id</strong></span> <span class='ocrx_word' id='word_1_903' title='bbox 2619 5376 2816 5446; x_wconf 89' lang='lat' dir='ltr'><strong>injecta</strong></span> <span class='ocrx_word' id='word_1_904' title='bbox 2847 5383 2957 5442; x_wconf 90' lang='lat' dir='ltr'><strong>est,</strong></span> <span class='ocrx_word' id='word_1_905' title='bbox 2991 5381 3083 5428; x_wconf 90' lang='lat' dir='ltr'><strong>aut</strong></span> <span class='ocrx_word' id='word_1_906' title='bbox 3112 5375 3164 5429; x_wconf 91' lang='lat' dir='ltr'><strong>in</strong></span> <span class='ocrx_word' id='word_1_907' title='bbox 3191 5373 3275 5440; x_wconf 90' lang='lat' dir='ltr'><strong>id,</strong></span> <span class='ocrx_word' id='word_1_908' title='bbox 3320 5384 3592 5446; x_wconf 81' lang='lat' dir='ltr'><strong>tanquam.-</strong></span> 
     </span>
    </p>
   </div>
   <div class='ocr_carea' id='block_1_119' title="bbox 1995 5465 3576 5538">
    <p class='ocr_par' dir='ltr' id='par_1_119' title="bbox 1995 5465 3576 5538">
     <span class='ocr_line' id='line_1_119' title="bbox 1995 5465 3576 5538; baseline 0 -16"><span class='ocrx_word' id='word_1_909' title='bbox 1995 5468 2046 5522; x_wconf 92' lang='lat' dir='ltr'><strong>in</strong></span> <span class='ocrx_word' id='word_1_910' title='bbox 2073 5483 2170 5522; x_wconf 88' lang='lat' dir='ltr'><strong>vas</strong></span> <span class='ocrx_word' id='word_1_911' title='bbox 2195 5467 2451 5523; x_wconf 89' lang='lat' dir='ltr'><strong>immissa.</strong></span> <span class='ocrx_word' id='word_1_912' title='bbox 2483 5466 2561 5522; x_wconf 84' lang='lat' dir='ltr'><strong>Ac</strong></span> <span class='ocrx_word' id='word_1_913' title='bbox 2578 5481 2795 5520; x_wconf 89' lang='lat' dir='ltr'><strong>necesse</strong></span> <span class='ocrx_word' id='word_1_914' title='bbox 2816 5465 2918 5520; x_wconf 83' lang='lat' dir='ltr'><strong>erit</strong></span> <span class='ocrx_word' id='word_1_915' title='bbox 2937 5465 3158 5521; x_wconf 91' lang='lat' dir='ltr'><strong>omnino</strong></span> <span class='ocrx_word' id='word_1_916' title='bbox 3179 5465 3380 5533; x_wconf 88' lang='lat' dir='ltr'><strong>dicere,</strong></span> <span class='ocrx_word' id='word_1_917' title='bbox 3404 5467 3576 5538; x_wconf 88' lang='lat' dir='ltr'><strong>ipsum</strong></span> 
     </span>
    </p>
   </div>
   <div class='ocr_carea' id='block_1_120' title="bbox 1995 5559 3576 5630">
    <p class='ocr_par' dir='ltr' id='par_1_120' title="bbox 1995 5559 3576 5630">
     <span class='ocr_line' id='line_1_120' title="bbox 1995 5559 3576 5630; baseline -0.001 -14"><span class='ocrx_word' id='word_1_918' title='bbox 1995 5559 2164 5616; x_wconf 90' lang='lat' dir='ltr'><strong>Deum</strong></span> <span class='ocrx_word' id='word_1_919' title='bbox 2216 5560 2465 5630; x_wconf 82' lang='lat' dir='ltr'><strong>opiﬁcem</strong></span> <span class='ocrx_word' id='word_1_920' title='bbox 2493 5559 2744 5624; x_wconf 90' lang='lat' dir='ltr'><strong>hominis,</strong></span> <span class='ocrx_word' id='word_1_921' title='bbox 2793 5573 2990 5629; x_wconf 87' lang='lat' dir='ltr'><strong>corpus</strong></span> <span class='ocrx_word' id='word_1_922' title='bbox 3038 5573 3179 5626; x_wconf 84' lang='lat' dir='ltr'><strong>esse,</strong></span> <span class='ocrx_word' id='word_1_923' title='bbox 3232 5567 3290 5614; x_wconf 92' lang='lat' dir='ltr'><strong>ut</strong></span> <span class='ocrx_word' id='word_1_924' title='bbox 3318 5566 3446 5629; x_wconf 91' lang='lat' dir='ltr'><strong>pote</strong></span> <span class='ocrx_word' id='word_1_925' title='bbox 3486 5559 3576 5630; x_wconf 89' lang='lat' dir='ltr'><strong>qui</strong></span> 
     </span>
    </p>
   </div>
   <div class='ocr_carea' id='block_1_121' title="bbox 1995 5649 3572 5723">
    <p class='ocr_par' dir='ltr' id='par_1_121' title="bbox 1995 5649 3572 5723">
     <span class='ocr_line' id='line_1_121' title="bbox 1995 5649 3572 5723; baseline -0.001 -15"><span class='ocrx_word' id='word_1_926' title='bbox 1995 5667 2194 5723; x_wconf 84' lang='lat' dir='ltr'><strong>corpus</strong></span> <span class='ocrx_word' id='word_1_927' title='bbox 2223 5652 2288 5706; x_wconf 89' lang='lat' dir='ltr'><strong>ad</strong></span> <span class='ocrx_word' id='word_1_928' title='bbox 2315 5653 2596 5721; x_wconf 87' lang='lat' dir='ltr'><strong>imaginem</strong></span> <span class='ocrx_word' id='word_1_929' title='bbox 2628 5661 2683 5706; x_wconf 89' lang='lat' dir='ltr'><strong>et</strong></span> <span class='ocrx_word' id='word_1_930' title='bbox 2725 5652 3130 5707; x_wconf 88' lang='lat' dir='ltr'><strong>similitudinem</strong></span> <span class='ocrx_word' id='word_1_931' title='bbox 3174 5668 3325 5707; x_wconf 87' lang='lat' dir='ltr'><strong>suam</strong></span> <span class='ocrx_word' id='word_1_932' title='bbox 3369 5649 3572 5707; x_wconf 80' lang='lat' dir='ltr'><strong>fecerit.</strong></span> 
     </span>
    </p>
   </div>
   <div class='ocr_carea' id='block_1_122' title="bbox 1995 5743 3579 5816">
    <p class='ocr_par' dir='ltr' id='par_1_122' title="bbox 1995 5743 3579 5816">
     <span class='ocr_line' id='line_1_122' title="bbox 1995 5743 3579 5816; baseline 0 -17"><span class='ocrx_word' id='word_1_933' title='bbox 1995 5743 2276 5811; x_wconf 85' lang='lat' dir='ltr'><strong>Quomodo</strong></span> <span class='ocrx_word' id='word_1_934' title='bbox 2307 5755 2486 5799; x_wconf 89' lang='lat' dir='ltr'><strong>autem</strong></span> <span class='ocrx_word' id='word_1_935' title='bbox 2517 5759 2733 5814; x_wconf 90' lang='lat' dir='ltr'><strong>corpus,</strong></span> <span class='ocrx_word' id='word_1_936' title='bbox 2761 5745 2938 5813; x_wconf 88' lang='lat' dir='ltr'><strong>imago</strong></span> <span class='ocrx_word' id='word_1_937' title='bbox 2975 5745 3280 5816; x_wconf 90' lang='lat' dir='ltr'><strong>incorporei</strong></span> <span class='ocrx_word' id='word_1_938' title='bbox 3308 5760 3425 5800; x_wconf 80' lang='lat' dir='ltr'><strong>esse</strong></span> <span class='ocrx_word' id='word_1_939' title='bbox 3454 5760 3579 5814; x_wconf 87' lang='lat' dir='ltr'><strong>pos-</strong></span> 
     </span>
    </p>
   </div>
   <div class='ocr_carea' id='block_1_123' title="bbox 1995 5831 3573 5903">
    <p class='ocr_par' dir='ltr' id='par_1_123' title="bbox 1995 5831 3573 5903">
     <span class='ocr_line' id='line_1_123' title="bbox 1995 5831 3573 5903; baseline -0.004 -11"><span class='ocrx_word' id='word_1_940' title='bbox 1995 5836 2110 5892; x_wconf 85' lang='lat' dir='ltr'><strong>sit?</strong></span> <span class='ocrx_word' id='word_1_941' title='bbox 2157 5833 2519 5901; x_wconf 79' lang='lat' dir='ltr'><strong>Quamobrcm</strong></span> <span class='ocrx_word' id='word_1_942' title='bbox 2549 5833 2705 5903; x_wconf 78' lang='lat' dir='ltr'><strong>absit,</strong></span> <span class='ocrx_word' id='word_1_943' title='bbox 2752 5842 2808 5889; x_wconf 90' lang='lat' dir='ltr'><strong>ut</strong></span> <span class='ocrx_word' id='word_1_944' title='bbox 2835 5833 2915 5890; x_wconf 80' lang='lat' dir='ltr'><strong>liis</strong></span> <span class='ocrx_word' id='word_1_945' title='bbox 2945 5831 3233 5891; x_wconf 84' lang='lat' dir='ltr'><strong>Christiani</strong></span> <span class='ocrx_word' id='word_1_946' title='bbox 3279 5833 3573 5888; x_wconf 74' lang='lat' dir='ltr'><strong>assentien-</strong></span> 
     </span>
    </p>
   </div>
  </div>
