4032 6190
458 289 566 347 183
1203 325 1236 358 \

1853 282 2047 342 τισιιι
2057 285 2137 341 US
2175 282 2374 341 ΡΑΡΑ.

3646 292 3745 350 I88

454 408 602 462 εἰκών
638 398 764 459 εἶναι
810 410 902 460 τοῦ
947 399 1223 474 ἀσωμάτου
1271 400 1328 455 τὸ
1378 405 1568 471 σῶμα;
1621 397 1700 455 διὸ
1745 405 1814 472 μὴ
1860 400 2050 472 γένοιτο

2156 404 2261 452 tur.
2307 396 2365 452 Si
2411 412 2562 464 vero,
2588 396 2742 467 juxta
2784 396 3028 470 Origenis
3073 400 3462 473 blasphemiam
3485 447 3505 478 ,
3547 407 3740 466 anima:

455 499 658 558 τούτοις
701 497 1037 572 Χριστιανοὺς
1083 492 1379 549 συνθέσθαι.
1428 493 1490 545 Ei
1529 489 1584 546 δέ
1623 495 1757 549 κατά
1795 495 1884 550 τῆν
1921 502 2057 568 Ὠρι-

459 591 628 660 γένους
665 588 986 660 βλασφημίαν
1027 593 1378 660 προϋπῆρχον
1421 585 1475 640 αἱ
1511 583 1710 656 ψυχαί,
1738 588 1826 639 καί
1868 582 1955 639 διά
1997 585 2056 639 τό

455 682 756 758 ἀμαρτῆσαι
798 681 963 738 αὐτάς
1007 679 1256 753 τιμωρίας
1283 677 1441 750 χάριν
1467 678 1541 737 εἰς
1567 677 1634 731 τά
1662 678 1882 748 σώματα
1909 695 2057 732 κατε-

453 774 866 848 πέμφθησαν,ἶνα
886 769 1233 827 παιδιυθιῖσαι
1259 773 1680 843 σωφρονήσωσιν,
1705 769 1868 857 ἐχ-ρῆν
1893 769 2057 828 αὐτάς

455 867 633 938 μηκέτι
661 863 988 939 ἁμαρτάνειν·
1015 866 1061 917 εἰ
1079 865 1180 938 γάρ
1208 862 1338 938 πρὸς
1359 861 1559 917 κόλασιν
1581 869 1644 935 τῇ
1672 858 1826 932 ψυχῇ
1848 857 1934 915 διά
1959 864 2053 919 τήν

453 959 713 1034 ἁμαρτίαν
741 955 881 1015 ἐδόθη
909 956 966 1012 1'6
1009 963 1184 1024 σῶμα,
1221 957 1357 1010 ὥστε
1400 955 1557 1013 αὐτὴν
1594 951 1906 1022 ὀδυνωμένην
1931 975 2053 1008 παι-

455 1049 691 1110 δευθῆναι
718 1050 846 1124 πρὸς
868 1049 927 1103 1'6
955 1051 1106 1117 τιμᾷν
1133 1048 1220 1102 τόν
1242 1047 1385 1110 Θεὸν,
1408 1052 1520 1107 πῶς
1547 1051 1787 1120 συνεργεῖ
1815 1047 1902 1099 καί
1930 1065 2050 1100 συν·

453 1145 750 1215 ἀγωνίζεται
790 1143 919 1214 αὐτῇ
962 1142 1021 1195 τὸ
1061 1147 1214 1213 σῶμα
1251 1141 1381 1214 πρὸς
1421 1141 1478 1194 τὸ
1523 1136 1910 1214 ἁμαρτάνειν,ὃ
1945 1146 2055 1199 τοῖς

452 1235 802 1307 κολαζομένοις
843 1236 1036 1306 γίνεται
1081 1230 1185 1304 [ἵσ.
1213 1233 1271 1288 οὐ
1305 1225 1764 1304 γίνεται];Δεσμοί
1804 1231 1927 1306 γάρ,
1975 1232 2056 1285 καί

453 1325 695 1398 φυλακαί,
738 1327 822 1378 καί
864 1322 1045 1386 πέδαι,
1096 1326 1178 1376 καί
1207 1320 1470 1394 συντόμως
1510 1324 1698 1386 εἰπεῖν,
1728 1321 1798 1380 τᾶ
1840 1327 2055 1376 τοιαῦτα

458 1417 690 1489 ἐφεκτικοὶ
727 1422 818 1470 τοῦ
868 1413 1083 1478 ἀδικεῖν,
1115 1417 1201 1468 καὶ
1233 1419 1320 1468 τοῦ
1359 1411 1668 1487 ἁμαρτάνειν
1707 1418 1835 1483 τοῖςχ
1857 1411 2057 1475 κολαζο-

454 1513 616 1579 μένοις
639 1510 880 1582 γίνονται.
907 1509 977 1562 Οὖ
995 1509 1096 1580 γάρ
1123 1504 1264 1567 ὅπως
1283 1505 1306 1560 6
1323 1505 1632 1580 ἁμαρτήσας
1655 1505 1803 1559 πλέον
1825 1504 2052 1580 ἁμάρτῃ,

452 1603 696 1676 συνεργός
744 1603 886 1672 αὐτῷ
928 1600 1060 1674 πρὸς
1104 1603 1195 1657 τὴν
1239 1597 1492 1672 ἁμαρτίαν
1536 1596 1564 1651 ό
1601 1595 1791 1667 δεσμὸς
1835 1594 2051 1662 δίδοται,

454 1692 558 1748 ἀλλ’
584 1691 726 1752 ὅπως
771 1692 1041 1748 παύσηται
1086 1697 1174 1744 τοῦ
1219 1688 1526 1762 ἁμαρτάνειν
1572 1685 1656 1742 διὰ
1707 1693 1807 1740 τῶν
1854 1684 2056 1757 δεσμῶν

2156 487 2590 558 ρτωθιίειοδοηι,
2633 502 2696 545 ac
2724 488 2780 543 in
2816 504 3034 560 patrnam
3061 500 3409 562 peccatorum
3437 511 3657 553 suorum
3686 500 3742 556 in

2155 592 2389 649 corpora
2413 577 2660 634 demissa:
2700 589 2846 649 sunt,
2896 589 2956 637 ut
2998 582 3294 639 emendatae
3337 587 3742 658 resipiscerent,

2156 683 2251 726 eas
2299 670 2587 740 oportebat
2613 671 2844 742 amplius
2883 688 2993 728 non
3027 689 3271 744 peccare.
3315 676 3449 732 Nam
3477 680 3522 733 si
3549 695 3748 752 corpus

2155 761 2340 816 datum
2380 768 2466 818 est
2494 762 2687 818 animae
2726 763 2780 818 in
2809 764 3129 834 supplicium
3159 775 3381 837 propter
3409 779 3652 838 peccata,
3685 781 3746 826 ut

2154 853 2436 910 doloribus
2477 855 2860 912 emendaretur
2909 857 2978 912 ad
3028 858 3493 916 bonoriticandum
3544 861 3737 931 Deum,

2155 943 2429 1012 quomodo
2453 959 2651 1015 corpus
2676 960 2798 1000 eam
2829 945 3050 1017 adjuvat
3075 955 3132 1004 et
3177 950 3499 1007 corroborat
3520 952 3588 1007 ad
3613 971 3745 1024 pec-

2154 1033 2412 1101 candum,
2441 1035 2587 1106 quod
2615 1035 2683 1092 iis
2709 1037 2800 1106 qui
2824 1052 2983 1107 pugna
3009 1037 3335 1106 afﬁciuntur,
3369 1057 3478 1098 non
3517 1046 3699 1100 evenit
3720 1048 3747 1102 ἲ

2154 1123 2379 1180 Vincula
2411 1127 2576 1194 enim,
2618 1142 2886 1196 carceres,
2931 1132 3242 1202 compedes,
3273 1148 3357 1202 ac,
3407 1143 3468 1190 ut
3504 1136 3746 1194 breviter

2154 1213 2353 1283 dicam,
2401 1219 2586 1283 omnia
2613 1221 2901 1288 ejusmodi,
2946 1222 3256 1294 iniquitates
3283 1233 3340 1281 et
3381 1237 3602 1297 peccata
3644 1245 3744 1285 eo-

2155 1321 2275 1360 rum
2320 1308 2595 1376 cohibent,
2651 1311 2744 1380 qui
2786 1310 2899 1381 jam
2929 1329 3119 1383 poenas
3165 1315 3340 1370 luunt.
3381 1317 3494 1373 Nec
3535 1328 3594 1373 ut
3642 1322 3738 1390 qui

2160 1398 2418 1467 peccarit,
2463 1400 2695 1470 amplius
2735 1411 2956 1472 peccet,
3007 1404 3216 1460 vincula
3247 1406 3299 1461 ei
3328 1407 3595 1464 adduntur
3621 1424 3746 1478 qua:

2157 1487 2222 1542 ad
2244 1489 2575 1559 peccandum
2601 1491 2894 1560 adjuvent;
2923 1493 3022 1550 sed
3052 1503 3111 1549 ut
3139 1496 3472 1553 vinculorum
3499 1500 3747 1556 cruciatu

2158 1595 2389 1650 peccare
2417 1581 2660 1639 desistat.
2695 1581 2874 1650 Quare
2904 1587 3249 1656 perspicuum
3277 1598 3380 1654 est,
3419 1606 3524 1646 non
3553 1592 3620 1647 ad
3649 1573 3742 1648 su-

2161 1671 2430 1739 periorum
2454 1682 2799 1741 peccatorum
2822 1674 3250 1742 castigationem,
3274 1687 3331 1732 ut
3356 1679 3430 1734 illi
3455 1691 3741 1750 negantur,

453 1785 872 1855 βασανιζόμενος.
901 1778 1146 1858 Πρόδηλον
1175 1782 1363 1841 τοίνυν,
1397 1775 1480 1832 ὅτι
1503 1778 1562 1830 οὗ
1591 1775 1676 1831 διά
1703 1776 2053 1850 σωφρονισμόν

2158 1761 2478 1830 corporibus
2505 1762 2770 1818 immissas
2817 1778 2937 1820 esse
2969 1766 3216 1832 animas;
3260 1768 3355 1823 sed
3381 1771 3538 1826 simul
3569 1771 3742 1828 Deum

453 1876 822 1951 προλαϐουσῶν
847 1873 1106 1950 ἁμαρτιῶν
1130 1879 1234 1933 τοῖς
1261 1874 1493 1941 σώμασιν
1516 1869 1847 1928 ἐνεϐλήθησαν
1872 1870 1924 1924 αἱ
1950 1868 2053 1939 ψυ-

456 1971 559 2040 χαί
583 1971 712 2023 κατὰ
740 1971 862 2027 τοὺς
891 1968 1085 2021 ἐκείνων
1110 1967 1316 2034 λήρους,
1349 1965 1474 2018 ἀλλά
1504 1966 1633 2018 κντά
1660 1965 1846 2018 ταυτὸν
1877 1962 1901 2017 6
1929 1963 2053 2023 Θεὸς

454 2061 512 2114 1'6
534 2081 588 2116 τε
616 2066 785 2132 σῶμν,
803 2063 893 2118 τήν
915 2079 968 2114 τε
991 2058 1193 2130 ψυχήν,
1217 2059 1458 2113 τουτέστι
1479 2058 1664 2112 τέλειον
1692 2057 1776 2113 τόν
1802 2055 2054 2134 ἄνθρωπον

454 2150 873 2227 έδημιούργησεν.
898 2150 1040 2206 Ὀθεν
1065 2158 1167 2210 τῷν
1193 2149 1278 2206 διά
1307 2155 1399 2205 τοῦ
1425 2152 1667 2217 σώματος
1690 2151 1806 2220 ἡμῖν
1830 2170 2055 2226 πεπραγ-

455 2246 633 2316 μένων,
664 2242 761 2299 εἴτε
791 2246 1023 2314 ἀγαθῶν,
1055 2240 1153 2297 εἴτε
1181 2241 1402 2312 φαύλων,
1433 2245 1521 2299 τῆν
1561 2238 1901 2295 ἀνταπόδοσιν
1929 2241 2052 2294 ἀνα-

456 2337 686 2404 μένομεν.
715 2339 875 2388 Τοῦτο
913 2333 1010 2408 γάρ
1056 2334 1178 2403 ἡμῖν
1222 2329 1571 2408 παραδίδωσιν
1607 2333 1690 2384 καί
1715 2329 1740 2384 6
1767 2330 1896 2390 θεῖος
1920 2330 2052 2384 ἀπό-

455 2425 637 2484 στολος
679 2424 888 2487 Παῦλος,
919 2423 1104 2494 λέγων·
1139 2438 1160 2473 t
1181 2419 1299 2476 Ὀτι
1331 2422 1526 2481 πάντας
1553 2423 1688 2491 ἡμᾶς
1711 2421 2053 2496 φανερωθῆναι

457 2517 539 2574 δεῖ
560 2517 850 2592 ἔμπροσθεν
876 2522 965 2572 τοῦ
997 2516 1226 2587 βήματος
1260 2521 1345 2569 τοῦ
1384 2519 1629 2589 Χριστοῦ,
1656 2515 1740 2568 ἶνα
1783 2515 2054 2582 κομίσηται

459 2611 678 2670 ἕκαστος
702 2611 768 2665 τά
797 2607 882 2664 διά
904 2613 998 2663 τοῦ
1027 2609 1269 2677 σώματος
1314 2607 1446 2680 πρὸς
1469 2605 1502 2659 ἃ
1523 2604 1765 2680 ἔπραξεν,
1797 2603 1898 2660 εἴτε
1926 2605 2053 2677 ἀγα-

459 2703 562 2765 θὸν,
581 2700 678 2757 εἴτε
696 2702 900 2773 φαῦλον.
913 2702 1222 2778 »Προσέχειν
1240 2703 1403 2754 τοίνυν
1423 2697 1502 2754 δεῖ
1513 2707 1621 2758 τοῖς
1641 2705 1734 2753 τοῦ
1743 2697 2051 2755 ’Δποστόλου

459 2795 694 2866 ῥήμασιν,
723 2790 803 2848 ὅτι
831 2792 921 2846 οὐκ
948 2787 1057 2847 εἶπε
1083 2791 1370 2863 κομίζεσθαι
1389 2787 1491 2844 δεῖν
1511 2791 1597 2845 τὶν
1617 2790 1901 2864 κρινόμενον
1920 2789 2052 2863 πρὸς

461 2883 495 2938 ἃ
525 2881 718 2957 ἔπραξε
740 2883 843 2958 πρὸ
869 2887 960 2938 τοῦ
983 2883 1242 2952 σώματος.
1263 2883 1320 2936 Ei
1347 2879 1399 2935 δὲ
1425 2881 1509 2936 ἐπὶ
1531 2880 1699 2952 μόνοις
1723 2888 1830 2940 τοῖς
1857 2877 1940 2935 διά
1959 2887 2051 2934 τοῦ

463 2977 702 3045 σώματος
738 2965 998 3038 κολάζεται
1039 2970 1304 3046 ἅνθρωπος
1348 2973 1494 3048 παρά
1537 2977 1630 3027 τοῦ
1665 2974 1921 3046 κρίνοντος
1961 2975 2053 3030 τῆν

462 3072 586 3138 γῆν.
626 3063 656 3123 ῆ
697 3074 786 3126 τῆς
828 3063 1043 3124 δεούσης
1081 3065 1308 3128 ἀξιοῦται
1345 3071 1524 3132 τιμῆς,
1553 3065 1720 3133 μνήμη
1757 3060 1810 3117 δὲ
1847 3059 2054 3131 οὐδεμία

2156 1864 2212 1911 et
2237 1871 2434 1926 corpus
2477 1866 2533 1912 et
2571 1856 2826 1924 animam,
2863 1857 2925 1927 id
2965 1872 3068 1923 est,
3120 1859 3414 1930 perfectum
3444 1864 3750 1932 hominem,

2155 1949 2474 2007 fabricatum
2503 1966 2644 2008 esse.
2673 1952 2860 2021 Itaque
2889 1967 3078 2007 eorum
3105 1968 3226 2022 qum
3252 1968 3350 2022 per
3370 1969 3566 2026 corpus
3589 1973 3616 2010 a
3641 1971 3743 2012 no-

2154 2039 2237 2096 bis
2263 2049 2412 2111 gesta
2440 2051 2584 2108 sunt,
2613 2043 2726 2098 sive
2747 2043 3034 2109 bonorum,
3057 2043 3172 2101 sive
3199 2045 3481 2112 malorum,
3511 2048 3743 2104 retribu-

2153 2132 2359 2189 tionem
2385 2143 2796 2204 exspectamus;
2829 2135 2933 2192 hoc
2960 2135 3106 2192 enim
3129 2137 3285 2194 nobis
3315 2139 3482 2193 tradit
3518 2150 3574 2195 et
3602 2141 3741 2196 divi-

2156 2240 2258 2279 nus
2287 2225 2565 2294 apostolus
2594 2223 2796 2280 Paulus
2833 2225 3018 2281 dicens
3042 2244 3055 2279 :
3109 2223 3302 2284 Omnes
3330 2231 3468 2284 enim
3496 2248 3590 2285 nos
3619 2249 3742 2286 ma-

2155 2317 2397 2388 nifestari
2416 2325 2613 2386 oportet
2635 2326 2755 2371 ante
2775 2317 3003 2372 tribunal
3027 2317 3239 2383 Christi,
3275 2330 3332 2373 ut
3360 2324 3550 2392 referat
3575 2340 3746 2376 uitus-

2154 2408 2365 2480 quisque
2411 2424 2472 2460 ea
2496 2423 2611 2478 quae
2637 2423 2728 2476 per
2774 2423 2959 2478 corpus
3004 2418 3156 2478 prout
3185 2411 3344 2480 gessit
3387 2412 3491 2465 sive
3524 2417 3740 2478 bonum,

2153 2500 2259 2554 sive
2291 2497 2584 2572 malum(ll
2597 2497 2723 2554 Cor.
2738 2504 2814 2569 v).
2855 2497 3191 2554 Attendenda
3215 2515 3344 2569 ergo
3365 2509 3489 2556 sunt
3507 2504 3746 2572 apostoli

2155 2591 2362 2656 verba;
2414 2605 2522 2660 nec.
2543 2591 2687 2645 enim
2716 2591 2871 2657 dixit,
2918 2600 3174 2661 oportere
3219 2594 3464 2663 recipere
3493 2610 3614 2650 eum
3643 2598 3745 2666 qui

2149 2682 2440 2753 judicatur,
2493 2690 2652 2752 prout
2696 2683 2864 2751 gessit
2893 2690 3019 2738 ante
3046 2698 3262 2754 corpus.
3310 2685 3367 2740 Si
3413 2702 3542 2741 vero
3576 2688 3646 2741 ob
3670 2704 3744 2742 ea

2154 2774 2268 2830 sola
2296 2789 2414 2844 quae
2443 2790 2541 2845 per
2567 2789 2764 2845 corpus
2791 2775 2955 2830 homo
2984 2777 3164 2844 gessit,
3216 2776 3285 2832 ab
3321 2792 3388 2832 eo
3416 2779 3506 2846 qui
3537 2788 3744 2835 terram

2148 2867 2374 2938 iudicat,
2406 2869 2490 2924 vel
2519 2883 2678 2938 pmna
2702 2867 2951 2934 abicitur,
2981 2874 3065 2924 vel
3101 2870 3294 2926 merito
3325 2873 3579 2940 praamio;
3612 2873 3741 2928 nul-

2153 2958 2314 3031 laque
2376 2958 2580 3034 mentio
2629 2957 2722 3014 ﬁat
2769 2967 2896 3014 ante
2940 2959 3294 3015 admissorum
3343 2971 3740 3030 peccatorum:

2152 3052 2493 3124 perspicuum
2522 3059 2629 3120 est,
2676 3051 2884 3108 animas
2911 3060 3039 3108 ante
3067 3068 3296 3124 corpora
3344 3070 3450 3110 non
3492 3070 3630 3110 esse.
3676 3055 3739 3109 Si

461 3158 872 3234 προγενεστέρων
911 3156 1323 3230 ἁμαρτημάτων,
1361 3152 1507 3213 δῆλον
1551 3152 1635 3210 ὅτι
1675 3155 1731 3209 οὗ
1773 3156 2048 3233 προϋπάρ-

2155 3149 2297 3204 enim
2343 3148 2771 3218 praeexisterent,
2817 3146 3043 3202 dixisset
3080 3146 3389 3217 Aposwlus,
3440 3156 3587 3217 gesta
3620 3159 3739 3202 tum

463 3271 627 3321 χουσι
652 3259 752 3306 τῶν
773 3251 1026 3321 σωμάτων
1043 3249 1096 3304 αἱ
1115 3248 1313 3318 ψυχαί·
1341 3251 1385 3303 εί
1406 3251 1502 3322 γάρ
1526 3255 1887 3325 προϋπῆρχον,
1915 3245 2052 3305 εἶπεν

463 3337 525 3393 ἀν
553 3341 926 3405 ό’Λπόστολος,
956 3342 1135 3415 ὥσπερ
1176 3341 1244 3395 τά
1273 3337 1357 3394 διά
1387 3345 1477 3393 τοῦ
1522 3343 1786 3409 σώματος,
1806 3339 1942 3395 οὕτω
1971 3343 2056 3395 καί

464 3433 531 3486 τά
566 3434 666 3506 πρὸ
701 3439 793 3487 τοῦ
831 3433 1088 3504 σώματος.
1122 3427 1240 3485 Ὀτι
1266 3428 1319 3486 δέ
1350 3430 1402 3484 αἱ
1434 3436 1534 3484 τῶν
1571 3431 1846 3504 ἀνθρώπων
1878 3430 2055 3501 ψυχαί

463 3527 633 3598 νοεραί
669 3545 745 3588 τε,
769 3526 851 3578 καί
897 3523 1092 3595 λογικαί
1131 3523 1479 3595 τυγχάνουσι,
1505 3530 1604 3578 τῶν
1648 3521 2055 3597 ὁμολογουμένων

463 3615 621 3668 ἐστίν’
646 3611 786 3688 ὅπερ
814 3612 924 3669 οὐδέ
953 3617 1072 3674 τοὺς
1109 3614 1396 3688 Ὦριγένους
1439 3615 1886 3683 ἀντιποιουμένους
1911 3619 2053 3686 νομί-

463 3707 608 3777 ζομεν
647 3706 1004 3780 ἀπαρνεῖσθαι.
1052 3706 1360 3760 Εἰπάτωσαν
1400 3708 1567 3759 τοίνυν
1591 3705 1636 3758 οἷ
1664 3707 1730 3759 τά
1770 3709 2056 3781 Ὢριγένους

462 3805 786 3876 φρονίιῦντες⁶
829 3799 882 3852 αἱ
910 3796 1088 3868 ψυχαί
1119 3798 1309 3856 αὐτῶν.
1342 3793 1442 3868 εἴγε
1482 3793 1586 3869 ἄρα
1628 3799 1785 3857 καθώς
1823 3796 2054 3869 λέγουσι,

463 3899 809 3966 "Pola-“ﬂexo,
836 3898 938 3944 τῶν
969 3890 1243 3967 σωμάτων,
1275 3891 1391 3967 πρὶν
1412 3889 1442 3948 ῆ
1471 3889 1520 3943 έν
1545 3898 1658 3951 τοῖς
1685 3893 1922 3960 σώμασιν
1946 3897 2056 3947 εἰσ-

462 3983 666 4037 έλθωσιν
692 4023 706 4042 ,
748 3983 797 4035 ἐν
841 3984 965 4055 ποίᾳ
1021 3983 1158 4046 τάξει
1195 3981 1469 4055 ὑπῆρχον,
1508 3982 1538 4040 ῆ
1572 3983 1624 4037 τί
1663 3979 2052 4057 διεπράττοντο;

462 4073 626 4144 ἐχρῆν
652 4071 755 4146 γάρ
785 4073 943 4131 αὐτάς
969 4069 1149 4126 εἰδέναι
1173 4079 1274 4126 ποῦ
1298 4069 1448 4134 ἦσαν,
1480 4073 1524 4126 εί
1549 4080 1809 4147 προῆσαν,
1835 4077 1919 4127 καί
1943 4081 2057 4134 πῶς

462 4160 678 4218 ἐνταῦθα
707 4164 1058 4238 παρεγένοντο.
1091 4167 1151 4217 Εἰ
1180 4161 1233 4218 δὲ
1260 4169 1414 4219 τοῦτο
1444 4165 1620 4225 αὐτοῖς
1650 4165 1917 4238 ἀμήχανόν
1941 4164 2058 4223 ἐστι

461 4253 643 4326 λέγειν,
671 4259 739 4317 ὡς
785 4264 878 4316 τῆς
919 4256 1153 4316 ἀληθείας
1195 4260 1264 4327 μῆ
1300 4254 1480 4320 οὔσης,
1505 4254 1654 4315 δῆλον
1691 4255 1774 4313 ὅτι
1813 4261 1962 4331 μῦθοι
1991 4263 2057 4316 τά

461 4347 774 4410 κατάὐτούς
802 4350 1155 4420 ὑπάρχουσιν.
1189 4345 1342 4410 Ἴσως
1371 4347 1426 4412 δέ
1455 4350 1678 4424 ἐροῦσιν,
1715 4348 1798 4405 ὅτι
1839 4352 1969 4420 μετὰ
1997 4353 2056 4408 1'6

461 4439 698 4496 εἰσελθεῖν
738 4442 831 4501 τάς
859 4439 1041 4511 ψυχάς
1067 4440 1115 4494 ἓν
1143 4446 1251 4502 τοῖς
1278 4441 1506 4510 σώμασι,
1533 4439 1645 4494 τότε
1673 4437 1916 4496 δύνανται
1943 4440 2058 4497 δια-

465 4535 650 4606 κρίνειν
682 4555 760 4599 τι,
794 4536 872 4588 καί
899 4535 1163 4606 γινώσκειν
1191 4533 1256 4586 τά
1283 4531 1608 4605 πραττόμενα
1649 4531 1775 4608 παρ’
1795 4534 1986 4588 αὐτῶν
2011 4536 2054 4588 εἰ

463 4623 520 4680 δέ
543 4631 694 4680 τοῦτο
719 4621 949 4690 εἴπωσιν,
984 4625 1273 4697 εὑρίσκεται
1309 4623 1367 4677 1'6
1395 4629 1544 4692 σῶμα
1573 4623 1701 4677 κατά
1727 4625 1848 4684 τοὺς
1885 4625 2053 4679 αὐτῶν

462 4721 709 4789 ματαίους
729 4717 910 4787 λόγους
931 4719 1228 4791 τιμιὼτερον
1253 4724 1344 4778 τῆς
1370 4715 1574 4786 ψυχῆς,
1607 4711 1689 4769 οἷα
1711 4717 2052 4788 χαριζόμενον

461 4813 589 4880 αὐτῇ
623 4808 681 4863 τό
715 4804 894 4882 νοεράν
917 4825 994 4869 τε,
1026 4805 1322 4877 καὶλογικῆν
1361 4805 1606 4876 γενέσθαι’
1641 4804 1764 4858 ἀλλὰ
1803 4805 1860 4860 τὸ
1892 4805 2050 4876 λέγειν

441 4905 610 4962 ,τοῦτο
638 4896 814 4959 πίσης
842 4897 978 4953 ἐστίν
1006 4896 1202 4960 ἀνοίας,
1235 4899 1321 4949 καὶ
1351 4896 1569 4955 ἀτοπίας
1593 4895 1796 4965 μεστόν.
1831 4899 1972 4951 Διατί
1997 4895 2052 4952 δέ

461 4989 614 5059 ὅλως,
644 4989 787 5064 εἴπερ
815 4992 884 5051 ὡς
910 4989 1117 5060 λέγουσι
1153 4994 1494 5063 προϋπῆρχεν
1516 4988 1547 5045 ἡ
1575 4985 1752 5058 ψυχὴ,
1783 4987 2052 5060 μαθήσεώς

458 5106 616 5154 τινος,
663 5084 694 5145 ῆ
738 5081 963 5154 διδαχῆς
1004 5079 1174 5138 δέεται
1201 5082 1254 5136 έν
1279 5088 1352 5150 τῷ
1379 5083 1583 5152 σώματι
1627 5083 1885 5153 γενομένη,
1917 5085 2050 5139 κατά

462 5177 639 5246 μικρὸν
681 5177 1016 5249 είσαγομένη,
1053 5177 1139 5228 καὶ
1180 5172 1546 5248 προκόπτουσα
1574 5175 1646 5233 εἷς
1672 5175 1740 5228 τά
1767 5174 1969 5244 μείζονά
1995 5196 2049 5230 τε

456 5269 542 5321 καί
565 5267 872 5341 τιλειότερας
901 5269 957 5321 Ei
983 5267 1083 5341 γάρ
1123 5273 1305 5339 προῆν,
1333 5266 1417 5318 καί
1445 5265 1712 5336 ἐγίνωσκεν
1743 5259 1802 5316 ἀν
1829 5265 1892 5318 τά
1919 5285 2054 5334 συμ-

458 5359 671 5428 φέροντα
717 5358 967 5428 μηδεμιᾶς
1013 5358 1282 5426 μαθήσεως
1325 5353 1552 5426 δεομένη,
1580 5357 1664 5407 καὶ
1699 5357 1766 5413 ὡς
1798 5355 1844 5406 ἐν
1870 5357 2051 5425 γνώσει

463 5448 800 5520 τυγχάνουσα
859 5446 1132 5524 διωρθοῦτο
1190 5455 1305 5508 ταῖς
1359 5445 1662 5518 ἐπιμελείαις
1692 5461 1704 5473 ⁶
1755 5448 1837 5499 καί
1897 5449 1944 5499 εἰ
1993 5447 2049 5501 τό

457 5548 696 5609 πταῖσμα
739 5541 1024 5610 ἐγίνωσκεν,
1056 5543 1142 5594 οὐκ
1168 5539 1461 5595 ὲδιδάσκετο
1497 5541 1564 5597 ὡς
1607 5538 2045 5613 προεπισταμένη·

461 5643 510 5685 εἰ
535 5630 587 5687 δὲ
615 5629 901 5686 διδάσκεται
933 5632 998 5690 ὡς
1024 5632 1297 5701 ἀγνοοῦσα,
1326 5631 1382 5681 οὐ
1418 5626 1656 5703 προῄδει·
1689 5631 1731 5680 εί
1760 5625 1811 5681 δέ
1838 5629 1895 5680 οὐ
1921 5647 2049 5702 προ-

455 5725 587 5795 ῄδει,
620 5725 678 5777 οὐ
709 5730 886 5796 προῆν,
912 5721 1036 5776 ἀ).λά
1061 5719 1201 5777 δῆλον
1243 5719 1322 5775 ὅτι
1358 5723 1414 5774 οὐ
1448 5727 1629 5792 προῆν.
1661 5728 1758 5778 Τῆς
1784 5721 1881 5794 γάρ
1911 5721 2044 5789 γενέ-

455 5837 588 5877 σεως
619 5817 756 5885 ἡμῶν
787 5810 948 5873 αῗτιός
985 5814 1098 5867 ἐστι
1133 5810 1280 5880 μόνος
1311 5810 1334 5865 ό
1379 5812 1521 5875 Θεὸς,
1559 5810 1616 5870 ὃς
1652 5832 1731 5871 τις
1771 5812 1924 5870 καθὼς
1961 5814 2049 5864 οὐκ

2155 3252 2254 3308 per
2277 3252 2492 3308 corpus,
2524 3245 2638 3292 tum
2664 3245 2789 3293 ante
2814 3251 3029 3307 corpus.
3069 3237 3288 3294 Animas
3306 3252 3436 3295 vero
3455 3239 3739 3294 hominum

2155 3329 2508 3399 intelligentia
2537 3337 2594 3384 et
2613 3330 2826 3385 ratione
2846 3330 2944 3395 uti,
2974 3330 3028 3385 in
3057 3330 3304 3388 confesso
3333 3342 3416 3386 est
3443 3349 3457 3398 ;
3488 3333 3634 3401 quod
3663 3348 3739 3388 ne

2155 3435 2253 3476 eos
2279 3419 2498 3490 quidem
2527 3433 2724 3488 negare
2766 3428 3036 3490 putamus,
3065 3421 3159 3490 qui
3187 3429 3402 3477 tuentur
3424 3423 3737 3492 Origenem.

2155 3511 2348 3570 Dicant
2369 3513 2531 3581 igitur
2557 3513 2648 3583 qui
2674 3528 2798 3568 cum
2818 3512 3053 3583 Origene
3070 3515 3308 3571 sentiunt
3331 3534 3344 3570 :
3375 3517 3564 3573 animae
3584 3519 3736 3588 ipso-

2157 3590 2274 3659 rum
2305 3605 2615 3675 (siquidem,
2639 3613 2697 3660 ut
2725 3614 3056 3673 asseverant,
3084 3615 3210 3662 ante
3237 3623 3465 3679 corpora
3493 3607 3737 3678 fuerunt)

2157 3695 2467 3766 priusquam
2490 3696 2543 3749 in
2563 3697 2673 3766 ipsa
2695 3696 3121 3765 ingrederentur,
3144 3713 3252 3768 quo
3273 3698 3326 3753 in
3349 3699 3536 3756 ordine
3555 3709 3735 3766 erant,

2160 3795 2252 3840 aut
2279 3786 2408 3856 quid
2436 3786 2709 3854 agebant?
2737 3784 2987 3857 Oportuit
3015 3787 3158 3842 enim
3187 3803 3300 3854 eas,
3331 3789 3376 3844 si
3404 3799 3529 3846 aute
3557 3800 3735 3858 erant,

2158 3875 2322 3944 scire,
2364 3891 2472 3946 quo
2500 3876 2624 3932 loco
2653 3886 2856 3945 essent,
2901 3888 2994 3932 aut
3037 3880 3309 3949 quomodo
3343 3880 3450 3937 huc
3487 3881 3740 3938 advenis-

2159 3977 2316 4029 sent;
2358 3969 2440 4026 sin
2484 3969 2590 4025 hoc
2620 3970 2766 4025 nulla
2795 3971 3006 4027 ratione
3046 3981 3272 4042 possunt
3298 3973 3479 4030 dicere
3507 3973 3653 4046 (nam
3684 3976 3740 4030 id

2161 4077 2346 4116 verum
2383 4078 2490 4118 non
2519 4061 2650 4135 est),
2672 4073 2918 4134 apertum
2949 4075 3034 4120 est
3068 4081 3164 4122 eos
3193 4065 3398 4120 fabulas
3423 4067 3622 4122 dicere.
3669 4068 3742 4122 At

2159 4153 2389 4208 fortasse
2417 4152 2615 4219 dicant,
2668 4155 2876 4210 animas
2913 4163 3197 4226 postquam
3227 4171 3456 4225 corpora
3484 4157 3742 4224 ingressa:

2159 4257 2302 4312 sunt,
2333 4255 2446 4302 tum
2475 4245 2781 4301 discernere
2821 4261 2979 4316 posse
3021 4254 3078 4301 et
3114 4261 3446 4315 cognoscere
3473 4264 3593 4318 quae
3620 4264 3651 4303 a
3678 4265 3742 4306 se

2159 4347 2438 4409 geruntur.
2465 4335 2522 4392 Si
2547 4338 2652 4392 hoc
2677 4337 2877 4403 dicent,
2909 4353 2976 4393 ex
2998 4352 3186 4393 eorum
3207 4338 3355 4393 inani
3375 4339 3743 4409 disputatione

2159 4429 2441 4495 eﬂicietur,
2472 4437 2531 4483 ut
2558 4444 2759 4500 corpus
2790 4429 2910 4498 plus
2952 4429 3111 4499 pretii
3141 4437 3305 4498 atque
3329 4430 3552 4487 honoris
3577 4448 3743 4502 quam

2086 4523 2133 4582 ι)
2157 4520 2334 4574 anima
2366 4519 2600 4584 habeat;
2650 4521 2794 4590 quod
2819 4519 2867 4574 ei
2897 4518 2950 4572 in
2982 4519 3226 4575 beneﬁcii
3256 4518 3379 4574 loco
3406 4519 3499 4576 det
3541 4522 3743 4578 intelli-
3812 4533 3821 4568 ῖ

2155 4613 2394 4683 gentiam
2434 4621 2490 4667 et
2536 4613 2844 4679 rationem;
2894 4613 3044 4684 atqui
3089 4612 3194 4668 hoc
3222 4629 3488 4680 asserere,
3522 4616 3744 4684 plenum

2155 4702 2438 4756 dementia:
2466 4710 2549 4757 est
2574 4711 2737 4773 atque
2762 4701 3127 4758 absurditatis.
3168 4703 3277 4758 Cur
3304 4720 3435 4760 vero
3461 4705 3507 4760 si
3537 4707 3746 4775 anima,

2156 4803 2214 4848 ut
2243 4793 2412 4856 aiunt,
2446 4802 2572 4848 ante
2603 4791 2700 4847 fuit
2737 4807 2898 4862 quam
2946 4808 3164 4863 corpus,
3207 4793 3486 4864 disciplina
3517 4795 3742 4864 indiget,

2159 4892 2444 4954 postquam
2476 4883 2530 4936 in
2576 4898 2775 4952 corpus
2801 4883 2968 4949 venit,
3023 4883 3394 4955 paulatimque
3423 4885 3742 4951 instituitur,

2157 4983 2214 5029 et
2253 4974 2323 5029 ad
2349 4973 2573 5030 meliora
2618 4973 3052 5044 perfectioraque
3100 4975 3482 5045 progreditur?
3524 4975 3659 5031 Nam
3699 4979 3744 5035 si

2158 5072 2285 5118 ante
2313 5064 2592 5130 existeret,
2633 5063 2785 5119 utilia
2825 5065 3012 5134 utique
3056 5075 3430 5134 cognosceret,
3484 5082 3588 5124 nec
3636 5069 3744 5124 ulla

2160 5166 2343 5226 egeret
2370 5157 2644 5222 doctrina,
2679 5172 2798 5224 nec,
2828 5165 2889 5213 ut
2915 5167 3045 5229 pote
3074 5159 3127 5213 in
3157 5160 3468 5230 cognitione
3496 5178 3740 5228 versans,

2161 5265 2290 5304 cura
2319 5257 2374 5305 et
2399 5249 2672 5318 diligentia
2702 5249 3002 5304 erudiretur
3026 5266 3040 5315 ;
3065 5265 3130 5305 ac
3158 5250 3225 5318 si,
3252 5250 3380 5320 quid
3406 5252 3477 5306 sit
3503 5251 3746 5309 offende-

2158 5358 2239 5408 re,
2287 5341 2513 5406 sciebat,
2567 5357 2673 5396 non
2723 5341 3044 5398 edoceretur
3066 5340 3214 5410 quod
3256 5351 3415 5398 antea
3450 5343 3742 5399 scivissct:

2154 5433 2262 5502 jam
2296 5448 2422 5487 vero
2450 5433 2494 5487 si
2522 5432 2761 5495 docetur,
2793 5442 2850 5486 ut
2879 5433 2932 5487 in
2964 5433 3302 5501 ignoratione
3321 5449 3561 5500 versans,
3595 5438 3745 5504 prius

2158 5542 2264 5582 non
2310 5525 2555 5591 sciebat;
2605 5525 2650 5579 si
2685 5541 2790 5579 non
2821 5526 2968 5594 prius
3007 5525 3187 5589 scivit,
3232 5534 3359 5581 ante
3385 5543 3491 5582 non
3522 5525 3640 5581 fuit.
3678 5528 3744 5581 At

2157 5619 2326 5688 liquet
2353 5632 2471 5673 eam
2493 5625 2651 5671 antea
2683 5632 2788 5672 non
2822 5617 2999 5671 fuisse.
3039 5614 3200 5674 Ortus
3228 5617 3370 5672 enim
3399 5620 3568 5672 nostri
3603 5619 3742 5673 Dens

2151 5712 2305 5767 solus
2335 5710 2386 5764 in
2418 5722 2576 5764 causa
2617 5715 2699 5760 est
2727 5723 2740 5770 ;
2791 5707 2880 5776 qui
2908 5716 2967 5762 ut
2995 5725 3114 5775 nos,
3165 5724 3286 5764 cum
3330 5725 3438 5763 non
3469 5724 3736 5771 essemus,

2153 5809 2312 5864 fecit:
2363 5808 2437 5862 sic
2467 5809 2645 5863 natos,
2695 5799 2867 5868 gratia
2907 5817 3178 5873 nianuque
3206 5801 3426 5874 propria
3456 5809 3634 5857 tuetur
3673 5813 3734 5852 ac
