4032 6190
309 310 414 367 185

1411 311 1781 368 JUSTINIANI
1817 311 1940 368 LIB.
1979 310 2138 366 ιον.
2174 311 2546 368 οιιιοεΝΕιι.

3480 316 3584 372 186

299 424 452 489 ὅπως
471 428 611 499 ἧμᾶς
632 429 890 498 εποίησεν,
923 430 1058 488 οὕτω
1093 433 1177 488 καί
1201 433 1496 503 γενομένους
1528 435 1682 496 σὼζει
1702 440 1764 504 τῇ
1787 431 1890 505 ἰδίᾳ

1992 427 2194 494 salvat,
2253 428 2299 483 si
2346 428 2490 497 digni
2539 416 2703 499 atque
2752 427 2934 516 idopci
2981 429 3384 499 perbibeamur.
3449 431 3582 487 Nam

301 521 450 594 χειρί
494 518 780 596 [χάριτι],
825 522 911 577 ίάν
952 519 1114 590 ἄξιοι,
1143 525 1226 578 καί
1274 521 1526 581 ἐπιτήδεοι
1569 531 1812 596 φανῶμεν.
1841 536 1897 578 '0

298 608 428 668 Θεὸς
452 609 552 682 γάρ
582 612 760 675 εἰπὼν,
793 628 813 662 ι
842 615 1138 682 Ποιήσωμεν
1168 608 1430 688 ἄνθρωπον
1458 611 1745 668 και-ἐἰκόνα
1773 615 1894 684 ἠμε-

299 699 454 770 τίραν
500 702 582 754 καί
619 698 880 771 ὁμοίωσιν,
908 719 927 753 ι
959 701 1222 777 ἀμφότερα
1247 704 1380 756 κατά
1417 705 1604 757 ταυτὸν
1632 701 1898 778 ἐδημιούρ-

295 811 448 863 γησε,
480 794 723 848 τουτέστι
771 796 923 866 σῶμά
961 815 1015 848 τε
1058 794 1291 860 πλάσας,
1320 797 1405 849 καί
1432 793 1614 865 ψυχὴν
1639 797 1814 870 νοεράν
1843 816 1897 850 τε

296 887 387 936 καί
419 883 624 955 λογικὴν
664 883 1065 959 δημιουργήσας.
1108 885 1243 958 ’Δμα
1285 888 1383 961 γὰρ
1426 895 1578 957 σῶμα
1622 883 1838 942 ἔπλασεν
1871 884 1898 942 ὃ

295 973 443 1038 Θεὸς,
473 975 556 1028 καί
583 979 673 1033 τὴν
714 977 897 1046 ψυχήν
927 974 1294 1052 ἐδημιούργησε
1321 978 1500 1032 τῦιεισν
1523 979 1612 1033 τὸν
1639 974 1898 1053 ἄνθρωπον

293 1065 648 1126 άποτελίσας⁸
685 1065 798 1121 οὐδὲ
822 1067 920 1142 γάρ
951 1073 1103 1140 σῶμα
1146 1069 1315 1141 χωρίς
1355 1066 1560 1140 ψυχῆς,
1592 1065 1703 1122 ούδί
1743 1067 1898 1138 ψυχή

299 1160 471 1231 χωρθς
512 1160 756 1228 σώματος
796 1156 1076 1233 ἅνθρωπος·
1109 1162 1156 1213 εἰ
1195 1157 1249 1215 δί
1290 1167 1634 1234 προϋπῆρχεν
1663 1161 1693 1216 ἦ
1719 1158 1896 1230 ψυχὴ,

295 1253 466 1312 καθὼς
491 1255 747 1328 Ὠριγένης
764 1253 926 1330 ληρεῖ,
950 1255 1082 1312 τίνος
1107 1254 1270 1308 ἕνεκεν
1291 1253 1316 1308 ὁ
1337 1253 1620 1325 ἁγιώτατος
1639 1256 1898 1330 προφήτης

294 1345 568 1420 Ζαχαρίας
598 1340 728 1406 εἷπε,
769 1345 1044 1399 ιιιλάσσων
1069 1351 1270 1416 πνεῦμα
1295 1347 1561 1421 ἀνθρώπου
1588 1347 1638 1400 ἰν
1671 1347 1843 1414 αῦτῷ;
1872 1361 1892 1396 ι

293 1441 355 1493 Εἰ
375 1442 478 1514 γάρ
502 1447 680 1516 προῆν.
696 1438 799 1495 ἔδει
823 1440 1008 1512 μᾶλλον
1029 1444 1208 1505 εἰπεῖν,
1225 1439 1686 1514 καταγγίζων.ἦ
1715 1461 1824 1494 κατ
1837 1461 1898 1492 α·

291 1532 569 1600 πέμπων
595 1537 846 1602 πνεῦμα
873 1532 1208 1606 ἀνθρώπου
1239 1533 1296 1586 ἐν
1320 1534 1512 1604 αὐτῷ.
1538 1538 1638 1588 Νῦν
1663 1529 1716 1586 δὲ
1744 1530 1899 1603 λέγων

289 1625 323 1680 ὁ
356 1629 639 1700 προφήτης.
670 1625 1000 1691 πλάσσων,
1031 1623 1306 1691 δείκνυσιν,
1333 1624 1416 1681 ὅτι
1439 1627 1615 1700 ὥσπερ
1636 1625 1694 1678 τὸ
1722 1631 1894 1692 σῶμα,

290 1715 438 1770 οῦτω
467 1719 549 1770 καὶ
576 1719 668 1774 τήν
689 1713 870 1787 ψυχὴν
899 1717 956 1770 ού
980 1716 1438 1793 προϋπάρχουσαν
1460 1717 1694 1774 ἐποίησεν
1718 1713 1744 1767 ὁ
1773 1713 1895 1772 Θεὸς

2003 519 2164 585 Deus,
2211 520 2302 589 qui
2340 521 2514 576 dixit:
2568 521 2850 575 Faciamus
2897 521 3154 578 hominem
3201 523 3270 577 ad
3308 526 3588 597 imaginem

1999 623 2234 667 nostram
2279 624 2328 667 et
2378 614 2768 668 similitudinem
2817 612 2975 683 (Gen.
3026 617 3104 686 ι),
3157 625 3383 686 utraque
3429 618 3590 674 simul

2000 701 2144 768 fecit,
2175 703 2228 758 id
2253 711 2355 769 est,
2381 719 2579 774 corpus
2608 706 2908 776 plasmavit,
2939 716 2994 762 et
3023 709 3258 764 animam
3283 711 3588 780 intelligente

2001 803 2111 849 tem
2161 805 2216 850 et
2260 797 2575 852 rationalem
2627 799 2848 853 creavit.
2898 798 3068 855 Simul
3098 802 3240 856 enim
3288 810 3344 856 et
3371 801 3584 858 eﬂinxit

1999 901 2216 956 corpus,
2267 896 2324 942 et
2364 887 2598 942 animam
2643 889 2911 955 condidit,
2963 889 3258 960 perfectum
3305 891 3582 948 hominem

1999 979 2296 1046 exhibens;
2327 994 2502 1048 neque
2529 979 2672 1034 enim
2701 980 2864 1036 homo
2890 997 3087 1051 corpus
3115 990 3200 1037 est
3236 983 3353 1037 sine
3381 983 3598 1052 anima,

1997 1085 2101 1125 nec
2129 1072 2304 1126 anima
2333 1071 2450 1126 sine
2475 1087 2726 1142 corpore.
2765 1071 2821 1127 Si
2850 1081 3031 1130 autem
3061 1075 3238 1130 anima
3269 1078 3586 1145 przeexiste-

1997 1160 2110 1228 bat,
2135 1167 2195 1216 ut
2221 1162 2416 1218 delirat
2442 1161 2718 1232 Origenes,
2748 1163 2901 1234 cujus
2922 1167 3000 1222 rei
3021 1168 3191 1237 gratia
3216 1171 3586 1227 sanctissimus

1998 1251 2262 1320 propheta
2291 1252 2578 1308 Zacharias
2617 1253 2752 1309 dixit
2787 1272 2800 1308 :
2830 1253 3065 1328 Fingens
3091 1259 3330 1328 spiritum
3359 1260 3583 1318 hominis

1997 1339 2052 1393 in
2083 1355 2142 1393 eo
2175 1339 2360 1410 (Zach.
2392 1340 2487 1412 xu)
2513 1344 2534 1396 ?
2582 1342 2640 1398 Si
2668 1345 2811 1398 enim
2841 1345 2990 1416 prius
3027 1356 3166 1415 erat,
3211 1350 3380 1418 magis
3401 1350 3592 1406 dicere

2000 1430 2260 1498 oportuit,
2314 1430 2600 1488 lnl‘undens
2641 1443 2895 1505 tanquam
2928 1437 2979 1490 in
3012 1452 3125 1501 vas,
3174 1438 3258 1492 vel
3285 1440 3579 1498 demittens

1997 1522 2245 1591 spiritum
2269 1524 2505 1578 hominis
2535 1526 2587 1581 in
2612 1542 2701 1583 eo.
2744 1527 2861 1583 Jam
2887 1544 3018 1584 vero
3047 1546 3169 1586 cum
3197 1532 3330 1587 dicit
3351 1535 3588 1604 prophe-

1997 1623 2072 1680 ta,
2117 1617 2343 1686 fingens,
2389 1618 2645 1684 ostendit,
2693 1629 2752 1675 ut
2798 1637 3027 1691 corpus,
3076 1622 3156 1678 sic
3197 1625 3430 1680 annnam
3479 1643 3588 1681 non

2001 1705 2399 1776 prmexistentia
2435 1706 2603 1762 Deum
2635 1711 2850 1780 propria
2882 1711 3080 1767 virtute
3123 1727 3188 1768 ac
3231 1713 3474 1770 bonitate
3503 1715 3584 1772 fe-

289 1816 359 1878 τῇ
383 1805 489 1881 ἰδίᾳ
515 1805 730 1874 δυνάμει
752 1809 928 1871 αὐτοῦ,
947 1811 1031 1862 καί
1059 1807 1352 1882 ἁγαθότητι.
1373 1810 1536 1867 Καθὼς
1563 1802 1649 1861 οὖν
1671 1804 1890 1877 εἴρηται.

2000 1796 2160 1852 cisse.
2212 1796 2363 1863 Quod
2396 1797 2555 1866 igitur
2595 1799 2777 1864 homo,
2819 1802 2956 1856 sicut
2983 1803 3182 1858 dictum
3210 1815 3312 1871 est,
3346 1807 3412 1860 ad
3447 1807 3583 1863 ima-

289 1897 410 1953 κατ’
431 1897 597 1953 εἰκόνα
617 1901 699 1952 γαί
717 1898 954 1970 ὁμοίωσιν
980 1905 1072 1955 τοῦ
1101 1907 1228 1954 Θεοῦ
1249 1901 1479 1970 γενέσθαι
1499 1899 1584 1954 τόν
1606 1895 1889 1970 ἄνθρωπον,

287 1991 379 2043 καί
424 1997 516 2044 τοῦ
559 1990 692 2044 θείου
738 1975 1101 2063 ἔμφυσήματος
1143 1993 1428 2055 ἀξιωθῆναι,
1458 1990 1600 2048 ὃν,λοῖ
1630 1995 1700 2061 μὴ
1747 1990 1893 2059 μόνον

286 2079 474 2152 νοεράν
503 2083 586 2132 καί
624 2079 843 2152 λογικὴν,
877 2079 1002 2135 ἀλλά
1035 2083 1118 2136 καί
1159 2081 1408 2136 ἀθάνατον
1451 2088 1540 2138 τήν
1581 2079 1761 2150 ψυχήν
1798 2078 1887 2138 δη·

287 2171 661 2242 μιουργηθῆναι
688 2172 818 2245 πρὸς
849 2170 906 2225 τὸ
932 2168 1117 2245 ἄρχειν
1145 2173 1348 2226 πάντων
1379 2178 1476 2224 τῶν
1515 2168 1600 2224 ἐπί
1626 2179 1716 2242 γῆς
1745 2191 1890 2229 ποιη-

289 2260 491 2330 μάτων·
519 2266 671 2316 τοῦτο
700 2262 800 2333 γάρ
827 2261 938 2316 ἔστι
959 2265 1045 2316 καὶ
1069 2262 1126 2316 τὸ
1151 2263 1406 2333 εἰρημένον
1427 2269 1496 2330 τῷ
1526 2261 1733 2334 θεολόγῳ
1756 2272 1888 2336 Γρη-

287 2355 453 2424 γορίῳ
491 2353 728 2424 περὶτῆς
767 2350 971 2422 ψυχῆς,
1002 2357 1093 2410 τὴν
1125 2354 1179 2406 ἔκ
1210 2359 1338 2408 Θεοῦ
1383 2355 1468 2406 καὶ
1507 2353 1639 2406 θείαν
1679 2355 1764 2406 καὶ
1796 2359 1888 2413 τῆς

288 2440 482 2496 ἄνωθεν
529 2444 775 2515 εὐγενείας
819 2444 1165 2514 μετέχουσαν.
1206 2444 1325 2513 Οὐχ
1364 2445 1433 2503 ὧς
1468 2463 1601 2502 τινες
1645 2441 1889 2515 φανταζό-

288 2552 436 2604 μενοι
459 2534 668 2604 λέγουσι
691 2541 781 2593 τῆς
808 2535 968 2596 θεϊκῆς
998 2535 1169 2594 οὐσίας
1195 2535 1541 2608 ὑπάρχουσαν
1564 2538 1651 2591 τήν
1680 2532 1886 2604 ψυχήν·

287 2623 486 2684 ἀλλ’ὡς
532 2622 618 2678 διά
654 2631 742 2680 τοῦ
793 2626 1153 2698 ἐμφυσγὶματος
1191 2633 1283 2680 τοῦ
1327 2632 1453 2680 Θεοῦ
1491 2626 1776 2697 γενομένην,
1804 2627 1887 2679 καί

289 2714 538 2790 χάρισμα
583 2714 710 2786 παρ’
727 2717 879 2770 αὑτοῦ
908 2715 1170 2771 λαϐοῦσαν
1195 2722 1289 2771 τοῦ
1328 2716 1531 2791 νοεράν,
1558 2717 1641 2770 καί
1667 2715 1886 2787 λογικήν,

286 2808 380 2859 καί
417 2805 662 2859 ἀθάνατον
688 2800 818 2859 εἶναι
835 2847 848 2870 ,
878 2807 965 2860 καί
1001 2811 1074 2875 μη
1101 2811 1520 2865 συναποθνήσκειν
1560 2814 1632 2880 τῷ
1660 2809 1887 2877 σώματι,

289 2893 404 2949 καθ’
423 2893 702 2965 ὁμοιότητα
726 2901 826 2950 τῶν
853 2895 1047 2969 ἀλόγων
1071 2899 1231 2961 ζώων,
1264 2897 1389 2951 άλλά
1412 2899 1546 2951 κατὰ
1574 2897 1733 2970 χάριν
1761 2917 1888 2970 μετ·

288 2987 438 3056 ἐχειν
481 2994 577 3047 τῆς
618 2983 804 3040 ἄνωθεν
841 2988 1106 3058 εὐγενείας,
1137 2988 1398 3044 τουτέστιν
1427 2989 1724 3048 ἀθανασίας.
1755 3000 1892 3064 Μαρ-

289 3083 445 3150 τυρεῖ
475 3073 532 3131 δὲ
575 3077 779 3134 τούτοις
807 3077 936 3132 καίό
965 3079 1018 3132 ἰν
1057 3077 1217 3152 ἁγίοις
1258 3075 1486 3139 Ἰωάννης
1516 3077 1541 3132 ὁ
1570 3085 1890 3134 Κωνστσντι-

1993 1889 2172 1958 ginem
2203 1897 2261 1944 et
2307 1889 2710 1947 similitudinem
2732 1895 2834 1972 Dei
2876 1895 2946 1949 sit
2986 1894 3179 1962 factus,
3228 1899 3586 1970 dignatusque

1991 1984 2344 2054 inspiratione
2364 1989 2542 2044 divina
2567 2007 2582 2054 ;
2612 1989 2736 2044 inde
2765 1992 3107 2061 perspicuum
3135 2002 3236 2055 est,
3272 2009 3378 2047 non
3408 1995 3586 2049 solum

1991 2076 2380 2145 intelligentem
2414 2089 2469 2134 et
2500 2080 2817 2135 rationalem
2847 2082 3104 2146 animam,
3154 2084 3248 2138 sed
3275 2084 3439 2138 etiam
3472 2086 3574 2138 im-

1990 2168 2270 2223 mortalem
2301 2184 2420 2224 esse
2451 2181 2693 2225 creatam
2720 2187 2734 2229 ξ
2771 2179 2831 2224 ιιι
2859 2173 3106 2229 omnibus
3138 2174 3201 2227 iis
3220 2190 3338 2244 qua!
3362 2175 3414 2228 in
3443 2185 3582 2229 terra

1990 2257 2130 2311 facta
2160 2266 2286 2312 sunt
2318 2259 2626 2329 imperaret.
2658 2259 2772 2316 l-loe
2799 2269 2884 2317 est
2911 2262 3051 2316 enim
3081 2263 3226 2334 quod
3251 2280 3282 2319 a
3304 2264 3592 2335 Theologo-

1991 2345 2256 2413 Gregorio
2284 2347 2352 2402 de
2393 2349 2571 2402 anima
2612 2349 2816 2404 dictum
2847 2359 2948 2416 est,
3001 2366 3030 2404 a
3065 2351 3173 2406 Dco
3204 2367 3344 2417 esse,
3377 2361 3432 2406 et
3455 2353 3580 2408 divi-

1991 2451 2136 2503 nam,
2188 2451 2253 2490 ac
2288 2453 2540 2509 supernae
2582 2439 2878 2495 nobilitatis
2926 2442 3240 2512 participem
3279 2460 3293 2496 :
3343 2460 3475 2512 non,
3525 2453 3580 2500 ut

1992 2530 2238 2585 nonnulli
2268 2540 2553 2587 autumant
2575 2547 2640 2588 ac
2666 2532 2870 2595 dicunt.
2902 2533 3094 2588 divinae
3117 2535 3432 2590 substantia:
3457 2536 3578 2591 aui-

1990 2636 2134 2676 mam
2160 2638 2279 2678 esse
2306 2641 2319 2676 :
2349 2624 2443 2679 sed
2473 2632 2534 2678 ut
2561 2624 2918 2694 inspiratione
2947 2625 3042 2679 Dei
3073 2623 3289 2690 factam,
3322 2627 3578 2695 gratiam-

1988 2728 2095 2782 que
2123 2723 2335 2770 nactam
2365 2714 2431 2769 ab
2461 2730 2550 2777 eo,
2584 2723 2642 2770 ut
2671 2715 2976 2784 intelligens
2997 2723 3161 2783 esset,
3190 2723 3245 2769 et
3274 2715 3576 2777 rationalis.

1989 2811 2046 2860 et
2071 2805 2408 2870 immortalis,
2442 2820 2543 2860 nec
2572 2821 2678 2859 una
2700 2821 2822 2860 cum
2853 2821 3084 2874 corpore
3127 2814 3452 2869 moreretur,
3497 2806 3575 2861 si-

1989 2905 2084 2953 cut
2111 2897 2500 2953 irrationabilia
2529 2897 2806 2962 animalia,
2858 2899 2951 2952 sed
2995 2913 3092 2967 per
3138 2897 3367 2966 gratiam
3414 2900 3576 2968 parti-

1991 3003 2122 3060 ceps
2147 2997 2286 3044 esset
2317 3003 2564 3059 superam
2595 2989 2911 3054 nobilitatis,
2944 2989 2996 3043 id
3024 2997 3107 3043 est
3136 2988 3576 3046 immortalitatis.

1991 3078 2088 3136 llis
2118 3081 2485 3136 testimonium
2513 3079 2763 3151 perhibet
2789 3087 3008 3135 sanctus
3032 3077 3270 3134 Joannes
3304 3077 3575 3132 Constan-

287 3167 582 3228 νουπόλεως
613 3171 946 3243 πατριάρχης
977 3170 1027 3222 ἰν
1057 3178 1129 3239 τῷ
1163 3167 1408 3240 ίνδικάτῳ
1435 3169 1564 3240 λόγῳ
1603 3182 1677 3240 τῷ
1703 3179 1776 3238 εἷς
1799 3179 1886 3230 τήν

1991 3172 2298 3242 tinopoleos
2327 3171 2632 3241 patriarcha
2660 3171 2714 3226 in
2744 3169 3028 3226 undecimo
3057 3183 3308 3225 sermone
3337 3169 3389 3222 in
3420 3183 3576 3223 crea-

285 3262 488 3314 κτίσιν·
520 3259 650 3332 λέγει
678 3262 774 3332 γάρ
803 3259 985 3321 οὕτως’
1020 3277 1040 3311 ι
1069 3263 1168 3314 Καὶ
1196 3260 1500 3332 ἐνεφύσησε,
1528 3264 1697 3331 φησίν,
1729 3269 1801 3321 εἰς
1828 3261 1886 3316 τὸ

288 3353 570 3428 πρόσωπον
612 3355 765 3407 αὐτοῦ
805 3357 961 3410 πνοήν
1005 3357 1160 3415 ζωῆς.
1187 3355 1272 3406 καί
1305 3343 1504 3423 ’ἐγένετο
1547 3352 1573 3407 ὁ
1621 3351 1886 3429 ἅνθρωπος

285 3448 361 3504 εἰς
391 3444 576 3515 ψυχήν
610 3449 800 3508 ζῶσαν.
828 3445 1073 3500 Ἐνταῦθά
1108 3466 1240 3506 τινες
1277 3453 1375 3500 τῶν
1410 3442 1709 3518 ἀγνωμόνων
1737 3448 1789 3512 ἐξ
1813 3450 1888 3502 οἰ-

289 3538 438 3589 κείων
449 3536 704 3608 λογισμῶν
716 3538 1016 3610 κινούμενοι,
1031 3539 1115 3590 καί
1135 3535 1274 3591 οὐδέν
1290 3537 1564 3610 θεοπρεπὲς
1583 3543 1884 3604 ἐννοοῦντες,

288 3624 408 3681 οῦτε
435 3631 526 3686 τὴν
549 3627 936 3697 συγ-κατάϐασιν
959 3633 1056 3680 τῶν
1099 3627 1336 3704 ῥημάτων
1372 3626 1698 3698 λογιζόμενοι,
1730 3628 1888 3700 λέγειν

288 3718 650 3790 ἐπιχειροῦσιν
674 3716 752 3771 ὅτι
780 3719 835 3770 ἐκ
864 3725 956 3779 τῆς
985 3723 1078 3772 τοῦ
1102 3723 1229 3770 Θεοῦ
1259 3719 1439 3777 οὐσίας
1487 3719 1628 3773 ἐστίν
1652 3719 1680 3775 ri
1706 3719 1885 3790 ψυχή.

285 3812 349 3860 Ὠ
377 3817 470 3868 τῆς
503 3811 710 3880 μανίας,
745 3807 785 3864 ὢ
821 3818 912 3872 τῆς
946 3811 1401 3883 παραφροσύνης.»
1429 3812 1520 3863 Καὶ
1544 3815 1711 3866 ταῦτα
1740 3805 1830 3881 μὲν
1862 3812 1888 3866 ὁ

292 3905 462 3973 πατὴρ
501 3903 622 3971 περὶ
660 3908 762 3955 τῶν
805 3902 1163 3973 προκειμένων.
1214 3898 1392 3954 Σκόπει
1420 3899 1496 3967 δί,
1531 3898 1607 3956 ὅτι
1635 3923 1736 3976 περ
1768 3907 1889 3975 περί

291 3995 382 4061 μίν
405 4000 509 4046 τῶν
534 3989 695 4046 ἄλλων
719 3991 958 4045 ἁπάντων
979 3992 1061 4046 ἐπί
1090 3994 1504 4089 γῆςδποιημάτων
1533 3990 1671 4050 εἶπεν
1693 3995 1719 4050 ὁ
1744 3997 1888 4061 Θεὸς,

295 4101 315 4134 ε
337 4084 625 4141 Γεννηθητω
645 4101 664 4133 ι
691 4085 777 4136 καί
805 4099 823 4132 ι
846 4083 1135 4154 ἓξαγαγίτω
1151 4084 1180 4140 ἡ
1195 4083 1287 4153 ῖῆ,
1303 4088 1388 4136 καὶ
1413 4084 1620 4157 εγενετο.
1648 4103 1665 4136 ι
1704 4089 1818 4160 Περὶ
1835 4084 1890 4140 δὲ

294 4182 380 4230 τοῦ
412 4176 684 4248 ἀνθρώπου
715 4175 1197 4245 λέγει,ιιιοιησωμεν
1224 4171 1541 4249 ἄνθρωπον.»
1561 4179 1645 4229 καί
1671 4177 1726 4230 ού
1745 4175 1890 4247 μόνον

294 4285 314 4318 ι
334 4271 650 4340 ποιήσωμεν,
667 4284 685 4316 ι
721 4265 844 4320 ά)λά
880 4281 899 4314 ι
923 4263 1034 4318 κατ’
1053 4264 1222 4319 εἰκόνα
1252 4267 1495 4338 ἡμετέραν
1518 4269 1602 4320 καί
1627 4265 1888 4338 ὁμοίωσιν

290 4360 557 4414 καίλαϐὠν
581 4362 714 4428 χοῦν
736 4357 839 4411 άπὸ
853 4363 944 4416 τῆς
958 4363 1053 4429 γῆς
1076 4363 1195 4417 ταῖς
1213 4354 1367 4415 ἰδίαις
1389 4377 1455 4426 χε
1461 4361 1578 4432 ρσίν
1596 4355 1785 4414 ἔπλασε
1805 4359 1892 4414 τὸν

290 4450 579 4527 ἄνθρωπον,
607 4452 692 4504 καί
721 4451 1026 4520 ἐνεφύσησεν
1059 4449 1131 4508 εἰς
1150 4449 1210 4503 τὸ
1236 4444 1516 4524 πρόσωπον
1551 4451 1706 4503 αὐτοῦ
1735 4455 1891 4510 πνοήν

291 4549 442 4609 ζωῆς,
461 4546 549 4597 καὶ
577 4543 771 4614 ἒγένετο
792 4539 818 4596 ὃ
838 4537 1099 4614 ἅνθρωπος
1123 4543 1194 4599 εἰς
1210 4539 1388 4611 ψυχήν
1404 4544 1590 4603 ζῶσαν.
1605 4558 1624 4592 ι
1642 4543 1890 4596 Ἐντεῦθεν

291 4642 456 4692 τοίνυν
484 4638 627 4690 ἐστὶν
663 4632 804 4696 ἰδεῖν,
828 4640 938 4692 πῶς
965 4632 991 4686 ὁ
1019 4633 1144 4692 Θεὸς
1173 4630 1257 4685 τόν
1285 4628 1546 4705 ἄνθρωπον
1589 4636 1888 4708 τιμιώτερον

291 4728 496 4786 εποίησε
533 4733 636 4780 τῶν
660 4721 820 4780 ἄλλων
845 4723 1084 4778 ἁπάντων
1106 4729 1207 4778 τῶν
1231 4725 1318 4776 ἐπί
1349 4731 1444 4797 γῆς
1470 4726 1781 4794 κτισμάτων.
1815 4727 1889 4780 Τὰ

291 4823 378 4890 μὲν
408 4815 499 4875 οὖν
537 4816 665 4873 ἄλλα
688 4818 858 4874 πάντα
889 4816 1017 4890 λόγῳ
1059 4812 1191 4881 εἷπε,
1217 4819 1301 4872 καί
1329 4817 1568 4890 ἐγένοντοσ
1606 4820 1694 4874 τὸν
1735 4817 1791 4873 δί
1829 4839 1885 4888 γε

291 4910 582 4988 ἔνθρωπον,
610 4912 771 4972 καθὼς
798 4907 1014 4986 εἴρηται,
1041 4909 1192 4968 αὐτὸς
1218 4916 1339 4970 ταῖς
1366 4907 1518 4970 ἰδίαις
1549 4911 1728 4984 χερσί,
1752 4912 1886 4966 κατά

291 5011 378 5064 τήν
414 5007 558 5060 θείαν
589 5007 801 5081 γραᾳήν,
831 4999 1240 5072 ἰδημιούργησε⁹
1272 5001 1442 5056 πάντα
1467 4999 1520 5055 δέ
1546 5004 1612 5056 τά
1649 5001 1886 5072 γενόμενα

285 5095 560 5153 ύπάύτοῦ
581 5095 666 5149 ἰπὶ
685 5101 777 5155 τῆς
793 5100 887 5164 γῆς
917 5092 1135 5155 ύπίταξι
1161 5099 1236 5164 τῷ
1264 5092 1510 5169 ἀνθρώπῳ
1537 5101 1610 5165 τῷ
1639 5095 1885 5165 γενομένῳ

291 5189 342 5241 ἕν
446 5188 569 5260 ἕκτη
587 5187 775 5258 ἡμέρᾳ,
800 5185 886 5238 ἵνα
906 5182 1112 5238 πάντων
1143 5189 1242 5238 τῶν
1265 5183 1349 5236 ἐπί
1369 5192 1455 5242 τῆς
1484 5192 1576 5252 γῆς
1599 5186 1889 5253 κτισμάτων

291 5279 380 5340 ἤδη
397 5279 804 5357 προγεγονότων,
817 5278 905 5331 καί
919 5275 1315 5348 ἰτοιμασθέντων
1331 5279 1467 5345 αύτῷ
1483 5275 1728 5350 δεσπόζῃ,
1739 5277 1892 5336 esea;

293 5373 392 5428 ύπό
417 5377 512 5428 τοῦ
542 5369 778 5424 πλάστου
804 5365 1190 5440 δεσποζόμενος.
1219 5374 1382 5422 Τοῦτο
1422 5366 1474 5422 δί
1506 5369 1640 5437 ἡμᾶς
1664 5365 1892 5422 διδάσκει

293 5467 372 5518 καί
396 5463 422 5518 ό
451 5465 503 5517 ἐν
529 5460 694 5536 ἁγίοις
713 5459 944 5530 θεολόγος
962 5458 1240 5532 Γρηγὸριος
1274 5459 1326 5512 ἰν
1355 5466 1428 5531 τῷ
1454 5457 1585 5530 λόγῳ
1613 5465 1685 5530 τῷ
1708 5461 1780 5516 εἰς
1801 5465 1890 5514 τήν

289 5558 400 5609 νέαν
422 5557 681 5630 κυριακὴν,
709 5550 864 5623 λέγων
883 5564 898 5579 ⁹
929 5567 948 5600 ε
981 5550 1129 5604 Οῦτω
1151 5571 1201 5604 τι
1221 5557 1420 5624 πρῶτον
1447 5549 1493 5600 ἐν
1517 5549 1728 5621 ἡμέραις
1752 5551 1885 5622 ἀριθ-

293 5655 482 5718 μεῖται,
518 5647 604 5700 καί
641 5642 897 5716 δεύτερον,
932 5644 1018 5695 καί
1041 5645 1230 5711 τρίτον,
1260 5644 1345 5695 καὶ
1387 5643 1452 5694 τὰ
1480 5642 1610 5704 ἑξῆς.
1641 5637 1773 5711 ἄχρι
1795 5647 1884 5698 τῆς

295 5736 513 5807 ίξδόμης
537 5737 622 5788 καί
644 5732 1048 5800 καταπαυσίμου
1064 5737 1162 5784 τῶν
1186 5728 1348 5802 ἔργων
1378 5731 1593 5801 ἡμέρας³
1619 5726 1695 5790 αἶς
1725 5750 1890 5783 κατα-

303 5832 566 5905 μερίζεται
592 5831 657 5883 τά
676 5827 910 5899 γινόμενα
927 5823 1090 5896 λόγοις
1114 5822 1345 5899 apparot,-
1373 5823 1678 5896 τασσόμενα,
1696 5825 1774 5876 καὶ
1801 5823 1891 5876 οὐκ

1991 3263 2194 3318 tionem
2221 3281 2238 3330 ;
2275 3266 2353 3319 sic
2376 3263 2518 3318 enim
2546 3263 2623 3318 ait
2649 3262 2668 3334 (
2695 3261 2892 3316 Homil.
2927 3277 3018 3316 χιιι
3047 3262 3101 3315 in
3132 3258 3262 3314 Gen.
3294 3259 3371 3330 ιι)
3406 3277 3419 3313 :
3459 3277 3476 3311 ι
3510 3257 3578 3313 Et

1988 3355 2295 3424 insufﬂauit,
2321 3353 2512 3422 inquit,
2544 3355 2601 3407 in
2630 3354 2816 3424 faciem
2847 3352 2958 3424 ejus
2985 3352 3223 3421 spiritum
3243 3352 3381 3415 vitaz,
3402 3357 3450 3402 et
3482 3350 3578 3419 fuit

1991 3446 2144 3498 homo
2186 3446 2239 3498 in
2267 3445 2499 3498 animam
2523 3446 2790 3498 viventem.
2822 3442 2920 3499 Hic
2948 3443 3191 3498 nonnulli
3215 3443 3461 3514 imperiti
3481 3442 3578 3495 lio-

1988 3535 2182 3598 mines,
2234 3535 2469 3605 propriis
2519 3533 2939 3603 cdgitationibus
2981 3533 3144 3600 moti,
3194 3548 3259 3587 ac
3303 3533 3432 3586 nihil
3465 3532 3578 3587 Deo

1990 3627 2191 3682 decens
2244 3627 2296 3680 in
2345 3631 2529 3680 mente
2569 3625 2856 3689 habentes,
2918 3637 3019 3678 nec
3064 3623 3575 3678 condescensionem

1989 3718 2276 3772 verborum
2302 3725 2632 3787 reputantes,
2665 3715 2846 3770 dicere
2873 3713 3075 3768 audent
3103 3728 3134 3767 e
3155 3712 3248 3767 Dei
3277 3711 3576 3766 substantia

1989 3827 2110 3867 esse
2155 3811 2410 3866 animam.
2453 3807 2498 3864 Ο
2528 3810 2814 3877 insaniam,
2865 3824 2898 3864 ο
2929 3807 3294 3864 dementiam!
3329 3827 3348 3859 ι
3399 3806 3580 3878 Atque

1989 3903 2104 3958 lucc
2125 3902 2340 3972 quidem
2366 3900 2525 3956 Pater
2553 3901 2620 3956 de
2643 3907 2962 3969 argumento
2982 3899 3283 3970 proposito.
3311 3897 3575 3952 Conside-

1989 4007 2049 4046 ra
2099 4000 2280 4046 autem
2332 3991 2397 4046 de
2447 3990 2568 4045 aliis
2617 3989 2870 4044 omnibus
2921 3989 2974 4043 in
3021 3996 3165 4043 terra
3191 3982 3348 4042 factis
3375 3986 3579 4042 dixisse

1991 4082 2237 4144 Deum,F
2242 4084 2324 4147 ἀι,
2357 4089 2411 4136 et
2430 4079 2696 4134 Producat
2725 4089 2885 4149 terra,
2914 4090 2964 4134 et
3003 4081 3200 4151 factum
3229 4088 3306 4133 est
3345 4098 3364 4147 ;
3507 4076 3578 4132 de

2003 4173 2224 4229 homine
2343 4177 2524 4225 autem
2573 4170 2746 4226 dicit:
2798 4169 3083 4224 Faciamus
3126 4170 3426 4224 hominem:
3475 4182 3580 4223 nec

1988 4266 2184 4332 solum,
2215 4264 2522 4329 Faciamus,
2555 4265 2670 4329 sed,
2703 4265 2774 4318 ad
2800 4267 3080 4335 imaginem
3109 4274 3157 4317 et
3187 4262 3580 4318 similitudinem

1990 4366 2266 4420 nostram;
2311 4363 2360 4409 et
2387 4371 2597 4410 sumens
2628 4355 2886 4425 pulverem
2917 4355 2979 4408 de
3011 4365 3168 4418 terra,
3199 4352 3425 4423 propriis
3464 4341 3591 4404 ma?

1992 4447 2143 4502 nibus
2185 4447 2441 4501 hominem
2469 4447 2656 4516 finxit,
2703 4455 2751 4500 et
2801 4445 3088 4516 insufflauit
3130 4444 3186 4498 in
3234 4444 3420 4515 facient
3465 4442 3585 4513 ejus

1917 4523 1965 4581 Ῑ)
1991 4540 2233 4613 spiritum
2261 4539 2397 4604 uitta,
2426 4546 2476 4591 et
2504 4539 2671 4608 factus
2701 4545 2778 4590 est
2799 4536 2947 4590 homo
2976 4537 3031 4589 in
3060 4533 3290 4588 animam
3310 4533 3578 4587 viventem.

1989 4629 2072 4684 Ex
2114 4628 2200 4684 his
2229 4629 2390 4699 igitur
2417 4627 2650 4698 perspici
2676 4635 2878 4696 potest,
2909 4633 2968 4680 ut
3007 4625 3148 4679 Deus
3177 4623 3451 4680 hominem
3496 4622 3579 4678 fe"

1988 4721 2126 4778 cerit
2152 4719 2613 4776 honorabiliorem
2660 4732 2726 4772 ac
2768 4716 3146 4787 pretiosiorem
3177 4715 3300 4772 aliis
3326 4713 3578 4770 omnibus

1988 4831 2111 4886 qua:
2138 4815 2190 4870 in
2223 4822 2366 4869 terra
2392 4821 2519 4868 sunt
2539 4811 2802 4867 creaturis
2827 4827 2843 4877 ;
2875 4810 2978 4864 alia
3000 4807 3218 4879 quidem
3239 4806 3419 4863 omnia
3451 4803 3579 4860 fecit

1988 4906 2192 4960 verbo:
2233 4904 2398 4970 dixit,
2443 4911 2500 4957 et
2547 4901 2686 4956 facta
2714 4908 2868 4966 sunt;
2903 4901 3174 4955 hominem
3220 4912 3380 4961 vero,
3416 4895 3576 4950 sicuti

1986 4989 2188 5052 dictum
2239 5004 2355 5061 est,
2401 4993 2635 5064 propriis
2687 4993 2803 5062 ipse
2846 4992 3094 5046 manibus
3135 4989 3289 5059 juxta
3335 4986 3573 5043 divinam

1986 5087 2319 5158 Scripturam
2350 5084 2476 5140 fecit
2504 5102 2516 5138 :
2551 5098 2883 5156 qumcunque
2911 5091 3090 5138 autem
3119 5083 3187 5136 ab
3227 5095 3296 5134 eo
3333 5081 3387 5134 in
3424 5085 3570 5132 terra

1988 5177 2129 5234 facta
2151 5184 2296 5242 sunt,
2324 5173 2562 5232 subdidit
2588 5173 2814 5240 homini,
2845 5173 2937 5244 qui
2966 5180 3122 5228 sexto
3144 5170 3315 5225 factus
3343 5175 3428 5224 est
3445 5167 3531 5222 die
3553 5182 3575 5222 ε

1988 5276 2049 5322 ιιι
2075 5266 2327 5322 omnibus
2347 5265 2574 5320 terrenis
2597 5263 2861 5322 creaturis
2876 5263 2988 5330 jam
3016 5260 3191 5325 factis,
3221 5273 3287 5314 ac
3311 5258 3414 5328 ipsi
3436 5270 3572 5328 pra:-

1989 5358 2214 5428 paratis,
2243 5355 2634 5418 dominaretur,
2681 5355 2796 5422 ipse
2825 5349 3170 5422 plasmatoris
3193 5348 3277 5403 sui
3310 5346 3576 5402 obediens

1965 5449 2238 5520 \imperio.
2280 5447 2395 5503 Hoc
2441 5454 2498 5503 et
2524 5462 2626 5501 nos
2651 5446 2812 5501 docet
2856 5451 3076 5499 sanctus
3104 5441 3412 5509 Theologus
3438 5437 3570 5496 Gre-

1988 5543 2172 5611 gorius
2198 5541 2249 5596 in
2281 5540 2529 5594 oratione
2555 5539 2608 5592 in
2635 5551 2832 5592 novam
2861 5535 3186 5590 dominicam
3226 5535 3404 5604 (Orat.
3436 5530 3564 5601 L5);

1989 5635 2067 5689 sic
2095 5633 2239 5688 enim
2279 5631 2446 5686 dicit:
2490 5649 2508 5680 ι
2541 5629 2618 5684 lta
2648 5628 2848 5698 aliquid
2878 5629 3106 5698 primum
3156 5629 3208 5682 in
3252 5626 3443 5682 diebus
3469 5639 3574 5679 nuo

1993 5730 2250 5787 moratur,
2275 5729 2331 5777 et
2353 5719 2671 5786 secundum,
2695 5727 2750 5774 et
2770 5719 3006 5784 tertium,
3025 5733 3088 5773 ac
3106 5717 3379 5786 deinceps,
3402 5726 3573 5782 usque

1994 5817 2062 5872 ad
2105 5815 2391 5886 septimum
2428 5813 2572 5869 diem
2596 5853 2611 5881 ,
2643 5827 2751 5882 quo
2780 5812 2994 5883 requies
3038 5810 3135 5866 fuit
3175 5810 3241 5866 ab
3287 5806 3568 5880 operibus;
