4032 6190
446 296 544 354 187

1778 282 2079 341 νιοῐιμιυε
2119 281 2293 339 ΡΑΡᾹ
2305 324 2318 339 .

3590 278 3695 334 188

411 414 611 491 άθρὸωέ
629 407 962 479 ἀηδιῗὸμενα
995 420 1063 479 τῷ
1082 411 1244 466 πάντα
1261 405 1597 479 Susurri.)le
1614 394 2003 471 rrurodwépop]

2128 394 2303 462 [uibus
2329 392 2721 464 dispertiuntur
2747 406 2810 448 ea
2851 407 2972 464 quae
2999 390 3154 460 fiunt,
3198 389 3453 448 ineffabili
3480 389 3698 446 ratione

647 507 731 560 καί
744 507 803 562 τὸ
813 513 995 564 νοῆσαι
1009 499 1174 576 μόνον,
1187 506 1275 558 καί
1287 507 1461 570 εἰπεῖν,
1478 501 1629 578 ἔργον
1641 499 2014 573 ἐστίπαριστά-

413 616 576 674 μενον.
599 599 658 651 Ei
675 595 729 652 δὲ
750 597 1040 657 τελευταῖος
1069 594 1095 651 5
1124 592 1388 672 ἄνθρωπος
1409 592 1706 666 ἀνεδείχθη,
1738 584 1823 645 καί
1850 595 2015 645 ταῦτα

416 691 564 765 χειρί
582 694 709 743 Θεοῦ
730 690 816 742 καί
840 686 987 742 εἰκόνι
1012 689 1364 759 τετιμημένος,
1388 686 1676 757 θαυμαστὸν
1705 682 1847 739 οὐδέν
1863 699 1877 713 ⁸
1910 679 2017 736 ἔδει

415 777 518 849 γὰρ
543 776 731 849 ὥσπερ
747 776 955 845 βασιλεῖ
967 784 1361 852 προῦποστῆναι
1379 779 1444 831 τά
1465 773 1719 849 βασίλεια,
1740 776 1826 829 καί
1851 771 2017 832 οὕτως

417 868 729 937 εἰσαχθῆναι
752 869 836 922 τὸν
864 866 1076 941 βασιλέα
1094 910 1108 931 ,
1155 870 1317 921 πᾶσιν
1353 864 1450 925 ἤδη
1478 864 1934 940 δορυφορούμενον.
1961 864 2019 918 Ei

419 959 590 1013 τοίνυν
618 960 745 1014 mni
766 964 856 1017 τήν
880 966 972 1013 τοῦ
1003 958 1233 1031 θεολόγον
1260 959 1536 1033 Γρηγορίου
1577 954 1899 1012 διδασκαλίαν
1936 973 2021 1009 τε·

419 1049 659 1105 λευταῖοι·
690 1049 716 1104 5
746 1048 1006 1123 ἄνθρωπος
1035 1049 1338 1121 ἀνεδείχθη,
1367 1052 1449 1104 καί
1474 1056 1644 1105 ταῦτα
1685 1052 1830 1124 χειρί
1848 1051 2019 1115 Θεοῦ,

422 1143 513 1195 καί
538 1141 692 1195 εἰκόνι
718 1143 1069 1214 τετιμημένος,
1094 1146 1179 1196 καὶ
1206 1143 1377 1196 πάντα
1414 1141 1558 1217 παρὰ
1591 1146 1686 1196 τοῦ
1724 1145 1855 1195 Θεοῦ
1882 1140 2020 1210 αὑτῷ

420 1232 828 1308 προητοιμάσθη,
859 1236 945 1288 καί
973 1234 1149 1310 ὥσπερ
1180 1234 1386 1305 βασιλεῖ
1421 1235 1800 1311 προϋφίσταται
1826 1234 1893 1287 τά
1921 1234 2018 1305 βα-

423 1324 613 1388 σίλεια,
637 1327 717 1377 καί
745 1323 909 1385 οὕτως
929 1325 1151 1395 εἰσήχθη
1180 1324 1323 1399 παρά
1341 1331 1470 1379 Θεοῦ
1494 1326 1563 1385 ὡς
1592 1324 1834 1396 βασιλεὺς
1857 1329 2021 1380 πᾶσιν

422 1416 519 1477 ἤδη
547 1416 1010 1495 δορυφορούμενος,
1040 1424 1148 1479 πῶς
1176 1418 1409 1489 λέγουσιν
1434 1418 1482 1470 oi
1504 1418 1638 1472 κατά
1661 1417 1748 1473 τὸν
1764 1418 2024 1490 Ὠριγίνην

426 1513 887 1583 παραφρονοῦντες,
914 1504 992 1562 ὅτι
1013 1507 1463 1582 προϋπάρχουσαι
1487 1508 1540 1561 αἱ
1566 1506 1743 1578 ψυχαί
1763 1505 1830 1563 δι’
1853 1507 2024 1580 ἆμαρ-

423 1599 540 1659 τὶας
568 1599 618 1652 ἐν
643 1600 851 1668 σώμασι
888 1598 1345 1670 καταπίμπονται,
1389 1599 1672 1671 ὀφείλουσαι
1711 1597 1854 1658 δίκας
1892 1599 2023 1654 ὑπί-

429 1713 545 1765 χειν
569 1698 670 1747 τῶν
693 1693 869 1766 πρώην
891 1692 1258 1764 ἡμαρτημένων
1273 1694 1369 1757 ςτό
1386 1689 1600 1764 ἔμπαλιν
1622 1692 1722 1766 γάρ
1742 1691 1768 1746 5
1790 1692 1837 1746 ἐν
1860 1690 2032 1762 ἁγίοις

426 1780 724 1857 Γρηγόριος,
754 1784 839 1836 καί
860 1781 1077 1857 ὕστερον
1102 1782 1307 1837 πάντων
1332 1782 1465 1856 λέγει
1491 1785 1579 1839 τὸν
1602 1779 1856 1862 ἄνθρωπον
1882 1802 2026 1856 γεγε·

426 1875 635 1941 νῆσθαι,
667 1876 754 1929 καί
776 1876 1040 1945 τιμηθῆναι
1066 1874 1169 1931 ὑπὸ
1197 1881 1322 1930 Θεοῦ
1341 1918 1356 1942 ,
1388 1878 1470 1931 καὶ
1504 1876 1794 1947 βασιλεύειν
1817 1884 1919 1932 τῶν
1943 1877 2028 1931 ἐπί

427 1975 525 2039 γῆς
562 1967 780 2022 πάντων.
807 1964 973 2042 ὀπερ
997 1971 1247 2044 τιμωρίας
1274 1970 1365 2038 μὲν
1405 1971 1492 2023 οὑκ
1516 1968 1547 2023 ἒ
1549 1991 1664 2032 στι,
1690 1971 1865 2033 πάσης
1892 1969 1947 2026 δὲ
1968 1972 2029 2028 τό

431 2057 651 2111 ίναντίον
694 2059 937 2130 προνοίας
999 2061 1087 2112 καί
1148 2059 1449 2134 ἐὐεργεσίας
1500 2059 1713 2126 ἔνδειξις
1768 2063 2024 2137 ὑπάρχει.

430 2147 673 2220 Σύμφωνα
702 2145 757 2201 δί
790 2156 902 2208 τοῖς
925 2155 1014 2202 τοῦ
1043 2147 1278 2218 θεολόγον
1300 2152 1594 2229 Γρηγορίου,
1622 2153 1710 2205 καί
1737 2151 1763 2207 5
1794 2153 1842 2206 ἐν
1864 2152 2022 2224 ἁγίοις

436 2235 666 2298 Ἰωάννης
712 2236 1344 2300 όκωνσταντινουπόλεως
1388 2245 1726 2316 πατριάρχης
1777 2244 1911 2315 ἐμᾶς
1952 2242 2029 2299 δι·
2066 2261 2073 2267 '

427 2326 614 2384 δάσκει
640 2331 689 2382 ἐν
708 2336 782 2400 τῷ
804 2328 1056 2403 ἑνδεκάτῳ
1075 2329 1207 2400 λόγῳ
1232 2339 1305 2402 τῷ
1327 2334 1400 2392 είς
1426 2338 1518 2392 τὴν
1547 2336 1733 2398 κτίσιν,
1760 2334 1918 2406 λέγων
1940 2336 2029 2390 οὗ·

431 2435 557 2480 τως·
581 2419 734 2475 «Ἀλλ’
759 2418 886 2481 ἴσως
913 2419 1044 2475 εῗποι
1064 2443 1143 2482 τις
1164 2419 1413 2487 dtur-Ital
1431 2428 1567 2483 τίνος
1590 2424 1755 2479 ἕνεκεν
1778 2429 1824 2480 εἰ
1846 2429 2028 2497 τιμιώ-

429 2530 574 2585 τερον
602 2514 635 2570 ἠ
664 2512 819 2583 ψυχή
848 2518 942 2567 τοῦ
964 2515 1222 2582 σώματος,
1250 2515 1310 2569 τὸ
1334 2512 1546 2570 ἔλαττον
1565 2523 1768 2591 πρῶτον
1791 2510 2032 2595 δημιουρο

431 2608 616 2674 γεῖται,
648 2605 736 2657 καί
758 2602 875 2657 τότε
913 2604 973 2657 τό
1003 2608 1196 2673 μεῖζον,
1229 2607 1311 2658 καί
1334 2606 1620 2679 ὑπερέχον;
1647 2635 1718 2645 ——
1742 2608 1857 2678 Οὑχ
1884 2609 2028 2683 ὁρᾷς,

435 2693 663 2764 ἀγαπητί
679 2733 687 2743 .
706 2690 786 2748 ὅτι
814 2695 903 2747 καί
922 2693 1005 2747 ἐπί
1025 2701 1116 2753 τῆς
1142 2696 1359 2754 κτίσεως
1385 2695 1443 2748 τὸ
1467 2696 1595 2751 αὑτό
1623 2703 1776 2751 τοῦτο
1799 2699 2027 2770 γέγονενς

439 2784 617 2855 ὥσπερ
643 2780 742 2856 γὰρ
767 2782 792 2838 5
821 2784 1046 2860 οὐρανὸς,
1074 2772 1157 2837 καί
1180 2784 1210 2843 ἡ
1229 2793 1314 2856 γῆ.
1339 2787 1422 2839 καί
1446 2784 1472 2840 5
1493 2787 1647 2852 ἥλιος,
1671 2789 1755 2842 καί
1775 2790 1807 2847 ἡ
1827 2790 2028 2857 σελήνη,

438 2878 524 2929 καί
548 2879 610 2930 τὰ
637 2874 761 2932 ἄλλα
784 2878 955 2931 πάντα
978 2875 1369 2954 ἐδημιουργήθη,
1402 2881 1484 2933 καί
1510 2882 1641 2951 μετά
1674 2888 1834 2938 ταῦτα
1862 2886 2030 2940 πάντα

437 2966 466 3023 5
495 2965 757 3043 ἄνθρωπος
789 2967 816 3023 5
852 2969 1048 3024 τούτων
1072 2971 1276 3025 πάντων
1302 2974 1395 3029 τήν
1437 2972 1612 3044 ἀρχὴν
1638 2973 1823 3045 με’λλων
1860 2977 2034 3047 ἐγχει.

437 3061 691 3133 ρίζεσθαι,
734 3062 818 3115 τὸν
844 3061 993 3115 αὑτὸν
1021 3058 1084 3119 δή
1115 3061 1304 3133 τρόπον
1339 3065 1427 3116 καί
1454 3063 1504 3116 ἔν
1680 3073 1743 3137 τῇ
1767 3063 2033 3123 διαπλάσει

438 3158 530 3206 τοῦ
558 3153 844 3227 ἀνθρώπου,
886 3152 1133 3227 πρότερον
1162 3153 1220 3207 τὸ
1243 3160 1394 3224 σῶμα
1435 3154 1744 3222 πλάττεται,
1791 3162 1875 3211 καὶ
1915 3160 2030 3215 τότε

440 3242 472 3299 ἠ
496 3240 649 3311 ψυχή
682 3243 714 3299 ἦ
751 3241 1045 3318 τιμιωτέρα.
1075 3241 1168 3295 ’⁸ον
1194 3244 1296 3318 γάρ
1331 3244 1519 3317 τρόπον
1545 3245 1610 3299 τά
1652 3242 1810 3319 ἄλογα
1851 3252 1917 3304 τά
1961 3256 2033 3311 εἷς

439 3333 732 3404 ὑπηρεσίαν
768 3332 1010 3402 μέλλοντα
1045 3328 1173 3388 εἶναι
1215 3339 1453 3410 χρήσιμα
1499 3336 1600 3409 πρὸ
1637 3343 1729 3392 τοῦ
1766 3341 2033 3416 ἀνθρώπου

438 3419 819 3498 δημιουργεῖται
836 3461 851 3486 ,
878 3423 962 3478 ἶνα
987 3424 1188 3494 ἑτοίμην
1228 3423 1332 3498 ἔχῃ
1359 3431 1449 3485 τήν
1477 3426 1759 3500 ὑπηρεσίαν
1793 3427 1820 3484 5
1847 3432 2035 3501 με’λλων

439 3521 535 3573 τῆς
557 3514 750 3568 τούτων
777 3515 964 3585 χρείας
992 3516 1281 3581 ἀπολαύειν,
1307 3512 1442 3573 οὕτω
1467 3521 1547 3572 καὶ
1568 3519 1627 3574 τὸ
1650 3527 1802 3590 σῶμα
1821 3524 1924 3599 πρὸ
1944 3532 2037 3585 τῆς

438 3602 623 3674 ψυχῆς
660 3603 1078 3679 δημιουργεῖται,
1112 3608 1194 3662 ἵνα
1230 3606 1432 3663 ἐπειδάν
1457 3610 1588 3663 κατὰ
1621 3615 1711 3670 τήν
1748 3612 2035 3687 άπόρρητον

439 3696 596 3751 αὑτοῦ
626 3699 803 3769 σοφίαν
838 3699 869 3756 ἡ
896 3697 1049 3769 ψυχῆ
1078 3700 1353 3774 παραχθῇ,
1385 3697 1504 3770 ἕχει
1545 3702 1639 3761 τάς
1674 3704 1862 3763 οἰκείας
1897 3704 2035 3780 ἐνερ·

438 3788 581 3859 γείας
607 3785 983 3843 ἐπιδείκνυσθαι
1008 3785 1093 3842 διὰ
1111 3794 1203 3847 τῆς
1231 3794 1322 3842 τοῦ
1350 3791 1590 3862 σώματος
1615 3795 1906 3853 κινήσεως.»
1937 3799 2038 3850 Καὶ

440 3881 612 3931 ταῦτα
648 3879 738 3947 μὲν
766 3875 886 3931 ὅσον
916 3875 1167 3941 ἐπιδεῖξαι
1193 3885 1304 3938 τοῖς
1334 3879 1674 3950 ἀκροωμένοις
1699 3878 1777 3936 ὅτι
1803 3885 1868 3939 τά
1907 3886 2039 3941 αὑτά

440 3972 556 4024 τοῖς
581 3963 741 4036 ἁγίοις
768 3968 1001 4042 πατράσι
1029 3968 1360 4040 φθεγγόμεθα,
1399 3978 1670 4043 πανταχοῦ
1696 3977 1788 4033 τήν
1809 3983 1911 4030 τῶν
1934 3976 2006 4047 dou
2028 4010 2032 4014 -

443 4063 558 4126 χῶν
586 4055 905 4135 προὺπαρξιν
927 4058 1212 4135 άναιροῦσι¹
1250 4061 1395 4114 πάλιν
1421 4059 1475 4116 δὲ
1498 4070 1591 4123 τῆς
1617 4063 1766 4134 ἁγίας
1789 4065 2040 4138 λεγούσης

440 4156 633 4227 7W;
661 4151 781 4226 περὶ
800 4155 890 4203 τοῦ
918 4147 1097 4221 Ἀδάμ,
1117 4154 1203 4206 καὶ
1228 4160 1321 4213 τῆς
1344 4150 1497 4216 εὕαςο
1522 4154 1832 4227 (Exilii-mon
1854 4160 2040 4222 αὐτούς

439 4224 622 4298 δ’Θεός
638 4278 654 4300 ,
676 4242 760 4293 καί
783 4234 944 4309 εἶπεν,
965 4270 1030 4281 --
1049 4242 1321 4306 Δὺξάνεσθε
1360 4247 1446 4299 καὶ
1473 4245 1778 4305 πληθύνεσθε
1805 4253 1889 4304 καί
1908 4251 2039 4311 πλη-

441 4331 642 4403 ρὼσατε
659 4336 750 4390 τήν
773 4338 884 4406 γῆν.
901 4334 988 4387 καί
1013 4336 1456 4409 κατακυριεύσατε
1481 4336 1725 4397 αὐτίκ’-υ
1735 4346 1843 4400 πῶς
1871 4338 1975 4417 ἄρα
1995 4345 2041 4398 εί

440 4431 790 4498 προ¹>πῆρχον
817 4425 871 4480 ai
913 4424 1092 4497 ψυχαὶ
1129 4434 1229 4482 τῶν
1255 4429 1540 4498 σωμάτων,
1585 4426 1617 4482 ἶ
1616 4427 1760 4501 μιλλε
1789 4434 1920 4489 κατά
1946 4438 2037 4494 τήν

440 4518 577 4569 θείαν
598 4516 882 4587 πρόσταξιν
918 4517 1211 4581 αὐξάνεσθαι
1238 4519 1300 4574 τά
1326 4519 1737 4595 προϋπάρχοντα
1758 4526 1889 4577 κατά
1914 4519 2044 4588 τούς

439 4605 639 4658 ἐκείνων
677 4606 897 4675 μύθους;
940 4609 1025 4661 καί
1060 4614 1171 4668 πῶς
1209 4605 1355 4682 εἶχεν
1397 4606 1424 4662 5
1467 4610 1591 4670 Θεὸς
1630 4610 1904 4681 εὐλογῆσαι
1941 4612 2036 4671 τὰς

441 4695 628 4767 ψυχάς
656 4704 776 4757 ταῖς
813 4697 1089 4772 ἁμαρτίαις
1113 4697 1209 4759 ἕδη
1242 4700 1617 4762 ὑποπεσούσας
1641 4704 1712 4764 εἰς
1732 4702 1790 4758 τό
1815 4704 2033 4767 αὐξηθῆ-

441 4787 524 4841 ναί
541 4805 619 4852 τε,
646 4788 730 4840 καί
752 4787 1119 4852 πληθυνθῆναις
1150 4789 1520 4864 ἁμαρτήσασαι
1540 4793 1640 4867 γάρ
1667 4792 1719 4847 αί
1746 4791 1920 4864 ψυχαί
1945 4815 2035 4849 κα-

449 4878 614 4952 τάρας
654 4876 841 4948 μᾶλλον
891 4877 1021 4952 ἥπερ
1073 4878 1300 4954 εὐλογίας
1351 4878 1635 4953 ἐτύγχανον
1675 4880 1832 4947 ἄξιαι.
1880 4888 1939 4939 Ei
1979 4883 2034 4940 δὲ

439 4975 784 5047 προϋπῆρχον
804 4967 857 5023 αί
881 4968 1058 5040 ψυχαί
1099 4959 1152 5026 ἐν
1180 4969 1330 5046 ἑτέρᾳ
1356 4972 1494 5036 τάξει
1519 4972 1869 5043 ὑπάρχουσαι
1908 4962 2037 5029 ῗιατά

438 5062 558 5121 τούς
584 5061 871 5134 Ὦριγίνους
908 5062 1129 5132 μύθους,
1159 5061 1245 5119 διά
1281 5067 1334 5120 τί
1377 5064 1523 5136 μόνον
1549 5062 1707 5138 ’Δδάμ
1751 5063 1969 5121 ἔπλασεν
2007 5066 2036 5123 ό

437 5152 593 5216 Θεός;
625 5146 726 5228 ἆρα
746 5153 894 5223 μόνον
914 5155 944 5212 ἡ
968 5153 1121 5226 ψυχή
1141 5162 1232 5211 τοῦ
1254 5152 1411 5226 ’Δδάμ
1432 5156 1545 5211 τότε
1568 5151 1628 5216 ἦν
1650 5154 2028 5231 ἁμαρτήσασα;

440 5244 526 5295 καί
551 5237 639 5298 διά
664 5248 817 5299 τοῦτο
846 5241 898 5297 ἓν
923 5251 1077 5315 σῶμα
1096 5242 1314 5300 ἔπλασεν
1337 5244 1364 5300 5
1389 5245 1542 5309 Θεόςς
1573 5248 1619 5300 εί
1652 5247 1753 5321 γάρ
1781 5243 1914 5306 ἦσαν
1932 5248 2033 5323 πρό

439 5333 629 5386 τούτου
676 5336 763 5389 καί
806 5332 949 5390 ἄλλαι
976 5334 1188 5407 ψυχαί,
1236 5333 1341 5392 ἔδει
1383 5339 1466 5391 καί
1502 5332 1625 5391 ἄλλα
1661 5339 1880 5407 σῶματα
1920 5336 2030 5407 ἅμα

439 5420 726 5480 πλασθῆναι
748 5423 1110 5498 ὑποδεχόμενα
1136 5430 1234 5489 τάς
1260 5426 1466 5498 ψυχάς.
1496 5433 1603 5487 Πῶς
1641 5424 1696 5482 δὲ
1725 5429 1756 5486 ἦ
1793 5426 2028 5501 ἁμαρτή-

439 5534 584 5569 σασα
610 5516 738 5567 κατά
756 5518 877 5577 τούς
902 5518 1066 5573 αὑτῶν
1092 5519 1272 5591 λόγους
1296 5517 1451 5590 ψυχή
1472 5522 1554 5575 καί
1579 5516 1663 5576 διὰ
1682 5520 1932 5593 τιμωρίαν
1958 5522 2028 5582 εἰς

406 5644 409 5647 -
440 5611 594 5677 σῶμα
628 5604 908 5674 βληθεῖσα,
949 5609 1021 5670 εἰς
1061 5611 1147 5665 τόν
1172 5608 1484 5685 παράδεισον
1520 5616 1612 5671 τῆς
1653 5617 1847 5685 τρυφῆς
1884 5611 2029 5688 παρά

439 5700 530 5751 τοῦ
552 5699 736 5771 κυρίου
766 5698 934 5761 ίτέθης
961 5701 1006 5752 εί
1026 5701 1124 5774 γάρ
1152 5699 1235 5756 διά
1259 5703 1507 5777 τιμωρίαν
1539 5704 1741 5774 σώματι
1769 5699 2027 5767 ἐνεϐλήθη,

424 5790 533 5867 «οὐκ
554 5787 604 5841 ἐν
627 5785 920 5865 παραδείσω
946 5797 1032 5852 τῆς
1058 5800 1255 5868 τρυφῆς
1275 5833 1290 5859 ,
1328 5793 1432 5848 ἀλλ’
1459 5795 1510 5849 ίν
1531 5794 1789 5856 κολάσεως
1820 5788 1878 5849 ἂν
1904 5795 2031 5851 άπε-

2115 482 2395 553 disposita,
2413 497 2515 539 nec
2532 480 2816 538 confertim
2836 482 2979 539 edita
3000 498 3031 538 a
3055 482 3235 538 Verbo
3254 497 3434 563 rerum
3453 481 3696 537 omnium

2118 583 2340 645 potente
2365 593 2378 628 :
2411 574 2566 645 cujus
2593 583 2650 630 et
2675 575 2935 644 cogitare,
2966 584 3023 631 et
3049 575 3229 632 dicere
3253 588 3370 631 rem
3416 573 3589 645 ipsam
3613 581 3700 630 est

2115 673 2392 736 praestare.
2436 663 2593 732 Quod
2638 664 2683 721 si
2713 674 3017 736 postremus
3063 665 3227 721 homo
3253 664 3563 734 designatus
3591 670 3705 733 est,

2118 756 2281 824 idque
2300 769 2463 810 manu
2484 754 2602 824 Dei,
2625 763 2683 811 et
2706 756 2935 826 imagine
2956 757 3252 814 honoratus
3277 773 3291 811 :
3324 754 3453 809 nihil
3474 755 3700 813 mirum:

2118 845 2168 899 ei
2196 844 2341 900 enim
2370 852 2626 916 tanquam
2654 845 2769 917 regi
2813 846 3054 916 oportuit
3097 846 3245 915 prius
3290 845 3490 914 regiam
3521 844 3704 898 aulam

2117 936 2436 1006 subsistere,
2489 951 2556 993 ac
2599 936 2792 993 deinde
2837 951 3022 1008 regem
3050 936 3252 1006 induci,
3307 936 3549 992 omnium
3583 935 3705 1005 jam

2119 1025 2274 1097 quasi
2300 1025 2555 1081 satellitio
2581 1027 2837 1096 stipatum
2868 1041 2933 1082 ac
2951 1028 3235 1082 munitum.
3268 1043 3284 1077 ι
3318 1024 3705 1094 Quamobrem,

2120 1116 2166 1172 si
2194 1132 2262 1172 ex
2305 1115 2549 1184 Gregorii
2580 1116 2839 1187 Theologi
2867 1116 3131 1181 doctrina,
3178 1115 3397 1172 ultimus
3424 1117 3588 1172 homo
3617 1125 3704 1171 est

2121 1208 2458 1277 designatus,
2493 1209 2653 1278 idque
2679 1207 2775 1264 Dei
2802 1225 2966 1264 manu
2991 1249 3007 1278 ,
3042 1217 3098 1264 et
3123 1207 3353 1278 imagine
3390 1210 3709 1274 honoratus.

2122 1317 2187 1357 ac
2211 1302 2395 1356 omnia
2420 1317 2451 1356 a
2477 1301 2589 1357 Deo
2617 1301 2691 1356 illi
2721 1309 3019 1371 prmparata
3062 1310 3222 1368 sunt,
3268 1301 3425 1372 eique
3454 1309 3710 1371 tanquam

2122 1393 2235 1463 regi
2267 1393 2415 1463 prius
2443 1394 2671 1447 subsunt
2697 1392 2895 1461 palatia
2919 1432 2934 1457 ,
2966 1391 3150 1460 sicque
3177 1406 3210 1445 a
3236 1390 3346 1446 Deo
3375 1390 3713 1459 introductus

2124 1493 2223 1549 cst,
2254 1484 2492 1538 omnium
2510 1483 2621 1552 jam
2644 1483 2871 1551 stipatus
2892 1481 3150 1552 obsequio
3175 1499 3188 1535 :
3210 1482 3481 1552 quomodo
3502 1481 3709 1550 dicunt,

2126 1575 2215 1647 qui
2239 1576 2393 1646 juxta
2419 1575 2705 1643 Origenem
2732 1574 3020 1644 desipiunt,
3051 1573 3451 1644 prmexistentes
3479 1574 3710 1642 animas,

2127 1680 2348 1742 propter
2375 1680 2598 1741 peccata
2630 1671 2683 1724 in
2713 1686 2943 1741 corpora
2970 1670 3210 1739 demitti,
3246 1670 3394 1740 prius
3421 1672 3711 1728 commissa

2057 1758 2100 1819 Β
2127 1764 2387 1819 luiturus?
2433 1762 2634 1818 Contra
2673 1762 2815 1818 enim
2854 1771 3071 1818 sanctus
3105 1761 3395 1831 Gregorius
3423 1771 3478 1818 ct
3501 1772 3714 1833 postre-

2128 1870 2275 1909 mum
2305 1854 2546 1909 omnium
2590 1854 2861 1909 hominem
2902 1852 3099 1909 factum
3132 1867 3252 1908 esse
3281 1852 3432 1919 dicit,
3461 1861 3515 1908 ct
3539 1869 3568 1908 a
3600 1853 3714 1910 Deo

2131 1945 2477 2009 honoratum,
2513 1953 2568 1999 et
2596 1944 2658 2000 iis
2692 1944 2939 1999 omnibus
2966 1958 3085 2014 quae
3114 1943 3165 1998 in
3210 1951 3349 1997 terra
3386 1952 3512 1998 sunt
3537 1942 3715 1998 domi-

2131 2037 2248 2091 πηκδὶ
2277 2054 2290 2089 z
2321 2035 2463 2105 quod
2504 2050 2635 2091 sane
2663 2050 2837 2106 pruna:
2874 2050 2982 2089 non
3013 2042 3113 2100 est,
3145 2033 3240 2089 sed
3268 2034 3551 2103 singularis
3578 2033 3715 2091 Pro-

2130 2130 2377 2184 ridentim
2424 2145 2488 2185 ac
2536 2129 2783 2185 beneficii
2835 2128 3175 2198 significatio.
3227 2127 3502 2196 Thcologo
3551 2143 3715 2196 porro

2127 2218 2390 2287 Gregorio
2428 2219 2695 2275 consentit
2722 2218 2894 2275 sancti
2927 2217 3149 2274 Joannis
3175 2217 3717 2288 Constantinopoleos

2128 2309 2449 2379 patriarcha:
2484 2309 2730 2364 doctrina
2770 2309 2821 2364 in
2863 2309 3146 2364 undecimo
3175 2323 3424 2364 sermone
3462 2308 3529 2363 de
3557 2324 3716 2363 crea-

2130 2398 2294 2463 tione,
2325 2399 2403 2453 sic
2428 2400 2571 2454 enim
2599 2398 2725 2454 dicit
2755 2398 2938 2472 (Hom.
2973 2399 3038 2453 l5
3070 2401 3124 2454 in
3154 2397 3366 2469 Cenes.)
3402 2418 3414 2453 :
3452 2419 3471 2452 ι
3508 2400 3578 2455 At
3608 2401 3718 2456 for-

2131 2496 2272 2543 tasse
2299 2489 2443 2544 dicat
2467 2489 2661 2557 aliquis
2692 2507 2704 2541 :
2736 2488 2864 2554 Cur,
2888 2489 2936 2544 si
2959 2488 3137 2543 anima
3166 2489 3455 2559 pretiosior
3481 2497 3565 2544 est
3588 2504 3715 2544 cor-

2129 2603 2293 2658 pore,
2327 2588 2471 2658 quod
2522 2587 2744 2644 inferius
2788 2596 2873 2645 cst
2913 2588 3064 2660 prius
3111 2587 3199 2652 fit,
3236 2603 3300 2643 ac
3327 2587 3541 2645 demum
3569 2588 3718 2658 quod

2131 2680 2304 2749 majus
2329 2688 2414 2736 est
2439 2696 2504 2736 ac
2544 2680 2809 2736 nobilius?
2848 2681 3041 2736 Annon
3066 2679 3246 2749 vides,
3276 2680 3487 2747 dilecte,
3519 2680 3572 2735 in
3601 2680 3719 2751 ipsa

2131 2772 2406 2827 creatione
2421 2771 2557 2825 idem
2578 2771 2683 2827 hoc
2704 2770 2906 2827 factum
2928 2771 3080 2827 csse?
3105 2769 3551 2841 quemadmodum
3570 2768 3722 2825 enim

2133 2864 2359 2931 coelum,
2399 2875 2455 2920 ct
2485 2876 2658 2933 terra,
2686 2873 2741 2921 et
2767 2865 2878 2933 soi,
2920 2872 2977 2921 et
3004 2865 3163 2934 luna,
3205 2875 3505 2936 ceteraque
3534 2865 3720 2921 omnia

2136 2940 2391 3010 fabricata
2416 2964 2573 3022 sunt,
2602 2971 2666 3011 ac
2693 2964 3024 3026 postremum
3049 2954 3242 3023 homo,
3273 2954 3359 3009 cui
3385 2968 3568 3009 eorum
3594 2968 3719 3009 om-

2137 3045 2283 3099 nium
2329 3045 2609 3116 imperium
2648 3044 3008 3101 mandandum
3057 3044 3231 3100 fuerat
3262 3063 3275 3097 :
3302 3044 3458 3101 sicin
3486 3043 3725 3115 plasma~

2059 3122 2105 3184 C
2138 3135 2284 3191 tione
2310 3136 2561 3202 hominis,
2587 3136 2816 3206 primum
2848 3135 3109 3191 formatur
3132 3150 3347 3205 corpus,
3377 3142 3486 3189 tum
3514 3134 3729 3201 anima,

2136 3237 2256 3293 quae
2280 3223 2648 3303 honorabilior
2674 3233 2773 3281 est.
2802 3223 2936 3279 Nam
2962 3232 3022 3280 ut
3050 3226 3289 3296 expertia
3327 3225 3570 3288 rationis,
3599 3239 3727 3295 quae

2134 3313 2203 3368 ad
2232 3314 2515 3370 utilitatem
2550 3322 2605 3370 et
2638 3314 2956 3386 obsequium
2993 3315 3353 3386 parabantur,
3394 3324 3522 3371 ante
3545 3316 3728 3371 homi-

2134 3422 2258 3461 nem
2289 3408 2568 3475 exstitere,
2601 3416 2659 3462 ut
2687 3417 2872 3478 parata
2904 3408 3201 3464 ministeria
3231 3407 3476 3475 haberet,
3506 3410 3598 3478 qui
3626 3424 3729 3465 eo-

2135 3513 2253 3551 rum
2281 3498 2579 3553 commodis
2609 3496 2707 3553 frui
2738 3498 2971 3554 debebat
3002 3516 3016 3551 :
3050 3499 3124 3554 ita
3154 3506 3209 3553 et
3232 3513 3427 3569 corpus
3454 3507 3579 3554 ante
3606 3499 3730 3554 ani-

2136 3606 2278 3644 mam
2330 3590 2643 3645 fabricatum
2694 3596 2818 3656 est,
2866 3597 2926 3644 ut
2972 3605 3095 3645 cum
3134 3588 3287 3659 juxta
3324 3590 3588 3645 occultam
3629 3589 3731 3645 Dei

2136 3680 2460 3751 sapientiam
2488 3681 2669 3736 anima
2699 3681 3058 3745 induceretur,
3089 3680 3305 3749 propria
3335 3678 3510 3735 oﬂicia
3539 3690 3733 3749 posset

2137 3778 2289 3824 motu
2316 3771 2559 3840 corporis
2587 3772 2827 3841 exsequi.
2867 3788 2887 3823 ι
2942 3768 3117 3838 Atque
3144 3769 3257 3823 haec
3282 3769 3413 3824 satis
3439 3768 3504 3823 ad
3534 3777 3723 3824 osten-

2136 3860 2369 3916 dendum
2398 3862 2734 3918 audientibus
2756 3904 2773 3930 ,
2822 3878 2921 3918 nos
2949 3861 3147 3931 ubique
3190 3861 3377 3916 eadem
3421 3861 3621 3916 sentire
3656 3876 3733 3919 ac

2136 3961 2318 4018 dicere
2364 3977 2484 4031 qua:
2529 3961 2717 4017 Patres
2742 4004 2758 4030 ,
2804 3962 2893 4031 qui
2933 3961 3232 4015 animarum
3271 3960 3732 4029 prmexistentiam

2140 4054 2356 4108 tollunt.
2401 4053 2665 4109 Praeterea
2693 4096 2709 4121 ,
2748 4052 2872 4109 cum
2911 4063 3096 4108 sancta
3134 4051 3410 4123 Scriptura
3448 4050 3516 4108 de
3549 4050 3731 4108 Adam

2137 4155 2302 4216 atque
2332 4143 2445 4200 Eva
2473 4144 2617 4201 dicat
2647 4163 2660 4199 :
2694 4144 2965 4200 Benedixit
2994 4161 3083 4199 eos
3124 4142 3279 4208 Deus,
3312 4151 3361 4197 et
3389 4142 3524 4197 dixit
3549 4159 3569 4197 :
3598 4141 3732 4198 Cre-

2137 4238 2281 4303 scite,
2313 4246 2363 4291 et
2390 4236 2825 4308 multiplicamini,
2855 4246 2905 4291 et
2934 4236 3125 4308 replete
3144 4244 3377 4304 ‘terram,
3402 4243 3453 4289 et
3479 4235 3730 4290 domina-

2137 4329 2341 4383 miniei
2390 4327 2542 4399 (Gen.
2575 4328 2615 4399 ι)
2662 4328 3016 4398 :quomodo,
3065 4329 3111 4383 si
3157 4327 3349 4383 anima:
3394 4328 3734 4399 antiquiores

2136 4417 2289 4475 fuere
2313 4420 2647 4490 corporibus,
2673 4419 2906 4474 futurum
2937 4418 3052 4484 fuit,
3080 4428 3139 4474 ut
3166 4418 3458 4475 secundum
3486 4418 3734 4475 divinum

2140 4511 2422 4582 imperium
2460 4519 2766 4568 crescerent
2801 4526 2865 4566 ac
2893 4509 3396 4580 multiplicarentur,
3428 4525 3547 4580 quae
3572 4516 3730 4575 ante,

2133 4602 2290 4674 juxta
2332 4620 2521 4660 eorum
2573 4603 2780 4660 fabulas
2826 4603 3020 4658 erant?
3072 4611 3129 4658 et
3171 4601 3443 4674 quomodo
3493 4600 3734 4657 habebat

2139 4695 2283 4751 Deus
2324 4694 2647 4751 benedicere
2688 4695 2897 4750 animas
2928 4692 3038 4763 jam
3077 4692 3130 4747 in
3159 4699 3379 4762 peccata
3416 4690 3621 4761 lapsas,
3654 4690 3734 4747 ad

2139 4785 2484 4842 crescendum
2510 4795 2568 4840 et
2591 4783 3090 4856 multiplicandum?
3119 4782 3324 4837 Anima:
3351 4782 3495 4838 enim
3523 4794 3735 4852 pecca—

2137 4879 2208 4933 tis
2232 4878 2612 4935 contaminatae
2631 4918 2649 4943 ,
2692 4877 3075 4933 maledictionc
3098 4875 3281 4947 potius
3308 4889 3471 4944 quam
3496 4871 3734 4930 benedi-

2137 4970 2317 5026 ctione
2343 4969 2516 5037 digna:
2540 4976 2715 5023 erant.
2763 4967 2916 5024 Atsi
2952 4968 3145 5022 anima:
3187 4964 3628 5037 praeexistebant,
3665 4971 3735 5021 et

2133 5060 2286 5131 juxta
2315 5059 2560 5128 Origenis
2603 5059 2828 5126 fabulas,
2861 5060 2916 5115 in
2944 5059 3051 5115 alio
3079 5067 3237 5115 erant
3278 5057 3505 5113 ordine:
3530 5070 3731 5126 quam-

2139 5151 2328 5206 obrem
2356 5151 2528 5207 solum
2559 5150 2727 5205 Adam
2753 5151 3039 5223 plasmavit
3067 5151 3241 5206 Deus?
3288 5165 3355 5204 an
3393 5165 3522 5205 vero
3552 5147 3734 5203 Adam

2132 5243 2309 5297 anima
2343 5250 2453 5297 tum
2484 5243 2599 5298 sola
2627 5249 2898 5313 peccarat,
2923 5258 2988 5298 ac
3016 5248 3304 5313 propterea
3334 5256 3497 5296 unum
3524 5253 3736 5307 corpus

2131 5349 2160 5387 a
2186 5332 2298 5389 Deo
2322 5332 2676 5389 fabricatum?
2702 5333 2759 5389 Si
2785 5334 2927 5390 cnim
2953 5343 3110 5389 antea
3131 5332 3248 5387 alire
3269 5331 3459 5386 anima:
3484 5330 3732 5399 fuerunt,

2130 5423 2235 5478 alia
2263 5439 2491 5494 corpora
2516 5424 2677 5480 simul
2694 5425 2944 5480 fabricari
2965 5426 3226 5496 oportuit,
3248 5436 3369 5493 quae
3388 5420 3735 5490 susciperent

2131 5514 2359 5570 animas.
2409 5513 2475 5570 Et
2500 5515 2775 5584 quomodo
2820 5515 3111 5586 peccatrix,
3144 5522 3202 5569 ut
3229 5528 3418 5568 eorum
3448 5519 3530 5567 est
3555 5509 3732 5582 ratio,

2131 5607 2310 5663 anima
2338 5608 2583 5680 supplicii
2613 5624 2774 5665 causa
2795 5609 2847 5664 in
2868 5623 3065 5679 corpus
3090 5607 3354 5678 conjecta,
3386 5606 3439 5661 in
3468 5603 3728 5677 paradiso

2133 5699 2447 5756 deliciarum
2478 5717 2508 5756 a
2541 5701 2653 5757 Deo
2696 5700 2872 5771 posita
2900 5701 3030 5758 est?
3081 5698 3215 5755 Nam
3242 5699 3287 5754 si
3319 5707 3377 5753 ut
3404 5710 3590 5769 poenas
3616 5696 3725 5752 de-

2138 5790 2401 5860 penderet
2430 5793 2481 5849 in
2513 5808 2712 5862 corpus
2740 5801 2889 5850 esset
2917 5793 3100 5861 missa,
3129 5807 3233 5847 non
3264 5790 3319 5846 in
3347 5789 3440 5849 illo
3459 5786 3717 5864 paradiso
