4032 6190
344 247 453 300 189

1370 251 1750 310 JUSTINIANI
1788 253 1918 310 LIB.
1970 251 2129 309 ADV.
2171 254 2548 312 ORIGENEM.

3488 275 3588 328 190

334 366 507 419 τίθετο
543 363 686 435 τόπῳ
709 379 723 393 ’
759 372 1002 422 τοσοῦτον
1035 365 1090 422 δί
1121 366 1148 423 6
1189 370 1315 430 Θεὸς
1349 371 1583 442 ἠγάπησε
1614 373 1700 426 τὸν
1742 368 1934 446 ἄνθρω-

2038 365 2125 420 sed
2157 367 2208 420 in
2239 371 2483 440 supplicii
2534 372 2654 428 loco
2700 375 3077 437 collocaretur.
3123 375 3429 447 Tatlopt‘t‘c
3481 393 3605 428 γυνη

336 476 457 520 πον,
483 453 536 510 ὃν
567 457 697 536 μετά
726 460 900 511 πάντα
927 459 996 512 τά
1017 456 1444 531 δημιουργήματα
1478 460 1726 527 ἔπλασεν,
1754 461 1834 518 ότι
1857 466 1938 514 καί

333 543 474 608 μετά
505 543 562 593 τό
592 544 883 614 παραϐῆναι
909 543 1064 596 αύτόν
1106 551 1196 604 την
1227 545 1455 601 δοθεῖσαν
1492 549 1633 620 αύτῷ
1672 551 1816 620 παρά
1844 554 1936 603 τοῦ

333 635 468 683 Θεοῦ
498 629 718 695 ἐντολήν,
752 635 835 686 καί
871 631 955 688 διά
981 641 1134 690 τοῦτο
1157 637 1449 696 ἐκϐληθῆναι
1480 644 1568 692 τοῦ
1596 639 1932 712 παραδείσου,

333 721 678 792 αὐξανομένου
707 732 796 779 τοῦ
815 727 991 798 γένους
1019 736 1118 782 τῶν
1147 729 1444 802 ἀνθρώπων,
1460 734 1544 785 καί
1562 731 1934 802 πληθυνομένης

331 822 429 873 τῆς
454 814 714 888 ἁμαρτίας
739 815 824 871 διὰ
855 819 911 871 τό
937 819 1188 888 ἕγιιεῐσθαι
1215 825 1306 878 τήν
1349 818 1573 876 διάη-αν
1615 830 1714 877 τῶν
1747 826 1936 896 ἀνθρὼ-

331 927 452 960 πων
491 907 740 978 ἐπιμελῶς
777 905 863 962 ἐπί
887 910 954 964 τά
985 914 1228 986 χείρονα,
1275 913 1332 966 ού
1374 912 1621 988 περιεῖδεν
1657 914 1683 968 6
1713 917 1834 977 Θεὸς
1867 919 1935 976 ὠς

332 998 530 1069 ἁγαθός
557 1001 616 1052 τό
649 996 774 1053 ἴδιον
801 1001 1043 1072 πλάσμα,
1075 1003 1200 1058 ά).λά
1222 1001 1474 1082 διαφόροις
1501 1006 1786 1064 ἐνουθέτησε
1816 1005 1933 1080 τρό-

332 1108 458 1150 ποις
487 1096 595 1150 τοῖς
620 1090 724 1144 ἀπὸ
758 1099 852 1151 τῆς
879 1091 1030 1164 ἁγίας
1065 1092 1382 1167 δηλουμένοις
1410 1105 1606 1171 γραφῆς
1625 1112 1636 1122 °
1683 1095 1854 1156 ἐπειδή
1881 1096 1934 1152 δὲ

333 1180 422 1235 ini
450 1179 747 1252 δεινοτέροις
774 1190 880 1242 τοῖς
915 1184 1291 1260 άρρωστήμασι
1333 1189 1553 1256 μείζονος
1586 1185 1822 1259 ἐδεόμεθα
1851 1191 1935 1242 καί

333 1276 430 1328 τῆς
456 1266 775 1343 (θεραπείας)
821 1272 1078 1344 ἰατρείας,
1109 1273 1258 1333 αὐτὸς
1293 1272 1319 1327 6
1363 1281 1627 1345 μονογενής
1669 1283 1761 1330 τοῦ
1803 1283 1932 1330 Θεοῦ

334 1355 508 1430 λόγος,
536 1358 564 1412 ό
585 1355 674 1423 εἷς,
701 1361 944 1414 τουτέστι
961 1362 1019 1415 τῦ
1042 1358 1094 1413 ἓν
1120 1361 1391 1435 πρόσωπον
1412 1371 1502 1423 τῆς
1528 1363 1674 1434 ἁγίας
1701 1363 1930 1440 τριάδος,

336 1447 424 1503 διά
449 1453 543 1508 τήν
587 1451 776 1503 ἑαυτοῦ
821 1449 1492 1527 φιλανθρωπίανᾶνθρωπος
1537 1459 1734 1528 γίνεται
1773 1458 1934 1527 μένων

332 1541 492 1605 Θεὸς,
525 1538 655 1613 μηδέ
696 1545 787 1599 τήν
823 1541 988 1600 θείκήν
1020 1543 1182 1597 αύτοῦ
1219 1545 1398 1599 ούσίαν
1428 1545 1710 1607 ἀλλοιώσας
1740 1550 1813 1608 εἰς
1847 1552 1935 1606 την

334 1637 657 1710 ἀνθρωπίνην
675 1679 688 1698 ,
718 1635 845 1704 μηδέ
875 1642 966 1696 τήν
1006 1639 1320 1713 ἀνθρωπίνην
1356 1642 1514 1695 αὐτοῦ
1541 1642 1712 1696 ούσίαν
1741 1646 1814 1701 είς
1843 1647 1933 1701 τήν

2033 457 2222 512 dilexit
2263 460 2535 516 hominem
2567 462 2708 518 Deus
2733 509 2748 533 ,
2791 480 2950 534 quem
2980 477 3104 539 post
3129 485 3317 525 omnes
3342 475 3611 528 creaturas

2032 548 2385 607 fabricaverat
2409 595 2426 621 ,
2457 565 2515 609 ut
2543 571 2662 612 cum
2703 557 2794 614 ille
2841 568 3204 631 transgressus
3242 569 3387 616 esset
3429 560 3615 616 datum

2030 639 2132 694 sibi
2155 641 2504 714 prmc'eptum,
2529 662 2593 702 ac
2620 648 2818 705 idcirco
2839 665 2869 704 e
2891 652 3140 720 paradiso
3165 663 3309 707 esset
3329 651 3609 721 expulsus;

2035 731 2320 776 crescente
2336 723 2614 777 hominum
2631 738 2854 793 genere,
2868 733 2922 778 et
2937 724 3205 794 gliscente
3217 735 3462 793 peccato,
3478 731 3625 793 quod

2033 814 2294 884 cogitatio
2320 815 2561 872 hominis
2593 816 2660 871 ad
2691 817 2969 873 deteriora
3003 833 3172 888 pravo
3196 817 3382 874 studio
3408 819 3626 873 incum-

2035 910 2203 970 ιλιι-ει,
2233 909 2544 979 ﬁgmentum
2569 926 2728 966 suum
2755 910 2916 976 Deus,
2943 921 3000 965 ut
3025 921 3149 980 pote
3169 911 3369 974 bonus.
3393 929 3498 966 non
3526 929 3624 968 nc-

2030 1002 2281 1067 glexerit,
2297 1003 2391 1056 sed
2413 1003 2600 1058 multis
2622 1004 2798 1059 modis
2815 1003 3226 1074 reprehenderit
3247 1014 3298 1058 et
3318 1005 3621 1073 castigarit,

2029 1091 2190 1143 sicuti
2215 1101 2407 1146 sancta
2435 1092 2722 1162 Scriptura
2746 1093 3044 1160 signiﬁcat.
3073 1091 3371 1164 Postquam
3400 1109 3530 1148 vero
3551 1095 3622 1148 ob

2027 1183 2306 1250 graviores
2323 1184 2546 1240 morbos
2561 1187 2769 1254 majore
2784 1185 3052 1240 medicina
3067 1185 3424 1256 indiguimus,
3442 1185 3619 1255 ipsum

2030 1277 2366 1344 unigenitum
2402 1277 2492 1332 Dei
2524 1275 2784 1340 Verbum,
2815 1293 2980 1341 unus,
3006 1277 3060 1331 id
3086 1286 3189 1343 est,
3219 1294 3324 1332 una
3360 1294 3618 1347 persona,

2029 1378 2232 1424 Sanctae
2263 1370 2571 1435 Trinitatis,
2606 1380 2827 1440 propter
2855 1371 3245 1440 benignitatem
3272 1385 3427 1425 Suam
3453 1372 3617 1422 homo

2031 1463 2106 1526 tit,
2129 1478 2355 1519 manens
2373 1461 2536 1529 Deus,
2558 1479 2657 1518 nec
2681 1464 2866 1518 divina
2891 1479 2990 1518 sua
3011 1463 3317 1518 substantia
3341 1464 3394 1516 in
3424 1464 3620 1516 huma-

2029 1570 2152 1608 nam
2172 1570 2460 1620 conversa,
2476 1573 2574 1612 nec
2598 1557 2835 1612 humana
2858 1558 2912 1610 in
2934 1556 3175 1611 divinam
3198 1565 3426 1621 mutata;
3453 1573 3621 1611 unus-

2026 1664 2134 1716 que
2161 1659 2242 1704 est
2271 1665 2336 1704 ac
2366 1651 2507 1705 idem
2540 1651 2610 1718 in.
2632 1660 2866 1721 utraque
2886 1661 3108 1714 natura,
3130 1651 3186 1705 in
3217 1651 3394 1720 iisque
3423 1650 3620 1703 incon-

335 1730 506 1787 θείκήν
528 1729 846 1799 μεταϐαλών.
873 1731 964 1782 Καὶ
994 1727 1027 1783 ἕ
1029 1751 1141 1783 στιν
1169 1727 1238 1790 εἷς
1266 1733 1351 1785 καί
1375 1729 1401 1785 6
1429 1732 1576 1792 αὐτὸς
1599 1733 1648 1786 ἐν
1673 1733 1935 1808 ἑκατέραις

2038 1741 2149 1796 iuse
2171 1752 2336 1812 atque
2367 1743 2605 1799 indivise
2630 1745 3008 1814 cognoscitur.
3035 1744 3262 1798 Manens
3286 1744 3435 1798 enim
3469 1744 3614 1812 quod

336 1827 458 1880 ταῖς
497 1822 708 1892 φύσεσιν
750 1821 1076 1892 ἀσυγχύτους
1104 1825 1190 1874 καί
1229 1819 1529 1892 άδιαιρέτως
1551 1823 1932 1898 γνωριζόμενος.

334 1912 524 1974 Μείνας
557 1915 657 1987 γάρ
689 1911 817 1989 ὅπερ
846 1911 933 1976 ἦν,
967 1914 1167 1985 γέγονεν
1195 1911 1321 1990 ὅπερ
1342 1917 1430 1969 οὐκ
1455 1912 1534 1975 ἧν.
1569 1917 1666 1970 Καὶ
1691 1917 1776 1970 τόν
1805 1917 1935 1988 ὀφει-

336 2003 549 2076 λόμενον
574 2005 781 2060 θάνατον
804 2003 932 2078 παρ’
960 2007 1101 2075 ἡμῶν
1122 2007 1178 2058 ἐκ
1202 2015 1294 2065 τῆς
1323 2003 1407 2061 διά
1425 2011 1514 2064 τήν
1534 2007 1833 2080 παράϐασιν
1855 2029 1939 2061 κα·

336 2099 625 2172 τακρίσεως
641 2137 655 2162 ,
683 2099 733 2152 ἐν
757 2106 820 2172 τῇ
846 2096 952 2172 ίδίᾳ
977 2101 1134 2173 σαρκί
1175 2097 1566 2170 ἀναδεξάμενος,
1600 2099 1936 2175 ἠλευθέρωσεν

337 2192 482 2259 ἡμᾶς
520 2196 613 2245 τοῦ
658 2192 860 2246 αίωνίου
896 2192 1145 2261 θανάτου,
1175 2193 1396 2267 άπαρχη
1435 2201 1535 2248 τῶν
1576 2197 1936 2265 κεκοιμημένων

334 2280 606 2352 γενόμενος
624 2323 638 2343 ,
670 2283 750 2335 καί
777 2281 1098 2356 πρωτότοκος
1125 2282 1355 2343 ἀναστάς
1381 2283 1433 2336 ἔκ
1460 2291 1643 2355 νεκρῶν
1673 2289 1936 2360 συνήγειρε

336 2374 428 2426 καί
460 2373 782 2426 συνεκάθισεν
814 2375 948 2444 ἡμᾶς
977 2374 1027 2426 ἄν
1057 2381 1164 2434 τοῖς
1204 2373 1551 2449 ἐπουρανίοις,
1600 2375 1759 2434 καθὼς
1801 2377 1938 2446 ἡμᾶς

337 2461 575 2520 διδάσκει
595 2467 626 2523 ἡ
655 2467 964 2525 άποστολική
991 2465 1303 2544 παράδοσις.
1334 2470 1388 2520 Εἰ
1409 2470 1509 2542 γάρ
1537 2471 1623 2523 καί
1643 2474 1734 2529 τήν
1763 2471 1938 2543 ἀρχὴν

338 2558 369 2615 ἦ
397 2559 682 2631 ἀνθρωπίνη
717 2560 866 2630 φύσις
907 2557 993 2614 διά
1020 2564 1110 2618 τήν
1136 2565 1400 2634 παρακοήν
1430 2561 1675 2637 ἐστερήθη
1714 2568 1806 2616 τοῦ
1837 2583 1939 2616 πα-

338 2649 615 2724 ραδείσου,
648 2650 755 2706 ἀλλ’
797 2649 934 2722 ὅμως
964 2655 1033 2712 ὡς
1075 2650 1304 2728 εἴρηται,
1346 2651 1372 2707 ό
1400 2657 1672 2725 μονογενής
1714 2654 1824 2714 υίὸς
1847 2660 1938 2708 τοῦ

338 2747 471 2796 Θεοῦ
495 2739 579 2795 διά
607 2747 700 2800 τήν
732 2741 917 2801 πολλὴν
953 2743 1156 2816 ἀγάπην
1180 2744 1330 2797 αὐτοῦ
1347 2785 1362 2810 ,
1401 2745 1460 2802 ἣν
1483 2746 1744 2814 ἠγάπησεν
1771 2749 1905 2816 ἡμᾶς
1922 2786 1937 2809 ,

339 2836 432 2890 τήν
473 2832 727 2904 ἡμετέραν
762 2833 910 2902 φύσιν
950 2832 1143 2892 ἔνώσας
1185 2831 1352 2899 ἰαυτῷ
1401 2831 1773 2893 άδιασπάστνιις
1831 2833 1939 2888 καθ’

339 2921 668 2984 ὑπόστασιν,
697 2921 747 2975 ἐν
781 2930 844 2996 τῇ
873 2925 1043 2997 μήτρᾳ
1064 2929 1156 2983 τῆς
1189 2920 1335 2996 ἁγίας
1361 2920 1562 2988 ἰνδόξου
1600 2925 1829 2980 θεοτόκου
1855 2927 1940 2978 καί

338 3014 678 3091 άεεπαρθένου
703 3017 932 3089 Μαρίας,
963 3015 1186 3084 μείζονος
1213 3017 1346 3086 ἡμᾶς
1377 3017 1558 3080 ἠξίωσε
1586 3018 1822 3092 χάριτος,
1849 3021 1940 3076 τήν

2025 1843 2164 1898 erat,
2197 1837 2400 1891 factum
2437 1845 2521 1892 est
2553 1837 2697 1907 quod
2743 1851 2850 1891 non
2882 1846 3001 1892 erat
3033 1855 3045 1890 :
3089 1846 3431 1904 mortemque
3460 1835 3620 1890 nobis

2027 1925 2267 1981 debitam
2319 1945 2384 1984 ex
2418 1929 2876 2001 transgressionis
2905 1929 3281 1992 damnatione,
3317 1927 3370 1980 in
3398 1927 3616 1996 prppria

2025 2033 2087 2072 ca
2097 2035 2191 2074 rne
2208 2021 2540 2090 suscipiens,
2554 2031 2756 2078 aeterna
2779 2038 2878 2076 nos
2896 2029 3071 2076 morte
3085 2021 3355 2084 liberavit,
3368 2018 3618 2082 primitias

2025 2112 2403 2166 dormientium
2417 2115 2618 2182 Iactus,
2638 2131 2702 2168 ac
2721 2113 3100 2183 primogenitus
3114 2127 3388 2180 resurgens
3398 2125 3464 2163 ea:
3477 2126 3615 2162 mor-

2026 2206 2152 2267 tuis,
2181 2208 2557 2260 consuscitavit
2586 2216 2635 2260 et
2668 2205 2944 2260 consedere
2966 2223 3058 2258 nos
3081 2206 3205 2272 fecit
3232 2205 3285 2256 in
3317 2201 3617 2256 catestibus

2035 2275 2088 2346 (Ι
2116 2275 2238 2332 Cor.
2265 2292 2370 2342 xv;
2404 2275 2604 2331 Coloss.
2631 2293 2678 2341 ις
2712 2278 2908 2348 [ip/res.
2936 2279 2994 2351 ιι)
3023 2298 3036 2334 :
3061 2283 3513 2349 quemadmodum
3539 2297 3630 2338 nos

2037 2367 2198 2423 docet
2233 2368 2450 2423 traditio
2490 2369 2813 2438 apostolica.
2860 2370 3114 2436 Quamvis
3144 2373 3287 2428 enim
3315 2389 3346 2427 a
3374 2374 3634 2443 principio

2039 2461 2276 2516 humana
2304 2471 2495 2516 natura
2525 2470 2748 2532 propter
2777 2463 3194 2519 inobedientiam
3236 2467 3443 2536 privata
3473 2483 3632 2536 para-

2038 2553 2157 2608 diso
2179 2560 2262 2608 est
2293 2571 2305 2606 :
2337 2561 2540 2618 tamen,
2572 2561 2630 2607 ut
2650 2561 2734 2608 est
2753 2553 2974 2618 dictum,
3003 2555 3309 2625 Unigenitus
3340 2555 3440 2610 Dei
3467 2555 3634 2611 Filius

2040 2653 2250 2714 propter
2299 2645 2515 2698 multam
2571 2645 2878 2700 charitatem
2934 2664 3084 2700 suam
3128 2665 3230 2719 qua
3297 2649 3481 2703 dilexit
3543 2666 3635 2704 nos

2042 2734 2261 2806 (Ephes.
2293 2733 2392 2804 ιι),
2442 2744 2690 2790 naturam
2738 2745 2978 2792 nostram
3026 2739 3127 2793 sibi
3178 2740 3368 2796 unicus
3411 2740 3635 2794 indivise

2041 2827 2339 2882 secundum
2380 2829 2784 2884 subsistentiam
2832 2830 2887 2884 in
2937 2840 3094 2886 utero
3147 2841 3347 2888 sancta:
3387 2833 3636 2898 gloriosa:

2043 2918 2138 2973 Dei
2185 2918 2458 2987 genitricis
2497 2935 2712 2990 semper
2757 2919 2972 2990 virginis
3013 2921 3231 2988 Mariae,
3282 2922 3474 2991 majori
3538 2939 3637 2979 nos

2043 3008 2292 3077 dignatus
2319 3018 2402 3064 est
2427 3010 2628 3078 gratia,
2660 3009 2869 3066 donans
2909 3011 3064 3066 nobis
3100 3027 3322 3081 regnum
3351 3013 3633 3070 cmlorum.

337 3108 394 3161 ἐν
431 3107 664 3180 ούρανοῖς
704 3107 969 3178 βασιλείαν
1005 3110 1122 3178 ἡμῖν
1165 3111 1536 3184 χαρισάμενος.
1584 3119 1850 3186 Μαρτυρεῖ
1887 3111 1937 3166 δε

2045 3099 2219 3169 Atque
2241 3100 2324 3154 his
2347 3101 2710 3156 testimonium
2734 3102 2982 3170 perhibet
3001 3116 3219 3159 sanctus
3239 3103 3476 3160 Joannes
3496 3105 3636 3159 Con-

338 3198 542 3258 τούτοις
573 3200 656 3252 καί
695 3197 721 3252 6
756 3200 806 3252 ἐν
837 3197 1004 3272 ἁγίοις
1036 3197 1262 3260 Ἰωάννης
1297 3199 1323 3254 ό
1367 3203 1943 3262 Κωνσταντινουπόλεως

338 3292 683 3364 πατριάρχης
713 3289 761 3343 ἐν
786 3298 858 3359 τῷ
891 3291 1019 3364 λόγῳ
1054 3299 1127 3360 τῷ
1155 3295 1228 3351 είς
1251 3295 1340 3349 τήν
1376 3291 1648 3361 ἀνάληψιν,
1681 3291 1834 3365 λέγων
1861 3291 1943 3345 οὗ·

337 3400 467 3442 τως·
493 3401 511 3434 ε
532 3385 683 3453 ἡμεῖς
708 3384 754 3436 οί
779 3391 871 3443 τῆς
895 3392 987 3455 γῆς
1011 3385 1205 3447 άνάξιοι
1231 3387 1482 3455 φανέντες,
1506 3389 1725 3456 σήμερον
1756 3389 1828 3446 εἰς
1858 3386 1943 3440 τόν

337 3474 558 3548 οὐρανόν
606 3476 929 3545 ἀνήχθημεν
978 3476 1026 3529 οί
1081 3474 1211 3546 μηδὲ
1257 3484 1351 3538 τῆς
1396 3478 1531 3530 κάτω
1583 3478 1755 3549 ἀρχῆς
1801 3472 1941 3537 ὄντες

337 3563 497 3631 ἄξιοι,
527 3567 658 3640 πρὸς
687 3572 778 3624 τήν
800 3566 1064 3637 βασιλείαν
1091 3568 1338 3639 άνέϐημεν
1358 3574 1450 3627 τήν
1472 3565 1594 3631 όῗνω,
1625 3567 1941 3642 ὑπερέϐημεν

341 3651 469 3707 τούς
487 3650 758 3722 οὐρανούς,
772 3653 1123 3725 ἐπελαϐόμεθα
1135 3662 1226 3710 τοῦ
1240 3657 1418 3727 θρόνου
1434 3665 1526 3713 τοῦ
1545 3659 1836 3728 βασιλικοῦο
1859 3662 1943 3714 καί

341 3742 562 3813 ἡφύσις,
576 3741 643 3799 δι’
665 3746 723 3803 ἦν
740 3745 981 3816 ἐφύλαττε
1000 3749 1083 3801 τόν
1104 3746 1420 3818 παράδεισον
1436 3752 1501 3805 τά
1519 3752 1794 3824 Χερουϐὶμ,
1813 3754 1942 3812 αύτή

339 3837 517 3890 ἐπάνω
552 3845 652 3891 τῶν
686 3840 945 3910 Χερουϐὶμ
981 3843 1193 3902 κάθηται
1222 3849 1464 3915 σήμερον.
1510 3863 1528 3895 ι
1563 3844 1942 3902 Ἀποδέδεικταε

339 3931 512 3980 τοίνυν
541 3926 622 3983 ὅτι
659 3929 763 3998 ούχ
788 3932 855 3990 ὡς
886 3931 1145 4005 Ὠριγὲνης
1172 3920 1342 4006 ληρεῖ,
1359 3931 1408 3983 ἐν
1435 3931 1669 4004 οὐρανοῖς
1691 3932 1742 3984 αί
1765 3931 1943 4001 ψυχαί

338 4019 827 4093 προίνπάρχουσαι,
881 4018 1065 4074 ἔπειτα
1105 4019 1479 4094 ἁμαρτήσασαι
1521 4021 1943 4092 κατεπέμφθησαν

338 4111 590 4184 τιμωρίας
639 4114 794 4183 χάριν
831 4113 903 4168 εἰς
944 4113 1011 4165 τὰ
1059 4113 1296 4183 σώματα.
1323 4109 1446 4164 Ἀλλ’
1482 4111 1536 4164 ἐκ
1565 4118 1665 4166 τῶν
1708 4111 1941 4165 ἐναντίων

337 4201 430 4254 ἐπί
476 4210 571 4278 γῆς
612 4199 1042 4276 δημιουργηθεῐσα
1091 4200 1182 4260 ὅλη
1235 4203 1265 4260 ἠ
1319 4208 1409 4256 τοῦ
1455 4203 1722 4277 ἀνθρώπου
1762 4204 1937 4273 φύσις,

336 4293 586 4346 τουτέστι
615 4295 860 4364 σώματος
887 4297 976 4347 καί
1003 4293 1205 4363 ψυχῆς,
1234 4290 1315 4348 διὰ
1343 4299 1434 4353 τῆς
1456 4292 1822 4351 ἐπιϐαλλούση;
1851 4299 1940 4348 τοῦ

337 4389 477 4437 Θεοῦ
525 4385 834 4455 άγαθότητος
881 4393 976 4445 τῆς
1027 4385 1076 4438 ἐν
1124 4387 1358 4459 οὐρανοῖς
1404 4387 1608 4449 ἠξίωται
1653 4385 1938 4455 βασιλείας.

2044 3191 2475 3262 stantinopoleos
2505 3193 2806 3262 patriarcha
2836 3195 2889 3248 in
2934 3210 3184 3250 sermone
3211 3195 3278 3250 de
3307 3195 3637 3251 Aseensione

2046 3284 2218 3356 (Tom.
2248 3284 2312 3339 lll
2342 3303 2482 3354 oper.
2516 3287 2681 3356 ejus),
2715 3287 2794 3342 sic
2819 3287 3004 3344 dicens
3031 3305 3042 3340 :
3075 3305 3094 3338 ε
3128 3287 3228 3355 Qui
3259 3296 3401 3342 terra
3431 3289 3635 3358 indigni

2045 3379 2446 3442 exstiteramus,
2480 3379 2638 3434 hodie
2667 3381 2720 3435 in
2751 3381 2946 3436 cmlum
2971 3382 3164 3436 elevati
3193 3382 3376 3437 suntus
3405 3401 3418 3435 :
3449 3384 3538 3452 qui
3570 3398 3637 3439 ne

2043 3466 2298 3522 inferiore
2326 3468 2543 3536 quidem
2569 3469 2795 3538 imperio
2825 3469 3096 3525 fueramus
3124 3471 3290 3540 digni,
3317 3471 3384 3527 ad
3411 3485 3633 3540 regnum

2041 3571 2334 3626 supernum
2361 3557 2793 3624 conscendimus,
2824 3559 3155 3628 supergressi
3183 3561 3368 3626 emlos,
3400 3561 3635 3628 regium-

2035 3671 2149 3725 'que
2169 3652 2362 3710 solium
2392 3654 2590 3725 adepti.
2625 3655 2844 3722 Natura,
2891 3666 3111 3727 prOpter
3137 3673 3297 3727 quam
3343 3658 3634 3716 Cheruhim

2041 3749 2346 3819 paradisum
2377 3748 2751 3804 custodiebant
2780 3747 2932 3818 (Cen.
2966 3748 3066 3822 nt),
3097 3750 3209 3819 ipsa
3239 3767 3398 3820 supra
3426 3751 3634 3806 Cheru-

2041 3839 2153 3894 bim
2190 3838 2351 3894 hodie
2409 3838 2582 3894 sedet.
2621 3858 2640 3891 ι
2689 3838 3049 3905 Quamobrem
3087 3840 3512 3897 demonstratum
3553 3855 3635 3900 est

2044 3928 2256 3982 animas
2279 3968 2293 3991 ,
2339 3944 2446 3983 non
2473 3970 2488 3994 ,
2531 3937 2590 3982 ut
2625 3928 2884 3997 Origenes
2918 3938 3184 3998 nugatur,
3227 3931 3280 3985 in
3309 3933 3460 3988 cmlis
3488 3934 3635 4002 prius

2040 4015 2240 4085 fuisse,
2272 4033 2337 4072 ac
2357 4017 2552 4072 deinde
2590 4018 2643 4072 in
2680 4033 2911 4088 corpora
2950 4020 3171 4087 missas,
3205 4030 3261 4076 ut
3291 4031 3634 4093 perpetrato-

2041 4119 2160 4163 rum
2185 4117 2531 4178 peccatorum
2569 4123 2759 4178 pinnas
2791 4110 3168 4178 exsolverent;
3210 4113 3304 4168 sed
3334 4123 3545 4181 contra,
3576 4116 3632 4172 in

2044 4205 2186 4251 terra
2223 4197 2541 4252 fabricatam
2582 4199 2887 4252 universam
2928 4209 3172 4255 naturam
3215 4203 3543 4272 humanam,
3579 4205 3632 4261 id

2041 4296 2128 4344 est
2153 4303 2350 4359 corpus
2372 4296 2533 4358 atque
2563 4289 2816 4354 animam,
2849 4289 3090 4346 bonitate
3116 4307 3180 4347 ac
3209 4293 3519 4360 dignatione
3546 4295 3631 4350 di-

2041 4380 2165 4435 vina
2191 4379 2356 4434 cmlos
2383 4379 2631 4448 adeptam
2655 4394 2774 4434 esse
2805 4398 2817 4432 :
2850 4389 2908 4434 ut
2933 4381 3024 4450 qui
3047 4382 3295 4438 homines
3322 4384 3630 4440 mandatttm

335 4475 504 4534 Ὠστε
522 4483 642 4540 τοὺς
671 4481 964 4557 ἀνθρώπους
987 4483 1108 4540 τούς
1131 4485 1220 4538 τήν
1250 4479 1446 4538 ἐντολήν
1478 4484 1570 4534 τοῦ
1593 4486 1719 4534 Θεοῦ
1751 4480 1934 4550 φυλάτο

2043 4477 2137 4532 Dei
2159 4476 2493 4532 custodirent
2535 4491 2600 4533 ac
2644 4477 2970 4548 implerent,
3019 4479 3331 4548 angelorum
3380 4483 3433 4536 in
3475 4484 3629 4540 oculis

336 4573 524 4632 τοντάς
558 4592 646 4637 τε,
682 4580 764 4625 καί
811 4572 1156 4645 πληροῦντας,
1200 4571 1462 4635 ἀξιοῦσθαι
1490 4578 1582 4630 τῆς
1621 4571 1670 4623 ἐν
1708 4572 1938 4645 οὐρανοῖς

338 4671 446 4720 τῶν
488 4665 711 4736 άγγέλων
751 4663 1128 4735 συνδιαγωγῆς’
1159 4661 1247 4746 οὓς
1287 4663 1335 4715 ἐν
1364 4670 1426 4734 τῇ
1463 4669 1526 4736 γῇ
1559 4659 1642 4717 διά
1682 4671 1774 4721 τῆς
1807 4663 1939 4737 πρὸς⁵

339 4760 469 4815 Θεὸν
515 4759 782 4830 ὁμολογίας
827 4761 1089 4830 μιμεζσθαι
1137 4758 1582 4834 προσετάχθημεν.
1638 4752 1939 4827 Βουλόμενος

338 4854 444 4928 γάρ
487 4851 512 4904 ό
552 4854 675 4911 Θεός
715 4849 799 4906 διά
845 4858 934 4911 τήν
963 4849 1220 4926 ἄφραστον
1258 4852 1411 4905 αὐτοῦ
1457 4851 1846 4925 φιλανθρωπίαν,
1885 4847 1938 4902 ὃν

339 4945 533 5017 τρόπον
554 4947 604 4998 ἓν
629 4945 857 5018 οὐρανοῖς
893 4943 995 4997 ύπό
1023 4951 1122 4998 τῶν
1148 4943 1304 5014 ἁγίων
1340 4940 1598 5012 δυνάμεων
1639 4939 1933 5007 δοξάζεται,

340 5035 485 5091 οὕτω
507 5037 589 5088 καί
608 5036 690 5090 ἐπί
710 5042 800 5095 τῆς
829 5043 922 5105 γῆς
943 5035 1044 5089 ύπό
1065 5041 1164 5088 τῶν
1183 5034 1460 5107 ἀνθρώπων
1481 5031 1794 5097 δοξάζεσθαι,
1828 5030 1939 5091 ἐδη-

342 5124 631 5201 μιούργησε
665 5127 751 5182 τόν
775 5125 1052 5204 ἄνθρωπον,
1084 5124 1316 5202 δεύτερον
1344 5123 1552 5198 ἄγγελον
1579 5127 1662 5181 ἐπὶ
1705 5133 1796 5185 τῆς
1821 5131 1936 5196 γῆς,

343 5220 414 5279 ὥς
449 5213 511 5273 ἂν
536 5218 778 5294 πληρωθῇ
802 5221 870 5274 τά
893 5223 1060 5274 πάντα
1088 5216 1231 5282 δόξης
1259 5223 1410 5273 Θεοῦ.
1435 5215 1576 5272 Ὀθεν
1603 5219 1687 5270 καί
1716 5215 1742 5271 6
1771 5213 1940 5291 κύριος

342 5298 668 5385 παραδιδούς
688 5307 823 5370 ὅπως
840 5310 1090 5381 ὀφείλουσι
1109 5309 1519 5381 προσεύχεσθαι,
1533 5310 1682 5381 λέγει·
1697 5311 1938 5383 -Πάτερ

344 5405 491 5474 ἡμῶν
523 5399 550 5456 ό
578 5401 627 5456 ἐν
664 5409 776 5462 τοῖς
804 5403 1054 5477 οὐρανοῖς,
1085 5400 1379 5473 ἁγιασθήτω
1419 5402 1476 5455 τὸ
1522 5396 1683 5471 ὄνομά
1722 5421 1839 5465 σου,
1872 5402 1944 5454 ἕ).-

341 5497 478 5554 ὒὸτω
504 5499 536 5555 ἠ
576 5495 815 5570 βασιλεία
854 5517 984 5561 σου,
1014 5497 1266 5569 γενηθήτω
1303 5495 1362 5549 τό
1402 5494 1587 5564 θέλημά
1626 5512 1750 5559 σου,
1797 5495 1866 5554 ὡς
1893 5494 1943 5548 ἐν

346 5593 545 5670 αὖρανῷ
570 5595 658 5646 καί
680 5593 764 5646 ἐπί
783 5601 876 5653 τῆς
897 5601 1011 5665 γῆς.
1035 5612 1053 5645 ι

420 5686 669 5756 Σύμφωνα
697 5681 751 5739 δι
780 5692 890 5744 τοῖς
917 5685 1037 5760 παρ’
1060 5688 1198 5758 ἡμῶν
1228 5688 1505 5761 εἰρημένοις
1533 5689 1618 5740 καί
1645 5685 1671 5741 ὁ
1701 5687 1752 5740 όν
1779 5685 1941 5758 ἁγίοις

345 5776 581 5850 θεολόγος
618 5778 894 5852 Γρηγόριος
922 5777 971 5831 ἐν
1010 5784 1083 5852 τῷ
1124 5775 1254 5850 λόγῳ
1279 5785 1351 5849 τῷ
1379 5779 1448 5839 είς
1477 5779 1534 5831 τό
1571 5775 1714 5850 ἅγιον
1753 5779 1940 5849 πάσχα

2042 4572 2451 4627 conversatione
2477 4571 2624 4640 digni
2649 4573 2997 4640 haberentur,
3020 4589 3159 4641 quos
3187 4576 3239 4628 in
3265 4585 3404 4630 terra
3432 4577 3630 4633 imitari

2041 4679 2140 4733 per
2175 4662 2564 4718 confessionem
2604 4665 2660 4718 in
2699 4664 2862 4718 Deum
2910 4664 3041 4734 jnssi
3089 4682 3293 4722 sumus.
3347 4669 3478 4722 Nam
3509 4687 3628 4724 cum

2041 4755 2203 4810 vellet
2217 4753 2358 4810 Deus
2378 4763 2599 4825 propter
2617 4755 3029 4810 inenarrabilem
3051 4757 3436 4814 humanitatem
3457 4775 3628 4824 suam,

2039 4847 2180 4903 sicut
2206 4847 2259 4901 in
2290 4847 2440 4902 caelis
2467 4862 2497 4901 a
2527 4847 2728 4903 sanctis
2763 4847 3052 4904 virtutibus
3085 4849 3435 4918 gloriﬁcatur,
3476 4850 3549 4904 ita
3576 4859 3630 4905 et

2044 4941 2100 4996 in
2121 4948 2263 4996 terra
2291 4938 2574 5008 gloriﬁcari
2605 4942 2672 4996 ab
2693 4941 3018 5008 hominibus,
3043 4942 3330 4998 fabricatus
3350 4951 3431 4998 est
3452 4943 3628 4998 homi-

2046 5047 2190 5097 nem,
2212 5031 2443 5086 alterum
2472 5031 2718 5100 angelum
2742 5031 2795 5086 in
2829 5032 2984 5087 terris
3008 5040 3113 5086 :-ut
3140 5033 3234 5087 Dei
3255 5032 3425 5100 gloria
3447 5033 3625 5086 omnia

2045 5123 2466 5194 complerentur.
2514 5121 2701 5192 Itaque
2729 5123 2988 5178 Dominus
3019 5123 3232 5178 tradens
3259 5121 3530 5191 quomodo
3559 5125 3631 5178 sit

2047 5214 2333 5282 orandum,
2360 5212 2492 5270 dicit
2517 5231 2531 5266 :
2556 5211 2719 5269 Pater
2747 5223 2942 5282 noster,
2973 5214 3058 5283 qui
3087 5229 3141 5266 es
3169 5214 3222 5266 in
3251 5213 3409 5276 caelis,
3437 5214 3632 5268 sancti-

2047 5320 2228 5389 ﬁcetur
2247 5334 2432 5373 nomen
2454 5325 2614 5382 tuum,
2637 5316 2878 5371 adveniat
2905 5333 3117 5388 regnum
3147 5327 3303 5382 tuum,
3327 5319 3424 5388 fiat
3451 5318 3631 5376 voluit-

2047 5423 2128 5466 tas
2159 5420 2244 5465 tua
2272 5413 2404 5466 sicut
2433 5411 2488 5465 in
2516 5411 2642 5466 caelo
2672 5419 2723 5464 et
2746 5412 2800 5464 in
2829 5421 2967 5465 terra
3001 5409 3214 5478 (Matth.
3246 5418 3342 5475 vi).

2125 5683 2258 5739 Cum
2289 5683 2372 5738 his
2392 5697 2556 5753 porro
2576 5695 2697 5750 qua:
2725 5695 2756 5735 a
2786 5679 2939 5735 nobis
2965 5679 3106 5735 dicta
3137 5691 3279 5744 sunt,
3312 5683 3639 5738 conveniunt

2046 5793 2167 5850 qua:
2197 5783 2414 5833 sanctus
2444 5773 2752 5844 Theologus
2775 5769 3062 5843 Gregorius
3110 5773 3268 5830 docet
3309 5773 3364 5830 in
3392 5789 3648 5832 sermone
