4032 6190
364 346 465 404 191

1751 344 2045 403 VIGILIUS
2067 342 2242 399 PAPA

3533 309 3635 367 £92

372 462 625 534 διδάσκει,
649 466 806 541 λέγων
833 466 994 527 οὕτως
1014 479 1028 496 '
1063 481 1082 516 ι
1115 470 1274 521 Τοῦτο
1298 463 1362 524 δή
1385 437 1642 536 βουληθεὶς
1671 461 1695 516 ό
1721 463 1963 530 τεχνίτης

2087 458 2130 512 le
2147 462 2333 509 sancto
2354 450 2612 506 Paschate
2628 448 2804 520 (Orat.
2833 445 2920 508 42,
2948 457 3067 514 qua
3080 447 3152 495 est
3177 436 3295 541 βόε
3319 427 3638 541 Paschatel);

373 554 724 623 ἑπιόείξασθαι
741 559 906 630 λόγος,
939 559 1022 611 καὶ
1043 559 1169 620 ζῶον
1194 554 1246 610 ἓν
1274 557 1326 619 ig
1353 557 1665 629 ἀμφοτέρων,
1691 551 1879 627 ὁρατῆς
1906 571 1963 606 τε

375 648 502 724 λέγω
533 653 619 704 καί
661 652 879 725 ἀοράτου
913 649 1139 722 φύσεως,
1186 645 1490 721 δημιουργεῖ
1530 646 1616 699 τὸν
1670 641 1960 717 ἅνθρωπον³

376 744 462 797 καί
501 742 647 816 παρά
667 745 756 811 μέν
781 749 876 800 τῆς
899 740 1020 800 ὕλης
1037 739 1203 793 λαϐὼν
1230 738 1288 792 τὸ
1328 744 1480 806 σῶμα
1505 733 1600 794 ἤδη
1626 733 1963 809 προϋποστά-

379 855 499 897 σης,
528 832 652 909 παρ’
681 834 864 887 ἑαυτοῦ
889 830 941 887 δέ
973 835 1103 894 ζωὴν
1132 830 1302 891 ἐνθείς,
1328 825 1433 886 ὃδὴ
1459 826 1639 897 ψυχὴν
1660 826 1859 894 νοεράν,
1884 825 1967 876 καί

379 922 545 979 εἰκόνα
571 930 700 979 Θεοῦ
723 919 852 978 οἶδεν
881 921 1091 993 όλόγος,
1119 917 1220 974 οἷόν
1244 941 1357 974 τινα
1386 918 1577 987 κόσμον
1605 917 1776 991 ἕτερον
1804 915 1854 967 έν
1881 934 1963 982 μι⁵

378 1023 486 1092 κρῷ
513 1018 670 1086 μέγαν
697 1015 778 1068 ἐπί
795 1021 889 1072 τῆς
909 1020 1004 1083 γῆς
1023 1012 1250 1075 ἵστησιν,
1282 1007 1491 1082 ἄγγελον
1519 1004 1661 1062 ἄλλον
1685 1025 1968 1080 προσκυνηο

377 1111 470 1164 τήν
513 1106 709 1173 μικτόν.
742 1102 970 1160 ἓπόπτην
1007 1109 1100 1160 τῆς
1141 1099 1327 1175 ὁρατῆς
1351 1101 1590 1159 κτίσεως.
1631 1098 1828 1167 μύστην
1875 1101 1968 1153 τῆς

379 1197 668 1265 νοουμένης.
697 1193 916 1264 βασιλέα
941 1199 1041 1246 τῶν
1059 1193 1143 1245 έπί
1163 1199 1278 1263 γῆς.
1304 1187 1696 1260 βασιλευόμενον
1723 1181 1927 1240 ἄνωθεν.
1943 1201 1962 1233 ι

380 1287 621 1362 Πρόσχες
647 1287 832 1351 τοίνυν,
880 1282 959 1338 ὅτι
1001 1279 1214 1355 λέγωνό
1254 1284 1451 1352 πατήρ,
1496 1279 1555 1342 ἐξ
1603 1275 1970 1349 ἀμφοτέρων

381 1378 678 1436 έποίησεν
711 1376 736 1430 ό
763 1377 918 1435 Θεὸς
955 1374 1063 1430 τόν
1089 1370 1439 1446 ἄνθρωπον,
1461 1363 1970 1442 προσέθηκεν.ὄτιτό

382 1470 473 1537 μέν
493 1474 643 1536 σῶμα
665 1468 714 1530 ἐξ
743 1467 865 1525 ὕλης
889 1463 985 1524 ἤδη
1016 1464 1425 1540 προϋποστάσης
1454 1458 1630 1525 ἔλαϐε,
1648 1462 1738 1516 τήν
1775 1453 1829 1510 δέ
1869 1454 1972 1526 ψυ-

385 1564 490 1630 χὴν
511 1558 621 1612 οὐδέ
653 1559 1018 1632 προϋπάρχειν
1041 1551 1196 1616 εἶπεν,
1214 1551 1327 1608 οὐδέ
1349 1550 1406 1606 ἔκ
1433 1571 1560 1609 τινος
1589 1545 1972 1623 προΰπαρχού-

385 1674 482 1714 σης
517 1652 700 1711 οὐσίας
723 1650 1046 1721 γεγενῆσθαι,
1071 1647 1176 1700 ἀλλ’
1204 1643 1283 1700 ὅτι
1311 1644 1435 1718 παρ’
1458 1644 1647 1698 ἑαυτοῦ
1676 1639 1702 1693 ό
1721 1640 1843 1702 Θεὸς
1865 1639 1971 1692 ivi-

384 1745 498 1802 θηκε
519 1749 610 1802 τὴν
634 1747 786 1807 ζωήν,
819 1738 844 1795 ὃ
869 1739 931 1799 δὴ
955 1739 1135 1812 ψυχὴν
1157 1739 1335 1812 νοεράν
1365 1738 1452 1789 καὶ
1479 1733 1647 1787 εἰκόνα
1687 1736 1814 1785 Θεοῦ
1843 1723 1974 1783 οἶδεν

2067 550 2145 605 sic
2173 546 2317 601 enim
2346 543 2475 598 dicit
2503 559 2515 594 :
2545 559 2564 591 ι
2599 517 2735 595 Cum
2762 537 2902 591 hanc
2938 547 3051 588 rem
3071 527 3306 585 Verbum
3330 520 3528 578 artifex
3554 517 3644 571 dc-

2071 647 2372 694 monstrare
2398 633 2578 697 vellet,
2618 631 2782 686 etiam
2809 624 3008 681 animal
3050 633 3219 675 unum
3267 631 3334 670 ex
3363 611 3649 697 utrisque,

2073 737 2263 782 natura
2295 723 2542 779 videlicet
2564 695 2759 775 visibili
2779 725 2941 786 atque
2962 708 3234 772 invisibili,
3264 703 3542 759 hominem
3571 695 3654 786 fa-

2074 817 2345 879 bricatur;
2365 819 2680 883 sumptoque
2694 784 2921 876 corpore
2939 817 2971 857 e
2991 798 3215 856 materia
3234 807 3352 864 quae
3380 800 3505 845 ante
3525 784 3660 842 sub-

2075 907 2320 971 sistebat,
2351 920 2412 960 ac
2438 918 2468 957 a
2486 880 2671 972 seipse
2695 898 2864 952 vitam
2893 895 3083 950 indens
3105 888 3271 962 (quod
3315 886 3505 953 utique
3537 880 3666 935 ani-

2071 1008 2213 1048 mam
2237 991 2625 1059 intelligentem
2647 994 2702 1042 et
2724 983 3009 1053 imaginem
3032 980 3130 1034 Dei
3150 993 3269 1034 esse
3297 981 3436 1032 ratio
3458 976 3666 1046 novit),

2067 1083 2232 1139 veluti
2261 1080 2546 1150 quemdam
2572 1077 2801 1132 alterum
2830 1071 3110 1135 mundum,
3131 1069 3185 1123 in
3213 1081 3382 1137 parvo
3404 1079 3667 1134 magnum

2068 1170 2351 1229 constituit
2371 1170 2423 1224 in
2455 1176 2619 1231 terra,
2646 1165 2808 1220 alium
2837 1161 3104 1231 angelum,
3137 1157 3496 1228 promiscuum
3524 1153 3664 1208 ado-

2067 1271 2327 1326 ratorem,
2344 1257 2829 1327 contemplatorem
2850 1251 3074 1307 visibilis
3092 1256 3316 1313 naturae,
3336 1247 3670 1302 studiosum-

2069 1367 2174 1422 que
2193 1352 2310 1421 ejus
2328 1365 2448 1420 qua:
2469 1349 2583 1404 sola
2603 1353 2783 1401 mente
2802 1339 3275 1412 comprehenditur
3296 1355 3311 1391 :
3335 1351 3522 1392 eorum
3543 1347 3669 1404 quin

2072 1445 2125 1499 in
2156 1453 2298 1499 terra
2325 1450 2480 1506 sunt,
2509 1441 2890 1509 imperatorem
2927 1446 3164 1502 superno
3200 1430 3668 1498 obtemperantem

2073 1533 2322 1604 imperio.
2363 1551 2382 1584 ι
2436 1530 2616 1596 Quare
2655 1523 3040 1581 attendendum
3087 1527 3189 1588 est,
3238 1518 3454 1574 Patrem
3497 1521 3668 1584 hunc,

2071 1640 2193 1680 cum
2224 1622 2430 1678 diceret
2453 1620 2620 1675 Deum
2651 1633 2718 1673 ex
2747 1615 2988 1685 utrisque
3017 1612 3208 1669 fecisse
3235 1611 3536 1677 hominem,
3563 1608 3667 1663 ad-

2073 1716 2272 1772 didisse
2300 1728 2332 1769 e
2353 1713 2503 1784 prius
2523 1710 2846 1767 subsistente
2876 1705 3100 1760 materia
3121 1719 3317 1774 corpus
3343 1710 3616 1772 sumptum
3650 1719 3666 1755 :

827 1792 840 1795 -
967 1792 978 1812 ,
1011 1792 1106 1810 γη-
1242 1792 1252 1812 ,

385 1833 414 1889 ὃ
439 1833 602 1906 λόγος.
628 1835 716 1886 Καὶ
745 1834 804 1888 τό
827 1833 982 1885 εἰπεῖν
1008 1828 1060 1884 δέ
1080 1829 1164 1884 τόν
1185 1828 1406 1903 πατέρα,
1434 1821 1510 1879 ὅτι
1538 1821 1744 1894 βασιλέα
1765 1821 1852 1874 έπί
1878 1827 1970 1878 τῆς

2087 1824 2183 1863 non
2211 1807 2408 1861 dixisse
2426 1819 2558 1860 vero
2585 1802 2732 1874 prius
2753 1799 3022 1855 exstitisse
3045 1796 3302 1862 animam,
3333 1809 3431 1850 nec
3459 1809 3525 1849 ex
3555 1792 3668 1848 ulla

387 1931 479 1996 γῆς
503 1928 714 1981 ἐποίησε
745 1924 830 1978 τόν
858 1919 1116 1994 ἄνθρωπον
1145 1918 1170 1972 ό
1201 1919 1326 1977 Θεὸς
1354 1911 1744 1987 βασιλευόμενον
1763 1909 1970 1973 ἄνωθεν,

387 2018 586 2091 ἀναιρεῖ
608 2016 666 2070 τὸ
708 2016 865 2078 λέγειν
909 2015 977 2072 ὡς
1007 2011 1090 2067 διά
1129 2010 1333 2064 κόλασιν
1363 2007 1694 2065 ἐνεϐλήθησαν
1721 2002 1775 2057 αί
1800 2000 1980 2072 ψυχαί

387 2117 498 2170 τοῖς
527 2111 755 2177 σὼμασι’
799 2108 859 2162 τό
892 2106 992 2180 γάρ
1030 2103 1316 2175 βασιλεύειν
1347 2099 1428 2152 ἐπὶ
1465 2104 1553 2156 τῆς
1587 2103 1682 2166 γῆς
1702 2133 1719 2159 ,
1753 2093 1837 2146 καί
1875 2092 1980 2147 ὐπὸ

389 2202 519 2251 Θεοῦ
563 2196 711 2268 μόνου
763 2192 1142 2265 βασιλεύεσθαι,
1175 2192 1231 2245 ού
1271 2193 1542 2262 τιμωρίας,
1587 2185 1712 2240 ἀλλὰ
1756 2183 1979 2256 μεγάλης

389 2287 501 2341 έστί
527 2295 617 2348 τῆς
645 2293 737 2342 τοῦ
775 2291 904 2342 Θεοῦ
932 2283 1150 2359 δωρεᾶς.

2078 1906 2372 1963 substantia
2397 1911 2573 1959 natam
2602 1916 2722 1973 qua:
2749 1907 2876 1954 ante
2893 1897 3156 1953 existeret
3189 1906 3205 1946 :
3239 1891 3336 1948 sed
3381 1893 3548 1948 Deum
3572 1905 3672 1960 per

2081 1999 2318 2069 seipsum
2346 1996 2512 2050 vitam
2542 1993 2816 2058 indidisse,
2857 1988 3002 2059 quod
3042 1986 3278 2041 animam
3323 1999 3442 2040 esse
3471 1981 3672 2038 intelli-

2085 2096 2322 2160 gentem,
2351 2095 2408 2142 et
2443 2086 2540 2140 Dei
2586 2083 2870 2152 imaginem
2897 2120 2912 2146 ,
2944 2078 3096 2134 novit
3118 2077 3277 2132 ratio.
3309 2075 3462 2140 Quod
3490 2080 3674 2128 autem

2084 2180 2216 2237 dicit
2243 2179 2402 2235 Pater
2424 2218 2439 2244 ,
2482 2177 2651 2231 Deum
2688 2174 2879 2229 fecisse
2907 2168 3180 2226 hominem
3210 2166 3592 2237 imperatorem
3615 2165 3676 2220 in

2085 2280 2230 2328 terra
2255 2312 2270 2338 ,
2313 2283 2548 2340 superno
2575 2265 2894 2322 obstrictum
2938 2258 3167 2330 imperio
3189 2299 3208 2325 ,
3247 2256 3442 2311 evertit
3484 2269 3677 2310 eorum

2085 2365 2439 2419 assertionem
2467 2360 2558 2430 qui
2588 2357 2654 2413 ad
2683 2369 2898 2428 pmnam
2927 2353 3136 2408 animas
3169 2348 3435 2404 immissas
3477 2359 3679 2417 corpo-

389 2467 538 2523 ribus
565 2468 770 2524 dicunt.
819 2467 952 2522 Nam
999 2465 1053 2520 in
1101 2473 1246 2520 terra
1291 2475 1517 2531 regnare
1540 2500 1558 2528 ,
1584 2457 1858 2527 soliusque
1884 2455 1978 2511 Dei
2020 2457 2194 2512 teneri
2234 2454 2482 2525 imperio,
2531 2467 2640 2507 non
2685 2450 2738 2506 in
2783 2445 3031 2520 supplicii
3067 2442 3188 2499 loco
3229 2439 3528 2496 ducendum
3567 2447 3680 2507 est,

390 2559 488 2615 sed
514 2559 566 2612 in
591 2574 786 2628 magno
814 2558 1076 2614 beneficio
1097 2573 1161 2613 ac
1181 2573 1401 2612 munere
1428 2555 1542 2611 Dei.

465 2652 593 2722 Πρός
635 2655 835 2713 τούτοις
880 2650 934 2706 δέ
974 2653 1178 2705 κάκεῖνο
1228 2650 1382 2702 εἰπεῖν
1419 2651 1694 2717 ἀναγκαῖον
1726 2645 1985 2716 ἡγούμεθα

393 2742 524 2817 πρὸς
552 2744 673 2802 τοὺς
701 2747 792 2802 τήν
819 2740 1144 2816 προΰπαρξιν
1168 2740 1429 2812 λέγοντας,
1453 2734 1534 2792 ὅτι
1556 2734 1696 2809 εἴπερ
1727 2736 1902 2795 ἀληθές
1928 2732 1986 2792 ἦν

393 2835 454 2888 τὸ
483 2835 847 2908 προϋπάρχειν
873 2833 968 2892 τὰς
988 2831 1171 2902 ψυχάς
1203 2837 1303 2885 τῶν
1339 2828 1606 2900 σωμάτων,
1633 2827 1894 2898 ἐγίνωσκον
1925 2819 1985 2878 ἂν

396 2926 486 2979 καί
519 2925 795 2995 έμέμνηντο
836 2921 864 2978 ὅ
905 2944 956 2978 τι
999 2920 1257 2995 ἔπραττον
1306 2920 1390 2972 καί
1420 2917 1523 2991 πρὸ
1550 2922 1640 2972 τοῦ
1671 2915 1906 2970 εἰσελθεῖν
1935 2915 1984 2968 έν

395 3024 512 3076 τοῖς
540 3019 794 3086 σώμασιν,
822 3017 1000 3090 ὥσπερ
1026 3017 1106 3067 καὶ
1151 3013 1280 3083 μετὰ
1306 3015 1396 3068 τήν
1422 3009 1656 3067 τελευτὴν
1689 3009 1985 3062 ἐπίστανται

396 3109 483 3162 καί
508 3109 815 3180 γινώσκουσι
838 3107 906 3161 τά
943 3105 1245 3177 πραχθέντα
1277 3103 1459 3160 αὐταῖς
1486 3102 1540 3155 έν
1579 3107 1692 3160 τοῖς
1726 3103 1982 3170 σώμασιν.

397 3196 745 3269 ’Λποδείξομεν
775 3195 826 3252 δέ
852 3198 911 3251 τὸ
928 3199 1188 3269 γινώσκειν
1213 3199 1303 3253 τήν
1327 3193 1508 3265 ψυχήν
1539 3192 1672 3263 μετά
1700 3196 1790 3250 τὴν
1819 3193 1984 3246 ἐντεῦ-

397 3293 476 3344 θεν
505 3291 788 3345 άποϐίωσιν
822 3292 890 3345 τά
916 3291 1074 3361 ἑαυτῇ
1106 3287 1457 3366 πεπραγμένα,
1489 3288 1541 3350 ἐξ
1573 3287 1736 3341 αὐτῶν
1771 3292 1871 3341 τῶν
1892 3291 1982 3340 τοῦ
2011 3272 2055 3333 C

398 3381 690 3454 εὐαγγελίου
736 3375 992 3458 ρὴμάτων·
1020 3381 1153 3451 λέγει
1194 3381 1298 3455 γάρ
1345 3375 1373 3432 ὁ
1421 3373 1674 3436 δεσπότης
1721 3377 1862 3446 ἡμῶν
1905 3377 1985 3428 καί

402 3479 578 3542 σωτήρ
618 3475 836 3548 Χριστὸς
867 3473 914 3525 έν
945 3478 1018 3542 τῷ
1054 3473 1187 3526 κατὰ
1230 3473 1434 3524 Λο·;κᾶν
1468 3467 1738 3541 εὐαγγελίῳ
1785 3469 1857 3526 εἰς
1898 3471 1986 3525 τήν

400 3569 656 3638 περιοχὴν
690 3569 784 3618 τοῦ
810 3566 1047 3639 Λαζάρου
1073 3565 1158 3617 καί
1185 3568 1274 3618 τοῦ
1303 3562 1779 3625 πλουσίου,ταῦτα⁶
1837 3556 1988 3613 ("Av-

400 3655 599 3729 θρωπός
636 3677 714 3716 τις
749 3653 807 3714 ἦν
835 3657 1100 3720 πλούσιος,
1127 3659 1212 3710 καὶ
1237 3652 1582 3710 ἐνεδιδύσκετο
1616 3655 1879 3730 πορφύραν
1902 3655 1988 3707 καί

405 3745 626 3818 βύσσον,
653 3746 1034 3819 εύρραινόμενος
1063 3747 1166 3799 καθ’
1195 3747 1386 3816 ἡμέραν
1409 3744 1672 3819 λαμπρῶς.
1691 3744 1906 3813 Πτωχὸς
1934 3743 1990 3798 δέ

401 3859 482 3898 τις
523 3836 580 3897 ἦν
621 3839 829 3909 ὀνόματι
858 3840 1112 3908 Λάζαρος,
1145 3834 1200 3898 ὃς
1243 3837 1487 3892 ἐϐέϐλητο
1533 3839 1603 3896 εἰς
1649 3838 1732 3891 τόν
1781 3836 1990 3891 πυλῶνα

402 3932 556 3985 αὐτοῦ
593 3929 891 3999 ἡλκωμένος,
937 3932 1025 3982 καί
1067 3929 1323 3999 ίπιουμῶν
1370 3929 1718 4000 χορτασθῆναι
1761 3929 1864 3982 ἀπὸ
1893 3935 1993 3982 τῶν

403 4019 601 4091 ψιχίων
625 4016 731 4074 τῶν
753 4016 1041 4075 πιπτόντων
1069 4020 1170 4075 άπὸ
1199 4029 1290 4080 τῆς
1315 4019 1572 4092 τραπέζης
1593 4025 1682 4073 τοῦ
1711 4017 1988 4072 πλουσίου’

403 4112 532 4166 ἀλλὰ
562 4115 647 4165 καί
687 4111 733 4165 oi
776 4113 920 4172 κύνες
943 4113 1218 4183 ἀπέλειχον
1257 4111 1529 4186 ἐρχόμενοι
1551 4110 1618 4164 τά
1649 4109 1766 4167 ἕλκη
1808 4110 1987 4164 αὐτοῦ.

403 4203 627 4275 Ἐγένετο
650 4200 704 4256 δέ
732 4203 998 4256 ἀποθανεῖν
1025 4204 1112 4258 τόν
1133 4203 1349 4271 πτωχὸν
1368 4245 1379 4265 ,
1412 4203 1498 4255 καί
1522 4199 1864 4271 ἀπενεχθῆναι
1899 4200 1991 4252 αύο

403 4294 491 4349 τόν
517 4294 621 4350 ὑπὸ
660 4301 761 4350 τῶν
789 4296 1009 4368 ἀγγέλων
1045 4297 1116 4355 είς
1145 4294 1230 4349 τόν
1268 4294 1452 4349 κόλπον
1474 4292 1725 4367 Ἀϐραάμ.
1759 4291 1991 4347 ’Δπέθανε

403 4384 462 4441 δέ
488 4389 572 4440 καὶ
592 4385 619 4440 ό
647 4387 908 4449 πλούσιος,
936 4389 1024 4441 καί
1042 4387 1215 4457 έτάφη.
1239 4389 1341 4440 Καὶ
1361 4388 1410 4440 ἐν
1433 4392 1506 4457 τῷ
1536 4383 1634 4458 ᾅδῃ
1660 4386 1853 4459 ἐπάρας
1873 4387 1994 4446 τοὺς

405 4477 688 4550 ὀφθαλμούς
708 4479 869 4533 αὐτοῦ
889 4478 1149 4552 ὑπάρχων
1176 4479 1225 4531 έν
1245 4479 1512 4550 βασάνοις,
1536 4476 1632 4551 ὁρᾷ
1653 4479 1740 4533 τόν
1761 4475 1994 4554 ’Λϐραάμ

405 4569 509 4622 διπό
529 4570 797 4642 μακρόθεν,
830 4572 915 4623 καί
951 4571 1186 4644 Λάζαρον
1219 4570 1272 4624 έν
1308 4575 1417 4629 τοῖς
1445 4569 1651 4628 κόλποις
1687 4569 1876 4623 αὐτοῦ’
1907 4572 1993 4622 καί

2161 2637 2240 2692 Ad
2267 2639 2380 2692 hmc
2409 2635 2538 2690 illud
2569 2633 2724 2690 nobis
2749 2630 3054 2687 necessario
3083 2624 3371 2683 dicendum
3400 2620 3684 2678 existima-

2091 2743 2210 2782 mus
2238 2727 2289 2780 in
2320 2741 2416 2781 eos
2453 2725 2544 2796 qui
2590 2721 3044 2794 praeexisteutiam
3081 2722 3329 2773 asserunt
3360 2730 3374 2768 :
3405 2712 3465 2768 Si
3489 2725 3680 2768 verum

2092 2822 2257 2883 esset,
2279 2815 2426 2884 prius
2446 2827 2566 2868 esse
2591 2812 2796 2866 animas
2816 2822 2983 2879 quam
3009 2818 3260 2876 corpora,
3290 2810 3682 2871 cognoscerent

2091 2930 2158 2971 ac
2182 2915 2594 2970 recordarentur
2619 2926 2739 2982 qua:
2769 2919 2895 2965 ante
2939 2906 3232 2976 gessissent
3270 2917 3434 2973 quam
3471 2901 3526 2956 in
3553 2915 3684 2956 eor-

2089 3023 2224 3078 pora
2249 3005 2526 3071 venirent;
2556 3001 3006 3075 quemadmodum
3035 3005 3159 3070 post
3181 2995 3386 3053 obitum
3413 2993 3591 3049 sciunt
3611 3005 3683 3046 ac

2091 3115 2291 3162 norunt
2334 3120 2454 3175 qua:
2499 3106 2552 3159 in
2597 3102 2913 3174 corporibus
2952 3112 3132 3168 egere.
3181 3090 3684 3150 Demonstrabimus

2091 3216 2271 3260 autem
2301 3205 2533 3257 animam
2556 3208 2677 3272 post
2697 3200 2987 3255 discessum
3017 3213 3048 3252 e
3071 3203 3180 3250 vrta
3211 3205 3536 3262 cognoscere
3557 3202 3686 3259 qua

2089 3297 2272 3367 gessit,
2300 3311 2368 3350 ex
2396 3294 2526 3365 ipsis
2553 3290 2831 3361 Evangelii
2858 3289 3066 3354 verbis;
3099 3287 3216 3342 haec
3242 3285 3385 3340 enim
3414 3283 3542 3338 dicit
3563 3281 3684 3337 Do—

2088 3389 2263 3442 minus
2287 3392 2472 3442 noster
2490 3392 2546 3440 et
2561 3383 2813 3440 Salvator
2833 3381 3076 3436 Christus
3097 3379 3150 3433 iu
3173 3375 3464 3446 Evangelio
3486 3389 3685 3430 secun-

2087 3479 2214 3533 dum
2246 3479 2444 3532 Lucam
2474 3476 2528 3531 in
2557 3473 2810 3546 periocha
2840 3471 3027 3525 Lazari
3055 3477 3109 3524 et
3129 3467 3309 3522 divitis
3339 3465 3486 3537 (Luc.
3517 3464 3632 3532 xu)
3664 3480 3683 3518 :

2090 3569 2261 3624 Homo
2305 3566 2513 3640 quidam
2559 3573 2672 3619 erat
2719 3563 2856 3616 dives
2882 3601 2898 3628 ,
2930 3572 2978 3616 et
3009 3559 3316 3615 induebatur
3359 3570 3589 3626 purpura
3628 3562 3687 3608 et

2090 3660 2267 3732 bysso,
2300 3668 2348 3713 et
2375 3656 2679 3730 epulabatur
2713 3654 2941 3726 quotidie
2986 3647 3276 3724 splendide.
3328 3647 3397 3702 Et
3425 3654 3538 3700 erat
3565 3645 3688 3717 qui-

2089 3752 2210 3805 dam
2242 3751 2504 3805 mendicus
2532 3748 2739 3801 nomine
2762 3743 3016 3810 Lazarus,
3039 3743 3122 3812 qui
3144 3736 3354 3810 jacebat
3378 3740 3447 3788 ad
3461 3735 3687 3806 januanfs

2089 3845 2204 3915 ejus
2227 3883 2244 3910 ,
2274 3841 2530 3896 ulceribus
2558 3840 2740 3909 plenus
2765 3879 2781 3906 ,
2823 3837 3034 3907 cupiens
3071 3833 3255 3888 satiari
3303 3831 3368 3884 de
3393 3829 3538 3883 micis
3566 3844 3688 3899 qua:

2093 3933 2345 3990 cadebant
2374 3935 2438 3986 de
2462 3947 2641 3986 mensa
2671 3929 2842 3983 divitis
2873 3944 2890 3980 :
2923 3927 3013 3982 sed
3046 3934 3096 3979 et
3133 3939 3287 3978 canes
3316 3921 3600 3984 veniebant,
3631 3931 3690 3974 et

2093 4026 2355 4100 lingebant
2382 4025 2558 4078 ulcera
2587 4023 2719 4093 ejus.
2768 4018 2989 4073 Factum
3018 4024 3094 4070 est
3123 4023 3292 4068 autem
3318 4022 3375 4066 ut
3400 4019 3687 4066 moreretur

2091 4099 2359 4171 mendicus
2379 4156 2394 4183 ,
2424 4121 2472 4168 et
2501 4119 2796 4182 portaretur
2824 4105 2889 4162 ab
2919 4105 3117 4176 angelis
3145 4105 3200 4157 in
3238 4104 3407 4156 sinum
3436 4099 3688 4154 Abrahae.

2093 4207 2333 4263 Mortuus
2361 4215 2436 4260 est
2465 4213 2636 4258 autem
2665 4210 2714 4256 et
2744 4202 2880 4256 dives
2903 4242 2918 4268 ,
2947 4208 2997 4254 et
3024 4197 3254 4267 sepultus
3290 4204 3386 4249 est.
3424 4193 3494 4248 Et
3517 4194 3569 4247 in
3593 4195 3688 4247 in—

2095 4301 2243 4370 ferno
2269 4297 2472 4351 elevans
2503 4293 2677 4350 oculos
2703 4308 2824 4346 suos
2849 4306 2964 4344 cum
2989 4297 3120 4343 esset
3148 4289 3203 4341 in
3238 4285 3525 4350 tormentis,
3555 4284 3692 4338 vidit

2095 4382 2581 4456 Abrahamalonge,
2596 4391 2646 4437 et
2656 4378 3092 4455 ipsumLazarum
3111 4378 3164 4431 in
3187 4377 3304 4430 sinu
3325 4375 3436 4444 ejus
3458 4389 3478 4428 :
3500 4382 3548 4427 et
3572 4375 3691 4442 ipse

2093 4480 2325 4533 clamans
2350 4476 2522 4530 dixit:
2544 4473 2707 4529 Pater
2732 4472 3015 4538 Abraham,
3044 4470 3284 4524 miserere
3310 4470 3434 4533 mei,
3464 4477 3512 4521 et
3538 4468 3692 4522 mitte

2096 4569 2378 4634 Lazarum,
2400 4576 2456 4622 ut
2483 4568 2709 4634 intingat
2736 4571 3023 4618 extremum
3051 4561 3198 4632 digiti
3220 4560 3300 4615 sui
3322 4561 3376 4613 in
3403 4573 3609 4630 aquam,
3633 4571 3692 4612 σε

406 4660 560 4718 αὐτὸς
585 4663 819 4730 φωνήσας
848 4655 956 4713 εἶπε
972 4673 987 4689 ⁶
1010 4664 1249 4736 -Πὰτερ
1275 4659 1528 4732 Ἀϐραάμ,
1553 4658 1762 4717 έλέησόν
1789 4679 1870 4729 με.
1907 4662 1984 4714 καὶ

2093 4673 2361 4745 refrigeret
2387 4672 2616 4739 linguam
2643 4683 2829 4733 nteant,
2860 4666 2980 4738 quia
3008 4665 3209 4719 crucior
3235 4665 3289 4718 in
3321 4663 3417 4717 hac
3444 4665 3690 4733 ﬂamma.

407 4750 606 4821 πέμψον
630 4752 879 4826 Λάζαρον,
909 4751 989 4805 ἶνα
1011 4751 1156 4825 βάψῃ
1183 4753 1243 4807 τὸ
1267 4749 1418 4827 ἄκρον
1442 4757 1534 4806 τοῦ
1562 4749 1805 4807 δακτύλου
1835 4752 1992 4806 αὐτοῦ

406 4840 614 4904 ὕδατος,
640 4845 727 4896 καὶ
753 4840 1018 4915 καταψύξῃ
1039 4847 1129 4902 τὴν
1156 4843 1394 4916 γλῶσσάν
1417 4863 1539 4913 μου.
1558 4841 1639 4898 ὅτι
1668 4840 1920 4915 ὀδυνῶμαι
1945 4845 1996 4897 ἐν

405 4941 470 5008 τῇ
495 4934 637 5006 φλογί
661 4929 1042 5008 ταύτῃ.-Εἷπε
1073 4931 1132 4988 δέ
1155 4931 1482 5008 ’Δϐραάμ’-
1496 4934 1772 4998 Μνήσοητι,
1800 4937 1987 5002 τέκνον,

406 5025 487 5082 ὅτι
507 5027 758 5086 ἀπέλαϐες
785 5027 854 5081 σὺ
884 5025 948 5080 τά
986 5026 1153 5098 ἀγαθά
1182 5040 1278 5080 σου
1302 5026 1350 5079 ἐν
1388 5034 1450 5098 τῇ
1497 5029 1601 5101 ζωῇ
1631 5047 1748 5088 σου,
1775 5028 1860 5081 καί
1887 5029 1982 5083 Λά-

407 5122 558 5193 ζαρος
579 5117 764 5191 ὁμοίως
793 5120 858 5173 τά
883 5118 1033 5172 κακά’
1055 5123 1144 5172 νῦν
1169 5115 1225 5172 δέ
1250 5117 1403 5177 αὐτὸς
1424 5119 1821 5193 παρακαλεῖται,
1847 5120 1912 5172 σὺ
1937 5117 1992 5172 δέ

407 5209 676 5266 ὀδυνᾶσαι.
694 5214 793 5265 Καὶ
810 5213 893 5264 ἐπί
914 5216 1045 5266 πᾶσι
1074 5212 1276 5270 τούτοις
1307 5211 1498 5282 μεταξὺ
1517 5213 1656 5280 ἡμῶν
1669 5231 1723 5265 τε
1745 5213 1827 5265 καί
1849 5211 1879 5264 ύ
1885 5218 1991 5284 μῶν

407 5303 542 5370 μέγα
567 5305 759 5372 χάσμα
779 5303 1096 5378 ἐστήρικται.
1110 5301 1248 5364 ὅπως
1269 5304 1315 5358 oi
1332 5303 1555 5364 θέλοντες
1577 5303 1811 5364 διαϐῆναι
1831 5305 1995 5360 έντεῦ-

408 5393 489 5444 θεν
517 5393 647 5466 πρὸς
675 5395 830 5466 ὑμᾶς,
864 5401 934 5469 μὴ
965 5394 1236 5464 δύνωνται,
1266 5393 1394 5465 μηδέ
1413 5396 1460 5450 oi
1499 5398 1682 5450 ἐκεῖθεν
1709 5397 1836 5471 πρὸς
1859 5399 1994 5467 ἡμᾶς

409 5483 934 5560 διαπερῶσιν.-Εἶπε
963 5489 1286 5568 δέ’-ἔρωτῶ
1310 5486 1396 5545 οὖν
1422 5511 1503 5555 σε,
1534 5492 1718 5567 πάτερ,
1746 5493 1830 5546 ’ἵνα
1860 5493 1988 5562 πέμο

408 5573 511 5649 ψῃς
537 5574 687 5629 αὐτόν
713 5578 782 5636 είς
808 5578 890 5631 τόν
912 5574 1036 5632 οἶκον
1066 5588 1157 5636 τοῦ
1181 5580 1378 5656 πατρός
1401 5603 1498 5649 μου
1525 5623 1541 5648 ,
1574 5580 1685 5650 ἔχω
1705 5583 1806 5657 γάρ
1845 5583 1992 5636 πέντε

407 5667 674 5739 ἀδελφοὺς.
706 5664 844 5726 ὅπως
875 5666 1286 5747 διαμαρτύρηται
1314 5673 1505 5739 αὐτοῖς,
1529 5672 1611 5727 ’ἱνα
1635 5676 1708 5743 μὴ
1736 5675 1822 5727 καί
1848 5673 1994 5726 αὐτοί

409 5761 693 5815 εἰσέλθωσιν
712 5761 779 5820 ετς
805 5761 889 5814 τὸν
911 5756 1062 5815 τόπον
1080 5768 1256 5816 τοῦτον
1287 5771 1376 5822 τῆς
1405 5764 1661 5832 βασάνου.
1679 5763 1995 5832 Ἀἰσχυνθη·

411 5874 582 5910 τωσαν
624 5848 710 5908 οὖν
748 5854 793 5907 οἱ
821 5852 1100 5926 Ὠριγένους
1129 5855 1525 5926 ἀντιποιούμενοι
1562 5858 1645 5910 καί
1683 5857 1736 5910 ἐκ
1781 5863 1878 5912 τῶν
1909 5861 1995 5910 τοῦ

2098 4765 2165 4821 Et
2196 4766 2330 4820 dixit
2357 4765 2435 4818 illi
2472 4761 2737 4816 Abraham
2769 4777 2785 4812 :
2815 4758 2964 4826 Fili,
2996 4757 3270 4811 recordare
3299 4757 3421 4828 quia
3449 4755 3692 4825 recepisti

2098 4866 2151 4912 tu
2189 4854 2322 4909 bona
2363 4863 2452 4907 tua
2494 4854 2547 4907 in
2575 4853 2679 4906 vita
2717 4859 2808 4905 tua
2831 4893 2846 4918 ,
2887 4859 2935 4904 et
2971 4847 3201 4902 Lazarus
3231 4848 3471 4902 similiter
3505 4846 3690 4910 mala;

2096 4961 2231 5001 nunc
2253 4952 2424 4998 autem
2447 4943 2528 4996 hic
2556 4942 2872 5000 consolatur,
2901 4951 2950 4992 tu
2981 4955 3096 4992 vero
3123 4938 3393 4991 cruciaris.
3429 4933 3496 4989 Et
3522 4937 3574 4989 in
3603 4935 3692 4989 his

2098 5034 2333 5104 omnibus
2362 5034 2496 5086 inter
2518 5048 2614 5086 nos
2637 5041 2685 5084 et
2714 5047 2800 5085 vos
2831 5045 3077 5101 magnum
3097 5027 3257 5082 chaos
3274 5029 3540 5098 ﬁrmatum
3562 5034 3640 5080 est
3664 5041 3690 5080 :

2095 5136 2152 5183 ut
2183 5127 2236 5181 hi
2262 5128 2347 5198 qui
2376 5126 2532 5179 velint
2563 5125 2782 5178 transire
2824 5123 2892 5175 ad
2940 5138 3028 5176 vos
3050 5162 3066 5188 ,
3115 5136 3218 5175 non
3247 5121 3484 5188 possint,
3523 5133 3692 5191 neque

2092 5218 2214 5272 inde
2240 5217 2334 5270 huc
2369 5226 2705 5269 transmeare.
2753 5212 2818 5266 Et
2846 5214 2920 5266 ait
2951 5229 2969 5266 :
3001 5211 3148 5283 Rogo
3175 5228 3296 5282 ergo
3328 5221 3395 5279 te,
3424 5219 3592 5280 pater,
3619 5220 3687 5264 ut

2096 5312 2273 5366 mittas
2295 5323 2408 5362 eum
2433 5307 2486 5360 in
2517 5306 2723 5360 domum
2752 5304 2918 5374 patris
2946 5303 3078 5368 mei;
3109 5302 3273 5356 habeo
3301 5302 3437 5356 enim
3462 5301 3691 5374 quinque

2096 5405 2286 5474 fratres
2315 5414 2333 5452 :
2358 5407 2415 5450 ut
2438 5405 2649 5450 testetur
2673 5396 2803 5464 illis,
2834 5412 2898 5449 ne
2923 5405 2974 5449 et
3002 5395 3104 5464 ipsi
3128 5395 3334 5450 veniant
3363 5395 3416 5447 in
3445 5394 3578 5447 hunc
3601 5393 3688 5450 lo-

2089 5506 2215 5543 eum
2244 5495 2634 5544 tormentorum.
2667 5485 3025 5552 Quamobrem
3055 5483 3258 5555 pudeat
3283 5499 3378 5540 eos
3403 5482 3495 5552 qui
3522 5491 3684 5539 tuen-

2098 5588 2186 5634 tur
2212 5578 2494 5646 Origenem
2524 5575 2608 5631 vel
2634 5592 2700 5632 ex
2727 5574 2898 5632 sancti
2927 5573 3200 5644 Evangelii
3229 5573 3426 5630 verbis.
3457 5571 3513 5627 Si
3537 5571 3688 5628 enim

2099 5680 2227 5727 ante
2255 5670 2448 5724 anima:
2475 5684 2636 5740 quam
2673 5682 2902 5737 corpora
2930 5665 3172 5734 fuissent,
3202 5673 3592 5735 cognoscerent
3616 5681 3687 5721 ea

2099 5779 2220 5832 qua:
2249 5770 2372 5817 ante
2401 5775 2596 5832 corpus
2623 5759 2873 5814 fecissent
2897 5800 2912 5824 ,
2953 5757 3403 5828 quemadmodum
3432 5765 3556 5827 post
3581 5757 3685 5811 mi-

2102 5853 2399 5924 grationem
2439 5866 2470 5909 e
2513 5850 2622 5906 vita
2668 5851 3084 5907 rcminiseuntur
3125 5863 3344 5920 caqutc
3375 5851 3426 5904 in
3455 5861 3688 5920 corpore
