4032 6190
352 279 377 297 ἢ

1330 272 1702 332 ΙὉΞΉΝῙΑΜ
1743 272 1868 329 LIB.
1912 273 2069 329 ΜΝ.
2113 271 2486 329 ΟΒΙΟΕΝΕΜ.

3444 275 3549 332 ωε

266 394 423 463 ἅγιον
463 388 757 463 εὐαγγελίου
795 387 1052 462 ῥημάτων.
1083 390 1140 443 Εἰ
1165 389 1264 464 γάρ
1296 394 1642 462 προϋπῆρχον
1680 385 1733 441 αί
1762 384 1861 457 3h)-
1894 389 1910 445 Δ

2015 392 2246 439 asserunt
2275 400 2289 447 ;
2332 383 2436 440 hoc
2463 383 2607 438 enim
2628 397 2660 438 e
2687 383 2869 440 verbis
2912 385 3085 442 sancti
3113 384 3391 457 Evangelii
3418 386 3555 443 didi—

270 482 379 554 χαί
402 488 501 535 τῶν
527 481 804 548 σωμάτων,
834 481 1103 553 έγίνωσκον
1133 474 1194 534 ἂν
1225 481 1307 534 καί
1333 479 1399 533 τὰ
1424 479 1527 552 πρὸ
1556 482 1647 534 τοῦ
1683 478 1866 547 σώμα-

269 593 365 634 τος
389 573 565 634 αύταῖς
590 571 905 645 πραχθέντα,
933 574 1162 646 καθάπερ
1183 573 1269 627 καί
1302 573 1434 643 μετά
1467 576 1558 630 τήν
1586 569 1870 625 ἀποϐίωσεν

1972 474 2163 530 cimus.

272 667 562 737 μέμνηνται
611 670 711 718 τῶν
736 661 820 719 διά
857 667 953 718 τοῦ
993 663 1237 734 σώματος
1277 663 1460 724 αὐταῖς
1512 659 1902 732 πεπραγμένων.
1939 661 2102 712 Τοῦτο
2148 656 2246 730 γάρ
2294 656 2349 711 ἐκ
2380 662 2482 734 τῶν
2523 656 2721 731 ῥήσεων
2762 661 2852 713 τοῦ
2895 656 3042 731 ἁγίου
3067 658 3355 735 εὐαγγελίου
3396 656 3565 726 ἐδιδάτ

276 759 505 826 χθημεν.

349 853 469 901 Ὀτι
499 841 554 898 δὲ
592 849 706 905 ταῖς
747 842 1098 903 θεοπνεύστοις
1136 848 1355 917 γραφαῖς
1398 840 1784 900 ἀκολουθοῦντες
1824 840 1871 894 οί

278 936 422 1012 ἅγιοι
448 937 669 1013 πατέρες
693 937 760 991 τά
778 941 996 991 τοιαῦτα
1023 936 1315 1008 κατέκριναν
1343 933 1597 1008 δόγματα,
1622 937 1718 989 σὺν
1739 940 1873 1009 Ὠρε-

279 1032 417 1103 γένει
446 1037 517 1101 τῷ
544 1036 709 1086 ταῦτα
736 1029 1137 1101 μυθολογησάντε
1157 1070 1170 1089 .
1199 1028 1249 1092 ἐξ
1287 1028 1448 1083 αὐτῶν
1474 1035 1574 1081 τῶν
1603 1028 1875 1100 εἰρημένων

284 1131 397 1182 τοῖς
424 1122 587 1194 ἁγίοις
610 1123 838 1198 πατράσι
863 1124 944 1175 καί
970 1118 1066 1179 ἤδη
1094 1121 1183 1194 μέν
1207 1126 1379 1193 σαφῶς
1406 1116 1761 1191 ἀπεδείξαμεν,
1794 1117 1879 1170 ού·

280 1214 367 1270 δέν
396 1213 450 1269 δὲ
492 1213 639 1275 ἧττον
679 1217 758 1268 καί
787 1210 871 1267 διά
911 1218 1008 1267 τῶν
1048 1214 1219 1283 ἐφεξῆς
1245 1218 1539 1287 μαρτυριῶν
1582 1217 1681 1266 τῶν
1728 1209 1884 1279 ἁγίων

176 1322 187 1331 ‘
282 1308 524 1381 πατέρων
551 1303 898 1377 ἀποδείξομεν,
935 1305 1021 1357 καί
1050 1310 1248 1381 πρῶτον
1282 1303 1369 1358 τόν
1398 1301 1538 1373 ἅγιον
1562 1302 1747 1376 Πίτρον
1772 1300 1883 1354 ἐπί-

283 1418 481 1452 σκοπον
504 1393 873 1469 Ἀλεξανδρείας
898 1392 1162 1467 γενόμενον
1199 1395 1284 1447 καὶ
1308 1393 1553 1468 μάρτυρα
1584 1387 1883 1466 παραθησό-

284 1488 438 1557 μεθα,
463 1492 571 1544 τοῖς
601 1480 854 1545 τοιούτοις
882 1484 1022 1552 ημῶν
1050 1487 1415 1557 μαρτυροῦντα
1439 1480 1626 1553 λόγοις.

364 1581 472 1630 τοῦ
505 1573 653 1648 άγίου
691 1575 879 1645 Πέτρου
909 1572 1197 1627 ἐπισκόπου
1221 1574 1306 1626 καί
1329 1573 1590 1648 μάρτυρος
1613 1578 1706 1631 τῆς
1731 1589 1889 1642 μεγα-

2048 836 2204 905 Quod
2232 846 2409 893 autem
2439 848 2495 894 et
2520 839 2691 895 sancti
2730 838 2938 909 Patres,
2967 850 3252 911 sequentes
3280 844 3569 915 inspiratas

1980 927 2234 983 divinitus
2256 927 2581 998 Scripturas,
2611 929 2773 984 talem
2793 930 3091 986 doctrinam
3120 934 3564 1002 condemnarunt,

1981 1034 2086 1073 una
2100 1034 2220 1075 cum
2243 1017 2494 1087 Origene,
2510 1020 2601 1088 qui
2617 1019 2734 1076 haec
2756 1031 3088 1077 commentus
3109 1035 3208 1091 est,
3220 1024 3329 1094 jam
3350 1028 3568 1097 quidem

1983 1123 2053 1164 cx
2081 1109 2146 1164 iis
2174 1125 2294 1180 quae
2338 1110 2413 1164 illi
2464 1109 2744 1177 dixerunt,
2777 1122 2964 1184 aperte
2993 1117 3325 1172 ostendimus
3352 1136 3363 1170 :
3392 1120 3562 1174 nihilo

1988 1205 2166 1253 tamen
2188 1199 2366 1254 secius
2394 1206 2449 1254 et
2477 1214 2545 1254 ex
2574 1200 2977 1271 insequentibus
3006 1200 3221 1259 Patrum
3252 1207 3572 1263 testimoniis

1984 1304 2169 1344 sumus
2192 1289 2632 1347 demonstraturi.
2682 1291 2762 1347 Ac
2805 1293 3035 1363 primum
3061 1306 3304 1352 sanetum
3333 1300 3570 1365 Petrum,

1985 1380 2077 1450 qui
2096 1380 2377 1459 episcopus
2398 1381 2733 1437 Alexandria:
2754 1393 2809 1439 et
2827 1393 3031 1458 martyr
3049 1385 3168 1455 fuit,
3190 1404 3571 1459 proponemus,

1991 1458 2357 1527 testimonium
2388 1476 2584 1530 nostris
2605 1475 2686 1532 his
2707 1481 3045 1537 sermonibus
3074 1484 3467 1552 perhibentem.

2064 1563 2122 1619 S.
2148 1564 2291 1621 Petri
2314 1567 2551 1639 episcopi
2575 1569 2910 1627 Alexandria:
2932 1582 2987 1630 et
3013 1579 3284 1650 martyris,
3308 1594 3375 1634 ex
3404 1581 3574 1650 primo

284 1665 548 1725 λοπόλεως
567 1662 955 1737 ⁹Δλεξανδρείνς,
990 1664 1042 1717 ἐκ
1082 1669 1174 1718 τοῦ
1201 1666 1407 1739 πρώτου
1434 1663 1611 1736 λόγου,
1638 1664 1756 1741 περί
1796 1668 1888 1716 τοῦ

2015 1669 2262 1723 ermone,
2294 1658 2437 1737 quod
2468 1675 2569 1715 nec
2596 1664 2915 1731 prmexStitit
2935 1666 3132 1735 anima,
3158 1685 3277 1735 nec,
3307 1687 3429 1726 cum
3457 1689 3576 1743 pec-

288 1755 427 1830 μηδέ
469 1757 834 1833 προῗπάρχειν
874 1760 965 1814 τήν
991 1752 1173 1826 ψυχήν
1217 1752 1346 1826 μηδέ
1384 1753 1779 1828 ἁμαρτήσασαν,
1806 1750 1888 1808 διὰ

289 1858 457 1909 τοῦτο
485 1856 556 1912 εἰς
581 1859 731 1922 σῶμα
757 1850 1021 1922 βληθῆναι’
1056 1868 1075 1902 ι
1097 1850 1368 1924 Ἦγούμεθα
1389 1850 1457 1906 τά
1484 1852 1604 1924 περί
1621 1855 1714 1904 τοῦ
1744 1849 1891 1927 πρῶ-

288 1964 391 1998 του
439 1944 493 1997 ἐκ
519 1949 610 2001 τῆς
635 1948 729 2012 γῆς
759 1945 940 2012 χοίκοῦ
1013 1940 1333 2013 γεγενημένου
1364 1940 1629 2015 ἀνθρώπου
1673 1937 1894 2014 παραθέ-

290 2037 444 2093 σθαι.
476 2032 601 2109 πρός
621 2031 677 2087 τό
702 2029 864 2097 δεῖξαι
887 2031 971 2086 ἕνα
1008 2033 1095 2085 καί
1116 2029 1198 2086 τόν
1226 2029 1374 2085 αὐτόν
1398 2031 1447 2083 ἐν
1472 2036 1546 2100 τῷ
1569 2030 1708 2100 αὐτῷ
1733 2036 1895 2104 καιρῷ

291 2124 588 2197 γενόμενον,
622 2116 711 2176 κᾶν
731 2128 951 2197 μερικῶς
993 2141 1117 2176 ποτε
1161 2119 1186 2174 ό
1214 2119 1316 2175 ἔσω
1348 2123 1433 2177 καί
1462 2119 1561 2186 ἔξω
1583 2120 1786 2195 λέγηται
1811 2118 1895 2176 at».

292 2217 526 2290 Θρωπος.
548 2215 606 2268 Εἰ
629 2214 727 2288 γάρ
754 2215 839 2267 καί
866 2212 1001 2267 κατά
1035 2212 1123 2266 τόν
1157 2215 1409 2283 σωτήριον
1428 2211 1593 2284 λόγον,
1625 2209 1651 2265 ό
1676 2214 1897 2270 ποιήσας

296 2309 366 2364 τά
397 2304 610 2373 ἔσωθεν,
640 2307 727 2360 καί
752 2305 819 2360 τά
841 2301 1023 2368 ἔξωθεν
1049 2303 1305 2365 εποίησεν,
1338 2301 1445 2357 ἀλλ’
1478 2297 1568 2357 οὖν
1591 2323 1648 2376 γε
1678 2302 1895 2376 έφάπαξ,

299 2402 392 2454 καί
419 2401 471 2453 ἓν
508 2398 580 2453 ένὶ
606 2404 788 2472 καιρῷ,
832 2396 1073 2452 τουτέστι
1098 2403 1162 2473 τῇ
1202 2397 1333 2471 αὐτῇ
1359 2396 1543 2471 ἡμέρᾳ,
1579 2394 1665 2452 ὅτε
1706 2390 1844 2450 εἶπεν
1873 2394 1899 2450 ό

301 2490 825 2559 Θεός,-Ποιήσωμεν
840 2483 1100 2550 ἄνθρωπον
1117 2486 1230 2542 κατ’
1242 2485 1404 2542 εἰκόνα
1425 2488 1507 2541 καί
1527 2484 1763 2557 ὁμοίωσιν
1780 2486 1901 2556 ἡμε-

303 2582 479 2658 τέραν.
503 2608 575 2620 —
603 2589 690 2640 Ὠς
710 2580 764 2633 ἐκ
786 2579 970 2634 τούτου
998 2575 1204 2636 εὔδηλον
1232 2572 1378 2645 εἶναι,
1409 2575 1486 2633 ὅτι
1517 2578 1601 2631 οὐκ
1626 2576 1729 2631 ἀπὸ
1751 2573 1904 2630 συνό-

305 2671 425 2735 δου.
442 2674 512 2733 ὡς
535 2668 777 2747 προόντος
802 2672 938 2731 τιν’ς
960 2670 1155 2746 ἑτέρου,
1172 2672 1260 2725 καί
1290 2669 1371 2742 ἀφ’
1401 2669 1573 2745 ἑτέρου
1597 2670 1759 2725 τόπου
1780 2689 1907 2723 συν·

308 2762 635 2829 εληλυθότος,
686 2762 995 2834 γεγέννηται.
1026 2763 1081 2814 Ei
1104 2761 1202 2838 γάρ
1233 2758 1446 2821 σύνοδος
1467 2757 1546 2827 ἧν,
1577 2762 1709 2822 τίνος
1745 2760 1905 2813 ἔτεκεν

310 2855 397 2907 καί
425 2853 485 2908 τό
511 2853 847 2923 πεποιημένον
874 2851 1159 2927 ἀνεγράφης
1194 2869 1212 2902 ι
1247 2854 1334 2915 Καί
1357 2851 1466 2922 μεθ’
1488 2851 1659 2923 ἕτερα·
1690 2868 1709 2902 ε
1741 2846 1904 2906 Ὠστε

311 2947 405 3000 οὐκ
423 2943 691 3015 ἐνδέχεται
706 2949 807 3019 πρό
825 2944 1078 3014 σωμάτων
1105 2944 1300 3019 οὐρανῷ
1315 2942 1613 3018 ἁμαρτάνων
1630 2938 1722 3012 [Ρ.
1741 2939 1910 3018 ἆμαρ-

312 3034 502 3105 τάνεινὶ
533 3037 739 3106 ψυχάς,
767 3032 891 3108 μηδέ
922 3033 1042 3096 ὅλως
1077 3036 1178 3112 πρὸ
1205 3040 1456 3109 σωμάτων
1484 3034 1809 3095 ὐποστάσας.
1842 3034 1909 3089 Τό
1937 3078 1983 3142 C

313 3132 378 3200 γᾶ
382 3150 418 3203 ρ
670 3119 822 3183 τοῦτο
849 3134 940 3188 τῆς
970 3126 1245 3187 Ἑλληνικῆς
1273 3128 1390 3182 έστι
1430 3126 1744 3199 φιλοσοφίας.
1770 3126 1910 3190 ξένης

315 3225 406 3277 καί
435 3221 700 3297 ἀλλοτρίας
731 3217 891 3283 οὔσης
919 3226 1020 3275 τῶν
1068 3216 1122 3274 έν
1170 3226 1374 3293 Χριστῷ
1401 3217 1628 3278 εὐσεϐῶς
1668 3216 1909 3274 θελόντων

314 3318 431 3390 ζῇν.
468 3331 488 3365 ε

392 3406 494 3455 τοῦ
532 3401 692 3456 αὐτοῦ
732 3400 786 3454 ἐκ
818 3406 912 3460 τῆς
935 3401 1325 3472 μυσταγωγίας,
1366 3395 1426 3459 ἧς
1456 3395 1738 3457 έποιιόσατο
1783 3396 1915 3469 πρὸς

317 3495 412 3551 τήν
438 3491 721 3556 ἐκκλησίαν,
749 3490 939 3562 μέλλων
976 3491 1062 3547 τὸν
1089 3499 1180 3548 τοῦ
1209 3493 1496 3567 μαρτυρίου
1522 3492 1768 3565 στέφανον
1793 3491 1914 3545 ἂνα-

324 3579 579 3653 δέχεσθαι
623 3581 742 3635 «Διά
769 3587 923 3636 τοῦτο
951 3583 1250 3657 παρακαλῶ,
1277 3590 1593 3659 γρηγορεῖτε,
1624 3579 1704 3637 ὅτι
1721 3583 1795 3642 είς
1820 3581 1918 3636 θλί-

321 3674 414 3745 ψιν
455 3674 605 3730 πάλιν
646 3674 850 3745 μέλλετε
900 3675 1139 3730 εἰσελθεῖν
1193 3673 1372 3730 Οἴδατε
1420 3677 1617 3735 πόσους
1655 3671 1919 3734 κινδύνους

319 3766 591 3838 ὑπέμεινεν
632 3764 659 3820 ό
707 3764 999 3839 ἆναθρέψας
1037 3785 1101 3835 με
1143 3769 1318 3839 πατήρ
1363 3787 1463 3836 μου
1512 3767 1594 3820 καί
1642 3764 1920 3824 ἐπίσκοπος

321 3859 514 3915 Θεονᾶς
547 3855 646 3909 διπό
672 3859 979 3925 μαινομένων
1003 3855 1076 3915 είς
1101 3855 1168 3909 τά
1196 3851 1406 3908 ιῖδωλα⁸
1443 3849 1503 3907 οὖ
1532 3855 1618 3908 καί
1644 3851 1731 3906 τόν
1753 3851 1921 3924 θρόνον

321 3943 642 4018 δκδεξάμην.
672 3942 770 3999 εἴθε
810 3943 865 4000 δέ
899 3947 983 4000 καί
1021 3946 1104 4001 τόν
1129 3944 1337 4021 τρόπον’
1365 3946 1434 4005 ὡς
1477 3942 1532 3999 δέ
1572 3946 1657 3998 καί
1696 3942 1723 3998 ό
1761 3945 1920 4015 μέγας

324 4040 590 4100 Διονύσιος
633 4037 1110 4114 κατακρυπτόμενος
1149 4039 1253 4093 ἀπό
1280 4038 1448 4093 τόπων
1475 4038 1545 4098 είς
1582 4037 1796 4101 τόπους,
1841 4039 1923 4092 καί

324 4129 459 4203 πρὸς
485 4126 650 4198 τούτῳ
697 4130 780 4182 καί
820 4128 1088 4183 Σαϐελλίου
1131 4127 1403 4190 θλίϐοντος.
1430 4129 1492 4182 Τί
1525 4126 1578 4183 δέ
1619 4125 1744 4183 εἴπω
1771 4125 1924 4201 Ἠραο

324 4221 453 4275 κλᾶν
493 4222 578 4274 καί
602 4224 907 4294 Δημήτριον,
933 4222 1053 4281 τούς
1091 4219 1371 4295 μακαρίους
1416 4218 1751 4287 ὶπεσκόπους,
1780 4219 1923 4280 οἴους

1998 1753 2192 1813 casset,
2209 1754 2494 1818 propterea
2518 1750 2569 1805 in
2591 1766 2786 1822 corpus
2810 1755 2971 1810 missa
2984 1764 3096 1812 est:
3120 1777 3139 1810 ι
3163 1759 3420 1817 Duximus
3435 1779 3576 1834 qum-

1999 1834 2123 1890 dam
2153 1837 2221 1892 de
2250 1838 2424 1908 primo
2453 1855 2484 1894 e
2514 1849 2657 1896 terra
2705 1851 2920 1900 terreno
2952 1847 3168 1904 homine
3211 1854 3578 1923 proponenda,

1998 1934 2059 1982 ut
2079 1928 2479 1985 demonstretur
2498 1948 2664 1987 unum
2691 1942 2747 1989 et
2770 1937 3018 1992 eumdem
3045 1939 3235 1996 eodem
3260 1942 3313 1998 iu
3340 1952 3586 2015 tempore

1998 2034 2119 2076 esse
2147 2020 2342 2077 factum
2373 2040 2386 2076 :
2412 2025 2655 2094 quamvis
2675 2027 3073 2096 particulariter
3094 2048 3475 2103 nonnunquam
3504 2036 3577 2091 in-

2000 2111 2170 2165 terior
2198 2120 2253 2165 et
2277 2113 2517 2167 exterior
2537 2114 2702 2170 homo
2732 2104 2956 2172 dicatur.
2985 2119 3117 2174 Nam
3147 2124 3267 2188 etsi,
3294 2125 3591 2183 secundum

2000 2199 2291 2255 salutarem
2321 2216 2625 2259 sermonem
2650 2246 2665 2271 ,
2706 2207 2798 2277 qui
2828 2207 3082 2264 interiora
3111 2210 3236 2268 fecit
3258 2255 3275 2282 ,
3317 2216 3584 2272 exteriora

2003 2304 2223 2359 quoque
2251 2291 2378 2347 fecit
2402 2310 2415 2345 :
2445 2300 2625 2349 tamen
2647 2296 2814 2352 semel
2844 2305 2898 2352 ct
2924 2299 3113 2355 eodem
3140 2310 3400 2374 tempore,
3431 2305 3482 2358 id
3506 2319 3588 2363 est

2003 2390 2193 2444 eadem
2221 2391 2309 2446 die
2330 2431 2346 2458 ,
2390 2408 2510 2447 cum
2539 2393 2674 2449 dixit
2703 2395 2844 2453 Deus
2874 2386 2890 2451 ξ
2917 2396 3199 2457 Faciamus
3236 2403 3496 2460 hominem
3521 2409 3591 2460 ad

2002 2481 2285 2554 imaginem
2324 2495 2373 2539 et
2400 2485 2790 2543 similitudinem
2817 2500 3082 2557 nostram;
3133 2510 3202 2549 ex
3239 2511 3348 2564 quo
3386 2500 3581 2568 perspi-

2005 2587 2165 2627 cuum
2187 2583 2288 2639 est,
2312 2590 2418 2631 non
2440 2590 2508 2631 ex
2530 2591 2845 2645 congressu,
2867 2581 3019 2650 quasi
3042 2583 3245 2653 aliquid
3265 2584 3408 2640 aliud
3435 2595 3581 2643 aute-

2009 2674 2252 2740 cesserit,
2277 2681 2334 2729 et
2353 2690 2421 2729 ex
2442 2675 2549 2731 alio
2568 2675 2692 2732 loco
2714 2680 3049 2749 convenerit,
3068 2680 3266 2739 factum
3286 2699 3426 2740 esse.
3458 2684 3592 2740 Nam

2011 2764 2055 2820 si
2087 2779 2408 2836 congressus
2435 2767 2557 2836 fuit,
2581 2770 2936 2844 quamobrem
2973 2773 3300 2845 descriptum
3338 2786 3422 2832 est
3449 2774 3595 2846 quod

2004 2855 2116 2923 jam
2146 2853 2343 2913 factum
2374 2857 2695 2918 fuerat?»Et
2719 2868 2840 2929 Post
2853 2861 3023 2916 aliam
3046 2864 3232 2935 Itaque
3258 2881 3366 2921 non
3397 2864 3585 2937 reeipi-

2012 2954 2119 3010 tur,
2151 2957 2278 3002 ante
2302 2962 2531 3018 corpora
2557 2948 2611 3003 in
2632 2949 2772 3005 coelo
2793 2965 3017 3021 peccare
3042 2954 3268 3020 animas,
3294 2969 3412 3025 qua:
3438 2971 3582 3027 pror-

2011 3051 2105 3092 sus
2130 3051 2198 3091 ne
2238 3044 2364 3092 ante
2390 3052 2620 3109 corpora
2648 3039 2865 3109 quidem
2894 3041 3279 3110 substiterunt;
3310 3047 3422 3100 haec
3449 3047 3596 3101 enim

2013 3126 2256 3183 doctrina
2277 3143 2309 3182 a
2329 3142 2661 3199 paganorum
2689 3130 3028 3203 philosophia
3050 3142 3153 3197 est,
3176 3150 3294 3204 qua:
3317 3139 3597 3206 peregrina

2014 3226 2138 3284 est,
2187 3226 2244 3274 et
2291 3220 2361 3275 ab
2404 3219 2470 3275 iis
2517 3220 2730 3291 aliena,
2781 3222 2874 3293 qui
2917 3223 3007 3293 pie
3053 3224 3107 3279 in
3153 3224 3368 3282 Christo
3408 3228 3592 3282 volunt

2013 3324 2218 3365 VlVel‘e.
2262 3330 2285 3365 θ

2092 3396 2343 3468 Ejusdem
2366 3414 2436 3456 ex
2472 3402 2806 3472 mystagogia
2843 3417 3004 3472 quam
3034 3404 3160 3461 fecit
3187 3406 3255 3462 ad
3284 3406 3596 3477 Ecclesiam,

2020 3505 2142 3546 cum
2173 3491 2415 3563 martyrii
2445 3507 2701 3547 coronam
2730 3502 3078 3564 suscepturus
3105 3506 3249 3552 esset
3281 3516 3293 3551 :
3332 3518 3351 3550 ι
3382 3499 3596 3570 Propte-

2021 3595 2115 3637 rea
2143 3581 2394 3648 obsecro,
2422 3582 2660 3652 vigilate.
2692 3583 3055 3642 Amictionem
3081 3586 3224 3642 enim
3255 3601 3464 3645 rursum
3490 3593 3597 3647 adi-

2025 3671 2133 3726 turi
2158 3671 2307 3726 estis.
2338 3671 2500 3729 Seitis
2526 3680 2658 3743 quot
2712 3674 2942 3730 subierit
2969 3675 3203 3745 pericula
3241 3678 3333 3746 qui
3360 3694 3447 3734 me
3471 3695 3596 3735 enu-

2021 3763 2171 3820 trivit
2196 3771 2351 3833 pater
2373 3779 2527 3820 meus
2552 3773 2609 3819 et
2634 3762 2921 3837 episcopus
2949 3766 3216 3833 Theonas,
3246 3769 3316 3824 ab
3341 3769 3407 3825 iis
3433 3772 3524 3840 qui
3548 3771 3607 3827 iu

2021 3856 2164 3915 idola
2187 3856 2484 3914 insanirent
2506 3877 2520 3911 :
2544 3859 2597 3913 in
2622 3858 2777 3927 cujus
2794 3872 2895 3929 ego
2917 3856 3099 3916 sedem
3128 3862 3377 3926 successi,
3404 3862 3609 3918 utinam

2022 3944 2187 4000 etiam
2214 3946 2270 4000 in
2296 3946 2510 4002 mores!
2557 3945 2707 4002 scitis
2735 3954 2794 4003 ut
2820 3962 3042 4017 magnus
3071 3963 3134 4004 se
3158 3950 3384 4018 gesserit
3411 3950 3601 4024 Diony-
3678 3986 3685 3991 α

2019 4036 2158 4104 sius,
2191 4036 2282 4106 qui
2309 4051 2371 4093 se
2399 4052 2432 4092 e
2460 4037 2596 4093 locis
2618 4038 2671 4092 in
2702 4037 2821 4094 loca
2848 4038 3097 4104 abdebat,
3121 4054 3241 4095 cum
3268 4040 3487 4113 insuper
3510 4042 3603 4097 Sa-

2025 4124 2218 4181 bellius
2264 4124 2544 4197 afﬂigeret.
2598 4127 2736 4195 Quid
2784 4143 2948 4199 porro
2995 4130 3171 4185 dicam
3217 4128 3500 4186 Heraelam
3550 4141 3607 4190 et

2029 4216 2359 4273 Denictrium
2414 4219 2603 4275 beatos
2657 4220 2985 4291 episcopos?
3043 4221 3230 4290 quales
3286 4222 3608 4280 mutationes

324 4314 652 4391 πειρασμούς
680 4314 975 4371 ὑπέστησαν
1002 4312 1104 4367 ύπό
1130 4318 1219 4367 τοῦ
1249 4313 1487 4383 μανέντος
1510 4313 1814 4384 Ὧριγένους,
1836 4332 1910 4364 και

2025 4309 2395 4366 sustinuerunt
2418 4311 2488 4367 ab
2516 4312 2705 4367 insano
2731 4309 2985 4383 Origene,
3012 4326 3136 4368 eum
3167 4312 3281 4382 ipse
3307 4311 3526 4368 dissidia
3554 4313 3612 4368 in

325 4408 496 4462 αὐτοῦ
522 4408 795 4477 σχίσματα
822 4405 1091 4479 βάλλοντος
1125 4406 1173 4460 έν
1206 4412 1270 4481 τῇ
1300 4404 1559 4478 ἑκκλησ-’ᾳ,
1594 4404 1663 4457 τά
1701 4402 1797 4463 ἕως
1831 4404 1924 4460 σή-

327 4518 491 4573 μερον
518 4499 763 4572 ταραχάς
784 4500 909 4573 αὐτῇ
933 4500 1229 4573 ἐγείραντας
1252 4516 1270 4548 ι
1289 4506 1397 4558 Πῶς
1416 4497 1579 4552 τοίνυν
1606 4493 1820 4552 δύναταί
1845 4514 1924 4555 τις

329 4597 437 4645 τῶν
474 4583 531 4643 εὖ
554 4590 859 4663 φρονούντων
882 4591 1229 4646 ἐναντιοῦσθαι
1257 4596 1363 4650 τοῖς
1388 4589 1515 4644 κατά
1540 4588 1825 4664 Ὧριγένους
1849 4588 1923 4641 εί-

328 4684 572 4756 ρημένοις
615 4684 759 4755 παρά
786 4690 877 4740 τοῦ
908 4683 1051 4757 ἁγίου
1081 4685 1345 4756 μάρτυρος
1369 4684 1456 4735 καί
1482 4679 1763 4737 ἐπισκόπου
1791 4676 1923 4735 Ἀλε-

329 4770 600 4845 ξανδρείκς
622 4773 845 4848 [lia-pou;
879 4770 938 4834 ὅς
975 4793 1054 4834 τις
1082 4772 1169 4828 τόν
1198 4771 1344 4826 καλὸν
1370 4770 1502 4846 ὑπέρ
1537 4774 1760 4844 Χριστοῦ
1800 4770 1923 4826 ἀνα-

332 4857 609 4932 δεξάμενος
649 4863 853 4933 ἆγῶνα,
886 4862 944 4917 οὐ
990 4860 1137 4932 μόνον
1181 4860 1498 4935 ἀπεκήρυξεν
1546 4860 1802 4935 Ὠριγένην
1842 4861 1931 4915 καί

331 4951 403 5005 τὰ
430 4951 646 5029 μυσαρά
678 4953 843 5007 αὐτοῦ
885 4950 1140 5024 δόγματα,
1182 4950 1303 5007 ἀλλᾶ
1343 4952 1730 5027 καίδμαρτυρεῖ
1773 4953 1843 5013 ὡς
1882 4949 1931 5005 oi

336 5043 445 5114 πρὸ
474 5043 633 5098 αὐτοῦ
666 5042 804 5113 ἅγιοι
828 5044 1047 5118 πατέρες
1071 5042 1288 5105 πολλοὺς
1314 5042 1586 5114 ὑπέμειναν
1613 5042 1931 5115 πειρασμούς

332 5134 443 5189 ἀπό
466 5142 560 5195 τῆς
585 5135 770 5190 έκείνου
800 5133 1211 5211 φρενοϐλαϐείας.

412 5219 534 5278 Είπε
560 5222 616 5279 δέ
642 5228 725 5279 xxi
750 5227 775 5279 ό
805 5226 854 5278 ἐν
876 5224 1038 5298 ἁγίοις
1058 5223 1377 5287 ’Λθ”ανάσιος,
1410 5225 1694 5283 ἐπίσκοπος
1727 5222 1812 5277 καί
1837 5223 1932 5279 αὖα

336 5316 432 5376 τός
455 5315 830 5391 ’Δλεξανόρείας
854 5313 1135 5390 γενόμενος,
1157 5317 1209 5371 ἐν
1241 5322 1316 5390 τῷ
1354 5314 1483 5386 λόγῳ
1507 5321 1580 5386 τῷ
1616 5314 1690 5377 είς
1711 5316 1799 5371 τόν
1824 5315 1933 5387 βίον

341 5413 443 5462 τοῦ
470 5407 1226 5486 μακαρίου’Δντωνίου,ταῦτα·
1252 5414 1388 5469 «Πῶς
1419 5406 1473 5462 δὲ
1500 5408 1771 5478 χλευάζειν
1797 5410 1933 5479 ἡμᾶς

339 5498 562 5572 τολμᾶτε
589 5501 822 5573 λέγοντας
843 5501 921 5566 τό,
964 5502 1180 5574 Χριστόν
1207 5497 1470 5574 ἄνθρωπον
1511 5502 1896 5572 πεφανερῶσθαι
1913 5542 1930 5569 ,

343 5588 535 5661 ὅπουγε
561 5593 709 5666 ύμεῖς
750 5595 806 5648 ἐκ
847 5600 938 5650 τοῦ
964 5600 1053 5648 νοῦ
1081 5598 1172 5653 τήν
1197 5594 1380 5667 ψυχὴν
1418 5592 1690 5670 ὁρίζοντες.
1719 5595 1931 5665 φάσκετε

346 5687 700 5745 πεπλανῆσθαι
726 5687 904 5753 αὐτην,
933 5688 1017 5740 καί
1052 5687 1370 5743 πεπτωκέναι
1396 5685 1499 5743 ἀπὸ
1523 5693 1614 5746 τῆς
1638 5683 1818 5756 ἁψῖδος
1845 5691 1936 5741 τοῦ

351 5775 574 5852 οὐρανοῦ
604 5776 675 5839 είς
711 5783 898 5850 σῶμα;
932 5793 951 5829 ε
991 5783 1078 5832 Δεῖ
1100 5778 1381 5853 προσέχειν
1410 5778 1531 5839 τοὺς
1558 5776 1934 5856 ἀκροωμένους,

2025 4401 2269 4459 Ecclesia
2296 4414 2543 4473 sereret,
2578 4419 2699 4474 qua:
2725 4405 2791 4459 ad
2821 4404 2961 4461 hanc
2984 4420 3153 4475 usque
3178 4404 3320 4460 diem
3349 4406 3400 4461 ei
3429 4406 3613 4462 turbas

2026 4493 2298 4549 excitant?
2334 4513 2354 4547 ι
2385 4493 2468 4550 Αιι
2496 4496 2656 4566 igitur
2678 4503 2858 4565 potest
2885 4489 3076 4565 aliquis
3101 4496 3243 4552 bene
3267 4497 3612 4554 sentientium

2028 4584 2094 4640 iis
2137 4584 2453 4655 adversari,
2488 4600 2609 4656 quae
2649 4587 2706 4642 in
2732 4582 3018 4654 Origenem
3044 4584 3186 4642 dicta
3213 4596 3340 4643 sunt
3365 4602 3397 4641 a
3424 4595 3614 4643 sancto

2030 4686 2268 4750 martyre
2289 4686 2344 4733 et
2366 4678 2621 4749 episeopo
2641 4678 2976 4735 Alexandria:
2996 4678 3196 4736 Petro?
3222 4679 3314 4749 qui
3338 4680 3615 4749 egregium

2031 4785 2132 4841 pro
2159 4768 2372 4839 Christo
2401 4781 2673 4829 certamen
2717 4772 3014 4843 suscipiens
3034 4812 3051 4841 ,
3090 4787 3198 4828 non
3226 4771 3399 4828 solum
3426 4770 3617 4840 Orige-

2032 4875 2157 4917 nem
2181 4901 2201 4930 ,
2235 4861 2662 4934 sceleratamque
2689 4862 2809 4935 eius
2829 4863 3136 4925 doctrinam
3162 4861 3473 4928 abdicavit,
3513 4862 3615 4917 sed

2031 4951 2194 5009 etiam
2246 4952 2563 5009 testiﬁcatur
2609 4962 2832 5012 sanctos
2875 4953 2969 5023 qui
3018 4961 3146 5009 ante
3182 4940 3357 5024 ipsum
3402 4949 3617 5008 fuerant

2033 5040 2221 5098 Patres
2268 5043 2464 5101 multas
2506 5045 2824 5102 sustinuisse
2869 5044 3190 5101 teutationes
3232 5043 3302 5101 ab
3336 5043 3479 5100 illius
3520 5041 3618 5100 de.

2033 5133 2254 5189 utentia.

2112 5222 2256 5281 Dixit
2278 5240 2492 5296 quoque
2519 5236 2738 5283 sanctus
2773 5226 3130 5291 Athanasius,
3159 5226 3252 5298 qui
3273 5234 3331 5281 et
3358 5225 3473 5297 ipse
3499 5226 3619 5298 epi-

2038 5331 2234 5388 scopus
2265 5316 2363 5373 fuit
2390 5318 2747 5386 Alexandriae,
2778 5319 2832 5374 in
2859 5333 3110 5375 sermone
3132 5318 3203 5375 de
3225 5318 3370 5377 beati
3400 5317 3621 5374 Antonii

2038 5409 2148 5464 vita
2182 5427 2195 5462 :
2234 5428 2252 5462 ε
2280 5408 2562 5475 Quomodo
2600 5426 2700 5466 nos
2736 5408 2962 5469 irridere
3001 5408 3212 5466 audetis
3234 5451 3252 5479 ,
3277 5409 3369 5481 qui
3393 5408 3625 5466 dicimus

2040 5498 2311 5557 Christum
2352 5501 2627 5557 hominem
2664 5500 3068 5557 manifestatum
3097 5504 3253 5560 esse?
3288 5516 3415 5559 cum
3442 5511 3500 5558 et
3526 5515 3625 5557 vos

2042 5590 2301 5647 demente
2312 5591 2547 5646 animam
2562 5606 2684 5651 esse
2695 5587 3035 5662 deﬁnientes,
3046 5607 3168 5649 eam
3187 5608 3397 5651 errasse
3407 5592 3628 5658 dicatis,

2043 5698 2107 5738 ae
2155 5682 2224 5739 de
2269 5682 2453 5755 apside
2491 5682 2615 5741 coeli
2642 5684 2696 5740 in
2726 5698 2926 5755 corpus
2951 5684 3246 5743 cecidisse?
3280 5704 3300 5739 ε
3333 5684 3627 5741 Attenuaut

2042 5775 2135 5848 qui
2163 5773 2424 5847 audiunt,
2466 5785 2711 5835 sanctum
2741 5775 3093 5851 Athanasium
3120 5777 3186 5836 iis
3211 5785 3398 5849 aperte
3425 5774 3617 5834 advero
