4032 6190
439 341 542 401 193

1814 330 1944 387 νισι
1954 328 2012 383 LI
2021 325 2105 383 US
2145 322 2341 379 l’APA.
2411 320 2414 324 λ

3608 311 3718 370 196

437 458 518 513 ὅτι
544 451 571 508 ό
595 452 646 506 έν
682 447 842 523 ἁγίοις
881 448 1173 511 Ἀθανάσιος
1217 456 1395 522 σαφῶς
1438 451 1753 504 ἐναντιοῦται
1803 453 1909 506 τοῖς
1950 445 2027 498 λί-

2153 437 2238 491 ari
2266 434 2358 505 qui
2381 443 2614 488 mentem
2636 438 2981 504 pricexistere
3000 429 3205 496 dicunt,
3231 437 3287 485 et
3305 443 3374 484 ex
3397 439 3460 482 ea
3482 424 3725 480 anhnam

442 565 595 619 γουσι
636 544 994 621 προττπᾶρχειν
1018 544 1104 599 τόν
1133 549 1268 608 νοῦν,
1308 548 1392 601 καί
1431 546 1483 600 ix
1522 547 1708 601 τούτου
1727 547 2028 619 γεγενῆσθαι

443 648 534 702 τὴν
561 640 740 712 ψυχήν
766 639 1164 713 ἁμαρτήσασαν,
1192 639 1278 692 καί
1313 652 1639 700 πεπτωκυῖαν
1664 639 1765 695 ἀπὸ
1791 646 1883 699 τῆς
1905 639 2025 709 iubi-

444 732 528 794 δος
554 738 647 787 τοῦ
668 732 875 808 ούρανοῦ
902 730 973 789 τίς
1001 736 1169 799 σῶμα.

513 851 616 901 Τοῦ
658 847 810 900 αὐτοῦ
851 843 997 915 ἁγίου
1032 844 1317 899 ’Δθανασίου
1356 842 1416 896 έκ
1452 848 1542 897 τοῦ
1592 848 1724 900 κατά
1767 844 2023 906 ’Δριιανῶν

447 925 687 1002 δευτέρου
716 926 866 1000 λόγου
882 945 895 958 ·
923 946 942 979 ι
968 933 1115 985 Πᾶσα
1135 930 1166 986 ἠ
1189 926 1450 999 φαινομένη
1486 925 1655 987 κτίσις
1684 925 1733 977 έν
1758 922 1811 990 ἓξ
1830 922 2042 995 ἡμέραις

446 1017 637 1089 γέγονε-
665 1018 751 1071 καί
776 1025 836 1091 τῇ
860 1018 950 1088 μὲν
976 1018 1146 1091 πρώτη
1168 1018 1227 1072 τὸ
1250 1023 1375 1090 φῶς,
1405 1012 1531 1091 ὅπερ
1560 1015 1791 1069 ἐκάλεσεν
1815 1015 2008 1087 ἠμέλεαν
2024 1028 2039 1042 ’

447 1114 511 1179 τῇ
537 1105 591 1160 δὲ
620 1104 830 1184 δευτέρᾳ
854 1109 912 1163 τὸ
942 1108 1233 1180 στερέωμα,
1267 1110 1354 1161 καί
1380 1114 1442 1180 τῇ
1472 1109 1618 1182 τρίτῃ
1647 1107 1953 1178 συναγαγὼν
1979 1106 2042 1161 τὰ

448 1194 631 1262 ὕδατα,
669 1196 823 1262 ἔδειξε
872 1204 963 1258 τὴν
1000 1201 1179 1273 ξηρὰν,
1220 1201 1301 1252 καί
1340 1199 1462 1258 τούς
1510 1200 1561 1251 έν
1606 1199 1736 1270 αὐτῇ
1777 1196 2044 1255 ποικίλους·

447 1292 707 1362 προήγαγε
746 1293 999 1364 καρπούς,
1029 1292 1117 1344 καί
1144 1297 1205 1364 τῇ
1243 1289 1466 1363 τετάρτῃ
1508 1287 1748 1345 πεποίηκε
1786 1286 1871 1341 τόν
1905 1285 2042 1343 ἥλιον

448 1381 530 1432 καί
556 1384 646 1438 τήν
679 1379 908 1445 σελήνην,
939 1384 1023 1435 καί
1050 1381 1220 1435 πάντα
1246 1380 1333 1434 τόν
1369 1385 1469 1434 τῶν
1503 1379 1731 1454 ἀστέρων
1764 1377 1947 1453 χορόν·
1979 1382 2043 1451 τῇ

449 1467 503 1525 δέ
529 1472 743 1544 πέμπτῃ
766 1480 865 1527 τῶν
895 1473 942 1526 έν
973 1481 1035 1548 τῇ
1069 1473 1289 1548 θαλάττῃ
1319 1475 1483 1539 ζώων,
1508 1473 1597 1527 καί
1622 1478 1722 1526 τῶν
1751 1470 1799 1523 έν
1828 1476 1902 1538 τῷ
1929 1468 2045 1542 ἀέρι

447 1566 687 1614 πετεινῶν
715 1565 805 1620 τὴν
839 1562 1033 1634 γένεσιν
1060 1559 1259 1617 ἔκτισς’
1289 1570 1352 1636 τῇ
1382 1560 1437 1615 δέ
1466 1560 1582 1634 ἕκτῃ
1624 1555 1921 1635 τετράποδα
1959 1558 2046 1612 ἐπί

448 1657 540 1711 τῆς
568 1659 660 1724 γῆς
689 1656 953 1712 πεποίηκε,
978 1655 1062 1708 καί
1080 1652 1255 1708 λοιπόν
1282 1653 1367 1708 τόν
1386 1648 1649 1726 ἄνθρωπον
1670 1651 1753 1706 τὸν
1778 1650 1832 1704 ἐκ
1859 1648 2045 1720 ψυχῆς

447 1739 641 1811 λογικῆς
671 1744 1030 1813 καίσώματος.
1058 1744 1219 1797 Τάτε
1250 1742 1500 1821 ἀόρατα
1539 1742 1726 1796 αὐτοῦ
1767 1742 1893 1799 ἀπὸ
1921 1741 2045 1795 κτί-

448 1850 608 1890 σεως
646 1831 887 1900 κόσμου
915 1840 1053 1892 τοῖς
1080 1837 1395 1902 ποιήμασι
1429 1834 1748 1901 νοούμενα
1779 1831 2043 1905 καθορᾶ-
2073 1812 2119 1870 Β

449 1940 524 1973 τα
540 1935 577 1973 ι’
596 1918 815 1975 καίοῧτε
844 1923 901 1977 τὸ
926 1929 1026 1993 «,5»;
1059 1925 1123 1982 ὡς
1152 1923 1182 1980 ἡ
1212 1923 1321 1986 ν’ξ,
1344 1919 1457 1978 οὔτε
1482 1920 1508 1976 ό
1538 1922 1673 1982 ἥλιος
1690 1924 1756 1982 ὡς
1788 1923 1819 1980 ἡ
1845 1921 2040 1981 σελήνη.

449 2007 570 2066 οὔτε
590 2013 652 2066 τὰ
679 2009 836 2087 ἄλογα
866 2016 934 2075 ὡς
964 2013 1204 2087 όλογιτιός
1227 2011 1489 2091 ἄνθρωπός
1517 2014 1676 2077 ἐστιν,
1703 2011 1820 2069 οὗτε
1843 2011 2046 2086 ὖγγτλοι

450 2105 520 2163 ὡς
540 2103 586 2156 οἱ
613 2103 802 2180 θρόνοι,
835 2102 951 2160 οὔτε
990 2102 1135 2160 οὗτοι
1160 2109 1227 2167 ὡς
1256 2106 1308 2160 αί
1335 2106 1579 2170 ἐξουσίαν
1611 2106 1734 2160 ἀλλά
1760 2106 1926 2161 πάντα
1952 2107 2044 2176 μέν

453 2196 561 2248 έστι
598 2196 873 2265 κτίσματα,
899 2194 1112 2251 ἕκαστον
1138 2195 1189 2251 δέ
1215 2204 1316 2252 τᾶν
1353 2198 1628 2269 γενομένων
1657 2198 1791 2252 κατὰ
1818 2196 1959 2269 γένος
1981 2205 2043 2268 τῇ

454 2282 557 2359 ἰδίᾳ
597 2287 747 2361 οὐσίᾳ
778 2289 844 2347 ὡς
872 2288 1090 2360 γέγονεν,
1115 2291 1230 2347 ἔστι
1258 2292 1340 2344 καί
1364 2291 1552 2359 μένει.»
1580 2286 1706 2343 ’ἰδού
1731 2290 1812 2343 καί
1845 2286 1872 2343 ό
1901 2287 2046 2362 ἅγιος

449 2375 745 2434 Ἀθανάσιος
786 2374 1168 2450 παραδίδωσιν,
1208 2375 1289 2433 ὅτι
1323 2380 1454 2450 μετά
1493 2378 1663 2434 πάντα
1690 2378 1754 2434 τὰ
1782 2379 2045 2450 κτίσματα

452 2464 688 2522 έποίησεν
718 2464 743 2519 ό
768 2469 893 2526 Θεὸς
927 2469 1012 2521 τὸν
1042 2464 1326 2543 ἄνθρωπον,
1357 2472 1444 2525 τόν
1472 2471 1528 2523 ίκ
1558 2471 1796 2542 σώματος
1831 2473 1913 2525 καί
1940 2469 2045 2542 ψυ-

456 2561 561 2625 χῆς
595 2560 775 2632 νοιρᾶς
819 2562 903 2611 καί
936 2557 1160 2630 λογικῆς.
1194 2561 1266 2612 ob
1308 2562 1409 2636 γάρ
1463 2556 1572 2616 εἷπε
1618 2562 1677 2616 τό
1721 2569 1874 2633 σῶμα
1913 2564 2044 2632 μετά

455 2646 624 2700 πάντα
669 2648 931 2717 γενέσθαι,
973 2647 1060 2701 ἶνα
1103 2651 1535 2723 προῢπὰρχουσα
1575 2652 1606 2708 ἡ
1640 2649 1794 2720 ψυχὴ
1846 2652 2043 2720 εῗσέλθῃ

453 2734 505 2787 έν
524 2735 679 2808 αὐτῷ’
706 2735 810 2789 ἀλλ’
831 2731 937 2790 ιίπι
963 2737 1092 2809 μιτά
1115 2739 1286 2793 πάντα
1306 2741 1373 2794 τὰ
1394 2741 1654 2812 κτίσματα
1673 2741 1756 2795 τόν
1781 2737 2043 2814 ἄνθρωπον

452 2826 754 2898 γεγενῆσθαι
771 2865 783 2884 .
807 2824 903 2879 τὸν
924 2827 978 2879 ix
998 2825 1180 2898 ψυχῆς
1220 2827 1423 2901 λογικῆς
1446 2832 1532 2884 καί
1556 2832 1817 2900 σώματος·
1846 2828 2043 2893 δεικνύς

452 2912 531 2969 ὅτι
555 2915 838 2990 ἀμφότιρα,
867 2918 1103 2973 τουτέστι
1132 2921 1283 2990 σῶμά
1306 2941 1362 2976 τε
1387 2923 1474 2976 καί
1502 2920 1703 2994 ψυχήν,
1728 2920 1754 2978 ό
1777 2924 1901 2984 Θεὸς
1912 2927 2043 2980 κατὰ

453 3010 639 3065 ταυτὸν
668 3008 1084 3085 ἐδημιούργησεν.

520 3141 803 3246 Ἐπειδήκδέ
826 3149 912 3202 καί
938 3153 1095 3204 τοῦτο
1123 3150 1254 3220 μετὰ
1291 3157 1390 3206 τῶν
1421 3147 1579 3206 ἄλλων
1605 3153 1891 3226 Ὠριγένους
1913 3152 2037 3223 βλα·
2071 3184 2114 3246 C

454 3242 678 3308 σφημιῶν
699 3234 916 3310 εἷ’ρηται,
942 3235 1021 3293 ὅτι
1042 3240 1073 3298 ἡ
1092 3247 1185 3295 τοῦ
1213 3243 1397 3317 Κυρίου
1425 3240 1579 3313 ψυχὴ
1600 3250 1933 3321 προϋπῆρχε.
1960 3247 2044 3299 καί

453 3329 615 3401 ταύτῃ
643 3326 668 3382 ό
693 3330 816 3391 Θεὸς
856 3330 1001 3401 λόγος
1048 3332 1210 3389 ἥνωτο
1238 3333 1338 3408 πρὸ
1370 3341 1463 3394 τῆς
1490 3334 1545 3387 ia
1570 3334 1815 3411 παρθένου
1844 3337 2044 3413 σαρκώ-

457 3433 613 3479 σεως’
660 3422 744 3473 καί
781 3427 873 3477 τιὶν
919 3422 1158 3480 τοιαύτην
1200 3423 1411 3501 ἀναιρῶν
1457 3422 1706 3501 ληρῳδίαν
1739 3424 1894 3485 αὐτὸς
1930 3424 1956 3480 ὁ
1995 3426 2046 3481 ἐν

454 3505 618 3579 ἁγίοις
642 3511 933 3572 ’Δθανάσιος
960 3510 1011 3564 έν
1043 3520 1106 3588 τῇ
1132 3514 1263 3586 πρὸς
1294 3517 1585 3573 Ἐπίκτητον
1626 3515 1890 3590 ἐπιστολῇ,
1917 3516 2047 3588 λέγει

454 3593 857 3663 τό.δείΕἰκὸτως
884 3605 1299 3675 καταγνώσονται
1314 3603 1509 3660 έαυτῶν
1532 3606 1721 3667 πάντες
1746 3606 1792 3660 οί
1818 3609 2047 3676 νομίζον-

455 3709 538 3749 τες
565 3711 665 3766 προ
692 3700 784 3762 τῆς
809 3696 1005 3767 Μαρίας
1035 3688 1164 3748 εἶναι
1208 3700 1298 3753 τήν
1339 3696 1388 3760 ἐξ
1426 3697 1583 3756 αὐτῆς
1615 3698 1810 3773 σάρκα,
1832 3701 1919 3751 καί
1948 3697 2046 3773 πρὸ

452 3778 648 3839 ταύτης
692 3781 974 3850 έσχηκέναι
1007 3781 1189 3853 ψυχήν
1236 3784 1552 3859 ἀνθρωπίνην
1581 3786 1668 3840 τόν
1708 3788 1829 3840 Θεὸν
1874 3785 2044 3858 λόγον,

377 3926 388 3938 ι
452 3872 534 3923 καί
560 3872 611 3923 έν
787 3874 887 3948 πρὸ
909 3881 1001 3935 τῆς
1028 3873 1297 3946 ἐπιδημίας
1326 3878 1405 3930 ἀεί
1428 3879 1740 3949 γεγενῆσθαι.
1757 3896 1774 3929 ι
1796 3880 1854 3933 Ei
1879 3880 2048 3934 τοίνυν

455 3961 585 4015 κατὰ
615 3962 680 4014 τὰ
721 3964 956 4035 εἰρημένα
984 3972 1059 4037 τῷ
1100 3966 1151 4019 έν
1182 3965 1343 4038 ἁγίοις
1381 3964 1680 4039 Ἀθανασίῳ,
1712 3970 1743 4028 ἡ
1770 3969 1925 4042 ψυχή
1953 3979 2045 4027 τοῦ

454 4052 633 4125 κυρίου
655 4053 795 4125 ἡμῶν
818 4052 986 4111 Ἰησοῦ
1009 4062 1237 4130 Χριστοῦ
1258 4063 1347 4112 τοῦ
1374 4061 1509 4114 κατά
1528 4059 1698 4117 πάντα
1725 4058 2050 4132 ὁμοιωθέντος

457 4143 574 4210 ἡμῖν
602 4145 769 4218 χωρίς
791 4142 1071 4220 ἁμαρτίας,
1098 4147 1159 4200 οὐ
1182 4155 1495 4226 προϋπῆρχε
1521 4158 1612 4211 τῆς
1631 4151 1684 4205 έν
1705 4154 1859 4229 σαρκί
1887 4132 2049 4209 αύτοῦ

454 4229 751 4304 ἐπιδημίας,
779 4238 930 4296 ποίας
956 4231 1015 4290 ἄν
1041 4234 1119 4296 ιῖη
1146 4240 1332 4311 μανίας
1358 4242 1414 4293 τὸ
1441 4240 1618 4311 λέγειν,
1648 4243 1739 4301 τὰς
1766 4239 1922 4304 ἄλλας
1950 4252 2051 4299 τῶν

451 4324 725 4399 ἀνθρώπων
750 4324 936 4397 ψυχὰς
961 4331 1327 4406 προϋπάρχειν
1352 4339 1452 4387 τῶν
1480 4332 1769 4405 σωμάτων;

526 4432 846 4510 ’Δκούσωμεν
864 4436 919 4493 δέ
937 4442 1069 4516 πρὸς
1089 4442 1293 4502 τούτοις
1315 4445 1399 4496 καί
1420 4448 1512 4498 τοῦ
1537 4445 1588 4497 έν
1608 4444 1769 4517 ἁγίοις
1792 4445 2048 4501 Βασιλείου

2134 533 2329 588 ortam,
2360 538 2479 593 qua:
2506 532 2734 594 peccato
2763 537 2822 577 se
2847 520 3258 583 contaminavit,
3292 534 3355 575 ac
3378 533 3410 574 e
3437 514 3560 573 celi
3586 529 3725 572 con-

2134 631 2274 671 vexo
2301 616 2353 671 in
2384 630 2581 684 corpus
2608 614 2893 670 decidisse.

2212 811 2465 884 Eiusdem
2493 810 2556 869 ε.
2587 810 2864 867 Athanasii
2893 826 2927 867 e
2974 824 3226 868 sermone
3269 824 3512 867 secundo
3538 820 3739 879 contra

2146 904 2372 959 Arianos
2397 920 2411 956 :
2447 921 2466 954 ι
2492 900 2678 959 Omnis
2704 911 2950 959 creatura
2977 901 3319 973 aspectabilis
3348 902 3398 956 in
3420 917 3515 958 sex
3542 904 3734 960 diebus

2144 996 2285 1053 facta
2311 1004 2427 1064 est;
2472 1012 2535 1053 ac
2560 997 2735 1068 primo
2771 997 2988 1066 quidem
3038 995 3127 1051 die
3172 995 3261 1050 lux
3286 1037 3302 1065 ,
3331 1011 3495 1066 quam
3519 996 3734 1052 vocavit

2142 1085 2315 1152 diem;
2346 1086 2587 1142 secundo
2615 1096 2794 1141 autem
2822 1085 3252 1151 ﬁrmamentum;
3286 1087 3467 1153 tertio,
3490 1086 3739 1142 collectis

2144 1176 2300 1245 aquis
2328 1177 2567 1231 ostendit
2593 1176 2818 1239 aridam,
2849 1175 3136 1246 variosque
3163 1175 3218 1230 in
3246 1190 3309 1232 ea
3339 1177 3594 1247 produxit
3622 1176 3741 1230 fru-

2145 1275 2295 1333 ctus;
2327 1274 2542 1337 quarto,
2573 1264 2704 1322 fecit
2731 1266 2901 1322 solem
2932 1274 2989 1321 et
3014 1266 3216 1331 lunam,
3247 1281 3570 1336 omnemque
3599 1267 3741 1321 stel~

2145 1357 2316 1413 larum
2356 1358 2617 1425 chorum;
2665 1358 2873 1429 quinto,
2920 1357 3084 1413 maris
3121 1356 3451 1422 natatilium,
3488 1358 3740 1427 aerisque

2145 1448 2444 1504 volatilium
2464 1448 2866 1518 generationem
2887 1445 3154 1512 condidit;
3176 1454 3351 1513 sexto,
3375 1445 3499 1501 fecit
3518 1446 3570 1501 in
3592 1456 3740 1502 terra

2147 1538 2545 1611 quadrupedes,
2574 1553 2640 1594 ac
2661 1537 2875 1594 demum
2903 1538 3201 1605 hominem,
3223 1536 3313 1606 qui
3342 1552 3411 1591 ex
3439 1537 3618 1592 anima
3646 1553 3740 1592 ra-

2149 1629 2337 1686 tionali
2365 1636 2448 1685 est
2481 1637 2537 1684 et
2574 1643 2828 1699 corpore.
2876 1628 2949 1682 Ac
2993 1626 3273 1683 invisibilia
3301 1629 3415 1699 ejus
3442 1646 3473 1682 α
3501 1636 3742 1685 creatura

2145 1721 2356 1788 mundi,
2384 1735 2476 1791 per
2502 1735 2565 1774 ea
2591 1734 2707 1792 qua:
2733 1720 2875 1791 facta
2909 1725 3029 1773 sunt
3056 1717 3320 1773 intellecta
3354 1719 3739 1788 conspiciuntur

2147 1811 2325 1883 (Rom.
2348 1811 2420 1884 1);
2448 1820 2505 1867 et
2531 1825 2707 1881 neque
2726 1809 2818 1865 lux
2848 1816 2930 1866 est
2958 1818 3017 1864 ut
3046 1826 3172 1875 uox,
3195 1824 3373 1880 neque
3397 1810 3480 1865 sol
3507 1815 3564 1866 ut
3588 1810 3741 1876 luna.

2148 1914 2328 1970 neque
2376 1901 2554 1970 angeli
2593 1900 2733 1955 sicut
2769 1899 2972 1966 throni,
3002 1914 3179 1970 neque
3208 1899 3263 1954 hi
3305 1911 3367 1955 ut
3400 1910 3743 1971 potestates;

2149 1991 2243 2046 sed
2272 1999 2533 2047 creatura:
2559 1990 2778 2063 quidem
2807 1998 2998 2047 Omnes
3024 1999 3168 2057 sunt,
3201 1991 3617 2062 unumquodque
3642 2007 3745 2047 an-

2151 2088 2261 2139 tem
2290 2099 2479 2140 eorum
2506 2098 2625 2154 qua:
2653 2090 2773 2138 orta
2810 2090 2937 2139 sunt
2959 2124 2976 2150 ,
3006 2081 3304 2139 secundum
3332 2096 3502 2153 genus
3529 2083 3583 2137 in
3609 2100 3745 2156 pro-

2146 2176 2261 2245 pria
2287 2174 2615 2240 substantia,
2648 2181 2708 2228 ut
2735 2172 2936 2230 factum
2970 2180 3087 2238 est,
3116 2173 3359 2244 persistit
3381 2188 3447 2229 ac
3472 2183 3676 2230 manet.
3715 2194 3736 2229 ι

2145 2264 2283 2322 Ecce
2310 2271 2533 2320 sanctus
2577 2278 2796 2334 quoque
2824 2263 3150 2321 Athanasius
3163 2262 3359 2331 .lradit,
3401 2274 3525 2335 post
3549 2281 3745 2323 omnes

2146 2360 2420 2413 creaturas
2447 2352 2619 2409 Deum
2658 2351 2850 2409 fecisse
2878 2352 3151 2408 hominem
3181 2367 3249 2408 ex
3277 2366 3509 2422 corpore
3536 2362 3592 2409 et
3618 2354 3745 2407 ani-

2145 2465 2233 2506 ma
2256 2447 2589 2519 intelligente
2609 2461 2674 2502 ac
2693 2446 2968 2502 rationali.
2991 2444 3176 2517 Neque
3196 2445 3339 2501 enim
3361 2443 3514 2508 dixit,
3537 2456 3744 2512 corpus

2147 2547 2271 2612 post
2298 2532 2481 2596 omnia
2510 2536 2710 2595 factum
2738 2549 2892 2604 esse,
2923 2543 2983 2593 ut
3008 2536 3359 2607 prmexistens
3394 2535 3567 2590 anima
3599 2535 3652 2588 in
3686 2534 3745 2590 id

2146 2632 2516 2703 ingrederetur
2541 2649 2554 2685 :
2584 2630 2680 2687 sed
2707 2629 2862 2694 dixit,
2884 2637 3008 2701 post
3035 2642 3224 2684 omnes
3252 2633 3528 2682 creaturas
3557 2625 3742 2679 homi-

2146 2738 2270 2777 nem
2311 2736 2432 2778 esse
2458 2720 2658 2778 factum
2682 2762 2698 2788 ,
2734 2721 2836 2793 qui
2851 2735 2919 2776 ex
2954 2719 3132 2775 anima
3159 2716 3410 2774 rationali
3440 2726 3523 2772 est
3543 2726 3601 2771 et
3619 2731 3744 2772 cor-

2145 2827 2319 2884 pore:
2353 2811 2645 2868 ostendens
2663 2852 2681 2880 ,
2710 2817 2967 2881 utraque,
2999 2808 3051 2865 id
3081 2816 3166 2867 est
3190 2822 3389 2880 corpus
3415 2814 3471 2863 et
3497 2806 3741 2863 animam

2145 2903 2314 2960 Deum
2341 2902 2503 2960 simul
2527 2901 2841 2960 fabricatum
2871 2916 3012 2959 esse.

2217 3147 2482 3216 Quoniam
2512 3156 2691 3202 autem
2728 3146 2989 3216 Origenes
3018 3146 3087 3200 ao
3126 3152 3349 3200 carteras
3375 3144 3743 3216 blasphemia:

2149 3239 2253 3295 hoc
2279 3238 2543 3306 adiunxit,
2581 3238 2791 3293 Domini
2822 3237 3057 3291 animam
3084 3236 3234 3307 prius
3261 3235 3550 3301 exstitisse,
3578 3235 3748 3306 eique

2149 3329 2318 3385 Deum
2348 3329 2585 3386 Verbum
2613 3345 2734 3386 esse
2762 3330 2969 3385 unitum
3008 3337 3295 3397 antequam
3332 3342 3364 3383 e
3397 3326 3615 3397 Virgine
3650 3328 3744 3383 in-

2147 3431 2465 3480 carnaretur
2496 3440 2510 3477 :
2538 3424 2645 3480 hoc
2673 3425 2835 3479 etiam
2884 3423 3297 3479 deliramentqu
3335 3429 3582 3478 evertens
3618 3422 3747 3492 ipse

2148 3522 2366 3571 sanctus
2380 3514 2701 3570 Athanasius
2724 3515 2777 3570 in
2798 3513 3027 3585 epistola
3048 3514 3115 3569 ad
3136 3512 3451 3584 Epictetum,
3470 3512 3547 3569 sic
3567 3512 3741 3569 dicit:

2156 3623 2175 3656 ι
2203 3604 2394 3659 Merito
2421 3620 2544 3661 sese
2572 3603 2907 3659 damnabunt
2934 3618 3122 3660 omnes
3149 3604 3239 3675 qui
3278 3604 3584 3659 existimant
3610 3611 3749 3661 ante

2150 3692 2371 3747 Mariam
2400 3707 2520 3749 esse
2544 3707 2762 3749 carnem
2783 3731 2800 3758 ,
2838 3706 2958 3762 qua:
2984 3706 3051 3759 ex
3081 3707 3144 3747 ea
3188 3700 3296 3755 est;
3344 3707 3407 3749 ac
3449 3700 3576 3748 ante
3614 3706 3747 3749 eam

2149 3784 2401 3840 habuisse
2446 3784 2681 3839 animam
2732 3784 3019 3839 humanam
3072 3783 3239 3838 Deum
3288 3782 3539 3846 Verbum,
3570 3798 3632 3838 ac
3685 3784 3749 3840 in

2150 3888 2215 3931 ea
2259 3882 2386 3931 ante
2436 3874 2724 3930 adventum
2794 3888 3012 3943 semper
3056 3872 3238 3928 fuisse.
3275 3892 3294 3926 ι
3348 3871 3524 3940 Quare
3567 3873 3609 3929 si
3670 3889 3747 3930 ex

2152 3965 2216 4021 iis
2243 3980 2363 4035 qum
2391 3981 2423 4020 a
2448 3976 2637 4022 sancto
2666 3965 2960 4020 Athanasio
2984 3962 3127 4020 dicta
3156 3973 3300 4028 sunt,
3328 3965 3500 4033 anima
3524 3964 3746 4022 Domini

2151 4056 2322 4110 nostri
2341 4054 2470 4110 Jesu
2495 4054 2713 4118 Christi,
2738 4056 2826 4125 qui
2849 4070 2948 4125 per
2967 4055 3145 4110 omnia
3174 4056 3330 4109 nobis
3356 4056 3543 4109 similis
3567 4055 3748 4110 factas

2152 4154 2235 4200 est
2261 4146 2466 4217 absque
2495 4154 2747 4215 peccato,
2765 4160 2887 4207 .uon
2926 4144 3027 4199 fuit
3068 4155 3194 4201 ante
3222 4147 3340 4214 ejus
3368 4146 3422 4201 in
3452 4160 3613 4200 carne
3640 4145 3748 4199 ad-

2150 4243 2371 4291 ventum
2405 4252 2418 4289 :
2451 4235 2624 4306 qualis
2666 4235 2889 4291 insania:
2927 4245 3049 4301 est,
3087 4236 3268 4292 dicere
3296 4236 3432 4292 alias
3460 4236 3748 4291 hominum

2152 4328 2361 4382 animas
2387 4336 2514 4382 ante
2541 4341 2769 4398 corpora
2805 4327 2960 4383 esse?

2220 4438 2512 4493 Audiamus
2536 4448 2795 4508 praeterea
2820 4437 2878 4493 S.
2905 4436 3158 4491 Basilium
3178 4435 3230 4490 in
3252 4450 3501 4490 sermone
3527 4435 3579 4490 in
3603 4436 3741 4491 illud

450 4527 500 4631 iv
525 4534 597 4597 τῷ
623 4527 755 4603 λόγῳ
773 4533 848 4590 εἰς
871 4530 929 4585 τό
972 4539 1062 4587 Ἐν
1091 4534 1267 4610 ἀρχῇ
1296 4532 1410 4593 ἧνό
1438 4535 1642 4608 λόγος,
1683 4540 1789 4592 καί
1814 4537 1840 4592 ὃ
1864 4538 2047 4612 λόγος

2156 4528 2338 4602 (Hom.
2371 4527 2483 4600 xw)
2517 4546 2531 4581 :
2565 4527 2631 4582 In
2663 4527 2918 4599 principio
2946 4538 3060 4581 erat
3116 4526 3336 4582 Verbum
3360 4568 3376 4593 ,
3420 4536 3469 4581 et
3516 4525 3750 4584 Verbum

452 4615 517 4680 ἦν
551 4623 710 4698 πρὸς
737 4626 844 4679 τὸν
872 4625 1048 4691 Θιόν,
1076 4627 1305 4700 λέγοντος
1334 4627 1516 4688 οὕτως·
1547 4627 1709 4705 ιὈρα
1737 4635 1808 4701 μή
1830 4633 1957 4687 ποτέ
1988 4651 2048 4686 σε

454 4713 875 4790 παρακρούσηται
900 4716 960 4769 τό
982 4714 1244 4787 όμὼνυμον
1267 4724 1360 4778 τῆς
1379 4727 1561 4789 φωνῆς·
1577 4727 1688 4782 πῶς
1712 4722 1809 4795 γὰρ
1832 4720 1881 4773 ἐν
1903 4723 2048 4796 ἀρχῇ

452 4800 511 4863 ἦν
530 4802 557 4859 ὅ
575 4805 894 4877 ἀνθρώπινος
916 4806 1080 4881 λόγος,
1103 4814 1194 4862 τοῦ
1219 4810 1482 4884 ἀνθρὼπου
1504 4816 1642 4866 κάτω
1671 4831 1772 4867 που
1801 4812 2050 4873 λαϐόντος

451 4899 544 4954 τήν
566 4897 740 4972 ἀρχήν
765 4903 860 4957 τῆς
893 4897 1170 4962 γενέσεως-ς
1199 4900 1302 4975 πρό
1332 4901 1602 4975 ἀνθρώπω
1630 4903 1798 4972 θηρία,
1831 4902 1934 4978 πρὸ
1951 4904 2044 4959 ἂν·-

453 4988 663 5063 θρῶπου
705 4994 881 5055 κτήνη,
910 4994 977 5046 τὰ
1003 4990 1219 5062 ἑρπετὰ,
1248 4989 1349 5049 ὅσα
1378 5000 1610 5070 χιρσαῖα
1629 4998 1711 5050 καί
1739 4992 1948 5070 ἔνυδρα,
1979 4999 2047 5055 τὰ

451 5083 659 5137 πετεινὰ
701 5086 797 5137 τοῦ
844 5087 1082 5157 ούρανοῦ,
1123 5085 1362 5160 ἀστέρες,
1394 5087 1563 5153 ἥλιος,
1592 5087 1793 5153 σελήνη,
1832 5088 2042 5160 βοτάνη.

455 5179 535 5242 γῆ,
558 5170 1096 5237 θάλασσα,ούιανός.ι
1128 5173 1259 5231 Ἰδού
1286 5175 1313 5231 ὁ
1343 5183 1512 5253 Πατήρ
1539 5186 1713 5251 σαφῶς
1739 5181 1856 5252 ἡμῖν
1882 5200 2047 5254 προα-

456 5259 683 5333 γορεύει,
720 5268 793 5335 μή
835 5267 1241 5339 συναπαχθῆναι
1280 5275 1387 5329 τοῖς
1416 5272 1508 5324 τοῦ
1554 5270 1846 5344 Ὠριγένους
1872 5272 2051 5342 μύθοις

454 5354 572 5423 περὶ
611 5361 703 5414 τῆς
749 5363 849 5410 τῶν
894 5359 1090 5428 ψυχῶν
1135 5361 1629 5436 προϋπάρξεως.ού
1670 5358 1900 5418 διδάσκει
1949 5364 2050 5436 γὰρ

457 5444 594 5512 ἡμᾶς·
615 5444 667 5497 έν
685 5446 831 5520 ἀρχῇ
853 5450 939 5504 τόν
961 5452 1269 5527 ἀνθρώπινον
1288 5451 1452 5525 λόγον,
1475 5451 1709 5507 τουτέστι
1728 5457 1817 5511 τήν
1840 5452 2046 5525 ψυχήν,

451 5534 580 5590 ἀλλὰ
603 5531 882 5608 διαρρήδην
910 5542 1028 5613 βοᾷ,
1053 5542 1131 5600 ὅτι
1151 5547 1181 5603 ἡ
1203 5546 1474 5623 ἀνθρώπου
1494 5548 1692 5619 γένεσις
1718 5549 1914 5624 ύστέρα
1940 5547 2053 5605 έστί

454 5628 659 5684 πάντων
697 5634 797 5682 τῶν
835 5638 927 5685 τοῦ
977 5642 1106 5689 Θεοῦ
1148 5640 1459 5711 κτισμάτων.
1513 5640 1569 5693 Ei
1595 5642 1761 5694 τοίνυν
1791 5641 1960 5697 πάντα
1988 5642 2052 5695 τὰ

453 5720 715 5787 κτίσματα
744 5720 846 5793 πρὸ
886 5727 980 5775 τοῦ
1013 5725 1277 5800 ἀνθρώπου
1295 5772 1310 5794 ,
1348 5736 1461 5790 πῶς
1489 5737 1838 5804 προϋπῆρχον
1866 5731 1919 5784 αί
1950 5730 2050 5801 ψυ-

458 5811 584 5879 καίς
611 5808 674 5863 ⁸0
696 5814 798 5887 γὰρ
834 5830 1003 5891 πατὴρ
1033 5818 1090 5870 οὐ
1120 5819 1221 5891 πρὸ
1258 5825 1347 5873 τοῦ
1378 5823 1646 5892 σώματος,
1677 5821 1800 5876 ἀλλὰ
1832 5824 1931 5896 πρὸ
1962 5831 2049 5880 τοῦ

2155 4630 2268 4676 erat
2294 4621 2431 4692 apud
2463 4618 2624 4674 Deum
2650 4660 2666 4687 ,
2710 4619 2783 4673 ita
2816 4618 3119 4674 dicentem:
3149 4638 3168 4671 ι
3192 4618 3325 4673 Vide
3354 4635 3424 4674 ne
3449 4618 3667 4688 quando
3692 4630 3751 4675 te

2155 4713 2302 4767 vocis
2330 4711 2648 4780 ambiguitas
2669 4709 2850 4774 fallat;
2892 4710 3166 4780 quomodo
3206 4710 3349 4764 enim
3393 4708 3447 4763 in
3474 4708 3754 4779 principio

2157 4824 2275 4870 erat
2304 4814 2534 4867 humana
2562 4812 2700 4867 ratio
2718 4852 2732 4875 ,
2770 4825 2893 4866 cum
2923 4811 3085 4866 homo
3114 4817 3389 4881 postremo
3417 4809 3760 4880 principium

2158 4903 2522 4976 generationis
2550 4903 2859 4973 acceperit?
2887 4902 3026 4957 Ante
3050 4902 3324 4957 hominem
3353 4901 3501 4956 fuere
3533 4902 3760 4970 bestiae,

2156 5002 2284 5050 ante
2310 4992 2583 5048 hominem
2607 4992 2882 5062 jumenta;
2913 4991 3144 5062 reptilia,
3166 4998 3278 5045 tum
3310 4990 3608 5057 terrestria,
3632 4999 3766 5049 tum

2150 5084 2437 5156 aquatilia;
2468 5083 2705 5139 volatilia
2734 5082 2858 5139 caeli
2881 5124 2897 5150 ,
2938 5082 3105 5138 stella:
3128 5122 3142 5147 ,
3171 5081 3293 5146 sol,
3327 5081 3491 5149 luna;
3538 5082 3761 5163 herbae,

2158 5184 2330 5242 terra,
2361 5190 2545 5241 mare,
2575 5175 2794 5231 cmlum.
2832 5194 2850 5228 ι
2892 5173 3032 5231 Ecce
3057 5172 3218 5229 Pater
3245 5183 3433 5244 aperte
3469 5176 3627 5232 nobis
3658 5178 3767 5234 de-

2158 5267 2389 5334 nuntiat,
2414 5282 2484 5323 ne
2503 5265 2746 5336 Origenis
2768 5266 2960 5323 fabulis
2987 5266 3055 5323 de
3074 5267 3373 5323 animarum
3395 5270 3766 5339 prmexisten-

2160 5360 2232 5414 tia
2270 5358 2604 5415 inducamur.
2645 5357 2816 5414 Docet
2853 5358 2999 5414 enim
3038 5374 3171 5425 nos,
3206 5358 3259 5414 in
3290 5359 3552 5429 principio
3584 5356 3769 5417 fuisse

2156 5449 2448 5504 humanam
2476 5449 2765 5519 rationem,
2792 5448 2844 5504 id
2872 5456 2956 5504 est
2984 5448 3218 5505 animam
3251 5466 3267 5504 :
3297 5448 3392 5506 sed
3420 5458 3610 5521 aperte
3638 5451 3768 5507 cla-

2160 5558 2289 5616 mat,
2320 5551 2569 5607 omnibus
2594 5550 2687 5606 Dei
2716 5552 2977 5607 creaturis
3005 5560 3183 5607 ortum
3214 5552 3519 5609 hominibus
3560 5564 3761 5624 poste-

2158 5642 2357 5697 riorem
2386 5657 2525 5699 esse.
2558 5641 2614 5697 Si
2641 5656 2769 5711 ergo
2797 5650 3057 5699 creatura:
3076 5638 3273 5701 omnes
3294 5652 3420 5701 ante
3449 5645 3763 5713 hominem,

2158 5733 2434 5801 quomodo
2462 5734 2611 5804 prius
2640 5734 2830 5789 anima:
2853 5732 3102 5790 fuerunt?
3132 5734 3294 5791 Pater
3318 5738 3462 5792 enim
3489 5753 3596 5792 non
3620 5752 3764 5793 aute

2159 5836 2377 5896 corpus,
2409 5826 2503 5881 sed
2533 5833 2659 5880 ante
2686 5824 2980 5893 hominem,
3008 5826 3098 5900 qui
3127 5835 3210 5885 est
3232 5828 3411 5884 anima
3443 5837 3497 5885 et
3525 5846 3761 5901 corpus.
