4032 6190
648 240 679 253 .-
705 230 717 239 .

289 323 392 384 197

1362 326 1732 387 JUSTINIANI
1771 328 1900 385 LIB.
1942 329 2098 386 ADV.
2136 326 2507 385 ORIGENEM.

3470 331 3574 389 198

281 442 584 520 ἀνθρῶπου,
614 440 747 520 ὅπερ
772 444 884 502 ἕστί
910 444 1062 517 ψυχή
1091 464 1146 501 τε
1176 445 1260 499 καί
1289 451 1463 519 σῶμα,
1494 440 1602 501 εἶπε
1631 447 1695 501 τά
1716 445 1881 500 πάντα

1999 440 2117 496 licit
2142 441 2324 497 omnia
2354 441 2545 509 fuisse;
2576 456 2647 499 ex
2670 457 2779 514 quo
2816 444 3148 517 ostenditur,
3176 445 3334 505 simul
3365 456 3571 507 utrum-

283 538 620 611 γεγενῆσοαυ
652 541 735 593 καί
770 539 824 594 εκ
860 541 1046 596 τούτου
1090 536 1348 595 δείκνυται
1381 537 1491 609 ἅμα
1534 539 1765 612 ἑκάτερον
1795 536 1884 599 δη-

282 626 685 704 μεουργιθῆναι.

364 722 514 792 Λέγει
537 716 593 775 δέ
622 722 704 775 καί
735 717 763 775 ὁ
788 720 841 774 ίν
867 718 1030 793 ἁγίοις
1056 719 1329 797 Γρηγόριος
1356 720 1384 776 ὁ
1413 721 1629 780 Nion;
1659 719 1708 773 ἕν
1732 726 1795 793 τῇ
1816 720 1888 781 εἷς

284 811 377 866 τὸν
402 807 667 887 ἄνθρωπον
691 813 1043 887 πραγματεία
1082 814 1273 884 «Τάχα
1295 814 1397 887 γάρ
1417 813 1509 866 οὐκ
1531 810 1632 876 ἔξω
1651 819 1742 872 τῆς
1768 829 1890 885 προ·

288 904 524 974 ηιμ-ἕνης
551 906 673 973 ἡμῖν
699 908 1054 979 πραγματείας
1092 904 1226 969 ἐστὶ,
1255 905 1315 959 τὸ
1343 902 1630 968 διεξετάσαι
1651 903 1711 958 τὸ
1737 904 1887 975 ἀμφε-

288 993 597 1068 ϐαλλόμενον
620 1002 734 1056 ταῖς
756 998 1045 1058 iunctim;
1073 997 1191 1068 περί
1218 994 1401 1067 ψυχῆς
1428 1016 1484 1050 τε
1516 998 1600 1050 καί
1625 996 1883 1067 σώματος.

283 1088 410 1140 τισί
429 1088 522 1156 μὲν
547 1085 649 1159 γάρ
672 1085 813 1140 δοκεῖ
835 1093 933 1140 τῶν
960 1088 1064 1162 πρό
1090 1088 1250 1158 ἡμῶν,
1280 1082 1354 1147 οἷς
1380 1084 1406 1140 ὅ
1434 1089 1557 1160 περὶ
1582 1094 1683 1142 τῶν
1708 1087 1890 1162 ἀρχῶν

285 1172 694 1250 ἐπραγματδθη
731 1176 898 1250 λόγος.
925 1178 1155 1252 καθάπερ
1202 1178 1314 1233 τινά
1353 1175 1512 1250 δῆμον
1538 1178 1589 1230 ἐν
1615 1175 1887 1246 ίδιαζούσῃ

289 1267 442 1321 πόλει
484 1270 579 1326 τάς
621 1266 807 1339 ψυχάς
832 1268 1234 1347 ,προῦφεστάναι
1262 1268 1447 1340 λίγειν·
1492 1268 1796 1344 προκεῖσθαι
1834 1265 1888 1322 δὲ

291 1358 440 1412 κάκεῖ
469 1362 535 1415 τά
563 1364 655 1420 τῆς
683 1361 868 1420 κακίας
909 1362 993 1413 καί
1031 1366 1124 1418 τῆς
1168 1360 1352 1430 ἀρετῆς
1390 1356 1775 1430 ὑποδείγματα·
1808 1358 1892 1411 καί

291 1448 690 1523 παραμένουσαν
731 1450 822 1518 μίν
861 1449 913 1501 ἐν
940 1455 1014 1521 τῷ
1040 1448 1176 1522 καλῷ
1211 1455 1304 1507 την
1331 1449 1512 1520 ψυχὴν
1548 1457 1641 1508 τῆς
1680 1447 1808 1522 ερὲς
1834 1446 1893 1501 τὸ

292 1547 456 1611 σῶμα
481 1540 777 1611 συμπλοκῆς
804 1541 967 1613 μένειν
1006 1542 1320 1615 ἀπείραστον
1381 1545 1427 1596 εἰ
1450 1540 1504 1596 δὲ
1540 1540 1777 1615 ἀπορρυᾖ
1800 1547 1893 1599 τίς

291 1637 394 1687 τοῦ
418 1634 614 1704 ἀγαθοῦ
653 1633 954 1704 μετουσίας,
996 1636 1128 1709 πρὸς
1166 1634 1252 1689 τὸν
1290 1630 1408 1708 τῇδε
1436 1634 1543 1707 βίον
1571 1632 1891 1687 κατολισθαί-

293 1744 422 1788 υιιν,
449 1730 528 1779 καί
572 1726 730 1787 οὕτως
765 1726 814 1779 ἔν
852 1729 1052 1795 σώματι
1097 1727 1347 1799 γίνεσθαι·
1378 1726 1544 1799 ἕτεροι
1568 1722 1622 1779 δέ
1650 1732 1712 1798 τῇ
1756 1725 1889 1779 κατὰ

1986 545 2092 601 que
2120 530 2434 589 fabricatum
2475 547 2612 590 esse.

2059 712 2197 770 Dicit
2225 715 2388 771 etiam
2416 725 2632 773 sanctus
2659 716 2954 788 Gregorius
2982 720 3261 792 episcopus
3292 721 3493 793 Nyssar,
3519 721 3571 776 in

1987 802 2359 874 Disputatione
2409 806 2476 862 de
2516 806 2733 864 homine
2783 810 2953 882 (Cap.
2984 809 3094 880 28)
3130 828 3143 864 :
3178 829 3198 863 ι
3232 811 3309 867 Ac
3351 811 3578 868 fortasse

1988 895 2221 949 alienum
2252 910 2359 951 non
2389 907 2472 952 est
2500 912 2533 951 a
2560 898 2938 969 disputationis
2985 908 3179 956 nostra:
3216 902 3493 972 proposito
3515 901 3579 957 id

1989 986 2310 1058 exptndere,
2346 989 2493 1058 quod
2543 989 2595 1044 in
2644 989 2897 1047 Ecclesiis
2923 993 2992 1048 de
3039 994 3216 1048 anima
3263 1001 3319 1048 et
3346 1007 3579 1063 corpore

1990 1088 2397 1137 contrm'ersum
2427 1091 2529 1137 est.
2577 1081 2858 1136 Nonnullis
2888 1083 3030 1140 enim
3058 1083 3151 1153 qui
3179 1090 3305 1139 ante
3334 1099 3432 1139 nos
3462 1083 3577 1138 fue-

1991 1179 2137 1240 runt,
2166 1172 2256 1241 qui
2287 1179 2573 1227 tractatum
2601 1171 2667 1226 de
2696 1172 2969 1243 principiis
2990 1173 3226 1240 edidere,
3258 1175 3435 1245 place:
3461 1175 3578 1229 ani-

1991 1277 2107 1316 mas
2136 1261 2297 1316 veluti
2323 1262 2613 1331 quemdam
2642 1263 2897 1333 populmn
2946 1263 2998 1317 in
3048 1265 3260 1335 propria
3291 1266 3424 1321 urbe
3451 1274 3580 1321 ante

1992 1353 2297 1408 substitisse
2330 1371 2343 1406 :
2377 1363 2540 1423 atque
2570 1354 2639 1409 ibi
2681 1356 2958 1426 proposita
3006 1371 3127 1413 esse
3169 1359 3415 1429 exempla
3462 1366 3572 1414 tum

1992 1447 2224 1512 virtutis,
2259 1455 2370 1500 tum
2418 1446 2633 1502 malitite
2664 1466 2677 1501 :
2707 1462 2937 1518 eamque
2963 1449 3215 1517 animam,
3246 1463 3365 1519 quae
3390 1449 3441 1503 in
3468 1451 3578 1506 vir~

1996 1546 2109 1592 tute
2145 1547 2307 1607 atque
2353 1536 2637 1593 honestate
2683 1539 3079 1607 permanserit,
3129 1553 3473 1608 congressum
3522 1549 3580 1595 et

1993 1627 2449 1684 conﬂictationem
2490 1628 2734 1698 corporis
2761 1628 2980 1684 minime
3006 1629 3240 1699 experiri
3272 1648 3284 1683 :
3315 1630 3360 1684 si
3386 1646 3518 1685 vero
3545 1645 3576 1684 a

1992 1720 2120 1776 boni
2152 1721 2558 1792 participatione
2585 1720 2894 1787 defluxerit,
2934 1720 3074 1777 hanc
3101 1721 3155 1776 in
3181 1723 3344 1776 vitam
3380 1722 3580 1788 delabi,

294 1816 391 1870 τὸν
414 1816 633 1870 Μωῦσέα
668 1815 806 1880 τάξει
834 1825 926 1877 τῆς
957 1824 1276 1875 κατασκευῆς
1311 1821 1398 1870 τοῦ
1431 1816 1697 1888 ἀνθρώπου
1726 1836 1891 1891 προσ-

1999 1813 2179 1882 sicque
2209 1828 2329 1868 esse
2367 1813 2419 1867 in
2450 1827 2698 1883 corpore.
2752 1813 2855 1867 Alii
2897 1813 3237 1869 attendentes
3282 1828 3353 1869 ex
3398 1811 3581 1885 Moyse

296 1914 536 1975 ἔχοντες,
569 1904 809 1983 δευτέραν
853 1902 980 1961 (ναι
1022 1910 1112 1966 τήν
1141 1906 1322 1977 ψυχήν
1357 1912 1448 1961 τοῦ
1490 1909 1731 1976 σώματος
1761 1905 1889 1960 κατά

294 1999 387 2052 τὸν
429 1996 620 2073 χρόνον
659 2003 829 2070 φασίν.
862 1997 1065 2057 Ἐπειδή
1097 2006 1301 2074 πρῶτον
1336 1999 1501 2053 λαϐὼν
1531 1997 1556 2053 ὁ
1585 1999 1711 2059 Θεὸς
1755 2006 1889 2069 xciv

294 2089 408 2143 ἀπὸ
434 2096 526 2150 τῆς
550 2097 643 2161 γῆς
669 2091 757 2143 τὸν
782 2086 1041 2164 ἄνθρωπον
1066 2088 1302 2157 ἔπλασεν,
1331 2086 1419 2146 εἶθ’
1436 2090 1597 2152 οὕτως
1640 2090 1888 2162 ίψύχωσε

296 2178 388 2237 διά
415 2187 510 2237 τοῦ
534 2181 911 2255 ἔμφυσήματος.
931 2201 950 2234 ε
980 2186 1067 2239 καί
1094 2183 1206 2254 μετ’
1227 2183 1389 2256 ὀλίγοι⁴
1422 2201 1441 2234 ε
1469 2184 1528 2237 Οί
1555 2192 1629 2255 τῷ
1655 2185 1890 2259 προτέρῳ

296 2274 675 2347 παριστάμενοι
700 2272 851 2348 λόγῳ,
882 2278 968 2329 καί
1003 2275 1361 2350 πρεσϐυτέραν
1387 2284 1478 2336 τῆς
1505 2276 1558 2328 ἂν
1585 2276 1738 2351 σαρκὶ
1759 2278 1892 2339 ζωῆς

297 2371 393 2424 τὸν
418 2365 675 2421 ⁴ιτολιτείαν
702 2373 803 2421 τῶν
827 2367 1017 2436 ψυχῶν
1044 2365 1546 2439 δογματίζοντες,.οὗ
1571 2388 1655 2437 μοι
1682 2366 1893 2423 δοκοῦσι

298 2466 405 2514 τῶν
423 2459 712 2517 ἐλληνικῶν
730 2458 1023 2534 καθαρεύειν
1049 2467 1150 2516 τῶν
1177 2464 1296 2535 περὶ
1317 2469 1411 2520 τῆς
1430 2459 1895 2533 μετεμψυχῶσεως

299 2550 803 2624 μεμυθολογημίνων.
847 2552 903 2604 Et
942 2552 1041 2629 γάρ
1075 2571 1155 2612 τις
1191 2551 1415 2627 ἀκριϐῶς
1454 2551 1895 2627 ίζετάσειε,πρὸς

298 2650 456 2700 τοῦτο
485 2646 619 2698 κατά
650 2649 820 2699 πᾶσαν
842 2645 1063 2715 ἀνάγκην
1081 2645 1169 2700 τὸν
1196 2644 1339 2717 λόγον
1374 2646 1551 2705 αὐτοῖς
1574 2644 1782 2719 εὑρήσει
1802 2667 1895 2701 κα-

299 2733 666 2810 ταφερόμενον.
704 2737 832 2789 Φασί
856 2756 969 2791 τινα
991 2742 1093 2791 τῶν
1120 2734 1246 2810 παρ’
1262 2736 1469 2796 ίκείνοις
1507 2743 1676 2813 σοφῶν
1698 2739 1895 2813 είρηκί-

300 2846 401 2883 ναι.
430 2823 513 2881 ὅτι
543 2828 625 2880 καὶ
650 2827 773 2902 ἀνὴρ
797 2828 997 2899 γέγονε,
1031 2829 1115 2881 καί
1152 2828 1385 2901 γυναικὸς
1421 2810 1573 2898 σῶμα
1612 2810 1893 2902 μετηριφιά-

302 2935 458 2977 σατο,
483 2918 571 2971 καὶ
612 2916 728 2990 μετ’
749 2918 928 2992 ὀρνέων
972 2918 1190 2977 ἀνέπτη.
1218 2920 1306 2972 καί
1348 2919 1549 2991 θάμνοις
1588 2921 1779 2991 ἐφοίτα,
1812 2925 1895 2977 καί

300 3008 391 3062 τὸν
423 3003 630 3081 ἶνπδρον
672 3005 838 3078 ἕλαχε
1051 3008 1126 3061 οὐ
1163 3006 1339 3083 πόρρω
1377 3016 1471 3068 τῆς
1508 3008 1737 3070 ἀληθείας
1768 3011 1896 3066 κατά

301 3103 398 3158 τάν
440 3100 565 3170 ἐμήν
605 3101 774 3175 κρίσιν
814 3099 1079 3179 φερόμενος
1097 3099 1125 3154 ὁ
1151 3103 1271 3171 περὶ
1304 3099 1488 3156 ἑαυτοῦ
1517 3108 1683 3157 ταῦτα
1709 3101 1886 3174 λέγων.

1990 1901 2259 1958 condendi
2284 1902 2521 1957 hominis
2550 1902 2793 1957 ordinem
2820 1944 2835 1967 ,
2867 1904 3101 1959 animam
3140 1918 3370 1973 corpore
3399 1913 3582 1974 poste-

1988 1992 2190 2047 riorem
2221 1998 2465 2062 tempore
2493 2007 2613 2047 esse
2638 1991 2825 2047 dicunt
2855 2011 2868 2047 :
2895 1993 3327 2063 quandoquidem
3348 1994 3580 2065 primum

1992 2080 2133 2137 Deus
2154 2081 2339 2136 limum
2368 2096 2400 2136 e
2430 2088 2572 2138 terra
2601 2097 2838 2144 sumens,
2869 2082 3021 2137 finxit
3047 2082 3342 2150 hominem,
3366 2100 3429 2140 ac
3454 2100 3580 2140 eum

1991 2171 2186 2226 deinde
2233 2171 2587 2242 inspiratione
2635 2172 2912 2228 animavit.
2942 2190 2962 2224 ι
2988 2173 3066 2227 Ae
3081 2174 3241 2243 paulo
3259 2180 3406 2244 post:
3432 2192 3451 2223 ι
3478 2173 3581 2241 Qui

1993 2262 2224 2331 primam
2251 2263 2519 2317 rationem
2552 2270 2787 2329 tuentur,
2819 2273 2875 2318 et
2902 2263 3200 2319 animarum
3275 2266 3428 2334 quasi
3450 2265 3581 2320 civi-

1995 2361 2162 2407 tatem
2196 2354 2553 2423 antiquiorem
2584 2353 2691 2407 vita
2723 2370 2985 2425 corporea
3016 2364 3283 2423 asserunt,
3314 2372 3422 2412 non
3452 2354 3601 2412 mihi

1992 2444 2247 2499 videntur
2274 2460 2460 2500 carere
2488 2459 2820 2515 paganorum
2874 2447 3085 2511 fabulis,
3130 2463 3251 2519 qua:
3277 2448 3345 2505 de
3373 2450 3582 2525 anima-

1992 2550 2111 2589 rum
2141 2551 2207 2590 ex
2235 2536 2354 2591 aliis
2377 2536 2429 2590 in
2452 2536 2552 2590 alia
2586 2550 2814 2607 corpora
2837 2538 3156 2607 migratione
3183 2538 3409 2610 proditae
3436 2549 3580 2597 sunt.

1993 2627 2049 2683 Si
2078 2629 2198 2697 quis
2225 2630 2368 2683 enim
2416 2628 2684 2684 subtiliter
2711 2630 3005 2698 examinet,
3035 2631 3334 2701 eomperiet
3358 2631 3464 2687 huc
3492 2647 3583 2687 ne-

1993 2720 2231 2775 cessario
2259 2720 2528 2775 rationem
2556 2735 2743 2775 eorum
2773 2721 3002 2777 devolvi.
3033 2721 3215 2789 Aiunt,
3237 2722 3526 2793 quemdam
3553 2738 3585 2777 e

1993 2820 2154 2865 secta:
2183 2823 2294 2863 suae
2328 2809 2662 2880 sapientibus
2690 2810 2917 2877 dixisse,
2950 2817 3003 2866 et
3030 2811 3202 2866 virum
3232 2810 3396 2867 fuisse
3423 2826 3504 2880 se,
3530 2820 3584 2868 et

1996 2902 2257 2957 muliebre
2269 2901 2808 2972 corpusinduisse,et
2826 2901 3138 2958 subvolasse
3159 2917 3283 2958 cum
3308 2903 3517 2972 avibus,
3531 2910 3586 2959 et

1996 2993 2161 3048 fuisse
2182 2994 2539 3057 arbusculam,
2569 3003 2626 3049 et
2651 2993 2941 3063 aquatilem
2971 2994 3135 3049 vitam
3159 2996 3431 3050 sortitum.
3466 2994 3585 3050 Non

1996 3086 2304 3153 longe,ch
2326 3085 2542 3154 quidem
2561 3084 2785 3154 judicio,
2802 3100 2834 3140 a
2855 3100 2986 3141 vero
3009 3085 3258 3151 discedit,
3274 3085 3367 3155 qui
3392 3085 3504 3141 litec
3520 3085 3593 3141 de

303 3188 502 3251 Ὄντως
522 3192 623 3268 γάρ
638 3173 929 3267 βατράχων
949 3199 1119 3255 τινῶν,
1137 3192 1168 3251 ἦ
1196 3199 1399 3248 κολοιῶν
1419 3193 1682 3269 φὶυαρίας,
1714 3192 1746 3253 ἦ
1768 3173 1895 3250 ἀλο-

1999 3189 2057 3229 se
2082 3174 2331 3228 aﬂlmiat.
2358 3173 2497 3229 Vere
2524 3176 2667 3230 enim
2686 3218 2702 3244 ,
2728 3176 2814 3230 vel
2834 3191 3086 3231 ranarum
3117 3185 3211 3231 aut
3245 3176 3588 3247 graculorum

301 3286 423 3357 γίας
465 3284 695 3353 ἰχθύων,
741 3284 772 3343 ἧ
816 3282 981 3360 δρυῶν
1029 3285 1364 3346 ἀναισθησίας
1407 3281 1524 3350 ἄξια
1563 3288 1633 3341 τά
1678 3292 1896 3342 τοιαῦτα

302 3372 563 3448 δόγματα,
591 3374 650 3428 τὸ
677 3375 796 3446 μίαν
818 3373 1006 3445 ψυχὴν
1028 3373 1184 3447 λέγειν
1201 3371 1287 3428 διά
1310 3375 1569 3430 τοσούτων
1594 3376 1767 3430 ίλθεῖν.
1793 3384 1895 3437 Τῆς

302 3464 360 3521 δί
393 3469 642 3527 τοιαύτης
665 3467 885 3527 ἀτοπίας
913 3464 1046 3524 αὕτη
1078 3466 1215 3521 ίστζν
1239 3468 1273 3523 ἡ
1298 3467 1458 3531 αἰτία,
1487 3466 1547 3520 τὸ
1571 3468 1897 3540 προϋφεστά-

301 3581 390 3614 ναι
426 3561 524 3621 τάς
561 3558 747 3630 ψυχάς
783 3557 1010 3614 οἴεσηαυ
1057 3555 1121 3613 δι’
1142 3556 1407 3613 ἀκολούξλου
1448 3556 1546 3631 γάρ
1569 3559 1600 3614 ἡ
1626 3557 1771 3630 ἀρχή
1804 3565 1896 3613 τοῦ

302 3654 539 3708 τοιούτω
565 3648 817 3722 δόγματος
841 3650 924 3702 ini
946 3649 1003 3706 τὸ
1027 3650 1296 3723 προσεχές
1324 3669 1402 3711 τε,
1424 3651 1511 3703 καί
1531 3650 1900 3721 παρακείμενον

302 3745 395 3799 τὸν
422 3739 569 3812 λόγον
592 3742 916 3816 προάγουσα,
940 3741 1106 3815 μέχρι
1134 3741 1316 3794 τούτου
1336 3730 1704 3817 τερατιυοιίιίνη
1724 3738 1898 3805 διέξει-

301 3855 410 3889 σιν.
433 3838 491 3887 Εἰ
513 3836 609 3909 γάρ
637 3830 721 3887 διά
747 3852 883 3893 τινος
905 3833 1081 3892 κακίας
1118 3833 1509 3888 ἀποσπασθεῖσα
1531 3841 1622 3893 τῆς
1648 3832 1897 3903 ὑψηλοτέ-

299 3944 408 3998 ρας
429 3923 634 3995 ἡψυχὴ
679 3923 939 3983 πολιτείας
982 3920 1246 3997 ἄνθρωπος
1281 3926 1489 3997 γίνεται,
1525 3925 1897 4001 ἐμπαθέστερος

301 4013 360 4070 δέ
412 4018 616 4076 πάντως
653 4012 682 4069 ὅ
720 4016 772 4068 ἓν
814 4016 967 4090 σαρκὶ
996 4014 1108 4086 βίος
1153 4014 1468 4088 ὡμολόγηται
1505 4018 1650 4090 ποιρά
1687 4016 1774 4070 τὸν
1800 4023 1901 4072 τῶν

300 4106 486 4163 ἀιδίων
520 4110 607 4162 καί
645 4108 952 4178 ἀσωμάτων,
979 4108 1169 4177 ἀνάγκη
1196 4112 1348 4164 πάσα
1374 4112 1466 4167 τήν
1495 4108 1544 4161 ἐν
1584 4116 1655 4179 τῷ
1684 4110 1900 4181 τοιούτῳ

603 4201 722 4275 βίῳ,
744 4201 793 4253 ἐν
819 4197 861 4273 ᾧ
896 4203 982 4254 καί
1011 4201 1210 4261 πλείους
1253 4202 1304 4256 αἱ
1344 4202 1475 4275 πρὸς
1502 4204 1560 4256 τὸ
1590 4200 1899 4276 ἁμαρτάνειν

302 4291 437 4345 εἰσιν
477 4290 720 4367 ἀφορμαί,
751 4291 801 4343 ἐν
830 4290 1020 4345 πλείονί
1061 4310 1116 4346 τε
1158 4295 1303 4366 κακίᾳ
1338 4294 1578 4365 γίνεσθαι,
1609 4294 1691 4348 καί
1732 4293 1900 4365 ἔμπα-

302 4381 544 4454 οέστερον
566 4379 872 4440 διατεθῆναιο
901 4382 1216 4456 ἀνθρωπίνης
1244 4380 1297 4437 δί
1326 4380 1510 4453 ψυχῆς
1533 4384 1686 4444 πάθος
1710 4385 1740 4442 ἡ
1769 4385 1899 4459 πρὸς

302 4473 370 4529 τὸ
400 4470 580 4544 ἆὶογόν
604 4474 737 4528 ἔστιν
763 4471 1025 4539 ὁμοίωσις*
1046 4475 1211 4545 τούτῳ
1231 4472 1285 4527 δὲ
1304 4476 1783 4547 προσοικειωθείσαν
1817 4476 1902 4528 αὖ·

1997 3267 2214 3337 garrulo
2252 3266 2478 3337 strepitu
2508 3307 2523 3333 ,
2562 3267 2645 3322 vel
2685 3268 3157 3324 irrationabilitate
3199 3268 3465 3340 piscium,
3505 3270 3589 3325 vel

1999 3359 2249 3413 arborum
2271 3358 2679 3415 insensibilitate
2700 3359 2964 3429 ejusmodi
2986 3359 3268 3432 disciplina
3297 3360 3456 3430 digna
3485 3369 3589 3425 est,

1997 3464 2118 3520 qua:
2149 3458 2229 3505 tot
2273 3464 2360 3504 res
2401 3458 2683 3519 permeare
2720 3466 2881 3506 unam
2913 3452 3144 3506 animam
3193 3451 3358 3508 dicat.
3391 3449 3590 3507 Harum

1999 3546 2178 3593 autem
2210 3538 2531 3609 ineptiarum
2581 3541 2696 3595 hmo
2723 3555 2883 3596 causa
2913 3548 2997 3595 est
3017 3582 3032 3606 ,
3072 3541 3216 3610 quod
3247 3542 3591 3611 prmexistere

2000 3629 2210 3683 animus
2237 3628 2611 3699 opinabantur.
2638 3629 3047 3700 Cnnsequenter
3072 3629 3217 3685 enim
3241 3631 3363 3684 talis
3391 3630 3591 3686 doctri-

1998 3733 2083 3773 nm
2121 3718 2443 3790 principium
2491 3719 2559 3774 ad
2607 3718 2786 3774 aﬂinia
2829 3727 2884 3775 et
2923 3717 3176 3789 adjuncta
3214 3719 3589 3790 progrediens,

2003 3809 2282 3879 hucusque
2308 3816 2614 3865 commenta
2643 3824 2739 3865 sua
2768 3819 3050 3881 propagat.
3100 3808 3234 3865 Nam
3261 3810 3305 3866 si
3335 3825 3432 3881 per
3458 3810 3592 3867 vitia

2000 3903 2212 3957 animus
2240 3918 2271 3956 a
2301 3902 2600 3958 sublimiori
2638 3903 2747 3958 vita
2775 3903 3103 3969 abstractus,
3148 3902 3313 3958 homo
3343 3903 3421 3970 tit,
3455 3917 3519 3958 ac
3545 3919 3590 3958 si
3628 3938 3635 3943 ο

2002 3993 2054 4047 in
2087 3992 2337 4050 confesso
2364 4002 2477 4061 est,
2507 3994 2675 4050 vitam
2706 4009 3021 4066 corpoream
3052 3995 3395 4066 passionibus
3423 3996 3593 4066 magis

1999 4084 2290 4139 obnoxiam
2321 4099 2442 4140 esse
2467 4128 2483 4151 ,
2523 4099 2683 4155 quam
2712 4094 2971 4141 aeternam
3001 4094 3164 4157 atque
3192 4086 3593 4157 incorpoream,

2001 4191 2221 4233 necesse
2272 4185 2358 4233 est
2405 4178 2636 4233 animam
2684 4179 2740 4233 in
2789 4180 2893 4235 hac
2919 4180 3029 4234 vita
3057 4179 3374 4249 degentem,
3407 4181 3458 4237 iu
3487 4197 3593 4253 qua

2001 4267 2180 4337 plures
2209 4266 2491 4324 facultates
2521 4268 2591 4323 ad
2619 4267 2953 4339 peccandum
2983 4277 3298 4341 suppetunt,
3333 4272 3385 4326 in
3417 4272 3590 4342 pluri-

2001 4360 2100 4415 bus
2121 4362 2325 4416 versari
2347 4362 2508 4427 vitiis,
2532 4362 2811 4432 magisque
2832 4363 3170 4433 passionibus
3194 4363 3357 4419 allici.
3388 4364 3594 4419 Anima:

2003 4462 2183 4508 autem
2214 4453 2462 4508 humanm
2493 4455 2673 4524 passio
2699 4496 2714 4522 ,
2744 4454 3037 4511 similitudo
3079 4463 3162 4511 est
3203 4454 3268 4509 ad
3309 4455 3595 4511 irrationa-

304 4572 402 4623 τὸν
428 4570 505 4626 εἰς
527 4564 753 4625 κπνώδη
788 4564 938 4638 φύσιν
965 4566 1330 4642 μεταρρυῆναι·
1354 4563 1494 4630 ἅπαξ
1523 4563 1577 4621 δὲ
1608 4562 1693 4620 διὰ
1718 4567 1895 4627 κακίας

2002 4545 2149 4601 bilia.
2206 4544 2341 4601 Huic
2390 4558 2520 4615 ergo
2556 4546 2681 4601 vita:
2710 4546 2957 4602 devincta
2989 4547 3184 4612 anima,
3218 4548 3270 4602 in
3298 4548 3594 4604 bestiarum

304 4655 628 4720 ὁδεύουσαν,
675 4654 802 4727 μηδέ
844 4656 893 4711 ἐν
929 4656 1103 4729 ἀλόγῳ
1136 4660 1393 4729 γενομένην
1413 4664 1505 4716 τῆς
1530 4658 1617 4711 ίπί
1642 4657 1702 4710 τὸ
1740 4660 1895 4712 κακὸν

306 4747 541 4827 προόδου
568 4750 726 4817 λήξειν
750 4751 894 4805 ποτέ.
926 4759 977 4805 Ἦ
998 4752 1096 4824 γὰρ
1119 4755 1207 4804 τοῦ
1235 4754 1390 4803 κακοῦ
1416 4749 1624 4812 στάσις,
1640 4750 1787 4823 ἀρχή
1805 4757 1898 4811 τῆς

306 4842 427 4897 κατ’
456 4844 642 4916 ἀρετήν
682 4842 817 4897 ἔστιν
842 4840 1005 4915 ὁρμῆς
1055 4838 1229 4915 ’Δρετὴ
1254 4838 1306 4894 δὲ
1336 4841 1387 4893 ίν
1411 4839 1606 4911 ἀλίγοις
1626 4839 1715 4893 οὐκ
1738 4836 1895 4895 ἔστιν.

306 4933 508 4987 οὐκοῦν
542 4933 625 4986 ἀεί
650 4933 778 5008 πρὸς
815 4934 874 4987 τὸ
920 4937 1095 5008 χεῖρον
1122 4932 1173 4995 ἐξ
1202 4931 1421 5004 ἀνάγκης
1461 4931 1857 4990 ἀῺοιωθήσεταε
1879 4971 1895 4997 ,

306 5027 528 5081 πάντοτε
570 5024 699 5101 πρὸς
733 5026 790 5079 τὸ
820 5033 997 5101 χεῖρον
1025 5026 1112 5078 καί
1155 5023 1451 5097 ἀτιμότερον
1493 5028 1780 5098 προϊοῦσα,
1816 5025 1902 5077 καί

306 5121 394 5175 ἀεί
420 5120 480 5174 τὸ
509 5125 685 5191 χεῖρον
713 5125 804 5178 τῆς
830 5118 877 5171 ίν
950 5118 1063 5172 ἔστι
1082 5118 1278 5188 φύσεως
1308 5116 1692 5191 ἑξευρίσκουσα’
1724 5115 1901 5191 ὥσπερ

306 5213 370 5269 δὲ
394 5219 488 5268 τοῦ
531 5215 729 5286 λογικοῦ
773 5215 832 5268 τὸ
867 5213 1099 5270 αἰσθητὸν
1125 5210 1468 5277 ὑποϐέϐηκεν,
1511 5209 1645 5264 οὕτω
1681 5213 1761 5264 καί
1804 5212 1904 5266 ἀπὸ

307 5308 501 5362 τούτου
527 5306 612 5361 ἐπί
638 5306 693 5361 τὸ
721 5305 1016 5363 ἀναίσθητον
1053 5304 1379 5374 μετάπτωσις
1403 5292 1611 5375 γίνεται.
1646 5300 1789 5355 Ἃ).λά
1813 5302 1902 5372 με·

307 5416 407 5471 χρι
433 5416 617 5453 τουτου
642 5397 831 5469 προῖὼν
858 5393 884 5449 ὃ
911 5393 1058 5465 λόγος
1082 5393 1256 5452 αὐτοῖς
1274 5431 1291 5455 ,
1322 5393 1404 5446 καί
1426 5388 1529 5455 ἴξω
1557 5398 1651 5452 τῆς
1677 5390 1905 5449 ἀληθείας

302 5495 538 5564 φέρεται,
567 5485 693 5539 ἀλλά
713 5504 771 5557 γε
794 5482 884 5540 διά
905 5503 1042 5544 τινος
1072 5482 1366 5542 ἀκολουθίας
1389 5478 1584 5537 ἄτοπον
1621 5482 1672 5545 ίξ
1711 5480 1910 5534 ἀτόπου

306 5576 712 5650 μεταλαμϐάνει.
766 5576 836 5630 Τὸ
881 5573 935 5631 δὲ
982 5575 1206 5631 ἐντεῦθεν
1263 5573 1358 5634 ἤδη
1402 5572 1486 5629 διά
1536 5580 1636 5628 τῶν
1693 5574 1903 5643 ἀσυναρ

308 5672 475 5729 τήτων
504 5671 678 5728 αὐτοῖς
704 5668 763 5723 τὸ
794 5666 962 5738 δόγμα
1002 5668 1376 5734 μυθοποεεῖται.
1422 5676 1475 5719 Ἦ
1525 5667 1615 5735 μὲν
1656 5665 1913 5718 ι’κολουοία

309 5759 533 5817 παντελῆ
558 5756 824 5832 διαφθοράν
844 5764 938 5817 τῆς
965 5754 1145 5826 ψυχῆς
1164 5753 1538 5810 ὑποδείκνυσιν.
1569 5763 1622 5806 'll
1644 5755 1742 5828 γάρ
1773 5753 1912 5818 ἅπαξ

312 5855 407 5906 τῆς
432 5844 635 5923 ὑψηλῆς
678 5849 935 5908 πολιτείας
978 5846 1401 5911 ἀπολισοήσασα,
1452 5848 1502 5900 ίν
1540 5844 1701 5902 οὐδενί
1737 5846 1907 5919 μέτρῳ

2002 4643 2249 4690 naturam
2278 4634 2575 4701 delabetur,
2605 4650 2670 4691 ac
2697 4636 2863 4692 semel
2892 4636 3017 4691 vita
3050 4638 3307 4707 ingressa,
3339 4638 3498 4710 inque
3523 4639 3595 4694 ir-

2002 4729 2425 4785 rationabilitate
2471 4743 2728 4794 versans,
2756 4727 2962 4784 nullum
3012 4727 3171 4785 linem
3219 4731 3286 4786 ad
3335 4732 3591 4786 malitiam

2002 4822 2381 4895 progrediendi
2444 4820 2622 4878 faciet.
2699 4820 2803 4877 Ubi
2875 4824 3017 4878 enim
3083 4823 3285 4878 malitia
3360 4824 3589 4887 sistitur,

2003 4914 2244 4971 succedit
2272 4914 2504 4985 impetus
2532 4913 2600 4968 ad
2641 4912 2926 4980 virtutem;
2975 4914 3126 4983 atqui
3156 4914 3327 4970 virtus
3374 4913 3427 4967 in
3459 4912 3593 4967 irra-

2003 5007 2347 5064 tionabilibus
2401 5006 2545 5062 nulla
2590 5013 2714 5073 est;
2764 5006 2820 5061 in
2880 5005 3120 5063 deterius
3172 5020 3303 5075 ergo
3352 5018 3596 5059 necessa-

2005 5099 2088 5155 rio
2137 5099 2466 5164 mutabitur,
2496 5098 2711 5154 assidue
2757 5097 2825 5153 ad
2854 5097 3039 5169 pejora
3088 5098 3438 5168 turpioraque
3476 5110 3598 5165 pro-

2006 5189 2293 5260 grediens,
2340 5187 2562 5260 ejusque
2603 5196 2846 5256 natum,
2904 5190 2959 5244 in
3002 5203 3109 5259 qua
3167 5194 3271 5254 est,
3323 5186 3598 5244 deteriora

2010 5296 2236 5354 quaeque
2260 5297 2477 5355 semper
2495 5281 2927 5339 comminiscens.
2956 5281 3123 5336 Porro
3143 5278 3595 5349 quemadmodum

2010 5374 2316 5431 rationabili
2343 5374 2597 5431 sensibile
2623 5374 2887 5442 subiacet,
2908 5374 2986 5427 sic
3014 5377 3071 5426 et
3098 5370 3167 5425 ab
3187 5370 3294 5425 hoc
3320 5368 3389 5424 ad
3419 5370 3596 5426 insen-

2010 5466 2166 5521 sibile
2219 5463 2278 5519 fit
2324 5464 2617 5535 prolapsio.
2665 5462 3027 5530 Quamobrem
3075 5460 3181 5517 huc
3225 5459 3364 5516 ratio
3404 5475 3594 5517 eorum

2012 5557 2272 5625 evatlens,
2311 5573 2341 5612 a
2370 5557 2595 5612 veritate
2623 5556 2859 5623 aberrat,
2890 5562 2945 5610 et
2970 5568 3068 5625 per
3096 5554 3381 5626 quamdam
3402 5567 3598 5611 conse-

2013 5649 2287 5719 quentiam
2317 5662 2381 5702 ex
2411 5645 2655 5702 absurdis
2680 5645 2747 5700 ad
2771 5646 3000 5701 absurda
3041 5661 3101 5702 se
3128 5644 3356 5703 confert.
3391 5643 3597 5701 Exinde

2013 5758 2200 5799 eorum
2225 5741 2468 5797 doctrina
2511 5755 2609 5811 per
2636 5754 2697 5795 ea
2725 5741 3013 5811 quaeinter
3038 5754 3099 5796 se
3145 5755 3254 5797 non
3300 5738 3593 5804 cohaerent,

2015 5836 2255 5894 fabulose
2296 5834 2557 5907 procedit.
2603 5832 3001 5905 Consequentia
3029 5848 3160 5890 vero
3200 5832 3314 5903 ipsa
3358 5829 3595 5887 ostendit
