4032 6190
499 336 601 392 199

1870 327 2164 384 VIGIIJUS
2203 324 2398 382 PAPA.

3666 317 3781 373 200

481 449 659 507 κακίας
687 448 862 500 στῆναι
889 441 1173 500 δυνήσεταυ
1199 439 1326 495 ἀλλά
1344 437 1428 495 διὰ
1454 446 1545 500 τῆς
1567 441 1694 514 πρὸς
1710 439 1773 493 τὰ
1801 440 1932 497 πάθη
1959 447 2073 510 σχί-

2189 439 2553 494 omnimodam
2586 439 2778 493 anima:
2807 437 3190 509 corruptelam.
3221 436 3353 505 Quze
3381 437 3527 493 enim
3555 442 3726 495 semel
3754 456 3788 496 a

488 555 621 594 σεως
644 535 746 589 ἀπὸ
774 535 862 600 μίν
894 539 984 586 τοῦ
1013 533 1214 605 λογικοῦ
1237 533 1370 607 πρὸς
1397 532 1453 586 τὸ
1487 528 1669 605 ἄλογον
1702 531 2050 601 μεταϐήσεται

499 624 593 678 ἀπ’
618 625 804 678 ὶκείνου
830 622 884 678 δέ
906 625 1033 698 πρ’ς
1057 631 1149 682 τήν
1171 630 1271 679 τῶν
1295 630 1464 696 φυτῶν
1499 624 1836 681 ἀναισθησίαν
1871 643 2086 693 μετατεο

486 715 719 780 θήσεται,
766 721 838 787 τῷ
868 711 923 768 δὲ
945 714 1234 786 ἀναισθήτῳ
1264 735 1374 775 πως
1399 716 1460 770 τὸ
1485 711 1698 785 ἄψυχον
1715 753 1729 777 ,
1756 717 1924 785 τούτῳ
1952 712 2006 769 δὲ
2029 714 2087 769 τὸ

487 808 810 883 ἀνύπαρκτον
860 808 1060 863 ἕπεται.
1109 803 1266 862 Ὠστε
1312 807 1476 864 διόλου
1528 805 1616 861 διά
1659 813 1751 866 τῆς
1800 807 2087 868 ἀκολουθίας

488 900 617 972 πρὸς
645 902 702 954 τό
744 905 816 971 μή
857 895 913 953 ἓν
963 901 1141 960 αὐτοῖς
1181 901 1212 959 ἠ
1259 898 1415 972 ψυχὴ
1461 905 1850 976 μεταχωρήσει.
1895 902 2087 956 Οὐκοῦν

489 993 760 1062 ἀμήχανος
787 992 912 1064 αὐτῇ
931 991 1082 1045 πάλιν
1103 989 1259 1046 ἔσται
1285 993 1315 1050 ἡ
1338 993 1466 1066 πρὸς
1493 993 1552 1046 τὸ
1571 998 1803 1065 κρεῖττον
1824 990 2084 1053 ἐπάνοδος.

489 1076 631 1135 ’Λλλά
655 1086 753 1150 μήν
783 1081 838 1133 ἐκ
869 1081 1061 1151 θάμνου
1096 1081 1181 1135 ἐπί
1201 1082 1286 1134 τόν
1317 1077 1581 1155 ἄνθρωπον
1609 1080 1700 1140 την
1725 1080 1907 1152 ψυχὴν
1935 1083 2088 1137 ἔπαν-

487 1175 719 1248 άγουσιν.
763 1177 956 1227 Οὖκοῦν
1005 1175 1379 1248 προτιμοτέραν
1421 1179 1514 1233 τήν
1549 1176 1600 1230 ἐν
1624 1175 1793 1247 θάμνῳ
1821 1179 1952 1240 ζωὴν
1996 1183 2090 1236 τῆς

487 1269 768 1335 ἀσωμάτου
793 1263 1042 1337 διαγωγῆς
1072 1265 1124 1318 ἐκ
1146 1266 1342 1320 τούτων
1365 1264 1803 1321 ἀποδεικνύουσιν.
1834 1265 2089 1323 Δέδεικται

491 1360 583 1432 γάρ
612 1356 689 1413 ὅτι
726 1358 851 1431 πρὸς
881 1360 939 1412 τὸ
967 1366 1144 1431 χεῖρον
1175 1359 1408 1430 γινομένη
1433 1359 1463 1416 ἡ
1498 1355 1718 1431 πρόοδος
1752 1366 1845 1417 τῆς
1869 1356 2085 1429 ψυχῆς,

489 1453 617 1526 πρὸς
649 1453 707 1505 τ)
731 1454 1010 1523 καττίτερον
1031 1450 1161 1504 κατά
1179 1449 1236 1504 τὸ
1264 1450 1390 1510 εἰκὸς
1411 1449 1750 1508 ύποϐήσεται.
1781 1449 2088 1507 ’Υποεέϐηκε

491 1542 544 1598 δέ
568 1550 656 1601 τὴν
689 1544 987 1601 ἀναίσθητον
1009 1544 1157 1615 φύσιν
1183 1542 1239 1596 τὸ
1262 1539 1489 1614 ἄψυχον.
1511 1544 1583 1603 είς
1605 1539 1630 1596 ό
1653 1541 1717 1597 δι’
1739 1543 2031 1604 ἀκολουθίας
2058 1545 2089 1601 ἡ

488 1636 631 1712 ἀρχὴ
656 1641 746 1690 τοῦ
777 1634 1028 1706 δόγαατος
1053 1637 1215 1690 αὐτῶν
1244 1641 1336 1695 τὴν
1377 1635 1561 1707 ψυχήν
1607 1633 1742 1710 ἄγει.
1773 1633 1898 1690 Ἀλλ’
1920 1635 2089 1696 ἐπειδή

485 1734 640 1782 τοῦτο
669 1732 724 1780 οὐ
753 1729 1036 1802 βούλονται,
1072 1727 1101 1788 ἦ
1145 1737 1218 1801 τῷ
1259 1729 1546 1799 ἀναισθήτῳ
1583 1733 1674 1788 τὴν
1703 1727 1887 1800 ψυχήν
1933 1751 2091 1784 κατα-

2191 531 2406 585 sublimi
2440 532 2544 585 vita
2574 529 2804 595 decidit,
2858 529 3058 584 nullum
3103 529 3318 583 tnodmn
3347 530 3538 584 statuit
3565 531 3789 587 malitiae

2189 637 2338 686 sum;
2389 621 2485 677 scd
2515 630 2736 692 propter
2776 621 3086 690 passionum
3127 620 3576 676 consuetudinem
3618 631 3788 693 atque

2191 712 2433 767 habitum
2464 727 2495 766 a
2522 711 2830 768 rationabili
2859 712 2926 768 ad
2947 712 3317 769 irrationabile
3336 713 3602 783 deveniet,
3629 717 3790 772 inde-

2189 817 2295 871 que
2323 803 2374 857 in
2404 803 2650 874 stirpium
2677 803 3142 859 insensibilitalem
3184 803 3519 872 mutabitur;
3551 805 3788 861 insensi-

2189 897 2280 952 bili
2303 905 2483 952 autem
2513 898 2806 952 inanimum
2827 905 2911 952 est
2934 898 3544 966 consequens,inanimo
3561 898 3616 954 id
3640 900 3790 970 quod

2193 1004 2298 1043 non
2343 990 2602 1044 subsistit.
2646 988 2833 1058 Itaque
2877 990 3091 1059 penitus
3133 1004 3200 1044 ex
3230 990 3334 1044 hac
3373 992 3787 1059 consequentia,

2191 1081 2368 1134 anima
2394 1081 2521 1150 ipsis
2541 1079 2607 1134 ad
2637 1095 2745 1133 non
2774 1095 2870 1134 ens
2901 1080 3114 1134 tandem
3145 1080 3425 1136 concedet.
3457 1079 3549 1137 Sic
3578 1083 3788 1138 nullam

2192 1168 2496 1224 facultatem
2525 1170 2768 1224 habitura
2793 1178 2877 1225 est
2905 1169 2971 1224 ad
3003 1171 3225 1226 meliora
3258 1171 3538 1226 redeundi.
3586 1173 3788 1228 Verum

2192 1258 2333 1312 enim
2361 1274 2490 1314 vero
2520 1258 2587 1312 ad
2608 1259 2883 1314 hominem
2917 1273 2949 1314 e
2979 1257 3172 1315 frutice
3213 1261 3446 1316 animam
3476 1261 3785 1330 reducunt;

2192 1348 2351 1416 igitur
2379 1350 2807 1418 prtestantiorem
2837 1349 3210 1405 demonstrant
3238 1366 3358 1407 esse
3385 1351 3553 1406 vitam
3586 1352 3640 1407 in
3667 1351 3786 1409 fru-

2194 1440 2319 1509 tice,
2365 1455 2525 1509 quam
2559 1441 2932 1512 incorpoream
2967 1443 3152 1496 vitam.
3185 1441 3304 1497 Jam
3335 1444 3479 1498 enim
3505 1453 3784 1502 ostensum

2190 1540 2294 1600 est,
2317 1545 2660 1601 progressum
2690 1532 2882 1586 anima:
2914 1531 2968 1587 in
2989 1531 3283 1600 deteriora,
3313 1540 3476 1603 atque
3506 1534 3706 1589 idcirco
3730 1535 3784 1592 in

2191 1624 2445 1680 inferiora
2467 1639 2620 1688 esse;
2654 1623 2901 1694 subiacet
2923 1631 3104 1678 autem
3137 1624 3434 1678 insensibili
3464 1633 3668 1680 natura:
3696 1625 3783 1679 in-

2189 1714 2484 1769 animatum
2513 1733 2525 1767 :
2550 1729 2658 1784 quo
2670 1729 2767 1784 per
2780 1715 3221 1784 consequentiam
3239 1714 3560 1784 principium
3589 1731 3781 1772 eorum

488 1821 734 1874 κλείουσιν
760 1862 774 1882 ,
824 1821 853 1880 ἦ
893 1820 1033 1897 ε”περ
1080 1822 1301 1876 ἐντεῦθεν
1342 1823 1424 1876 ἐπὶ
1465 1824 1547 1877 τὶν
1592 1823 1892 1899 ἀνθρώπινον
1932 1825 2073 1884 αύτήπ

2192 1805 2449 1861 doctrina:
2489 1807 2724 1862 animam
2754 1806 2966 1874 redigit.
3012 1805 3120 1861 Sed
3147 1809 3403 1875 quoniam
3428 1809 3534 1863 hoc
3562 1810 3776 1876 nolunt,

486 1913 782 1982 ἔπανάγοιεν
799 1913 929 1985 βίον,
959 1915 1346 1989 προτιμότερον,
1365 1918 1524 1975 καθὼς
1545 1914 1760 1991 ἔρηται,
1783 1916 1870 1970 τόν
1891 1916 2084 1980 ξυλώδη

485 2005 591 2072 βίον
612 2014 703 2065 τῆς
731 2009 932 2082 πρώτης
966 2004 1289 2071 ἀποδείξουσι
1319 2008 1714 2067 καταστάσεως·
1747 2005 1890 2082 εἴπερ
1904 2009 2084 2062 ἐκεῖθεν

484 2097 577 2162 μέν
615 2098 644 2153 ἦ
674 2098 801 2169 πρὸς
857 2099 1027 2150 κακίαν
1071 2099 1406 2158 κατάπτωσις
1461 2098 1682 2170 γέγονεν,
1724 2099 1947 2153 ὲ.τεῦθεν
1971 2096 2025 2152 δέ
2054 2100 2084 2157 ἡ

483 2186 609 2258 πρὸς
634 2187 816 2259 ἀρετήν
844 2186 1078 2246 ἐπάνοδος
1101 2189 1311 2259 γίνεται.
1358 2190 1546 2242 Οὐκοῦν
1571 2189 1815 2260 άκέφαλός
1842 2210 1949 2253 τις,
1998 2191 2086 2242 καί

483 2276 664 2346 ἀτελὴς
703 2276 729 2331 ό
771 2284 1003 2339 τοιοῦτος
1032 2277 1353 2353 διελέγχεται
1394 2279 1572 2351 λόγος,
1604 2279 1629 2334 ὁ
1657 2282 1752 2341 τὰς
1790 2279 1978 2352 ψυχάς
2016 2283 2087 2355 ἐφ’

482 2367 678 2422 ἑαυτῶν
708 2370 810 2444 πρὸ
848 2378 937 2430 τῆς
967 2373 1017 2424 ἐν
1047 2375 1203 2446 σαρκί
1230 2376 1363 2436 ζωῆς
1392 2371 1638 2444 βιοτεύειν
1662 2374 2082 2442 κατασκευάζων,

484 2463 566 2514 καί
595 2459 679 2514 διά
701 2465 870 2515 κακίαν
890 2461 1172 2518 ἐνδεδέσθαι
1191 2473 1300 2525 τοῖς
1336 2467 1566 2534 σώμασι.
1593 2482 1611 2516 ι
1640 2463 1892 2537 Πρόδηλον
1917 2470 2084 2522 τοίνυν

483 2550 642 2612 οὔσης
671 2561 760 2613 τῆς
789 2561 880 2608 τοῦ
912 2558 1107 2629 πατρὸς
1135 2553 1482 2619 διδασκκλίας,
1511 2559 1597 2611 καί
1624 2559 2084 2633 ἀποκηρυττούσης

483 2642 540 2695 τό
562 2643 718 2714 λέγειν
747 2646 1110 2721 προϋπάρχειν
1139 2647 1234 2706 τάς
1259 2645 1442 2716 ψυχάς
1481 2655 1581 2702 τῶν
1621 2649 1869 2720 σωμάτων
1887 2693 1898 2714 ,
1933 2651 2082 2705 ἀκούο

483 2755 653 2804 σωμεν
682 2739 768 2790 καί
786 2743 876 2790 τοῦ
913 2739 963 2791 ἐν
987 2737 1150 2810 ἁγίοις
1178 2739 1416 2811 Θεοφίλου
1440 2747 1528 2794 τοῦ
1557 2741 1835 2796 ἐπισκόπου
1861 2739 2082 2807 ’Δλεξαν-

483 2823 675 2898 δρείας,
692 2827 792 2881 ἀπὸ
814 2834 906 2883 τοῦ
923 2828 1068 2902 λόγου
1090 2835 1184 2885 τοῦ
1205 2832 1484 2906 γραφέντος
1503 2831 1635 2907 πρός
1660 2855 1800 2893 τινας
1819 2837 2084 2906 μοναχούς

482 2915 848 2990 τά⁶Ωριγίνους
873 2925 1200 2995 φρονοῦντας,
1219 2921 1451 2992 λέγοντος
1479 2919 1619 2977 τάδε’
1645 2940 1663 2973 ι
1689 2924 1880 2978 Οὐκοῦν
1903 2925 2080 2980 ἀναθε-

481 3014 782 3082 ματίζοντες
830 3015 915 3069 τόν
947 3013 1203 3092 Ὠριγένην
1245 3019 1329 3070 καί
1366 3017 1484 3076 τοὺς
1539 3012 1718 3078 ἄλλους
1762 3018 2078 3092 αίρετικ;ύς,

479 3103 657 3178 ὧσπερ
685 3106 852 3174 ἡμεῖς,
885 3108 966 3159 καί
995 3105 1021 3161 6
1059 3115 1150 3167 τῆς
1179 3104 1432 3178 Ῥωμαίων
1460 3106 1612 3179 ἁγίοις,⁴
1639 3108 1902 3171 ἐκκλησίας
1931 3110 2078 3164 ἐπίσ-

481 3213 635 3254 κοπος
656 3201 1005 3261 Ἄναστάσιος,
1030 3198 1083 3250 ἐκ
1110 3197 1458 3271 παλαιοτέρων
1494 3196 1862 3270 ἀγωνισμάτων
1882 3195 2077 3264 ἔνδοξος
2105 3193 2150 3256 C

481 3287 764 3359 στρατηγός
787 3285 1042 3360 ἐπισήμου
1066 3287 1188 3341 λαοῦ
1212 3289 1582 3362 χειροτονηθείς
1606 3328 1618 3351 ,
1643 3285 1681 3361 ᾧ
1701 3289 1784 3341 καί
1809 3293 1957 3343 πᾶσα
1977 3297 2076 3345 τῶν

479 3379 738 3451 μακαρίων
767 3381 900 3433 κατά
937 3384 1026 3438 τὴν
1071 3377 1218 3434 δύσιν
1259 3378 1558 3434 ἐπισκόπων
1603 3378 1782 3434 ἕπεται
1823 3379 2033 3441 σύνοδος
2057 3424 2074 3450 ,

478 3467 834 3542 ἀποδεχομένη
862 3479 953 3532 τῆς
979 3480 1079 3526 τῶν
1107 3469 1470 3545 Ἀλεξανδρέων
1498 3471 1764 3534 ἐκκλησίας
1808 3477 1898 3535 τήν
1942 3476 2076 3529 κατά

477 3565 566 3613 τοῦ
593 3561 814 3622 ἀσεϐοῦς
840 3561 1021 3634 ψῆφον.
1054 3579 1073 3614 ε

541 3842 646 3889 Τοῦ
687 3837 844 3890 αὐτοῦ
871 3836 925 3890 ἐκ
951 3845 1042 3898 τῆς
1066 3837 1337 3901 ίπιστολῆς
1367 3846 1460 3900 τῆς
1487 3841 1618 3910 πρὸς
1647 3842 1766 3902 τούς
1793 3841 1845 3895 ἓν
1870 3850 1932 3916 τῇ
1959 3846 2072 3902 Σκή-

476 3947 549 3981 τει
570 3925 766 3998 ἁγίους,
793 3925 877 3982 διά
903 3932 1026 3991 τούς
1050 3930 1378 4004 ἐγκαλοῦντας
1403 3937 1492 3992 τήν
1515 3939 1616 3988 τῶν
1644 3931 1910 4006 δογμάτων
1931 3933 2071 4010 Ὠρι-

473 4019 647 4088 γένους
674 4020 980 4094 καθαίρεσιν·
1017 4039 1035 4072 ι
1060 4021 1364 4092 Ἐτόλμησάν
1391 4044 1525 4085 τινες
1564 4027 1724 4078 εἰπεῖν
1766 4023 2070 4081 διδάσκαλον

474 4105 598 4166 εἶναι
622 4120 714 4172 τῆς
741 4113 1008 4174 ἐκκλησίας
1029 4112 1303 4192 Ὠριγὲνην.
1323 4115 1456 4194 ’Δρα
1485 4119 1681 4190 πρέπον
1700 4126 1798 4173 τῶν
1824 4120 2069 4175 τοιούτων

473 4201 777 4271 ἀνέχεσθαι;
811 4206 852 4257 εί
891 4203 1200 4268 διδάσκαλός
1227 4209 1341 4264 ἐστι
1370 4216 1462 4269 τῆς
1491 4209 1757 4271 ἐκκλησίας
1786 4213 2065 4286 Ὠριγένης,

472 4292 926 4369 μεγαλοφρονοῦσιν
948 4300 1187 4371 Ἀρειανοί
1214 4320 1268 4354 τε
1290 4339 1308 4364 ,
1348 4302 1432 4354 καί
1477 4301 1799 4370 Εὐνομιανοί,
1841 4306 1924 4356 καί
1947 4299 2066 4356 Ἐλ-

472 4381 629 4443 ληνες⁶
662 4387 707 4438 οἱ
737 4389 830 4457 μὲν
855 4390 927 4448 εἰς
947 4390 1038 4444 τὸν·
1061 4390 1170 4444 υίὸν
1197 4394 1283 4444 καί
1301 4395 1375 4452 εἰς
1403 4391 1460 4446 τὸ
1489 4398 1688 4462 πνεῦμα
1710 4393 2065 4467 βλασφημοῦν-

472 4494 577 4534 τες.
618 4476 662 4529 οἳ
701 4475 755 4531 δὲ
783 4487 914 4548 μετὰ
954 4485 1045 4534 τοῦ
1084 4479 1362 4538 δυσσεϐεῖν
1402 4480 1586 4555 ὁμοίως
1623 4485 1828 4548 αὐτοῖς,
1860 4487 1946 4539 καί
1973 4489 2063 4544 τήν

2189 1905 2284 1950 aut
2326 1897 2622 1952 insensibili
2651 1897 2890 1952 animam
2919 1897 3269 1961 concludunt,
3300 1906 3413 1965 aut,
3454 1899 3503 1955 si
3545 1900 3670 1956 inde
3711 1901 3782 1957 ad

2185 1987 2474 2043 humanam
2522 1989 2686 2044 vitam
2713 2004 2830 2046 eam
2879 1989 3182 2055 reducunt,
3233 2003 3352 2044 eam
3379 1990 3545 2045 vitam
3573 2006 3693 2061 qua:
3723 1992 3780 2048 in

2185 2077 2356 2148 stirpe
2385 2077 2630 2144 ducatur,
2663 2086 2722 2134 ut
2747 2080 2954 2136 dictum
2981 2089 3096 2144 est,
3129 2081 3422 2135 ostendunt
3449 2082 3779 2139 antecellere

2185 2169 2360 2238 primo
2388 2169 2688 2225 animarum
2727 2171 2895 2227 statui
2928 2189 2942 2225 :
2971 2171 3234 2241 siquidem
3272 2172 3397 2228 inde
3424 2173 3490 2228 ad
3519 2173 3778 2231 malitiam

2185 2260 2285 2314 fuit
2312 2261 2624 2332 prolapsio,
2673 2262 2800 2317 hinc
2842 2276 2974 2317 vero
3016 2262 3083 2317 ad
3126 2263 3383 2318 virtutem
3420 2271 3504 2318 est
3549 2265 3775 2321 reditus.

2184 2350 2545 2418 Quamobrem
2574 2351 2664 2406 illa
2692 2352 2832 2408 ratio
2869 2353 3207 2408 convincitur
3235 2367 3354 2408 esse
3400 2354 3518 2408 sine
3563 2356 3773 2425 capite,

2184 2453 2240 2498 et
2265 2443 2380 2500 sine
2405 2442 2528 2509 line,
2553 2459 2673 2515 quae
2693 2445 2874 2500 vivere
2903 2445 3111 2500 animas
3129 2453 3405 2515 separatas
3435 2453 3560 2500 ante
3585 2461 3779 2517 corpo-

2186 2549 2334 2590 ream
2363 2521 2526 2590 vitam
2557 2543 2862 2600 asseverat,
2893 2551 2958 2592 ac
2990 2544 3213 2606 propter
3231 2535 3430 2606 ﬂagitia
3456 2538 3779 2607 corporibus

2187 2639 2306 2680 esse
2327 2623 2631 2681 devinctas.
2648 2643 2666 2676 ι
2689 2624 2814 2681 llam
2840 2625 3128 2697 Nyssenus.
3157 2626 3290 2682 Cum
3316 2627 3474 2696 igitur
3493 2636 3680 2698 aperta
3705 2629 3777 2683 sit

2187 2713 2360 2769 Patris
2383 2715 2540 2784 hujus
2561 2715 2827 2782 doctrina,
2851 2715 3175 2786 damnetque
3195 2733 3290 2774 eos
3314 2719 3405 2789 qui
3436 2718 3638 2782 dicant,
3660 2719 3775 2773 ani-

2184 2822 2301 2861 mas
2329 2817 2454 2861 ante
2483 2821 2715 2877 corpora
2741 2805 2906 2864 luisse
2930 2825 2944 2861 :
2968 2807 3246 2867 audiamus
3265 2819 3322 2866 et
3339 2819 3584 2866 sanctum
3601 2811 3774 2867 Theo-

2183 2895 2385 2965 philum
2411 2895 2724 2966 episcopum
2755 2895 3117 2974 Alexandriae,
3159 2915 3190 2955 e
3229 2914 3482 2954 sermone
3508 2899 3575 2954 ad
3603 2915 3774 2968 quos—

2182 2984 2304 3038 dam
2334 2986 2630 3042 monachos
2655 2986 2890 3057 scripto,
2940 2986 3033 3056 qui
3069 2984 3290 3054 Origeni
3327 2988 3722 3045 assentirentur
3754 3009 3769 3045 :

2181 3075 2259 3130 sic
2284 3076 2428 3131 enim
2457 3077 2588 3133 dicit
2622 3095 2635 3130 :
2668 3095 2686 3130 ι
2711 3076 2889 3144 Quare
2917 3076 3436 3134 anathematizantes
3459 3078 3774 3149 Origencm,

2181 3175 2516 3237 caeterosque
2542 3168 2854 3234 haereticos,
2883 3168 3134 3239 exemplo
3162 3177 3370 3238 nostro,
3419 3178 3477 3225 et
3502 3169 3776 3230 Anastasii

2179 3265 2378 3313 sanch
2407 3257 2666 3314 Romanae
2702 3258 2957 3316 Ecclesia:
2985 3261 3255 3332 episcopi,
3282 3262 3374 3332 qui
3403 3276 3468 3318 ex
3499 3263 3777 3322 veteribus

2179 3349 2565 3405 certaminibus
2605 3350 2784 3406 clarus
2821 3352 3142 3408 nobilissimi
3171 3353 3355 3423 populi
3399 3353 3508 3408 dux
3555 3366 3776 3412 creatus

2177 3448 2292 3504 est,
2341 3455 2502 3510 quem
2546 3449 2602 3497 et
2626 3442 2878 3498 universa
2908 3443 3192 3499 beatorum
3216 3441 3523 3500 Occidentis
3551 3446 3772 3515 episeo~

2177 3548 2368 3602 porum
2407 3535 2651 3604 sequitur
2694 3535 2966 3606 synodus,
3016 3550 3138 3606 qua:
3177 3537 3385 3607 accepit
3431 3552 3495 3593 ac
3521 3537 3774 3608 probavit

2176 3623 2665 3681 Alexandrinorum
2727 3625 2980 3683 Ecclesiae
3038 3629 3362 3682 sententiam
3421 3627 3473 3682 in
3539 3628 3768 3699 impium

2175 3712 2361 3768 latam.
2393 3733 2410 3766 I

2244 3823 2498 3896 Ejusdem
2527 3825 2598 3883 de
2625 3827 2853 3898 epistola
2881 3827 2949 3884 ad
2975 3835 3196 3885 sanctos
3215 3829 3306 3900 qui
3335 3829 3388 3884 in
3415 3829 3559 3886 Sceti
3582 3840 3764 3900 erant,

2171 3925 2397 3987 propter
2435 3931 2533 3972 eos
2577 3919 2670 3987 qui
2710 3919 3022 3974 incusarent
3066 3920 3469 3976 damnationem
3516 3920 3768 3993 Origenis

2172 4006 2472 4064 doctrinae:
2505 4027 2523 4060 ι
2554 4007 2744 4065 Dicere
2763 4010 3007 4066 nonnulli
3029 4011 3146 4067 ausi
3173 4019 3321 4080 sunt,
3344 4011 3628 4078 Origenem
3657 4013 3767 4071 Ec-

2170 4097 2349 4154 clesite
2378 4114 2499 4155 esse
2530 4099 2829 4156 doctorem.
2863 4102 2943 4156 An
2973 4102 3053 4171 hi,
3084 4103 3328 4170 obsecro,
3363 4103 3569 4161 ferendi
3599 4107 3770 4163 sunt?

2168 4188 2226 4244 Si
2249 4189 2507 4248 Ecclesia:
2536 4190 2732 4248 doctor
2757 4201 2840 4247 est
2865 4191 3142 4262 Origenes,
3169 4207 3394 4263 magnos
3419 4196 3519 4250 sibi
3543 4197 3769 4266 spiritus

2167 4289 2386 4335 sumunt
2413 4281 2620 4346 Ariani,
2665 4293 2721 4339 et
2746 4281 3085 4352 Eunomiani,
3116 4295 3171 4341 et
3198 4286 3393 4355 pagani
3425 4305 3438 4339 :
3466 4286 3540 4342 illi
3571 4289 3625 4342 in
3668 4287 3763 4342 Fi-

2168 4371 2296 4426 lium
2322 4386 2387 4428 ac
2413 4371 2671 4443 Spiritum
2700 4374 3175 4446 hlasphemantes;
3205 4377 3257 4431 hi
3290 4377 3558 4441 similiter,
3591 4388 3760 4448 atque

2168 4461 2263 4527 illi,
2292 4462 2462 4534 impii,
2491 4477 2594 4519 nec
2634 4479 2740 4519 non
2763 4467 3216 4521 resurrectionem
3251 4475 3589 4522 mortuorum
3619 4469 3766 4523 deri-

393 4636 400 4645 ι
471 4565 754 4621 ἀνάστασιν
780 4578 878 4624 τῶν
902 4581 1086 4648 νεκρῶν
1117 4573 1484 4644 χλευάζοντες.
1507 4578 1659 4648 Sapit
1683 4579 1848 4633 τοίνυν
1878 4577 1932 4631 ἐκ
1959 4585 2060 4633 τῶν

2180 4553 2372 4610 lentes.
2405 4573 2425 4608 ι
2483 4555 2564 4611 Ex
2605 4555 2691 4612 his
2717 4558 3063 4627 perspicuum
3093 4565 3204 4624 est,
3259 4573 3382 4614 eum
3408 4559 3500 4628 qui
3541 4568 3766 4615 sanctos

471 4656 736 4730 εἰρημένων
772 4661 1062 4732 γεγένηται,
1109 4660 1191 4719 ὅτι
1238 4663 1393 4740 περό
1439 4672 1547 4726 τοῖς
1594 4665 1758 4738 ἁγίοις
1802 4669 2063 4744 πατράσιν

469 4746 748 4802 ἀκολουθῶν
769 4751 859 4803 ούκ
883 4752 1284 4826 ἀμφιϐάλλει,ὡς
1307 4757 1353 4809 οί
1381 4755 1746 4832 τάὯριγὲνους
1766 4765 2063 4833 φρονοῦντες

468 4847 530 4914 τῇ
558 4840 810 4916 Ἑλληνικῇ
835 4842 1018 4918 πλάνῃ.
1051 4847 1135 4898 καί
1161 4855 1435 4920 ’Δρειανικῇ
1465 4848 1796 4904 ἀκολουθοῦσι
1821 4853 2000 4924 μανίᾳ.

539 4934 686 5004 Λέγει
711 4930 764 4987 δὲ
794 4936 875 4988 καί
911 4932 937 4989 ό
965 4937 1016 4989 ἐν
1052 4934 1210 5009 ἁγίοις
1253 4939 1499 5013 Κύριλλος
1528 4939 1807 5001 ἐπίσκοπος
1832 4939 2055 5006 ’Δλεξαν-

467 5019 638 5098 δρείας
655 5023 705 5076 ἔκ
727 5032 818 5085 τῆς
843 5025 1108 5088 ἐπιστολῆς
1128 5035 1214 5090 τῆς
1246 5027 1371 5104 πρὸς
1401 5033 1521 5092 τούς
1542 5033 1592 5086 ἐν
1613 5037 1745 5104 Φουᾷ
1763 5035 2053 5104 μοναχούς,

467 5122 599 5175 κατὰ
636 5127 735 5174 τῶν
771 5121 1011 5195 λεγόντων
1045 5126 1116 5194 μή
1142 5118 1268 5180 εἶναι
1313 5125 1598 5184 ἀνάστασιν
1639 5134 1738 5182 τῶν
1781 5129 2052 5199 σωμάτων,

470 5206 615 5262 τάδε’
645 5226 664 5260 t
700 5215 827 5265 Φασὶ
848 5216 1013 5267 τοίνυν
1034 5221 1134 5270 τῶν
1157 5217 1208 5269 ἐν
1233 5217 1358 5285 ύμῖν
1381 5238 1519 5279 τινας
1542 5219 1810 5294 ἀρνεῖσθαι
1833 5226 1931 5274 τῶν
1959 5221 2057 5274 άν-

466 5298 726 5372 θρωπίνων
751 5305 1006 5379 σωμάτων
1035 5314 1124 5368 τὴν
1152 5309 1454 5375 ἀνάστασιν,
1488 5309 1618 5384 ὅπερ
1640 5313 1753 5368 ὶστί
1778 5313 1932 5387 μέρος
1968 5321 2060 5374 τῆς

465 5391 725 5469 ὁμολογίας
755 5398 916 5468 ἡμῶν.
960 5399 1018 5462 ἧς
1043 5400 1325 5470 ποιούμεθα
1367 5403 1667 5474 προσιόντες
1707 5409 1781 5476 τῷ
1818 5405 2058 5478 σωτηρίῳ

463 5485 806 5559 βαπτίσματι.
830 5494 1215 5566 Ὀμολογούντες
1235 5496 1332 5572 γάρ
1349 5501 1437 5557 τήν
1458 5498 1652 5562 πίστιν,
1665 5499 2058 5571 προσεπάγομεν

463 5575 544 5635 ὅτι
569 5581 877 5651 πιστεύομεν
899 5585 982 5636 καί
997 5586 1065 5645 είς
1087 5586 1279 5660 σαρκός
1299 5587 1596 5644 ἀνάστασιν.
1615 5588 1672 5642 Ei
1687 5584 1731 5644 δ’
1751 5588 2052 5664 ἀναιροῦμεν

464 5676 639 5735 τοῦτο,
685 5674 769 5726 καί
798 5674 856 5726 ού
888 5677 1196 5747 πιστεύομεν
1222 5675 1303 5734 ὅτι
1328 5678 1353 5734 ό
1387 5681 1606 5753 Χριστὸς
1642 5681 1694 5736 ἐκ
1720 5688 1907 5758 νεκρῶν
1936 5679 2050 5755 6715-

466 5783 658 5839 γερται,
687 5764 768 5819 ἶνα
796 5765 929 5835 ἡμᾶς
957 5765 1125 5839 ἑαυτῷ
1146 5774 1529 5842 συναναστήσῃ,
1558 5770 1899 5840 χωλεύουσαν
1925 5771 2048 5842 ἕχο-

460 5880 552 5928 μεν
580 5865 669 5919 τήν
698 5863 890 5928 πίστιν,
922 5864 1006 5918 καί
1039 5866 1128 5922 τόν
1155 5863 1422 5933 βασιλικήν
1449 5868 1654 5938 ἀφέντες
1683 5865 1794 5923 ὀδόν
1812 5908 1826 5934 ,
1855 5866 2050 5938 βαδίζο-

2169 4645 2358 4703 Patres
2387 4649 2650 4718 sequitur,
2697 4665 2804 4705 non
2847 4649 3096 4707 dubitare
3123 4652 3254 4722 quin
3285 4651 3321 4706 ii
3349 4653 3441 4722 qui
3479 4668 3602 4708 cum
3637 4651 3764 4708 Ori-

2165 4740 2607 4807 gene'sentiunt,
2658 4755 2991 4812 paganorum
3043 4756 3284 4798 errorem
3332 4743 3765 4812 Arianorumqne

2166 4828 2432 4885 insaniam
2459 4842 2778 4902 sequantur.

2235 4940 2358 4997 Hmc
2412 4957 2628 5015 quoque
2681 4953 2900 5002 sanctus
2948 4945 3178 5017 Cyrillus
3227 4944 3358 5002 dicit
3415 4945 3764 5002 Alexandria;

2161 5042 2465 5114 cpiscopus,
2508 5045 2562 5098 in
2601 5045 2829 5116 epistola
2865 5044 2938 5100 ad
2965 5045 3263 5103 monachos
3288 5047 3380 5117 qui
3411 5045 3466 5102 in
3490 5044 3674 5113 Phua,
3706 5049 3762 5104 in

2161 5159 2257 5199 eos
2275 5145 2368 5216 qui
2391 5144 2663 5226 afﬁrmant
2684 5161 2971 5217 corporum
2993 5148 3447 5205 resurrectionem
3468 5163 3580 5204 non
3605 5163 3758 5204 esse:

2167 5267 2186 5301 ι
2210 5248 2375 5302 Aiunt
2400 5247 2587 5318 igitur,
2617 5261 2739 5303 esse
2759 5247 2903 5318 apud
2932 5263 3031 5303 vos
3050 5247 3145 5318 qui
3167 5257 3368 5318 negent
3395 5250 3760 5306 humanorum

2159 5364 2450 5419 corporum
2499 5349 2956 5406 resurrectionem
3000 5367 3014 5404 :
3056 5364 3178 5419 qua:
3220 5363 3348 5420 pars
3395 5348 3762 5405 confessionis

2161 5459 2357 5507 nostra:
2377 5459 2480 5518 est,
2496 5466 2654 5521 quam
2675 5449 2897 5506 fecimus
2918 5451 3154 5507 salutare
3173 5449 3434 5506 adeuntes
3456 5450 3758 5520 baptisma.

2160 5552 2342 5607 Fidem
2372 5552 2518 5607 enim
2545 5551 2882 5620 prolitentes,
2911 5549 3251 5621 adjungimus
3279 5550 3503 5607 credere
3548 5565 3650 5605 nos
3696 5562 3758 5610 et

2156 5651 2336 5707 carnis
2357 5649 2828 5706 resurrectionem.
2853 5651 2910 5705 Si
2934 5652 3038 5706 hoc
3059 5651 3318 5715 tollimus,
3350 5664 3450 5706 nec
3477 5649 3761 5706 credimus

2155 5751 2427 5806 Christum
2452 5752 2812 5808 rcsurrexisse
2843 5766 2873 5807 a
2903 5750 3160 5817 mortuis,
3193 5759 3254 5806 ut
3294 5765 3394 5807 nos
3419 5749 3523 5808 sibi
3550 5765 3756 5807 conre-

2155 5861 2460 5930 suscitaret,
2491 5860 2884 5919 claudicantcm
2907 5861 3167 5917 habemus
3197 5861 3376 5930 tidem,
3403 5874 3464 5915 ac
3493 5874 3522 5914 a
3546 5857 3630 5914 via
3660 5872 3751 5913 re.
