4032 6190
427 372 533 428 em

1794 354 2086 413 YlGlLll-IS
2123 350 2320 407 PAPA.

3582 338 3677 393 24:8

428 483 671 560 πρόδηλοί
698 485 796 538 εἱσι
818 482 1141 556 προάγουσαι
1167 479 1237 541 είς
1273 481 1468 554 κρίσιν,
1496 476 1601 532 τισί
1625 473 1679 530 δὲ
1713 475 1796 528 καὶ
1814 475 2004 529 ἐπακο·
2031 514 2037 533 ι

2142 473 2278 518 ulem
2317 469 2364 515 et
2393 458 2765 529 subsequuntur
2795 457 2847 528 (Ι
2874 458 3004 513 Tim.
3038 456 3112 528 v).
3157 457 3287 515 Nam
3330 470 3446 526 ejus
3492 455 3686 508 erroris

428 547 709 637 λουθοῦσιν.
723 596 743 633 ι
762 589 814 633 ‘ll
827 547 930 651 γάρ
953 547 1171 646 διαδοχή
1191 581 1284 634 τῆς
1301 547 1497 632 πλάνης
1521 572 1682 626 αύτοῦ
1704 570 1753 623 ἐν
1775 576 1887 627 ταῖς
1907 574 2007 622 τῶν

2139 552 2379 609 uccessio
2422 550 2476 605 in
2526 547 2878 605 inﬁrmiorum
2924 549 3166 620 irrepens
3210 550 3436 614 animas,
3480 547 3605 600 facit
3634 554 3691 601 ut

432 674 749 748 σαθροτίρων
786 638 1019 741 ἕρπουσα
1046 638 1281 738 φυγαῖς,
1321 663 1525 720 δίδωσιν
1559 662 1844 720 ἀκολουθεῖν
1870 662 2009 731 αὐτῷ

2139 659 2232 698 rum
2262 649 2555 710 sequantur
2605 655 2725 711 qua:
2772 655 2802 695 a
2839 640 3103 710 princnpio
3151 640 3438 697 commissa
3476 638 3544 692 ab
3574 638 3692 708 ipso

430 736 599 826 stic-i3
637 736 821 839 ἀρχῆς⁷
849 758 940 815 ύπ⁸
979 736 1438 830 αὐτοῦ-γενομένας
1478 752 1753 827 ἁμαρτίας.
1789 749 1879 812 ’.Ω-ς
1909 752 2010 825 γάρ

2139 738 2332 786 ιροοαῐο
2360 736 2505 785 sunt.

432 858 518 910 οὐκ
547 851 856 930 έξαρκούσης
892 858 1000 912 τοῖς
1032 851 1099 906 τά
1127 847 1414 924 Ὠριγένους
1451 844 1719 911 δοξάζουσι
1758 851 1854 903 τῆς
1892 845 2012 919 περί

433 944 807 1019 πρωὶπάρξεως,
821 946 920 996 τῶν
937 938 1128 1010 ψυχῶν
1147 938 1243 993 ἀσι
1251 937 1411 997 ϐείας.
1436 937 1523 992 καί
1541 941 1642 990 τῶν
1662 931 1822 988 ἄλλων
1851 934 2012 989 αὐτοῦ

434 1033 797 1105 ματαιολογιῶν
814 1068 830 1095 ,
868 1033 955 1085 καί
983 1036 1084 1085 τῶν
1111 1031 1231 1105 περί
1256 1036 1348 1089 τῆς
1373 1026 1522 1101 ἀγίας
1549 1024 1751 1102 τριάδος
1786 1024 2016 1097 βλασφη-

436 1133 590 1195 μιῶν,
635 1126 723 1178 καὶ
757 1128 910 1179 τοῦτο
950 1129 1015 1196 τῇ
1055 1124 1221 1195 οἰκείᾳ
1254 1119 1588 1195 προστιθέασι
1623 1118 1788 1191 πλάνη
1822 1118 1876 1170 έκ
1913 1122 2014 1171 τῶν

435 1215 623 1272 ἐκείνου
652 1213 1061 1290 διεστραμμένων
1086 1212 1411 1286 ὁδηγούμενοι
1435 1212 1616 1285 λόγων,
1645 1212 1705 1266 τὸ
1725 1210 1901 1283 λέγειν,
1933 1205 2016 1263 ὅτι

438 1307 638 1362 πάντων
669 1306 870 1360 ἀσεϐῶν
900 1306 1200 1380 ἀνθρώπων.
1239 1304 1324 1365 καί
1360 1301 1492 1375 πρός
1518 1321 1574 1374 γε
1604 1298 1847 1369 δαῃιόνων
1875 1299 1907 1358 ἦ
1931 1298 2018 1352 κό-

438 1397 588 1458 λασις
616 1398 779 1472 πέρας
814 1395 956 1468 ἔχει.
985 1397 1084 1450 Καὶ
1111 1393 1683 1450 άποκατασταθήσονται
1700 1389 1913 1449 ἀσεϐεῖς
1936 1408 2015 1453 τε,

440 1491 523 1544 καί
564 1487 795 1559 δαίμονες
835 1491 909 1548 εἰς
944 1492 1034 1546 τὴν
1059 1488 1311 1561 προτέραν
1338 1487 1502 1541 αὐτῶν
1542 1485 1700 1549 τάξιν.
1746 1488 1926 1538 Ταῦτα
1962 1480 2018 1537 δέ

439 1581 687 1654 λέγοντες,
715 1578 979 1659 ῥᾳθλὶμους
1004 1581 1094 1649 μέν
1121 1584 1328 1634 ποιοῦσι
1352 1576 1473 1638 τοὺς
1500 1577 1796 1652 ἀνθρώπους
1819 1576 1938 1650 περί
1960 1575 2020 1630 τὸ

439 1671 662 1744 πληροῦν
686 1672 782 1730 τὰς
799 1669 1000 1731 έντολᾶς
1026 1676 1119 1724 τοῦ
1142 1674 1294 1732 θεοῦ,
1316 1677 1409 1729 τῆς
1443 1675 1622 1728 στενῆς
1644 1670 1729 1722 καί
1759 1665 2023 1736 τεθλιμμέ-

440 1782 528 1822 νης
552 1761 674 1817 ὁδοῦ
698 1762 895 1821 αὐτούς·
936 1761 1336 1839 ἀποτρέποντες,
1382 1763 1464 1815 καί
1494 1761 1622 1837 πρὸς
1654 1766 1745 1820 τήν
1779 1758 2021 1815 πλατεῖαν

2182 868 2347 936 Quasi
2375 869 2518 923 enim
2542 869 2606 922 iis
2627 866 2718 936 qui
2749 865 2989 936 Origenis
3017 867 3211 938 placita
3240 874 3556 936 sequuntur,
3585 881 3698 920 non

2113 960 2244 1016 satis
2270 959 2343 1014 sit
2365 958 2434 1014 de
2462 958 2865 1029 praeexistentia
2894 958 3194 1013 animarum
3225 959 3501 1028 impietas,
3534 968 3699 1013 aete-

2113 1063 2282 1118 raque
2310 1048 2425 1117 ejus
2452 1047 2851 1118 vaniloquentia
2874 1086 2889 1113 ,
2931 1048 3389 1119 blasphemizeque
3416 1047 3484 1104 de
3510 1058 3698 1103 sancta

2121 1140 2387 1196 Trinitate
2428 1157 2442 1192 :
2481 1139 2588 1195 hoc
2633 1154 2851 1209 quoque
2897 1140 3120 1210 proprio
3163 1138 3335 1195 errori
3383 1138 3704 1208 adiungunt,

2116 1231 2307 1287 ducem
2338 1238 2393 1285 et
2421 1237 2697 1285 auctorem
2747 1229 3011 1286 habentes
3045 1243 3354 1301 perversam
3397 1227 3515 1298 ejus
3542 1226 3711 1286 disci-

2116 1323 2346 1393 plinam,
2371 1328 2431 1376 ut
2457 1320 2673 1387 dicant,
2714 1321 2956 1376 omnium
2984 1320 3270 1389 impiorum
3296 1318 3608 1381 hominum,
3638 1331 3708 1369 ac

2117 1419 2380 1483 praeterea
2425 1409 2727 1464 daemonum
2775 1424 2992 1480 poenam
3039 1406 3201 1463 ﬁnem
3229 1407 3534 1462 habituram
3561 1420 3707 1469 esse,

2118 1502 2537 1569 restitutumque
2557 1500 2623 1555 iri
2649 1508 2763 1555 tum
2790 1501 2986 1570 impios
3008 1500 3274 1567 homines,
3295 1507 3411 1553 tum
3432 1498 3711 1553 daemones

2123 1593 2175 1647 in
2201 1591 2484 1662 pristinum
2507 1590 2750 1646 ordinem
2774 1606 2950 1646 suum.
2972 1589 3099 1646 llaec
3114 1605 3234 1647 cum
3257 1589 3464 1657 dicunt,
3487 1588 3711 1657 ignavos

2122 1684 2369 1741 homines
2397 1682 2635 1740 efﬁciunt
2668 1682 2722 1737 in
2761 1681 2855 1737 Dei
2883 1683 3166 1754 praeceptis
3190 1680 3581 1751 exsequendis,
3609 1694 3715 1736 eos

2126 1785 2432 1833 avertentes
2461 1776 2529 1830 ab
2553 1783 2780 1844 angusta
2801 1783 2857 1830 et
2883 1781 3032 1829 arcta
3058 1774 3162 1840 via,
3183 1782 3238 1828 et
3261 1773 3314 1827 in
3341 1772 3463 1829 lata:
3487 1787 3553 1828 ac
3578 1786 3713 1843 spa—

440 1855 528 1908 καί
554 1853 852 1929 εὐρύχωρον
881 1849 1300 1913 ἀποπλανῶντες⁶
1329 1852 1668 1909 ἐναντιοῦνται
1703 1848 1759 1905 δὲ
1791 1850 2023 1914 καθάπαξ

2139 1867 2276 1923 Liosm
2312 1882 2552 1922 errorem
2583 1865 2917 1921 inducentes.
2947 1862 3179 1921 Omnino
3207 1872 3387 1929 autem
3412 1863 3715 1919 adversan-

440 1947 522 1999 καί
556 1951 667 2005 τοῖς
705 1945 852 2019 παρά
896 1948 986 1998 τοῦ
1029 1943 1420 2016 μεγάλου.Θεοῦ
1475 1944 1560 1997 καί
1611 1948 1842 2017 σωτῆρος
1883 1941 2023 2009 ἡμῶν

441 2033 607 2094 Ἰησοῦ
634 2042 858 2111 Χριστοῦ
892 2038 1197 2111 λεγομένοις.
1232 2037 1390 2097 Αὐτὸς
1413 2038 1514 2111 γάρ
1543 2037 1593 2091 έν
1620 2042 1693 2108 τῷ
1877 2035 2025 2107 εύαγυ

440 2128 588 2199 γελίῳ
613 2126 877 2191 διδάσκει,
914 2130 983 2188 ὡς
1023 2129 1069 2181 oi
1100 2130 1187 2198 μέν
1215 2128 1419 2188 ἀσεϐεῖς
1448 2123 1812 2181 ἀπελεύσονται
1838 2125 1911 2184 εἰς
1934 2125 2026 2179 κό·

440 2220 588 2274 λασιν
623 2222 848 2285 αἰώνιον,
879 2219 923 2272 oi
957 2216 1010 2273 δέ
1039 2216 1218 2273 δίκαιοι
1240 2223 1324 2278 εἰς
1346 2221 1477 2281 ζωήν
1502 2218 1717 2272 αἰώνιον.
1750 2216 1853 2269 Καί
1877 2213 2026 2269 πάλιν

442 2314 573 2385 λέγει
583 2321 690 2374 τοῖς
703 2316 795 2385 μέν
814 2314 866 2367 ἐκ
879 2311 1072 2377 δεξιῶν*
1093 2328 1112 2363 t
1123 2316 1296 2375 Δεῦτε,
1318 2310 1366 2365 οί
1388 2308 1698 2382 εὐλογημένοι
1712 2312 1810 2363 τοῦ
1831 2305 2028 2379 πατρίς

445 2424 563 2472 μου,
578 2404 986 2476 κληρονομήσατε
1011 2406 1102 2462 τὴν
1118 2401 1490 2472 ἡτοιμασμένην
1512 2400 1631 2470 ύμῖν
1651 2398 1906 2468 βασιλείαν
1925 2397 2028 2452 ἀπὸ

446 2495 730 2555 καταϐολῆς
755 2494 949 2565 κόσμου
969 2508 983 2523 ⁸
1020 2511 1040 2545 ι
1071 2500 1178 2554 τοῖς
1206 2490 1260 2547 δέ
1287 2494 1335 2555 ἐξ
1364 2493 1662 2559 εύωνύμων’
1697 2507 1716 2539 ι
1754 2488 2029 2564 Πορεύεσθε

447 2585 537 2639 ἀπ’
558 2586 704 2654 ἐμοῦ,
729 2584 777 2639 oi
803 2583 1162 2656 κατηραμένοι,
1196 2583 1266 2641 εἷς
1282 2581 1343 2636 τὸ
1360 2588 1467 2657 πῦρ
1487 2582 1547 2635 τὸ
1569 2583 1787 2645 αἰώνιον,
1814 2581 1874 2634 τὸ
1893 2580 2029 2636 ἡτοι-

449 2676 708 2747 μασμίνον
734 2683 808 2747 τῷ
834 2672 1052 2745 διαϐόλῳ
1077 2675 1165 2728 καί
1196 2680 1301 2732 τοῖς
1341 2673 1565 2745 ἀγγέλοις
1595 2673 1776 2730 αὐτοῦ,
1805 2674 2033 2740 Φανιρῶς

451 2763 539 2823 οὖν
564 2771 659 2822 τοῦ
680 2767 863 2840 κυρίου
889 2762 975 2820 διὰ
1001 2770 1091 2820 τοῦ
1113 2763 1258 2836 ἁγίου
1280 2764 1574 2836 εὐαγγελίου
1593 2763 1919 2819 ἀτελεύτητον
1942 2764 2032 2822 τήν

451 2878 507 2912 τε
544 2857 748 2913 κόλασιν
774 2861 875 2915 τήν
908 2877 964 2911 τε
994 2855 1257 2927 βασιλείαν
1286 2854 1741 2928 ἐπαγγελλομένου,
1792 2849 2035 2928 πρὸδηλοι

450 2952 815 3009 καθεστήκασιν
844 2944 987 3003 οὗτοι
1010 2949 1132 3009 τούς
1158 2947 1446 3022 Ὠριγένους
1472 2944 1664 3016 μύθους
1687 2952 2035 3021 προτιμῶντες

452 3046 554 3094 τῶν
599 3044 688 3094 τοῦ
734 3040 917 3112 κυρίου
970 3036 1303 3109 ἀποφάσεων
1332 3033 1519 3109 ὄπουγε
1563 3037 1786 3107 κᾴκεί6εν
1812 3036 1980 3090 αὐτῶν
2004 3035 2035 3092 ἦ

453 3128 598 3184 ἄνοια
623 3126 961 3201 διιλέγχεται.
987 3130 1047 3182 Ei
1068 3127 1273 3201 yépmc
1299 3128 1433 3183 κατὰ
1469 3127 1590 3186 τούς
1631 3126 1812 3181 ἐκείνου
1847 3125 2036 3200 λήρους

2125 1967 2212 2013 tur
2231 1957 2411 2027 magni
2435 1956 2528 2012 Dci
2559 1964 2611 2013 et
2633 1955 2703 2011 Sa
2716 1956 2935 2012 Ivatoris
2955 1955 3125 2011 nostri
3152 1954 3279 2013 Jesu
3297 1931 3495 2010 Chﬁsti
3515 1953 3673 2009 dictis
3695 1969 3714 2017 ;

2125 2048 2241 2118 ipse
2265 2048 2408 2103 enim
2437 2047 2491 2102 in
2525 2056 2713 2103 sancto
2740 2044 3028 2115 Evangelia
3053 2044 3215 2099 docet
3234 2085 3250 2111 ,
3282 2043 3474 2115 impios
3496 2043 3717 2113 quidem

2125 2136 2296 2191 ituros
2325 2136 2377 2191 in
2408 2144 2668 2192 aeternum
2714 2135 3031 2207 supplicium
3060 2177 3075 2205 ,
3098 2135 3275 2205 justus
3308 2150 3436 2189 Vero
3465 2134 3520 2188 in
3544 2143 3716 2189 mter-

2128 2243 2256 2282 natn
2285 2228 2450 2282 vitam
2501 2225 2718 2299 (Matth.
2748 2227 2876 2293 xxv)
2904 2243 2920 2293 ;
2969 2240 3264 2297 rursusque
3306 2225 3434 2280 dicit
3470 2225 3537 2281 iis
3559 2225 3652 2294 qui
3683 2240 3722 2279 a

2127 2320 2330 2377 dextris
2356 2328 2482 2376 sunt
2514 2339 2527 2374 :
2562 2319 2765 2385 Venite,
2802 2318 3060 2374 benedicti
3101 2318 3280 2372 Patris
3319 2318 3436 2380 mei.
3460 2316 3723 2387 possidete

2127 2422 2367 2482 peratum
2389 2411 2529 2466 vobis
2550 2427 2767 2483 regnum
2795 2428 2828 2464 a
2860 2410 3225 2465 constitutione
3254 2409 3463 2473 mundi;
3492 2408 3557 2462 iis
3584 2423 3726 2462 vero

2129 2503 2218 2571 qui
2249 2518 2279 2556 ιι
2308 2501 2564 2556 sinistris:
2587 2500 2667 2555 Ite
2687 2517 2720 2554 a
2740 2516 2839 2565 me,
2861 2500 3140 2564 maledicti,
3172 2500 3223 2552 in
3247 2500 3415 2570 ignem
3439 2506 3721 2559 internum,

2130 2594 2216 2663 qui
2238 2601 2452 2663 paratus
2473 2600 2550 2646 est
2585 2590 2791 2645 diabolo
2821 2600 2871 2644 el
2909 2589 3104 2660 angelis
3139 2588 3250 2658 ejus
3281 2586 3548 2659 (Ibidem).
3581 2585 3728 2645 Cum

2132 2684 2295 2752 igitur
2321 2691 2509 2754 apcrtc
2538 2683 2798 2737 Dominus
2845 2681 2901 2736 in
2951 2689 3141 2736 sancto
3178 2679 3469 2750 Evangelio
3516 2678 3730 2735 indesi-

2134 2791 2268 2831 nens
2288 2784 2344 2830 et
2367 2774 2688 2847 supplicium
2716 2781 2773 2828 et
2797 2787 3019 2842 regnum
3047 2771 3346 2840 denuntiet,
3374 2772 3729 2843 perspicuum

2134 2876 2215 2923 est
2243 2867 2341 2923 hos
2367 2865 2614 2937 Origenis
2658 2865 3014 2922 deliramenta
3057 2864 3344 2921 sententiis
3387 2864 3595 2918 Domini
3623 2880 3732 2918 an-

2136 2958 2355 3015 tel‘erre.
2385 2958 2464 3014 Ex
2492 2960 2596 3015 hoc
2621 2958 3075 3030 quoqueillorum
3096 2958 3331 3013 amentia
3360 2946 3729 3026 redarguitur.

2137 3049 2193 3106 Si
2222 3051 2343 3120 quis
2370 3050 2512 3105 enim
2535 3049 2691 3119 juxta
2722 3050 2866 3106 illius
2892 3063 3061 3118 nugas
3085 3057 3253 3119 ponat
3279 3047 3598 3121 supplicium
3626 3046 3732 3101 de-

2137 3140 2364 3195 siturum
2388 3181 2404 3204 ,
2446 3154 2667 3197 necesse
2704 3148 2795 3218 est
2841 3140 2987 3196 hunc
3034 3148 3089 3195 et
3119 3140 3394 3210 promissa:
3414 3138 3575 3208 justis
3601 3138 3734 3193 vitae

455 3220 693 3275 ὑπόθοιτο
708 3220 867 3294 πέρας
890 3217 921 3274 ἴ
923 3239 1040 3289 χειν
1054 3223 1145 3278 την
1164 3217 1384 3287 κόλασιν,
1393 3218 1580 3292 ἀνάγκη
1601 3218 1690 3273 τὸν
1702 3224 1928 3273 τοιοῦτον
1952 3221 2036 3274 καί

2139 3240 2353 3286 αξιοι-ηαξ
2379 3240 2623 3287 statuere
2652 3217 2813 3287 linem
2837 3249 2851 3285 :
2875 3246 3029 3301 aeque
3054 3232 3201 3286 enim
3231 3230 3284 3284 in
3313 3238 3542 3299 utroque
3563 3237 3733 3283 αξιοι·-

456 3321 518 3382 τῇ
545 3312 879 3384 ἐπηγγελμένη
905 3319 1014 3372 τοῖς
1029 3308 1253 3372 δικαίοις
1276 3312 1457 3381 αἰωνίῳ
1483 3314 1587 3384 ζωῇ
1609 3308 1749 3371 τέλος
1774 3310 2033 3366 ἐπιθεῖναι.

455 3399 651 3467 Ἐξίσης
675 3406 777 3480 γὰρ
811 3402 890 3457 έπ’
925 3402 1218 3475 ἀμφοτέρων
1250 3403 1310 3457 τὸ
1346 3402 1543 3457 αἰώνιον
1567 3408 1722 3457 κεῖται
1740 3414 1754 3428 ⁸
1783 3403 1870 3457 καί
1893 3399 2036 3478 ε”περ

457 3496 617 3570 πέρας
664 3492 782 3565 ἔχει
807 3494 1011 3555 κόλασίς
1034 3513 1094 3550 τε
1117 3495 1203 3549 καί
1225 3493 1530 3556 ἀπόλαυσις,
1559 3491 1697 3549 διατί
1731 3495 1764 3553 ἠ
1800 3494 2037 3570 ένανθρώ·

458 3610 616 3650 πησις
641 3593 732 3644 τοῦ
759 3590 939 3661 κυρίου
972 3590 1112 3658 ἡμῶν
1142 3584 1309 3645 Ἰησοῦ
1343 3594 1597 3664 Χριστοῦς
1636 3586 1774 3643 διατί
1808 3586 1863 3644 δέ
1896 3591 1985 3645 καί
2007 3591 2038 3648 ἧ

460 3682 784 3751 σταύρωσις,
813 3681 900 3734 καί
922 3677 950 3734 ὁ
975 3679 1195 3738 θόωατοςν
1230 3682 1318 3734 καί
1341 3680 1373 3737 ἡ
1397 3683 1553 3751 rapi,
1581 3681 1669 3733 καί
1692 3681 1725 3738 ἡ
1749 3682 2039 3747 ἀνάστασις

458 3776 553 3826 τοῦ
589 3774 798 3846 κυρίους
835 3776 980 3824 ποῖον
1000 3766 1056 3824 δέ
1088 3766 1268 3840 ὄφελος
1292 3769 1515 3828 τοῖςτὸν
1540 3768 1685 3824 καλὸν
1711 3772 1882 3843 ἀγῶνα
1905 3772 2043 3844 ἀγω-

458 3863 766 3931 νισαμένοις,
794 3862 881 3913 καί
904 3860 1038 3935 ύπέρ
1061 3864 1288 3935 Χριστοῦ
1316 3864 1732 3935 μαρτυρήσωσιν,
1754 3862 1805 3915 εἰ
1824 3861 2046 3928 μέλλοιεν

460 3951 690 4023 δαίμονές
712 3973 803 4018 τε,
831 3955 915 4006 καὶ
939 3953 1146 4012 ἀσεϐε“ς
1164 3956 1267 4011 τὴν
1292 3953 1451 4011 αὐτὴν
1475 3961 1584 4013 τοῖς
1609 3952 1777 4026 ἁγίοις-
1795 3952 1937 4019 τοίξιν
1962 3953 2048 4010 διὰ

461 4051 552 4103 τῆς
602 4043 1070 4103 ἀποκαταστάσεως
1116 4043 1420 4115 λαμϐάνειν;
1457 4039 1601 4099 una
1647 4048 1735 4099 καί
1764 4051 1934 4100 ταῦτα
1958 4049 2051 4116 μέν

461 4134 546 4189 ἐπί
586 4134 682 4193 τὰς
726 4134 919 4187 έκείνων
963 4136 1181 4208 τραπείη
1225 4133 1444 4205 κεφαλάς
1486 4142 1587 4189 τῶν
1634 4141 1798 4191 ταῦτα
1840 4136 2050 4205 μυθολο-

458 4220 707 4295 γούντωνε
730 4224 789 4279 οἱ
812 4225 917 4299 γάρ
940 4229 1032 4280 τοῦ
1056 4231 1280 4295 Χριστοῦ
1324 4224 1462 4296 λόγοι
1495 4223 1809 4296 διαμένουσιν
1833 4227 2051 4282 ἀσάλευο

2141 3339 2270 3379 num
2318 3324 2554 3394 ponitur.
2604 3322 2662 3378 Si
2707 3331 2887 3378 autem
2928 3330 2986 3377 et
3027 3336 3185 3392 pmna
3227 3331 3284 3377 et
3319 3321 3501 3376 l'ruitio
3540 3320 3735 3389 gloria

2142 3414 2344 3470 habent
2372 3414 2555 3481 linem,
2586 3430 2686 3470 cur
2712 3412 3013 3469 incarnatio
3041 3411 3140 3467 fuit
3163 3410 3373 3466 Domini
3400 3410 3569 3485 nostri
3596 3408 3734 3466 Jesu

2141 3505 2376 3562 Christi?
2395 3522 2512 3564 .cur
2533 3504 2845 3573 cruciﬁxio,
2870 3512 2931 3561 et
2956 3519 3124 3571 mors,
3152 3513 3210 3558 et
3235 3502 3527 3573 sepultura,
3557 3509 3617 3557 et
3639 3516 3737 3557 re-

2142 3595 2407 3652 surrectio
2434 3594 2692 3652 Domini?
2739 3593 2886 3664 quod
2931 3594 3273 3650 commodum
3317 3593 3382 3648 iis
3404 3592 3499 3664 qui
3524 3593 3736 3648 bonum

2143 3693 2419 3742 certamen
2443 3693 2806 3752 certaverunt,
2825 3692 2883 3740 et
2901 3699 3001 3755 pro
3028 3682 3244 3739 Christo
3258 3681 3582 3753 martyrium
3600 3682 3738 3736 sub-

2147 3777 2359 3843 ierunt,
2406 3776 2455 3832 si
2490 3784 2548 3831 et
2591 3774 2862 3832 daemones
2907 3781 2964 3829 et
3001 3772 3247 3829 homines
3280 3771 3427 3842 impii
3479 3770 3737 3826 eumdem

2147 3881 2309 3936 quem
2335 3868 2509 3923 sancti
2555 3866 2799 3923 ordinem
2826 3864 3285 3933 redintegratione
3312 3863 3546 3919 habituri
3572 3866 3739 3919 sunt?

2155 3956 2356 4012 Verum
2381 3957 2486 4015 hoc
2516 3956 2572 4013 in
2594 3971 2782 4013 eorum
2813 3955 2989 4024 capita
3015 3961 3295 4017 vertatur..
3318 3953 3407 4024 qui
3434 3952 3547 4007 haec
3575 3950 3738 4008 labu—

2153 4048 2350 4102 lantur.
2382 4046 2514 4102 Nam
2541 4045 2742 4100 Christi
2779 4044 2942 4100 verba
2970 4043 3029 4099 in
3076 4042 3311 4098 ﬁdelium
3360 4042 3628 4103 mentihus
3656 4043 3737 4098 in-

2156 4150 2418 4192 concussa
2447 4143 2687 4201 manent,
2717 4144 2881 4202 atque
2909 4135 2960 4189 in
2992 4132 3106 4204 ipsa
3140 4146 3317 4187 rerum
3347 4130 3588 4189 veritate.

459 4337 536 4372 τοι
560 4317 759 4377 humi;
795 4324 894 4373 τῶν
941 4324 1141 4372 πιστῶν
1170 4316 1409 4386 ψυχαῖς,
1458 4319 1541 4371 καί
1588 4317 1642 4370 ἐν
1860 4323 1922 4389 τῇ
1947 4324 2047 4372 τῶν
2073 4319 2391 4392 πραγμάτων
2416 4318 2640 4391 ἀληθείᾳ.

535 4407 595 4461 Οἱ
620 4403 675 4462 δέ
700 4411 789 4465 τὴν
813 4407 1099 4484 Ὠριγένους
1125 4404 1436 4467 έκδικοῦντες
1454 4404 1757 4472 κακοδοξίαν,
1785 4405 2054 4481 φεύγοντες

463 4499 581 4556 τοὺς
606 4500 725 4570 περί
750 4498 945 4553 τούτων
969 4497 1211 4570 άρῤαγεῖς
1238 4496 1533 4570 .έλέγχους,
1585 4502 1673 4555 καί
1708 4501 2054 4573 συγκρύπτειν

464 4589 556 4643 τὴν
578 4584 774 4655 έαυτῶν
797 4585 987 4644 πλάνην
1003 4586 1313 4659 βουλόμενοι,
1330 4590 1471 4648 τινάς
1496 4588 1673 4661 ῥήσεις
1693 4591 1748 4643 έκ
1770 4597 1871 4644 τῶν
1892 4589 2053 4665 ἁγίων

464 4676 704 4751 πατέρων
724 4684 885 4737 κακῶς
915 4677 1339 4748 έκλαμϐάνοντες,
1382 4683 1466 4734 καί
1500 4681 1632 4753 πρὸς
1658 4682 1745 4736 τὸν
1772 4677 1901 4736 ἴδιον
1940 4688 2055 4737 νοῦν

465 4769 964 4842 παρερμηνεύοντες,
994 4776 1057 4843 τῇ
1086 4771 1247 4843 οἰκείᾳ-
1266 4771 1699 4843 προσαρμόζουσι
1722 4772 1884 4844 νόσῳ·
1922 4770 2052 4846 ὅπερ

469 4865 680 4914 ποιοῦσι
709 4861 793 4912 καί
829 4858 915 4912 έπί
940 4865 1041 4914 τῶν
1080 4860 1223 4915 θείων
1256 4869 1477 4932 γραφῶν.
1507 4860 1680 4933 Ἠμεῖς
1706 4861 1779 4916 ’δέ
1808 4864 1857 4927 ἐξ
1890 4865 2053 4921 αὐτῶν

468 4956 577 5005 τῶν·
596 4947 752 5021 ἁγίων
779 4950 1014 5023 πατέρων
1044 4947 1367 5019 ἀποδείξομεν
1390 4954 1640 5019 ματαίους
1666 4948 1790 5008 εἶναι
1827 4957 1910 5008 καί
1932 4957 2054 5017 τούς

467 5042 744 5098 τοιούτους
771 5043 939 5098 αὐτῶν
962 5040 1160 5113 λόγους.
1186 5043 1334 5117 Λέγει
1359 5045 1524 5099 τοίνυν
1547 5042 1575 5099 ὁ
1594 5045 1647 5099 έν
1671 5044 1835 5118 ἁγίοις
1861 5047 2053 5122 Γρηγό-

468 5152 577 5206 ριος
603 5131 630 5187 ὁ
649 5131 880 5206 θεολόγος
906 5132 956 5186 ἐν
980 5139 1055 5204 τῷ
1083 5132 1425 5206 άπολογητικῷ
1594 5133 1747 5193 τάδε’
1781 5135 1949 5208 (Ἡμῖν
1973 5138 2052 5206 δέ,

469 5220 543 5283 οἷς
569 5225 630 5278 τὸ
656 5223 1061 5295 κινδυνευόμενόν
1084 5225 1192 5280 έστι
1214 5230 1446 5301 σωτηρία
1473 5225 1655 5298 ψυχῆς
1681 5236 1774 5289 τῆς
1798 5233 2053 5306 μακαρίας

470 5334 525 5369 τι
558 5319 642 5370 και
690 5315 972 5387 ἀθανάτου,
998 5322 1084 5374 καί
1108 5315 1333 5375 ἀθάνατα
1360 5320 1793 5392 κολασθησομένης
1828 5322 1859 5382 ἣ
1904 5322 2053 5380 έπαι-

469 5407 803 5475 νεθησομένης
826 5406 907 5463 διὰ
931 5409 1109 5463 κακίαν
1139 5406 1171 5468 ἢ
1201 5410 1408 5484 ἀρετήν,
1432 5409 1591 5465 πόσον
1616 5415 1726 5483 χρη
1746 5409 1910 5467 δοκεῖν
1929 5408 2055 5468 εἶναι

470 5495 558 5568 τὸν
583 5494 778 5564 άγῦνα,
802 5497 889 5547 καί
916 5492 1036 5556 ὅσης
1060 5495 1140 5552 δεῖ
1161 5504 1253 5559 τῆς
1276 5498 1589 5572 ἐπιστήμηςς
1610 5503 1733 5555 διαί
1759 5500 1871 5572 μετ’
1887 5502 2051 5575 ὀλιγα⁹

475 5604 497 5638 ε
509 5591 598 5649 Τίς
621 5585 814 5658 ψευδὴς
834 5588 1103 5661 ἀπολογίας
1120 5594 1246 5646 ποία
1259 5589 1525 5653 πιθανότης
1550 5592 1829 5664 ἔντεχνοςς
1854 5598 1933 5654 τίς
1943 5596 2055 5651 irri-

471 5699 581 5734 νοια
612 5678 745 5734 κατᾶ
785 5686 877 5739 τῆς
910 5680 1141 5743 ἀληθείας
1165 5683 1551 5756 παραλογιεῖται
1591 5685 1651 5741 τὸ
1698 5683 2051 5761 δικαστόριον,

473 5771 558 5825 καί
580 5768 753 5841 κλέψει
778 5774 867 5828 τὴν
888 5769 1034 5844 ὀρθήν
1057 5773 1224 5846 κρίσιν
1247 5779 1354 5833 τοῖς
1379 5780 1512 5829 πᾶσι
1540 5770 1710 5830 πάντα
1734 5775 1782 5828 έν
1811 5779 1947 5846 ζυγῷ
1971 5797 2053 5831 τι·-

475 5867 671 5927 ιεῖοαν,
700 5863 785 5917 καί
808 5861 1014 5932 πρᾶξιν,
1044 5864 1125 5916 καὶ
1143 5861 1308 5932 λόγον,
1338 5866 1420 5920 καί
1444 5862 1712 5934 διανόημα,
1741 5869 1824 5921 καί
1847 5868 2056 5925 ἀντισηο

2229 4407 2333 4474 Qui
2358 4421 2522 4477 porro
2548 4384 2803 4476 .Origenis
2829 4384 3137 4476 improbam,
3157 4405 3467 4476 opinionem
3494 4411 3736 4469 tuentur,

2154 4499 2307 4555 ﬁrma
2332 4501 2448 4556 haec
2472 4507 2785 4569 argumenta
2810 4498 3077 4568 fugientes
3102 4536 3119 4564 ,
3165 4512 3429 4568 suumque
3473 4505 3737 4552 conantes

2162 4601 2343 4660 tegere
2390 4605 2630 4646 errorem
2658 4631 2671 4651 ,
2702 4589 2943 4659 quaedam
2991 4596 3298 4644 sanctorum
3344 4584 3563 4642 Patrum
3593 4585 3737 4645 dicta

2156 4682 2297 4739 male
2323 4681 2693 4751 excipientes,
2741 4694 3014 4750 prachue
3049 4694 3117 4734 ex
3153 4679 3418 4734 sententia
3443 4692 3538 4732 sua
3571 4678 3741 4735 inter-

2156 4780 2447 4843 pretantes,
2478 4771 2699 4840 proprio
2723 4770 2914 4826 morbo
2934 4767 3380 4826 accommodant:
3404 4768 3549 4837 quod
3571 4768 3737 4827 etiam

2156 4863 2210 4917 in
2246 4860 2465 4933 divinis,
2493 4859 2696 4914 faciunt
2740 4857 3052 4929 Scripturis.
3099 4857 3221 4914 Nos
3255 4867 3433 4915 autem
3482 4872 3549 4914 ex
3603 4857 3736 4928 ipsis

2154 4951 2355 5013 sanctis
2383 4949 2631 5006 Patribus
2659 4938 3006 5017 ostendemus
3041 4948 3224 5004 inanes
3253 4962 3318 5002 ac
3343 4947 3521 5005 futiles
3546 4963 3735 5005 eormn

2154 5042 2394 5098 rationes
2440 5056 2578 5099 esse.
2628 5039 2758 5097 Haac
2800 5041 2965 5110 igitur
2991 5041 3175 5097 scribit
3200 5050 3419 5103 sanctus
3446 5038 3737 5109 Gregorius

2156 5133 2463 5201 Theologus
2510 5133 2562 5187 in
2605 5133 2942 5202 apologetica
2990 5132 3280 5188 oratione:
3319 5150 3337 5183 ι
3370 5131 3734 5200 Νοιιίε-τοι“ο,

2154 5224 2348 5293 quibus
2375 5223 2711 5293 periclitatur
2737 5224 2882 5279 salus
2908 5223 3099 5281 anima:
3122 5221 3295 5291 beatae
3324 5231 3487 5294 atque
3515 5224 3739 5281 immorb

2154 5316 2296 5382 talis,
2328 5329 2555 5385 qumque
2589 5315 2969 5385 sempiternam
3000 5314 3211 5370 aditura
3250 5323 3336 5371 est
3372 5315 3471 5372 .vel
3517 5331 3737 5386 pinnam

2155 5407 2240 5462 vel
2269 5404 2481 5463 laudem
2506 5444 2523 5470 ,
2564 5412 2786 5477 propter
2813 5405 3070 5461 malitiam
3098 5416 3195 5461 aut
3228 5406 3477 5462 virtutem
3496 5448 3519 5475 ,
3544 5408 3738 5476 quanti

2155 5497 2456 5556 faciendum
2503 5505 2588 5554 est
2628 5498 2731 5554 hoc
2773 5505 3082 5567 certamen,
3129 5506 3225 5555 aut
3263 5484 3464 5568 quanta
3508 5498 3737 5554 scientia

2155 5606 2292 5662 opus
2320 5592 2440 5646 est?
2472 5608 2493 5643 ι
2537 5589 2604 5645 Et
2633 5598 2757 5659 post
2782 5604 2952 5659 pauca
2984 5609 2997 5644 :
3038 5609 3057 5642 ι
3093 5589 3207 5657 Qua
3240 5589 3370 5645 falsa
3398 5588 3733 5655 defensione,

2153 5698 2259 5752 qua
2289 5681 2634 5751 persuasione
2663 5678 2982 5745 artiﬁciosa,
3002 5696 3237 5752 quonam
3260 5693 3567 5739 commento
3595 5686 3737 5740 veri.

2157 5780 2322 5827 tatem
2370 5779 2714 5842 oppugnante
2752 5771 3207 5829 circumt'enietur
3246 5771 3367 5841 jus,
3415 5787 3479 5829 ac
3521 5772 3736 5832 [siletur

2157 5872 2360 5920 rectum
2398 5862 2693 5935 judicium,
2724 5863 2870 5935 quod
2914 5878 2991 5923 on
3010 5864 3162 5922 nibus
3201 5865 3384 5922 omnia
3425 5864 3481 5921 in
3526 5872 3731 5923 Staten
