4032 6190
426 303 521 361 9H

1793 305 2084 366 WGlLlUS
2119 306 2317 363 ΡΔΡΑ.

3570 297 3682 352 219.

423 423 618 487 λάσεως
649 428 806 488 τέλος.
837 429 956 482 Ἀλλ’
980 430 1034 485 ai
1059 431 1148 500 μὲν
1188 427 1369 486 ἄτοποι
1403 434 1492 484 τοῦ
1535 429 1649 500 βίου
1687 425 1862 486 ἡδοναί
1899 434 1995 482 τῶν

2105 421 2247 492 quod
2285 421 2565 490 quisquam
2607 421 2658 482 ei
2693 419 2900 474 deditus
2936 418 3043 486 igni
3065 458 3080 480 .
3119 415 3365 487 supplicii
3401 412 3562 468 luem
3589 429 3689 468 ex-

425 525 578 572 σκοῶν
624 522 709 576 καὶ
747 521 1010 596 ὀνειράτων
1039 519 1366 596 διαφέρουσιν
1391 518 1532 575 οὐδέν
1555 534 1571 550 ⁸
1600 523 1752 594 πρινη
1777 519 1878 590 γάρ
1923 536 2001 572 τε·

423 606 654 674 λφεσθῆναι
680 613 747 665 τά
769 619 856 671 τῆς
884 610 1160 683 ἁμαρτίας,
1202 612 1470 667 σϐέννυται
1497 611 1564 666 τά
1590 618 1681 670 τῆς
1708 606 1888 668 tide
1909 625 1921 637 '
1947 606 2001 661 αι

425 698 479 755 δέ
503 703 634 776 ὑπὲρ
656 703 848 758 τούτων
866 704 1088 764 κολάσεις
1102 704 1262 780 πέρας
1283 703 1371 758 ούκ
1393 700 1628 773 ἔχουσιν.
1654 729 1720 740 —
1733 706 1830 754 Τοῦ
1846 700 1999 754 αὐτοῦ

426 793 480 846 ἐκ
518 801 610 849 τοῦ
639 795 993 864 ὑπομνήματες
1043 803 1135 854 τῆς
1163 796 1290 870 πρὸς
1316 794 1605 870 Κορινθίους
1643 793 1853 866 πρώτης
1889 791 2000 845 ἐπι-

425 885 629 946 στολῆς·
661 887 732 940 Ού
759 887 932 962 μικρὸν
959 887 1076 957 ἡμῖν
1104 887 1160 942 τό
1183 890 1498 959 προκείμενον
1533 887 1730 952 ζήτημα
1754 883 1997 948 ἔνι-εὖτεν,

425 975 549 1030 ἀλλὰ
569 979 653 1030 καί
676 981 794 1051 περὶ
817 984 916 1032 τῶν
941 976 1134 1054 σφόδρα
1163 979 1440 1048 ἀναγκαίων
1465 991 1481 1007 ⁸
1507 975 1730 1035 ἅπαντες
1767 978 2003 1038 ζητοῦσιν

427 1063 700 1142 ἄνθρωποι,
723 1069 765 1120 εί
789 1069 924 1127 τέλος
945 1066 1062 1138 ἔχει
1083 1068 1139 1123 τὸ
1167 1075 1258 1130 τῆς
1281 1069 1475 1142 γεέννης
1503 1074 1632 1143 πῦρ·
1668 1065 1750 1122 ὅτι
1785 1070 1876 1138 μέν
1899 1067 2000 1140 γὰρ

427 1162 514 1214 ούκ
537 1158 672 1230 ἔχει,
696 1159 720 1214 ὁ
748 1163 962 1235 Χριστὸς
991 1164 1268 1233 ἀπεφνατο
1292 1164 1462 1224 είπὼν,
1503 1178 1521 1212 ε
1538 1162 1604 1215 τό
1618 1166 1724 1236 πῦρ
1752 1161 1918 1214 αὐτῶν
1944 1160 2002 1213 ού

425 1251 780 1319 «caesam,
806 1254 892 1306 καί
917 1250 942 1306 ό
973 1253 1167 1316 σκώληξ
1187 1254 1352 1306 αὐτῶν
1378 1253 1436 1306 ού
1457 1252 1746 1310 τελευτήσει
1765 1268 1780 1284 ο
1802 1268 1821 1301 ι
1855 1253 1939 1303 καὶ
1974 1247 2002 1304 ὃ

427 1342 619 1404 ιιαῦλος
647 1341 700 1398 δέ
721 1340 912 1404 δεικνὺς
943 1344 1090 1399 αὐτόν
1125 1345 1370 1399 ἀθάνατον
1391 1382 1406 1407 ,
1436 1345 1610 1415 φησίν*
1644 1358 1662 1392 ε
1683 1342 1742 1394 οἱ
1769 1341 2000 1415 ἁμαρτάι-

426 1453 588 1493 νοντες
613 1431 750 1492 δίκην
767 1433 998 1487 τίσουσιν
1018 1431 1233 1509 ὀλέθριον
1250 1434 1461 1488 αἰώνιον.
1476 1439 1672 1491 ε--Τῆς
1688 1432 1848 1485 τοίνυν
1867 1432 2003 1492 θείας

427 1533 624 1600 γραφῆς
672 1527 756 1580 καί
783 1532 884 1579 τῶν
913 1523 1069 1597 ἀγίων
1097 1525 1334 1601 πατέρων
1378 1531 1552 1598 σαφῶς
1591 1525 1726 1595 ἡμᾶς
1765 1521 1998 1578 ἐκδιδασ-

427 1617 614 1672 κόντων
641 1622 709 1688 μή
728 1613 855 1673 εἶναι
878 1617 1017 1678 τέλος
1037 1618 1290 1678 κολάσεως
1313 1625 1412 1674 τῶν
1439 1616 1658 1678 ἀσεϐῶν,
1684 1618 1768 1669 καί
1789 1622 1888 1671 τῶν
1913 1614 2004 1670 ὑπ’

427 1708 622 1763 ἓκείνων
653 1709 1057 1786 θεραπευομένων
1095 1706 1346 1780 δαιμόνων
1364 1748 1380 1774 ,
1412 1709 1561 1764 ποίαν
1587 1707 2006 1762 ἀποκατάστασιν

2101 522 2328 584 spectet.
2363 513 2562 568 Verum
2606 511 2862 581 improba:
2888 508 3068 564 szcculi
3097 507 3254 576 hujus
3281 506 3586 574 voluptates
3615 502 3688 556 ab

2102 605 2302 659 umbris
2329 605 2658 672 somniisque
2685 601 2816 656 nihil
2857 599 3137 665 differunt;
3186 597 3493 668 priusquam
3536 595 3687 650 enim

2102 704 2382 765 peccatum
2407 694 2472 748 ad
2500 694 2658 747 tinem
2681 690 3002 762 pervenerit,
3027 687 3382 755 exstinguitur
3403 685 3686 754 voluptas;

2100 785 2484 856 suppliciorum
2533 799 2689 848 vero,
2731 796 2850 852 qua:
2896 795 2994 852 pro
3043 777 3254 846 ﬂagitiis
3299 775 3686 844 suscipiuntur,

2102 876 2278 930 nullus
2317 883 2400 932 est
2429 875 2570 930 linis.
2609 893 2629 927 ι
2676 872 2929 944 Ejusdem
2957 886 3025 926 ex
3061 867 3463 926 commentariis
3491 865 3543 920 in
3572 864 3690 934 pri-

2102 982 2243 1020 mam
2265 966 2332 1020 ad
2352 965 2660 1021 Corinthios
2676 963 3004 1034 Epistolam:
3037 979 3055 1013 ι
3083 959 3199 1014 Νοιι
3224 958 3354 1012 levis
3381 956 3535 1010 nobis
3559 956 3690 1010 hinc

2102 1055 2378 1125 proposita
2406 1053 2630 1123 quaistio
2644 1060 2748 1121 est,
2766 1051 2860 1106 sed
2886 1051 2954 1105 de
2982 1050 3144 1104 rebus
3159 1047 3316 1101 valde
3342 1045 3684 1101 necessariis.

2103 1147 2360 1214 Quaerunt
2383 1161 2570 1203 omnes
2594 1146 2843 1202 homines
2858 1186 2874 1212 ,
2912 1145 3047 1214 ignis
3072 1144 3331 1212 gehennae
3355 1141 3495 1197 sitne
3519 1139 3686 1194 linem

2103 1238 2382 1292 habiturus
2425 1255 2440 1290 :
2480 1252 2589 1292 non
2639 1236 2944 1290 habiturum
2995 1232 3360 1304 pronuntiavit
3404 1230 3684 1292 Dominus,

2103 1342 2226 1383 cum
2255 1325 2463 1382 diceret
2487 1343 2502 1380 :
2527 1325 2675 1397 Ignis
2701 1342 2878 1380 eorum
2906 1341 3008 1380 non
3029 1324 3398 1394 exstinguetur,
3429 1330 3478 1375 et
3502 1324 3688 1375 vermis

2102 1435 2281 1474 eorum
2304 1435 2410 1474 non
2431 1419 2678 1473 morietur
2711 1416 2904 1490 (Marc.
2929 1416 3026 1487 ιι).
3061 1415 3256 1470 Paulus
3281 1429 3410 1469 vero
3438 1427 3560 1468 eum
3589 1429 3690 1482 pe-

2104 1522 2328 1563 rennem
2372 1509 2664 1564 ostendens
2703 1508 2777 1562 ait
2807 1525 2820 1560 :
2855 1505 3159 1561 Peccatores
3201 1521 3379 1576 paena;
3407 1504 3602 1558 dabunt
3630 1506 3686 1558 in

2101 1599 2314 1653 interitu
2339 1608 2558 1654 internas
2588 1597 2675 1668 (ll
2703 1597 2881 1653 ΤΙιεεε.
2907 1597 2969 1670 ι).
2998 1616 3018 1650 ι
3049 1596 3226 1663 Quare
3245 1609 3366 1650 cum
3388 1594 3565 1650 divina
3587 1611 3690 1650 nos

2105 1687 2382 1760 Scriptura
2423 1690 2705 1759 sanctique
2742 1688 2932 1744 Patres
2973 1688 3266 1756 edoceant,
3295 1687 3495 1742 nullum
3524 1687 3685 1742 tinem

426 1798 474 1852 οἱ
501 1800 569 1854 τά
597 1780 884 1871 Ὠριγένους
911 1804 1205 1874 φρονοῦντες
1227 1798 1577 1870 φαντάζονται,
1617 1797 1668 1851 έν
1695 1793 1736 1870 ᾧ
1758 1797 1921 1871 πέρας
1949 1796 1995 1850 αἱ

2107 1798 2227 1839 esse
2263 1783 2547 1854 impiorum
2587 1783 2874 1854 supplicii,
2911 1781 3321 1850 dmmonmnque
3358 1781 3448 1850 qui
3485 1780 3552 1834 ab
3581 1780 3688 1835 illis

424 1894 661 1964 τιμωρίαι
687 1893 774 1946 οὐκ
795 1889 1034 1963 ἔχουσινς
1065 1901 1117 1946 Ἦ
1143 1893 1242 1966 γάρ
1263 1890 1383 1964 ἁγία
1403 1895 1496 1944 τοῦ
1521 1894 1741 1965 Χριστοῦ
1769 1889 2000 1948 ἐκκλησία

424 1984 600 2058 ὥσπερ
627 1990 737 2044 τοῖς
771 1981 984 2043 δικαίοις
1021 1981 1349 2039 ἀτελεύτητον
1391 1981 1649 2055 κηρύσσει
1681 1984 1772 2038 τήν
1803 1983 2002 2035 αἰώνιον

424 2077 575 2138 ζωήν,
604 2072 740 2128 οὕτω
770 2077 854 2128 καί
882 2081 990 2134 τοῖς
1027 2075 1265 2129 ἀσεϐέσιν
1307 2072 1633 2130 ἀτελεύτητον
1675 2075 1766 2130 τήν
1802 2071 2002 2126 κόλασιν

424 2161 766 2240 παραδίδωσι.
806 2168 891 2220 Καί
936 2171 1106 2221 ταῦτα
1133 2168 1224 2236 μέν
1245 2165 1292 2217 ἐν
1337 2164 1558 2224 τούτοις.
1585 2171 1749 2235 Ἦμεῖς
1778 2162 1832 2219 δέ
1861 2163 2004 2237 ὀλίγα

425 2257 514 2327 μὲν
533 2256 588 2309 ίκ
611 2255 806 2310 πολλῶν
832 2263 895 2328 τῇ
920 2276 976 2310 τε
1005 2257 1114 2331 θείᾳ
1139 2263 1326 2330 γραφῇ,
1357 2261 1465 2314 τοῖς
1487 2275 1542 2308 τε
1569 2253 1726 2326 ἁγίοις
1748 2256 2004 2329 πατράσιν

424 2345 686 2421 εἰρημένων
718 2352 1038 2420 παραγαγεῖν
1078 2343 1390 2417 συνείδομεν,
1420 2345 1548 2420 πρὸς
1589 2345 1646 2400 τὸ
1691 2345 1880 2418 ἐλέγξαι
1913 2349 2003 2405 τήν

424 2446 526 2496 τῶν
547 2438 898 2516 Ὠριγενιστῶν
928 2441 1248 2500 δυσσέϐειαν.

495 2742 788 2814 Βουλόμενοι
812 2741 866 2799 δὲ
888 2749 993 2799 πᾶν
1022 2743 1300 2800 σκάνδαλον
1322 2753 1416 2806 τῆς
1433 2743 1717 2820 ἁγιωτάτης
1742 2743 2004 2805 ἐκκλησίας

423 2831 696 2897 ἀπελάσαι,
727 2837 854 2909 πρὸς
881 2839 937 2892 τὸ
966 2835 1153 2908 μηδένα
1174 2839 1334 2915 ῥύπον
1363 2839 1412 2894 ἐν
1439 2840 1569 2914 αὐτῇ
1597 2837 2000 2908 καταλειφθῆναι,

424 2928 507 2978 καί
528 2927 909 2990 ἀκολουθοῦντες
929 2939 1043 2990 τα’ς
1065 2933 1218 2997 θείαις
1237 2940 1481 3007 γραφαῖς,
1504 2939 1611 2992 τοῖς
1637 2950 1690 2987 τε
1714 2929 1875 3004 ἁγίοις
1902 2951 2001 2984 πα·

423 3019 578 3094 τράσι
615 3027 720 3082 τοῖς
766 3021 853 3076 τὸν
883 3023 1034 3076 α’τὸν
1064 3029 1314 3096 Ὠριγὲνην
1344 3026 1428 3077 καί
1453 3025 1518 3079 τά
1546 3028 1762 3078 τοιαῦτα
1789 3021 2003 3096 μυσαρά

421 3113 502 3165 καί
524 3112 687 3171 ἀσεϐῆ
716 3115 870 3168 αύτοά
898 3112 1132 3187 δόγματα
1155 3116 1424 3170 ὲκίῗαλοῦσί
1448 3136 1524 3176 τε,
1546 3118 1630 3170 καί
1653 3113 1862 3175 δικαίως
1883 3115 2000 3168 ἀναο

421 3203 599 3272 θέματι
629 3203 964 3267 ύποϐαλοῦσι,
996 3211 1084 3264 τήν
1110 3212 1376 3282 παροῦσαν
1404 3209 1540 3277 ἡμῶν
1571 3206 1840 3264 ἐπιστολήν
1871 3206 1996 3280 πρός

419 3296 509 3352 τήν
528 3299 622 3352 σήν
645 3295 924 3366 ποιούμεθα
950 3298 1318 3370 μακαριότητα,
1351 3293 1415 3351 δι’
1444 3295 1504 3358 ἧς
1530 3299 1882 3373 προτρέπομεν
1905 3297 1997 3351 αύ-

421 3389 512 3444 τὴν
541 3395 846 3459 συναγαγεῖν
877 3386 1110 3449 ἅπαντας
1139 3392 1257 3450 τούς
1285 3385 1612 3462 ἐνδημοῦντας
1641 3393 1768 3445 κατά
1803 3391 1994 3450 ταύτην

423 3481 510 3536 τήν
531 3477 775 3548 βασιλίδα
797 3477 937 3536 πόλιν
958 3481 1274 3545 ὁσιωτάτους
1293 3485 1623 3548 ἐπισκόπους,
1644 3487 1861 3546 καὶτοὺς
1887 3487 1996 3540 θεο-

421 3569 751 3639 φιλεστάτους
778 3582 875 3628 τῶν
919 3577 1128 3652 ἐνταῦθα
1162 3579 1355 3650 εύαγῶν
1391 3583 1738 3651 μοναστηρίων
1777 3580 1993 3650 ἡγουμέ-

421 3680 567 3725 νους⁸
605 3669 688 3720 καί
727 3672 1126 3746 παρασκευάσαι
1147 3672 1342 3732 πάντας
1371 3672 1632 3744 ἐγγράφως
1668 3671 1754 3727 τόν
1791 3673 1992 3746 εἰρημέο

422 3774 498 3808 νον
540 3753 770 3816 δυσσεϐῆ
796 3779 850 3814 τε
869 3801 883 3824 ,
919 3761 1002 3813 καὶ
1045 3762 1298 3832 θεομάχον
1327 3762 1604 3834 Ὠριγένην,
1629 3761 1713 3814 τὸν
1742 3764 1823 3814 καί
1845 3760 1991 3816 Ἀδα-

419 3847 645 3915 μάντιον,
673 3850 1025 3923 πρεσϐύτερον
1056 3852 1317 3924 γενόμενον
1352 3860 1444 3911 τῆς
1473 3853 1602 3907 κατά
1631 3848 1993 3928 Ἀλεξάνδρειαν

419 3937 704 4010 ἁγιωτάτης
728 3939 991 4002 ἐκκλησίας
1009 3981 1024 4004 ,
1047 3943 1130 3995 καί
1163 3945 1232 4000 τά
1271 3944 1426 3998 αὐτοῦ
1473 3944 1683 4015 μυσαρά
1712 3947 1793 3998 καί
1829 3946 1992 4004 ἀσεϐῆ

419 4025 676 4102 δόγματα,
694 4033 860 4086 καὶτὰ
880 4036 1264 4105 ὑποτεταγμένα
1283 4036 1449 4088 πάντα
1471 4035 1707 4106 κεφάλαια
1722 4040 1854 4090 πᾶσι
1873 4037 1992 4110 τρό-

419 4120 954 4193 ποιςκλάναθεματίσαι·
990 4123 1242 4194 ἐκπέμψαι
1274 4123 1327 4180 δὲ
1369 4127 1452 4180 καί
1483 4125 1547 4179 τά
1582 4121 1674 4184 ἶσα
1712 4135 1813 4181 τῶν
1848 4128 1992 4200 παρά

418 4219 511 4273 τῆς
535 4222 630 4274 σῆς
657 4215 1030 4290 μακαριότητος
1052 4217 1246 4278 ταύτης
1271 4217 1417 4271 ἕνεκα
1447 4224 1540 4276 τῆς
1565 4219 1732 4277 αἰτίας
1769 4237 1991 4290 πραττο-

417 4312 596 4382 μένων,
625 4317 705 4367 καί
737 4315 865 4388 πρὸς
907 4315 1029 4374 τούς
1067 4311 1247 4377 ἄλλους
1279 4314 1511 4376 ἅπαντας
1538 4315 1854 4388 ἀγιωτάτους
1881 4315 1991 4373 ἐπι·

417 4401 668 4470 σκόπους,
704 4406 786 4460 καί
822 4413 921 4459 τῶν
958 4408 1151 4488 εύαγῶν
1176 4413 1524 4485 μοναστηρίων
1558 4410 1886 4480 ἡγουμένους·
1919 4410 1992 4481 ἐφ’

418 4488 514 4564 ᾧτε
543 4497 626 4548 καί
643 4497 832 4558 αὐτούς
854 4495 917 4552 δι’
937 4499 1121 4558 οἰκείας
1146 4499 1438 4572 ὑπογραφῆς
1466 4500 1829 4572 ἀναθεματίσαι
1855 4499 1989 4575 Ὠρι-

417 4584 580 4652 virm,
604 4587 686 4639 καί
705 4586 770 4640 τά
809 4591 1021 4664 μυσαρά
1047 4589 1206 4644 αὐτοῦ
1233 4588 1480 4662 δόγματα,
1514 4592 1643 4661 μετά
1670 4591 1872 4646 πάντων
1890 4599 1990 4647 τῶν

417 4672 836 4746 δηλωθησομένων
859 4680 1140 4754 αἱρετικῶν⁶
1165 4688 1260 4737 τοῦ
1293 4683 1472 4737 λοιποῦ
1507 4682 1558 4736 δέ
1586 4688 1656 4754 μὴ
1686 4681 1845 4745 ἄλλως
1882 4685 1994 4740 ἕπεο

415 4763 640 4826 σκόπους
674 4771 1098 4841 χειροτονεῖσθαι,
1139 4770 1170 4830 ἦ
1208 4773 1560 4848 μοναστηρίων
1598 4776 1923 4847 ἡγουμένους,
1949 4779 1993 4830 εί

415 4858 611 4923 μήποτε
636 4857 876 4935 πρότερον
900 4862 1030 4930 μετά
1057 4868 1156 4915 τῶν
1175 4859 1331 4916 ἄλλων
1353 4862 1587 4917 ἁπάντων
1610 4865 1870 4937 αίρετικῶν
1892 4873 1991 4921 τῶν

415 4947 468 5010 έξ
497 4944 645 5008 ἔθους
684 4949 734 5002 έν
769 4958 882 5009 τοῖς
908 4953 1190 5022 γενομένοις
1211 4953 1450 5014 λιϐέλλοις
1476 4956 1986 5026 ἀναθεματιζομένων,

414 5040 650 5094 τουτέστι
692 5038 986 5106 Σαϐελλίου,
1015 5039 1226 5116 Ἀρείου,
1255 5041 1647 5118 Ἀπολλιναρίου,
1689 5051 1986 5122 Νεστορίου,

414 5128 700 5199 Εὐτυχοῦς,
724 5129 1017 5205 Διοσκόρου,
1040 5133 1280 5200 Τιμοθέου
1298 5140 1388 5189 τοῦ
1411 5135 1674 5211 Δίλούρου,
1699 5139 1780 5190 καί
1799 5140 1988 5213 Πέτρου

413 5223 505 5269 τοῦ
533 5225 749 5290 Μογγοῦ,
779 5223 862 5276 καὶ
885 5220 1111 5294 ’Δνθίμου
1139 5229 1523 5298 Τραπεζοῦντος
1541 5267 1555 5290 ,
1588 5225 1858 5283 Θεοδοσίου
1896 5236 1987 5286 τοῦ

414 5305 791 5382 Ἀλεξανδρέως,
815 5313 1003 5388 Πέτρου
1027 5319 1120 5366 τοῦ
1149 5316 1324 5387 πρώην
1336 5312 1671 5386 Ἀντιοχείας,
1701 5321 1784 5371 καὶ
1803 5319 1986 5393 Πέτρου

412 5402 505 5450 τοῦ
529 5395 832 5469 ’Δπαμείας,
876 5407 962 5458 καί
987 5405 1206 5480 Σεϐήρου
1244 5410 1339 5460 τοῦ
1366 5426 1492 5460 ποτε
1525 5405 1865 5478 ’Δντιοχείας,
1897 5413 1984 5464 καί

411 5486 498 5540 τὸν
526 5489 777 5564 εἰρημένον
816 5496 1065 5566 Ὠριγένην
1103 5499 1192 5553 τὸν
1235 5502 1324 5557 τήν
1351 5494 1624 5556 Ἑλληνικήν
1662 5502 1742 5554 καὶ
1788 5497 1980 5578 Ἀρεια-

411 5581 544 5638 νικήν
583 5581 763 5650 μανίαν
793 5587 1089 5652 νοσήσαντα,
1116 5590 1247 5658 μετά
1288 5596 1388 5644 τῶν
1414 5591 1568 5645 αὐτοῦ
1606 5599 1852 5666 μυσαρῶν
1900 5597 1981 5650 καί

2104 1875 2357 1930 coluntur
2389 1891 2402 1928 :
2431 1889 2591 1943 quam
2620 1874 3014 1930 restitutionem
3045 1872 3422 1941 imaginantur,
3441 1871 3532 1942 qui
3560 1887 3688 1926 cum

2103 1961 2336 2034 Origene
2364 1965 2622 2034 sentiunt,
2649 1965 2740 2020 ubi
2767 1963 3152 2035 suppliciorum
3172 1961 3350 2017 nullus
3373 1969 3455 2018 est
3475 1961 3688 2016 exitus?

2101 2053 2300 2111 Sancta
2325 2054 2472 2111 enim
2514 2053 2714 2110 Christi
2754 2052 2991 2110 Ecclesia
3012 2094 3028 2121 ,
3055 2051 3504 2122 quemadmodum
3526 2050 3687 2120 justis

2103 2147 2508 2204 indesinentem
2544 2147 2798 2218 praedicat
2849 2146 3013 2201 vitam
3058 2154 3314 2201 aeternam
3341 2185 3357 2212 ,
3388 2144 3460 2198 ita
3492 2144 3688 2214 impios

2102 2245 2365 2310 perpetuo
2382 2239 2400 2258 '
2427 2237 2685 2308 supplicia
2710 2251 2928 2292 manere
2951 2235 3130 2292 tradit.
3146 2235 3319 2304 Atque
3345 2233 3686 2304 haecquidem

2103 2329 2162 2385 iu
2188 2328 2291 2384 his.
2337 2327 2447 2384 Nos
2473 2343 2636 2398 porro
2664 2342 2868 2398 paucas
2886 2340 2918 2381 e
2945 2323 3146 2381 multis.
3169 2324 3361 2379 divina:
3396 2323 3687 2395 Scriptum

2104 2429 2520 2491 sanctorumque
2549 2419 2765 2476 Patrum
2794 2418 3200 2475 auctoritatibus
3223 2415 3524 2474 aﬂ‘erendas
3563 2433 3687 2476 esse

2104 2514 2475 2586 perspeximus
2494 2554 2510 2582 ,
2539 2513 2606 2568 ad
2633 2511 3012 2570 confutandam
3043 2511 3462 2582 Origenistarum
3491 2513 3685 2585 impie-

2105 2614 2292 2660 tatem.

2173 2696 2307 2751 Cum
2352 2705 2533 2752 autem
2585 2695 2810 2754 velimus
2838 2710 2996 2751 omne
3027 2696 3333 2752 scandalum
3362 2711 3392 2751 a
3440 2697 3673 2752 sanctis-

2027 2824 2029 2826 -
2103 2785 2239 2840 sima
2287 2784 2523 2841 Ecclesia
2553 2786 2890 2855 propulsare,
2923 2793 2980 2839 ut
3009 2786 3152 2839 nulla
3183 2785 3235 2840 in
3267 2800 3329 2839 ea
3357 2785 3565 2839 macula
3592 2801 3683 2840 re-

2106 2877 2406 2945 linquatur;
2433 2876 2797 2946 obsequentes
2832 2876 3025 2931 divinis
3053 2875 3343 2945 Scripturis
3372 2875 3682 2945 sanctisque

2105 2966 2352 3024 Patribus
2380 2969 2472 3037 qui
2501 2959 2677 3038 ipsum
2703 2969 2988 3037 Origenem
3020 2983 3082 3023 ac
3104 2968 3410 3036 hujusmodi
3440 2967 3680 3023 scelera-

2102 3067 2209 3114 tam
2232 3060 2557 3130 impiamque
2593 3059 2708 3130 ejus
2737 3058 3040 3115 doctrinam
3071 3059 3441 3130 proﬂigarunt,
3473 3075 3536 3114 ac
3558 3059 3679 3128 jure

2026 3175 2072 3238 ο
2104 3153 2432 3208 anathemati
2460 3152 2980 3222 subjecerunt,‘hanc
2999 3142 3282 3223 epistolam
3306 3151 3374 3207 ad
3395 3161 3536 3206 tuam
3558 3151 3680 3206 bea-

2103 3242 2388 3298 titudinem
2435 3241 2698 3308 dedimus,
2726 3257 2832 3310 qua
2877 3255 2998 3297 eam
3046 3243 3329 3298 hortamur
3353 3251 3410 3298 ut
3439 3243 3682 3298 omnium

2099 3333 2191 3404 qui
2238 3333 2290 3388 in
2328 3333 2431 3388 bac
2471 3331 2618 3400 regia
2644 3331 2778 3386 urbe
2803 3344 2946 3386 nunc
2973 3330 3194 3399 degunt,
3219 3332 3682 3387 sanctissimorum

2099 3424 2474 3497 episcoporum
2499 3431 2822 3480 conventum
2851 3423 3076 3487 habeat,
3115 3437 3180 3477 ac
3209 3422 3318 3477 Deo
3353 3423 3680 3478 amabilissi-

2098 3531 2308 3570 morum
2337 3514 2709 3585 praefectorum
2735 3513 2959 3582 sanctis,
2981 3529 3100 3582 qum.
3125 3514 3212 3569 hic
3239 3522 3381 3579 sunt,
3407 3523 3678 3570 monaste-

2100 3607 2214 3670 riis,
2247 3605 2516 3674 faciatque
2536 3613 2596 3659 ut
2614 3619 2801 3662 omnes
2823 3605 2876 3659 in
2904 3605 3118 3682 scriptis
3147 3605 3425 3676 praelatum
3455 3606 3678 3676 impium

2099 3714 2163 3755 ac
2188 3699 2299 3753 Deo
2327 3707 2713 3768 repugnantem
2757 3695 3042 3764 Origenem
3061 3739 3078 3766 ,
3101 3698 3192 3766 qui
3221 3706 3276 3752 et
3302 3698 3675 3762 Adamantius,

2097 3789 2188 3857 qui
2241 3789 2523 3859 presbyter
2577 3787 2674 3842 fuit
2733 3787 3080 3843 sanctissimae
3141 3786 3394 3842 Ecclesia:
3444 3787 3679 3843 Alexan~

2099 3877 2252 3946 drizr,
2281 3893 2347 3932 ac
2376 3878 2493 3947 ejus
2520 3875 2723 3931 nefaria
2747 3877 3016 3946 impiaque
3045 3876 3311 3945 dogmata,
3335 3877 3678 3948 capitulaque

2098 3968 2279 4022 omnia
2300 3983 2420 4037 qua:
2440 3967 2661 4023 inferius
2693 3977 2987 4038 ponuntur,
3011 3959 3334 4023 omnimodis
3362 3969 3678 4024 anathema-

2101 4059 2268 4113 tizent
2297 4049 2324 4112 ε’
2343 4059 2696 4129 exemplaque
2730 4059 2969 4115 dimittas
3017 4075 3203 4115 eorum
3233 4075 3353 4130 qua:
3376 4075 3406 4115 a
3437 4061 3674 4116 beatitu-

2100 4148 2228 4204 dine
2255 4157 2346 4203 tua
2376 4148 2446 4204 ob
2475 4148 2615 4203 hanc
2636 4163 2851 4205 causam
2881 4157 3030 4219 gesta
3061 4148 3278 4214 fuerint,
3303 4151 3368 4206 ad
3390 4151 3527 4206 alios
3550 4167 3676 4206 om-

2098 4246 2197 4294 nes
2240 4239 2608 4295 sanctissimos
2661 4239 2943 4310 episcopos
2986 4241 3374 4311 praefectosque
3394 4242 3677 4298 venerabi-

2101 4330 2228 4384 lium
2259 4331 2711 4386 monasteriorum
2738 4349 2751 4385 :
2785 4339 2846 4386 ut
2871 4339 2927 4387 et
2977 4331 3077 4402 ipsi
3127 4334 3520 4404 subscriptione
3547 4351 3676 4406 pro-

2098 4419 2214 4490 pria
2283 4421 2735 4476 anathematizent
2797 4420 3079 4491 Origenem
3145 4423 3482 4493 scelestaque
3557 4424 3675 4491 ejus

2100 4509 2369 4579 dogmata,
2395 4526 2517 4566 cum
2539 4512 2786 4568 omnibus
2805 4513 2896 4581 qui
2921 4512 3354 4581 declarabuntur,
3385 4513 3671 4569 han-elicis.

2096 4601 2154 4656 ln
2199 4611 2474 4672 posterum
2505 4611 2707 4668 autem,
2762 4618 2832 4659 ne
2859 4603 3015 4659 aliter
3042 4602 3362 4659 ordinentur
3407 4604 3671 4673 episcopi,

2095 4699 2183 4746 aut
2213 4692 2660 4748 monasteriorum
2691 4693 2946 4762 praefecti,
2971 4693 3071 4748 nisi
3091 4694 3239 4764 prius
3265 4709 3385 4749 cum
3406 4694 3525 4750 aliis
3549 4709 3674 4749 om-

2094 4785 2252 4850 nibus
2280 4784 2566 4854 haereticis,
2596 4786 2686 4855 qui
2716 4785 2784 4841 de
2813 4802 2964 4842 more
3013 4787 3065 4841 in
3107 4786 3265 4844 editis
3307 4788 3500 4844 libellis
3541 4803 3674 4843 ana-

2094 4875 2528 4941 thematizantur,
2559 4876 2611 4930 id
2651 4885 2755 4944 est,
2807 4875 3060 4942 Sabellio,
3108 4878 3256 4942 Ario,
3302 4878 3670 4950 Apollinario,

2093 4965 2361 5031 Nestorio,
2392 4965 2649 5037 Eutyche,
2684 4966 2973 5036 Dioscoro,
3024 4967 3309 5024 Timotheo
3365 4968 3584 5034 Αῑιυω.
3615 4980 3671 5026 et

2093 5055 2254 5112 Petro
2305 5057 2512 5126 Moggo,
2562 5067 2617 5112 et
2659 5056 2914 5114 Anthimo
2961 5057 3332 5128 Trapezuntis,
3361 5058 3670 5116 Theodosio

2093 5145 2450 5212 Alexandrim,
2483 5146 2644 5202 Petro
2674 5147 2766 5216 qui
2811 5147 2914 5202 fuit
2952 5147 3351 5215 Antiochia-et
3379 5148 3542 5206 Petro
3573 5153 3669 5221 qui

2092 5237 2382 5306 Apamea),
2443 5244 2497 5292 et
2544 5235 2746 5292 Severo
2793 5237 2921 5292 olim
2970 5237 3300 5305 Antiochiae,
3352 5239 3668 5310 praedictum

2091 5325 2251 5378 etiam
2280 5313 2582 5395 Origenem,
2616 5325 2706 5395 qui
2745 5339 3075 5396 paganorum
3124 5327 3552 5397 Arianorumque
3581 5329 3666 5384 in-

2088 5417 2236 5472 sania
2266 5417 2555 5487 laboravit,
2597 5435 2699 5472 una
2747 5435 2864 5473 cum
2915 5420 3334 5476 exsecrabilibus
3384 5422 3669 5492 impiisque

2088 5506 2205 5575 ejus
2225 5508 2562 5576 dogmatibus
2586 5507 3058 5563 anathematizent.
3083 5507 3344 5564 Omnibus
3364 5512 3504 5566 enim
3528 5527 3664 5580 [mes

2085 5596 2368 5651 dicendum
2418 5604 2519 5666 est,
2549 5612 2618 5654 ne
2663 5597 2883 5654 omnino
2930 5598 3212 5668 quisquam
3261 5599 3456 5656 audeat
3501 5599 3664 5658 talem

486 5757 503 5782 ‘
547 5750 615 5810 Ut
641 5754 849 5846 legatur
873 5765 1118 5839 pgipctua
1147 5765 1388 5832 syntaxis
1416 5773 1469 5822 ct
1497 5765 1712 5839 Graicus
1735 5777 1911 5826 textus
1935 5785 1995 5842 pc

2098 5771 2230 5827 lant.
2260 5769 2411 5828 Εοιτ.
