4032 6190
274 273 378 330 εει

1339 279 1707 337 JUSTlNlANl
1749 279 1876 336 Lm.
1918 266 2080 336 aov.’
2115 279 2489 337 ORIGENEM.

3440 288 3554 346 ﬂ!

265 386 610 452 πεπονθέναι,
655 385 790 441 οὕτω
815 389 960 462 κάκεῖ
1003 387 1060 443 τό
1103 390 1460 461 παραπλήσιον
1513 387 1736 451 διδόντες
1783 393 1864 463 γί-

1985 398 2082 456 est;
2114 391 2186 444 ita
2214 391 2284 446 ibi
2307 407 2524 464 quoque
2545 393 2720 452 simile
2741 393 2856 452 ﬁeri
2885 396 3553 469 concedentes,etrcliqua

266 481 454 534 νεσθαι
473 481 558 532 καί
581 480 643 534 τά
670 479 779 542 ἑξῆς
808 479 901 540 ἕως
931 479 948 509 ¹
970 487 1060 540 τῆς
1089 485 1380 544 συντελείας
1410 488 1498 537 τοῦ
1529 481 1715 541 παντὸς
1747 485 1870 536 αἰῶ-

268 591 385 635 νος,
417 571 473 622 οὐ
493 569 893 641 φοϐηθησόμεθα.

791 689 872 734 Ἐκ
896 687 986 735 τοῦ
1015 682 1173 736 αὐτοῦ
1197 681 1366 754 λόγου.

351 795 442 852 Τίς
457 799 574 846 νοῦν
597 791 736 861 ἔχων
755 791 986 867 ὁρίσεται
1005 799 1210 868 πρώτην
1229 798 1314 849 xxi
1333 793 1572 870 δευτέραν
1594 797 1679 850 καί
1697 799 1872 870 τρίτην

284 884 510 958 ἡμέραν,
540 883 762 954 ἑσπέραν
791 904 845 938 τι
882 888 966 938 καί
992 887 1191 960 πρωίαν
1215 889 1383 960 χωρίς
1412 887 1550 945 ἡλίου
1589 893 1870 960 γεγονέναι,

284 980 374 1029 καὶ
398 975 636 1039 σελήνης,
664 978 748 1029 καί
773 978 1032 1050 ἀστέρωνς

355 1071 562 1125 Τούτων
589 1072 755 1125 τοίνυν
780 1071 942 1132 οὕτως
965 1073 1189 1142 ἑχόντων
1205 1111 1220 1135 ,
1252 1075 1340 1128 καί
1377 1078 1512 1130 πᾶσι
1553 1073 1714 1132 δήλων
1734 1093 1872 1146 γενο-

273 1163 442 1231 μένων
454 1169 554 1216 τῶν
566 1163 712 1236 παρά
726 1164 1010 1236 Ὠριγὲνους
1028 1161 1296 1237 εἰρημένων
1310 1165 1658 1238 βλασφημιῶν,
1675 1189 1711 1222 π
1717 1170 1872 1242 pomi-

273 1271 355 1307 κει
379 1254 466 1308 τὸν
487 1252 567 1308 ἐπ’
594 1254 734 1323 αὐτῷ
757 1255 1166 1326 ἀναθεματισμόν
1189 1256 1353 1317 οὕτως
1381 1258 1626 1329 γίνεσθαι.

347 1431 412 1488 εἴ
427 1455 507 1495 τις
538 1436 666 1506 λέγει
705 1433 734 1494 ἢ
763 1433 878 1506 ἔχει
899 1477 914 1503 ,
945 1438 1308 1509 προϋπάρχειν
1335 1441 1428 1499 τὰς
1464 1446 1564 1494 τῶν
1595 1440 1872 1511 ἀνθρώπων

274 1529 494 1599 ψυχάς,
521 1525 600 1584 οἵα
625 1532 802 1604 πρώην
818 1531 940 1591 νόας
964 1528 1130 1590 οὔσας
1150 1534 1232 1585 καὶ
1259 1531 1403 1602 ἀγίας
1433 1529 1699 1604 δυνάμεις,
1730 1534 1871 1611 κόρον

273 1616 332 1673 ὂέ
362 1619 626 1681 λαϐούσας
647 1627 740 1680 τῆς
764 1620 902 1680 θείας
925 1621 1158 1696 θεωρίας,
1185 1625 1272 1676 καί
1299 1625 1429 1696 πρὸς
1453 1623 1510 1676 τὸ
1539 1631 1723 1697 χεῖρον
1750 1645 1872 1700 τρα-

1976 495 2144 550 usque
2173 481 2241 536 ad
2268 484 2432 538 totius
2458 486 2635 540 saeculi
2659 489 3178 546 consummationem
3207 491 3346 550 nihil
3368 490 3555 549 formi-

1977 569 2246 626 dabimus.

2527 684 2624 742 Ea.’
2637 689 2814 742 eodem
2841 689 2994 744 libro.

2042 800 2171 867 Quis
2196 816 2326 854 sana
2355 811 2533 856 mente
2561 811 2761 859 statuat
2791 780 3045 875 primum,
3077 813 3132 860 et
3159 806 3474 873 secundum,
3499 816 3554 862 et

1973 893 2192 948 tertium
2238 893 2401 962 diem,
2430 909 2766 965 vesperaque
2804 906 2860 952 et
2888 914 3043 954 mane
3073 898 3236 953 fuisse
3267 900 3384 955 sine
3411 900 3550 962 sole,

1974 986 2119 1052 luna,
2151 994 2204 1039 et
2223 985 2427 1040 stellis?

2043 1076 2138 1132 His
2182 1077 2342 1145 igitur
2386 1079 2457 1132 ita
2501 1093 2563 1134 se
2592 1079 2952 1148 habentibus,
3001 1080 3262 1150 factisque
3303 1081 3554 1136 omnibus

1971 1169 2150 1239 palam
2202 1165 2448 1238 Origenis
2498 1169 2886 1240 blasphemiis,
2943 1173 3449 1227 anathematismum
3497 1172 3549 1226 iu

1973 1261 2147 1331 ipsum
2174 1260 2254 1316 sic
2283 1259 2397 1315 ﬁeri
2427 1245 2699 1317 convehit.

2043 1351 2084 1406 Ι.
2117 1352 2175 1407 Si
2213 1353 2333 1422 quis
2379 1353 2509 1408 dicit
2557 1363 2651 1408 aut
2680 1354 2842 1408 sentit
2883 1355 3228 1424 praeexistere
3275 1353 3556 1408 hominum

1972 1447 2198 1510 ani-mas,
2230 1455 2289 1499 ut
2316 1453 2443 1514 pote
2471 1459 2590 1514 qum
2617 1453 2774 1500 antea
2804 1454 3012 1501 mentes
3043 1446 3240 1500 fuerint
3267 1454 3322 1500 et
3351 1454 3553 1499 sanctae

1928 1607 1929 1610 η
1974 1536 2219 1600 virtutes,
2251 1535 2666 1605 satietatemque
2687 1537 2897 1605 cepisse
2925 1536 3118 1591 divinae
3141 1535 3555 1606 contemplatio-

1975 1627 2087 1692 nis,
2127 1635 2184 1680 et
2211 1627 2263 1680 in
2293 1627 2532 1680 deterius
2561 1643 2850 1682 conversas
2871 1643 3018 1695 esse,
3052 1636 3213 1698 atque
3237 1627 3435 1683 idcirco
3465 1643 3556 1681 re-

274 1714 472 1770 πείσας
493 1751 510 1775 ,
539 1713 624 1766 καί
658 1709 743 1766 διὰ
780 1718 931 1767 τοῦτο
969 1711 1325 1784 ἀποψυγείσας
1352 1715 1442 1783 μίν
1483 1722 1577 1774 τῆς
1613 1720 1706 1769 τοῦ
1741 1720 1870 1769 Θεοῦ

1985 1718 2185 1774 h'ixisse
2204 1737 2236 1773 a
2259 1718 2352 1773 Dei
2381 1718 2665 1784 charitate,
2697 1727 2752 1772 et
2789 1719 2916 1776 inde
2944 1720 3129 1791 ψυχάς
3155 1717 3362 1783 Graece,
3393 1717 3444 1771 id
3473 1724 3557 1772 est

275 1802 512 1870 ἀγάπης,
538 1799 764 1856 ἐντεῦθεν
789 1799 841 1856 δέ
870 1801 1059 1873 ψυχάς
1087 1802 1482 1873 ὀνομασθείσας,
1509 1805 1597 1857 καί
1623 1808 1872 1880 τιμωρίας

274 1889 445 1967 χάριν
469 1895 543 1951 εἰς
567 1894 787 1961 σώματα
806 1893 1282 1964 καταπεμφθείσας,
1306 1894 1551 1965 ἀνάθεμα.

346 1976 414 2035 Εἴ
443 2003 524 2043 τις
548 1981 679 2053 λέγει
705 1980 736 2041 ἦ
765 1979 798 2036 ἕ
801 2001 890 2052 χει
927 1987 1018 2041 τὴν
1057 1989 1148 2038 τοῦ
1167 1984 1354 2056 κυρίου
1385 1981 1567 2052 ψυχήν
1594 1983 1872 2058 προϋπάρ-

272 2094 432 2144 χειν,
458 2076 546 2128 καί
572 2075 820 2144 ἡνωμένην
855 2075 1154 2147 γεγενῆσθαι
1179 2083 1252 2143 τῷ
1275 2082 1386 2147 Θεῷ
1411 2075 1542 2148 λόγῳ
1575 2078 1676 2146 πρὸ
1700 2083 1791 2135 τῆς
1821 2076 1874 2129 ix

273 2163 536 2238 παρθένου
563 2166 872 2239 σαρκὼεῶς
899 2183 954 2219 τε
971 2206 983 2226 .
1016 2167 1102 2220 και
1123 2169 1401 2237 γεννήσεως
1417 2205 1431 2228 ,
1462 2167 1686 2236 ἀνάθεμα
1714 2164 1869 2220 ἴστω.

348 2251 508 2314 εἴτις
539 2255 671 2327 λέγει
702 2253 734 2314 ἦ
785 2253 818 2310 ἶ
819 2275 929 2326 χει,
959 2262 1164 2330 πρῶτον
1189 2257 1480 2313 πεπλάσθαι
1510 2259 1568 2313 τό
1596 2265 1744 2331 σῶμα
1780 2263 1873 2314 τοῦ

272 2350 458 2420 κυρίου
481 2350 797 2420 ἦμῶνΊησοῦ
823 2359 1050 2426 Χριστοῦ
1078 2354 1130 2406 ἰν
1155 2360 1219 2428 τῇ
1245 2357 1413 2428 μήτρᾳ
1438 2362 1530 2415 τῆς
1559 2355 1705 2426 ἁγίας
1732 2377 1872 2431 παρο

273 2447 446 2506 θένου,
472 2447 562 2498 καί
585 2447 715 2516 μετά
741 2453 906 2501 ταῦτα
931 2447 1170 2508 Meam
1194 2451 1334 2519 αὐτῷ
1355 2451 1440 2505 τόν
1460 2451 1582 2505 Θεὸν
1606 2452 1770 2524 λόγον,
1789 2456 1875 2508 καί

276 2541 371 2592 τήν
402 2533 588 2604 ψυχήν
608 2537 677 2596 ὡς
707 2539 1145 2612 προϋπάρξασαν,
1176 2541 1400 2612 ἀνάθεμα
1427 2538 1457 2594 ἕ
1459 2557 1586 2596 στω.

350 2624 417 2680 Εἴ
453 2646 534 2686 τις
575 2627 706 2700 λέγει
727 2626 757 2686 ἦ
789 2625 931 2698 ἔχει,
973 2635 1105 2684 πᾶσι
1130 2638 1236 2691 τοῖς
1262 2633 1577 2706 ἐπουρανίοις
1623 2633 1874 2703 τάγμασιν

275 2719 638 2788 report-Mucii
659 2719 743 2774 τὸν
758 2726 848 2774 τοῦ
871 2727 998 2774 Θεοῦ
1019 2720 1183 2793 λόγον,
1205 2723 1470 2795 γενόμενον
1489 2727 1600 2782 τοῖς
1618 2724 1876 2799 Χερουϐὶμ

277 2809 576 2884 Χερουϐὶμ,
631 2812 716 2864 καί
775 2818 881 2870 τοῖς
940 2815 1154 2887 Σεραφίμ
1204 2816 1464 2887 Σεραφὶμ,
1534 2816 1619 2867 καί
1679 2814 1876 2887 πάσαις

276 2898 459 2961 ἅπλῶς
486 2906 602 2960 ταῖς
630 2896 733 2955 ἅνω
758 2899 1033 2973 δυνάμεσιν
1061 2902 1431 2976 ἐξομοιωθέντα,
1462 2903 1686 2975 ἀνάθεμα
1712 2901 1872 2958 ἔστω.

1976 1810 2183 1864 animas
2205 1824 2324 1863 esse
2346 1817 2698 1878 nuncupatas,
2721 1808 3087 1881 demissasque
3107 1824 3228 1865 esse
3249 1809 3302 1863 in
3326 1822 3555 1880 corpora

1973 1900 2222 1970 supplicii
2253 1916 2416 1955 causa
2451 1917 2465 1954 :
2497 1901 2785 1955 anathema
2815 1903 2904 1957 sit.

2048 1993 2109 2047 ll.
2140 1991 2195 2048 Si
2221 1993 2342 2062 quis
2370 1993 2500 2049 dicit
2538 2001 2630 2047 aut
2657 1994 2824 2048 sentit
2867 1993 3079 2048 Domini
3127 1993 3361 2048 animam
3406 1993 3561 2064 prius

1975 2087 2264 2152 exstitisse,
2296 2095 2458 2156 atque
2481 2086 2684 2141 unitam
2714 2087 2876 2142 fuisse
2903 2087 3016 2142 Deo
3040 2086 3218 2142 Verbo
3240 2096 3364 2142 ante
3385 2087 3564 2142 incar-

1976 2178 2250 2232 nationem
2271 2185 2327 2231 et
2353 2177 2759 2242 generationem
2779 2191 2847 2231 ex
2868 2176 3086 2244 Virgine
3113 2193 3126 2229 :
3155 2176 3440 2230 anathema
3462 2175 3555 2230 sit.

2045 2266 2131 2320 lll.
2164 2265 2222 2321 Si
2250 2266 2370 2337 quis
2410 2265 2541 2321 dicit
2579 2274 2670 2320 aut
2697 2267 2862 2322 sentit
2888 2266 3122 2336 primum
3161 2265 3556 2321 conformatum

1975 2374 2094 2415 esse
2115 2373 2312 2430 corpus
2331 2358 2542 2413 Domini
2565 2359 2735 2415 nostri
2755 2356 2882 2414 Jesu
2897 2357 3095 2412 Christi
3123 2358 3176 2411 in
3207 2366 3361 2412 utero
3389 2355 3558 2412 beam

1974 2450 2208 2520 Virginis
2229 2491 2246 2518 ,
2298 2465 2361 2506 ac
2390 2457 2577 2522 postea
2618 2451 2828 2506 unitum
2861 2450 2912 2505 ei
2953 2465 3072 2504 esse
3103 2449 3270 2503 Deum
3298 2447 3558 2515 Verbum,

1973 2547 2031 2596 et
2057 2541 2311 2609 animam,
2343 2551 2401 2596 ut
2429 2550 2556 2612 pote
2581 2555 2702 2610 qua:
2725 2550 2853 2596 ante
2883 2539 3069 2594 fuisset
3101 2557 3114 2594 :
3149 2540 3432 2593 anathema
3465 2538 3556 2594 sit.

2045 2631 2135 2686 ιν.
2164 2631 2220 2686 Si
2249 2633 2370 2701 quis
2395 2633 2528 2688 dicit
2551 2641 2644 2688 aut
2663 2633 2830 2688 sentit
2857 2633 3108 2689 omnibus
3135 2632 3442 2687 caelestibus
3471 2646 3560 2685 or-

1975 2720 2194 2777 dinibus
2218 2723 2573 2778 assimilatum
2600 2739 2722 2780 esse
2749 2723 2918 2779 boum
2967 2721 3196 2777 Verbum
3213 2762 3226 2788 ,
3258 2721 3559 2778 cherubim-

1975 2829 2081 2886 que
2107 2813 2305 2870 factum
2344 2831 2464 2872 esse
2492 2816 2622 2886 ipsis
2657 2815 2970 2880 cherubim,
3018 2821 3078 2869 et
3115 2814 3388 2882 seraphim
3431 2812 3560 2882 ipsis

1974 2907 2268 2978 seraphim,
2295 2923 2359 2962 ac
2381 2908 2629 2962 omnibus
2649 2906 2808 2978 plane
2833 2905 3082 2978 supernis
3099 2905 3387 2960 virtutibus
3413 2903 3561 2960 simi-

1976 2995 2083 3053 lam
2113 3012 2233 3054 esse
2263 2997 2458 3052 factum
2487 3016 2500 3051 :
2524 2998 2806 3053 anathema
2828 2999 2916 3055 sit.

353 3081 425 3136 Εἴ
456 3104 537 3143 τις
570 3084 703 3155 λέγει
751 3082 782 3143 ἦ
803 3084 958 3156 ¹ἔχει,
989 3086 1042 3141 ἐν
1079 3092 1142 3160 τῇ
1180 3086 1462 3141 ἀναστάσει
1493 3085 1784 3162 σφαιροειδῆ
1809 3088 1872 3142 τά

2052 3087 2120 3144 ν.
2142 3088 2198 3145 Si
2225 3089 2345 3159 quis
2370 3089 2500 3144 dicit
2526 3097 2619 3144 aut
2644 3089 2827 3154 sentit,
2850 3090 2902 3144 in
2921 3087 3318 3145 resurrectione
3332 3101 3559 3158 corpora

279 3180 389 3226 τῶν
419 3175 692 3247 ἀνθρώπων
722 3175 1001 3250 ἐγείρεσθαι
1027 3177 1242 3245 σώματα
1259 3216 1274 3241 ,
1301 3179 1388 3231 καὶ
1407 3179 1511 3247 οὐχ
1541 3176 1774 3249 ὁμολογεῖ
1790 3178 1872 3252 ὀρ-

1985 3181 2256 3238 hominum
2301 3180 2600 3237 orbiculata
2644 3181 2928 3252 suscitari,
2975 3196 3076 3238 nec
3119 3179 3410 3238 conﬁtetur
3454 3194 3555 3236 nos

279 3264 429 3324 ιίους
455 3266 590 3336 ἡμᾶς
615 3266 914 3338 ἐγείρεσθαι,
949 3267 1172 3334 ἀνάθεμα
1199 3265 1353 3322 ἴστω.

351 3358 423 3412 εἴ
440 3374 520 3414 τις
537 3355 669 3427 λέγει
695 3355 899 3430 οὐρανόν
929 3357 1016 3408 καὶ
1043 3356 1180 3414 ἥλιον
1198 3358 1284 3410 καί
1305 3357 1528 3422 σελήνην,
1551 3360 1632 3412 καὶ
1654 3359 1878 3434 ἀστέρας

281 3449 377 3500 καί
405 3443 573 3501 ὕδατα
601 3448 666 3500 τά
696 3447 934 3520 ὑπεράνω
968 3454 1068 3501 τῶν
1106 3449 1328 3524 οὐρανῶν
1360 3448 1633 3519 ὶμψύχους
1655 3453 1739 3503 καί
1767 3449 1876 3522 [λο-

279 3537 468 3606 γυιάς,
518 3544 574 3588 ut
619 3536 756 3591 bene
806 3536 1110 3590 observavit
1158 3535 1456 3606 Pagauinus
1505 3538 1876 3612 Gaudentius]

280 3627 466 3687 ὑλικάς
493 3623 615 3681 εἶναί
637 3649 778 3687 τινας
807 3625 1066 3699 δυνάμεις,
1097 3627 1328 3699 ἀνάθεμα
1350 3627 1506 3685 ἔστω.

362 3715 428 3769 εἴ
465 3738 546 3778 τις
587 3718 718 3790 λέγει
767 3717 796 3777 ἡ
837 3716 867 3772 ἕ
870 3739 992 3788 χει,
1024 3715 1104 3772 ὅτι
1138 3719 1164 3773 ό
1193 3717 1446 3782 δεσπότης
1471 3721 1689 3792 Χριστός
1727 3722 1775 3775 ἐν
1804 3729 1876 3796 τῷ

281 3807 519 3880 μέλλοντι
542 3810 680 3862 αἰῶνι
707 3809 1130 3883 σταυρωθήσεται
1152 3808 1288 3884 ὑπὲρ
1318 3806 1590 3882 δαιμόνων,
1622 3811 1753 3866 καθά
1793 3815 1878 3868 καί

279 3900 425 3972 ὑπὲρ
452 3901 746 3974 ἀνθρώπων,
771 3900 987 3971 ἀνάθεμα
1007 3897 1161 3954 ἴστω.

367 3989 430 4045 εἴ
470 4013 550 4052 τις
584 3992 715 4066 λέγει
741 3992 772 4050 ἦ
801 3990 946 4062 ἔχει,
993 3989 1023 4050 ἦ
1061 3989 1451 4064 πεπερασμένην
1490 3985 1618 4046 εἶναι
1653 3994 1745 4050 τήν
1783 3997 1873 4047 τοῦ

282 4090 423 4140 Θεοῦ
454 4083 688 4155 δύναμιν,
715 4088 801 4140 καὶ
823 4083 950 4156 μσς.
973 4082 1026 4153 ἦ]
1053 4089 1285 4140 τοσαῦτα
1308 4083 1459 4141 αὐτόν
1484 4082 1874 4158 δημιουργῆσαι,

280 4175 410 4231 ὅσον
437 4174 854 4252 περιδράξασθαι,
889 4179 1112 4247 ἀνάθεμα
1139 4173 1172 4231 ἕ
1174 4197 1300 4230 στω.

359 4265 423 4320 Εἴ
442 4289 521 4328 τις
549 4267 681 4340 λέγει
715 4266 745 4326 ἦ
775 4265 924 4338 ἔχει,
947 4266 1260 4344 πρόσκαιρον
1291 4261 1414 4322 ε”ναι
1441 4271 1530 4341 τὴν
1569 4273 1669 4322 τῶν
1697 4265 1875 4341 δαιμόο

278 4381 383 4413 νων
431 4362 515 4413 καί
541 4360 742 4414 ἀσεϐῶν
770 4360 1042 4432 ἀνθρώπων
1070 4357 1296 4422 κόλασιν,
1328 4360 1412 4420 καί
1439 4358 1579 4417 τέλος
1603 4359 1736 4413 κατά
1763 4379 1875 4414 τινα

279 4448 473 4522 χρόνον
502 4451 658 4508 αὐτὴν
686 4451 828 4514 ἕξειν,
867 4450 1018 4520 ἤγουν
1057 4451 1476 4504 ἀποκατάστασιν
1503 4449 1730 4520 γενέσθαι
1759 4445 1871 4502 δαι-

280 4541 471 4611 μόνων,
500 4540 529 4600 ἦ
559 4541 760 4595 ἀσεϐῶν
791 4543 1089 4616 ἀνθρώπων,
1111 4541 1334 4612 ἀνάθεμα
1355 4538 1514 4596 ἔστω.

354 4720 610 4792 Ἀνάθεμα
637 4727 719 4776 καὶ
741 4721 984 4797 Ὠριγένει
1012 4730 1085 4796 τῷ
1125 4720 1544 4795 καί’Δδαμαντίῳ
1596 4732 1669 4798 τῷ
1707 4732 1868 4783 ταῦτα

275 4815 524 4885 ἐκθεμένῳ
562 4817 694 4885 μετά
740 4823 841 4870 τῶν
881 4822 1131 4886 μυσαρῶν
1173 4816 1325 4869 αὐτοῦ
1375 4817 1457 4868 καὶ
1494 4815 1870 4890 ἐπικαταράτων

277 4907 470 4975 ἐναγῶν
483 4925 536 4959 τε
549 4903 577 4959 δ
583 4906 830 4976 ογμάτων,
847 4907 934 4960 καί
955 4907 1106 4960 παντί
1127 4907 1389 4978 προσώπῳ
1410 4911 1664 4977 φρονοῦντι
1683 4913 1867 4968 ταῦτα,

272 4994 305 5052 ἦ
341 4991 645 5053 ἐκδικοῦντι.
675 4995 704 5053 ἦ
732 4994 886 5065 [κατά
918 5015 1030 5050 τινα
1061 4989 1272 5067 τρόπον]
1300 4994 1430 5049 κατά
1455 5014 1505 5050 τι
1531 4995 1788 5058 παντελῶς
1817 4996 1866 5050 ἐν

275 5082 561 5156 οίῳδήποτε
583 5087 758 5160 χρόνῳ
783 5088 976 5141 τούτων
1001 5085 1366 5141 ἀντιποιεῖσθαι
1392 5084 1663 5157 τολμῶντε.

273 5223 507 5298 Γράρεαα
534 5232 626 5279 τοῦ
653 5225 900 5296 βασιλέως
927 5224 1278 5298 ’1ουστινιανοῦ
1306 5225 1439 5298 πρὸς
1465 5229 1550 5283 τὴν
1571 5224 1718 5296 ἁγίαν
1745 5227 1866 5280 σύν-

390 5291 504 5350 οδον
531 5291 987 5372 περῖιΩριγένους,
1015 5300 1222 5352 καὶτῶν
1249 5291 1534 5372 ὁμοᾲδρόνων
1563 5291 1744 5351 αὖτοῦ.

348 5433 546 5496 Σπουδὴ
573 5437 772 5510 γέγονεν
811 5438 928 5508 ἡμῖν
974 5444 1055 5495 καὶ
1097 5433 1256 5502 ἔστιν,
1299 5437 1568 5510 ἀτάραχον
1594 5441 1684 5495 τήν
1721 5435 1867 5510 ἀγὶαν

274 5528 369 5581 τοῦ
395 5531 524 5580 Θεοῦ
564 5526 648 5579 καί
679 5525 1013 5583 ἀποστολικὴν
1043 5524 1297 5583 ἐκκλησίαν
1323 5523 1765 5597 διαφυλάττεσθαι,
1793 5528 1862 5588 ὡς

353 5755 368 5785 ’
393 5751 532 5808 Sunt
558 5751 650 5821 qui
681 5751 773 5807 hic
799 5748 903 5821 legi
929 5747 1126 5814 velint,
1156 5750 1242 5807 ἐπὶ
1269 5755 1359 5811 τῆς
1388 5747 1679 5812 συντελείας
1709 5762 1724 5804 :
1756 5745 1849 5804 sed

277 5822 413 5881 nihil
443 5819 778 5880 mutandum.
812 5819 1138 5876 “ARDULNUS.

1978 3275 2226 3331 suscitari
2255 3282 2435 3329 rectos
2460 3291 2474 3328 :
2498 3273 2786 3328 anathema
2813 3273 2903 3329 sit.

2049 3363 2142 3418 Vl.
2173 3363 2231 3419 Si
2272 3366 2393 3434 quis
2432 3362 2563 3417 dicit
2598 3363 2815 3430 coelum,
2858 3372 2916 3419 et
2952 3363 3140 3430 soiem,
3173 3372 3227 3417 et
3261 3363 3461 3428 lunam,
3503 3367 3561 3418 et

1975 3454 2185 3516 stellas.
2213 3460 2268 3507 et
2303 3467 2470 3521 aquas
2499 3467 2618 3519 qua:
2655 3468 2818 3522 super
2846 3455 3014 3509 cmlos
3041 3465 3183 3519 sunt,
3217 3455 3480 3508 animatas
3507 3463 3560 3510 et

1977 3544 2284 3600 materiales
2313 3542 2547 3616 [ratione
2568 3541 2838 3614 praeditas]
2866 3559 2986 3599 esse
3013 3545 3268 3615 quasdam
3293 3545 3514 3598 virtutes
3542 3561 3557 3596 :

1976 3632 2263 3688 anathema
2286 3633 2372 3687 sit.

2048 3723 2157 3778 Vll.
2189 3723 2244 3779 Si
2273 3725 2393 3795 quis
2423 3723 2552 3780 dicit
2575 3733 2668 3780 aut
2695 3723 2859 3780 sentit
2886 3722 3172 3778 Dominum
3201 3721 3472 3777 Christum
3501 3721 3555 3779 in

1974 3814 2154 3872 futuro
2173 3816 2371 3872 saeculo
2393 3815 2707 3872 cruciﬁxum
2733 3815 2794 3869 iri
2819 3829 2918 3884 pro
2939 3813 3288 3880 dmmonibus,
3316 3814 3473 3871 sicuti
3495 3825 3552 3870 et
3597 3851 3602 3856 -

1976 3921 2074 3979 pro
2096 3907 2403 3963 hominibus
2435 3925 2447 3961 :
2481 3907 2767 3962 anathema
2797 3905 2887 3960 sit.

2048 3992 2178 4051 Vill.
2208 3996 2263 4050 Si
2297 3997 2416 4064 quis
2439 3995 2569 4050 dicit
2596 4004 2690 4050 aut
2708 3994 2900 4068 sentit,
2949 3992 3034 4048 vel
3071 3991 3273 4046 ﬁnitam
3313 4005 3434 4046 esse
3457 3991 3553 4046 Dei

1974 4091 2327 4155 potestatem,
2358 4085 2440 4139 vel
2467 4100 2590 4140 eum
2623 4091 2772 4138 tanta
2800 4082 3027 4151 fecisse,
3075 4090 3278 4151 quanta
3305 4095 3555 4152 compre-

1974 4175 2212 4230 hendere
2241 4177 2417 4246 potuit
2443 4193 2457 4227 :
2484 4175 2772 4234 anathema
2793 4173 2884 4228 sit.

2045 4262 2134 4320 lX.
2167 4263 2223 4318 Si
2245 4265 2366 4333 quis
2395 4262 2530 4317 dicit
2553 4272 2646 4316 aut
2665 4263 2848 4325 sentit,
2881 4260 2947 4315 ad
2978 4267 3188 4330 tempus
3211 4259 3329 4313 esse
3357 4257 3558 4313 dmino-

1976 4369 2101 4409 num
2123 4362 2178 4409 et
2202 4354 2485 4423 impiorum
2502 4351 2777 4408 hominum
2798 4349 3138 4420 supplicium,
3163 4348 3384 4417 ejusque
3397 4349 3557 4403 linem

1975 4446 2260 4516 aliquando
2273 4446 2648 4510 fu-turum,sive
2661 4443 3054 4498 restitutionem
3068 4450 3124 4496 et
3143 4441 3560 4512 redintegratio-

1975 4550 2098 4590 nem
2129 4533 2245 4590 fore
2272 4534 2575 4590 daemonum
2613 4542 2707 4590 aut
2745 4533 3031 4604 impiorum
3071 4531 3347 4587 hominum
3379 4550 3392 4586 :
3423 4547 3551 4588 ana-

1979 4629 2158 4684 thema
2187 4628 2276 4685 sit.

2049 4717 2344 4775 Anathema
2374 4725 2428 4773 et
2456 4715 2694 4788 Origeni,
2719 4717 2813 4786 qui
2841 4723 2897 4772 et
2920 4714 3289 4779 Δίιοηιιιηιετυε,
3323 4715 3412 4786 qui
3442 4715 3556 4769 hzee

1972 4811 2223 4882 exposuit
2251 4825 2356 4866 una
2384 4825 2506 4865 cum
2537 4810 2740 4866 nefaria
2769 4815 2931 4879 atque
2959 4808 3274 4864 exsecrabili
3297 4808 3552 4862 scelesta-

1972 4916 2079 4971 que
2102 4899 2220 4971 ejus
2248 4900 2526 4966 doctrina,
2559 4909 2610 4954 et
2636 4899 2808 4956 cuivis
2847 4901 2938 4968 qui
2967 4913 3030 4954 ea
3061 4899 3291 4962 sentiat,
3336 4905 3428 4950 aut
3456 4897 3555 4948 (lc-

1973 4993 2158 5049 i‘endat
2177 5032 2194 5059 ,
2239 5000 2334 5048 aut
2360 4991 2474 5048 ullo
2505 4990 2673 5047 modo
2701 5005 2921 5062 prorsus
2958 5003 3280 5060 quocunque
3310 4995 3554 5059 tempore

1972 5085 2112 5141 tueri
2141 5090 2447 5155 praesumat.

1973 5235 1998 5262 ι
2030 5225 2240 5281 Littera:
2273 5225 2556 5280 Iustiniani
2591 5224 2919 5293 imperatoris
2943 5221 3013 5276 ad
3040 5228 3269 5293 sanctam
3298 5215 3554 5289 synodum

2209 5296 2346 5350 CJ’.
2379 5295 2443 5350 de
2471 5291 2695 5365 Origene
2719 5301 2768 5349 et
2798 5291 3131 5347 sectatoribus
3159 5291 3290 5361 ejus.

2044 5433 2293 5490 Studium
2323 5441 2566 5490 nostrum
2598 5433 2697 5488 fuit
2724 5442 2779 5487 et
2807 5440 2909 5497 est,
2940 5437 3180 5486 sanctam
3209 5429 3305 5486 Dei
3331 5437 3388 5486 et
3413 5445 3544 5502 apo-

1964 5527 2208 5584 stolicam
2230 5525 2520 5582 Eeclesiam
2542 5541 2573 5580 a
2599 5524 2772 5580 turbis
2797 5536 3044 5580 securam
3061 5522 3357 5592 custodire,
3385 5531 3545 5596 prout

2033 5755 2057 5781 ι·
2088 5743 2364 5821 Pertineut
2389 5745 2687 5821 hmlittelge
2715 5746 2782 5804 ad
2811 5748 3078 5821 synodum
3113 5761 3144 5802 a
3173 5745 3370 5804 Menna
3392 5746 3530 5807 cele~

1962 5817 2167 5874 bratam
2192 5817 2288 5874 cir.
2315 5832 2402 5872 an.
2434 5816 2532 5875 Ch.
2558 5816 2682 5874 5i3.
