4032 6190
500 314 611 371 ινδ

1866 280 2165 375 vicimus
2222 316 2422 376 pars.

3656 318 3766 373 22$

499 427 716 496 δικαιόν,
746 430 828 484 καί
850 430 912 485 τά
941 429 1178 487 ὁπωσοῦν
1200 425 1521 500 ἀναφυόμενα
1635 423 1880 501 ὸρθοδόξῳ
1908 427 2081 482 πίστει

2201 443 2284 495 par
2324 435 2406 482 est
2448 434 2504 481 et
2541 439 2603 481 ea
2640 440 2758 497 qum
2797 440 3121 500 quocunque
3163 426 3327 483 modo
3352 433 3545 485 contra
3575 429 3769 486 ortho-

500 521 696 576 ἕνανινία
720 520 1122 591 κατακρίνεσθαι.

571 612 884 667 Ἐπείτοίνυδ
904 609 1209 682 διέγνωσται
1228 611 1365 679 ἡμῖν,
1394 611 1464 672 ὧς
1491 631 1621 673 τιν’ς
1641 614 1692 666 ἓν
1715 608 2085 687 Ἱεροσολύμοις

503 704 604 756 είσί
644 704 870 773 μοναχοί
915 698 1190 765 δήπουθεν,
1236 701 1499 775 Πυθαγόρᾳ
1519 741 1535 764 ,
1575 705 1658 757 καί
1697 703 1952 765 Πλάτωνι,
2000 702 2086 755 καί

503 797 742 870 Ὠριγένει
770 802 843 868 τῷ
868 784 1208 865 ’Δδαμαντίῳξ
1252 796 1336 848 καί
1369 802 1432 869 τῇ
1459 796 1651 849 τούτων
1683 793 1960 868 δυσσεϐιίι
2003 796 2087 849 καί

505 888 662 961 πλάνῃ
687 888 1181 950 κατακολουθοῦντες,
1212 888 1298 939 καί
1340 884 1688 947 διδάσκοντες·
1719 884 1826 940 δεῖν
1862 887 2087 959 ᾠήθημεν

506 977 743 1054 φροντίδα
790 982 875 1033 καί
900 982 1107 1042 ζήτησιν
1144 979 1453 1036 ποιήσασθαι
1490 981 1609 1054 περί
1646 976 1878 1044 τούτων,
1908 980 1991 1034 ἶνα
2018 986 2087 1051 μὴ

508 1072 667 1127 τέλεον
693 1068 778 1125 διά
820 1077 912 1129 τῆς
941 1070 1218 1139 Ἑλληνικῆς
1246 1073 1330 1124 καί
1357 1078 1672 1141 Μανιχα·’κὴ’ς
1702 1072 1898 1132 ἀπάτης
1923 1072 2090 1125 αὐτῶν

508 1164 721 1224 πολλοὺς
767 1164 1081 1219 ἀπολέσωσι.
1125 1166 1343 1235 Λέγουσι
1382 1167 1513 1237 γάρ,
1554 1166 1636 1218 ἵνα
1666 1164 1720 1218 ἐκ
1759 1172 1857 1220 τῶν
1897 1166 2091 1221 πολλῶν

508 1255 648 1327 ὀλίγα
670 1257 1116 1327 μνημονεύσωμεν,
1134 1248 1220 1311 ’ὅτι
1243 1256 1348 1316 νὸες
1367 1246 1499 1315 ἧὲαν
1520 1254 1651 1327 δίχα
1671 1256 1857 1317 παντὸς
1875 1257 2088 1331 ἀριθμοῦ

510 1365 563 1400 τε
594 1346 975 1423 καίιὸνόματος,
1009 1348 1078 1406 ὡς
1105 1344 1255 1401 ἐνάδα
1280 1348 1482 1401 πάντων
1510 1342 1635 1400 εἶναι
1663 1353 1763 1402 τῶν
1800 1347 2006 1419 λογικῶν
2027 1354 2090 1421 τῇ

509 1440 786 1499 ταυτότητι
823 1447 912 1500 τῆς
943 1441 1121 1499 οὐσίας
1148 1442 1232 1497 καί
1260 1437 1532 1515 ἐνεργείας,
1561 1442 1647 1494 καί
1673 1447 1739 1514 τῇ
1777 1437 1984 1512 δυνάμει
2029 1446 2091 1513 τῇ

511 1533 643 1600 πρὸς
668 1531 751 1587 τὸν
772 1531 891 1586 Θεὸν
918 1530 1062 1602 λόγον
1098 1530 1276 1585 ίνώσει
1309 1550 1364 1586 τε
1400 1534 1483 1584 καί
1504 1533 1706 1602 γνώσει.
1738 1533 1828 1585 Καὶ
1853 1533 1922 1591 ὡς
1948 1531 2093 1604 κόρον

515 1622 1181 1694 αὐτῶνθαμϐανόντωντῆς
1213 1624 1347 1683 θείας
1379 1624 1585 1696 ἀγάπης
1624 1625 1708 1677 καί
1731 1623 1941 1697 θεωρίας
1966 1622 2095 1676 κατά

513 1716 810 1787 ἀναλογίαν,
843 1717 927 1770 ἐπί
956 1717 1015 1769 τὸ
1045 1722 1227 1790 χεῖρον
1251 1723 1342 1774 τῆς
1370 1714 1590 1769 ἑκάστου
1627 1721 1818 1791 τροπῆς
1843 1715 2093 1783 λεπτομε-

2186 516 2380 573 doxam
2403 517 2562 574 Iidem
2590 529 2935 585 enascuntur,
2964 519 3347 582 condemnare.

2256 608 2389 665 Cum
2411 621 2540 677 ergo
2554 617 2889 678 compertum
2911 610 3226 677 habeamus,
3242 625 3359 665 esse
3379 608 3771 680 Hierosolymis

2186 698 2447 767 quosdam
2486 698 2737 752 nimirum
2770 702 3063 756 monachos
3090 701 3179 769 qui
3211 698 3549 771 Pythagone,
3582 699 3772 755 Plato-

2187 788 2272 843 nis
2296 786 2649 857 Origenisque
2680 788 2981 844 Adamantii
3022 790 3216 861 impios
3246 804 3466 845 errores
3495 798 3775 845 sectentur

2189 893 2254 934 ae
2269 878 2528 945 doceant;
2551 880 2971 934 existimavimus
2993 895 3176 935 curam
3202 888 3257 935 et
3278 879 3686 950 inquisitionem
3704 880 3778 936 de

2190 967 2254 1023 iis
2283 968 2662 1037 adhibendam,
2690 984 2756 1024 ne
2783 969 2817 1024 ii
2847 969 3063 1024 tandem
3092 970 3367 1041 paganicis
3388 977 3445 1025 et
3477 969 3780 1025 Manichai-

2190 1059 2268 1115 eis
2285 1060 2398 1114 suis
2424 1060 2736 1129 imposturis
2760 1060 2961 1116 multos
2989 1062 3233 1130 perdant.
3265 1059 3461 1117 Dicunt
3490 1062 3635 1115 enim
3675 1062 3696 1132 (
3719 1070 3782 1115 ut

2190 1146 2258 1203 de
2285 1148 2466 1204 multis
2486 1163 2653 1217 pauca
2673 1150 3416 1219 eomnremoremus).mentes
3432 1151 3595 1205 fuisse
3620 1164 3783 1221 pror-

2191 1255 2282 1295 sus
2306 1249 2361 1294 et
2389 1240 2595 1295 numeri
2626 1248 2681 1294 et
2694 1241 2934 1295 nominis
2959 1249 3249 1311 expertes;
3299 1241 3588 1310 omniaque
3609 1240 3783 1295 ratio-

2193 1329 2335 1383 nalia
2358 1344 2523 1385 unum
2547 1342 2669 1385 esse
2695 1331 2977 1385 identitate
3002 1331 3315 1386 substantiae
3343 1340 3398 1385 et
3418 1332 3777 1401 operationis,

2192 1429 2250 1476 et
2272 1422 2468 1477 virtute
2496 1420 2637 1492 apud
2662 1421 2832 1476 Deum
2862 1421 3094 1478 Verbum
3133 1438 3231 1493 per
3259 1422 3557 1477 uuitionem
3583 1431 3642 1478 et
3679 1439 3781 1478 co-

2193 1511 2509 1580 gnitionem.
2559 1510 2667 1569 Has
2691 1527 2821 1566 vero
2850 1517 3093 1582 mentes,
3124 1514 3215 1569 ubi
3243 1515 3581 1583 susceperint
3620 1515 3780 1583 juxta

2196 1602 2617 1672 uniuscujusque
2656 1611 2872 1673 captum
2903 1604 3207 1660 satietatem
3235 1604 3434 1660 divina:
3473 1604 3786 1662 dilectionis

2196 1701 2252 1748 et
2279 1690 2774 1763 contemplationis,
2806 1709 2903 1764 per
2924 1696 3279 1751 mutationem
3325 1698 3561 1767 ipsarum
3598 1698 3653 1752 in
3681 1697 3784 1753 de—

515 1783 754 1883 ρίστερα,
781 1807 812 1866 ἦ
831 1811 915 1862 καί
938 1783 1219 1880 παχυτέρα
1247 1808 1466 1876 σώματα
1489 1783 1850 1878 ἀμφιάσασθαι,
1878 1808 1963 1859 καί
1990 1807 2095 1859 ὸνό-

2201 1783 2389 1848 terius,
2411 1783 2499 1839 vel
2527 1783 2822 1846 crassiora,
2845 1784 2930 1839 vel
2951 1785 3197 1839 tenuiora
3222 1800 3453 1855 corpora
3484 1788 3708 1842 induere
3728 1801 3788 1843 et

515 1920 658 1972 ματα
696 1898 1069 1973 κληρὼσασθαι,
1118 1896 1381 1967 κάντεῦθεν
1418 1896 1514 1954 τάς
1552 1895 1815 1970 οὐρανίους
1866 1899 1951 1948 καί
1992 1894 2095 1949 λει-

515 1990 786 2063 τουργικάς
818 1988 1102 2047 ὑποστῆναι
1125 1984 1384 2059 δυνάμεις.
1411 1986 1552 2043 Ἀλλά
1575 1988 1672 2057 μὴν
1699 1987 1784 2041 καί
1809 1984 1944 2042 ἣλιον
1960 2023 1976 2048 ,
2015 1986 2099 2039 καί

517 2081 746 2142 σελήνην,
775 2083 862 2134 καί
883 2082 1004 2141 τοὺς
1031 2080 1211 2155 ἀστέρ’
1232 2100 1257 2140 ς
1274 2121 1290 2144 ,
1315 2082 1406 2134 καί
1432 2079 1566 2135 αὐτά
1587 2086 1678 2138 τῆς
1704 2079 1862 2137 αὐτῆς
1883 2082 1983 2131 τῶν
2008 2077 2097 2131 λο-

516 2180 673 2246 γικῶν
701 2169 874 2230 ἕνάδος
904 2166 1054 2233 ὄντα,
1096 2170 1161 2225 ἐκ
1186 2178 1279 2229 τῆς
1316 2170 1401 2224 επὶ
1426 2169 1493 2224 τά
1522 2170 1686 2242 χείρω
1712 2174 1906 2243 τροπῆς
1943 2172 2099 2221 τοῦτο

517 2264 791 2336 γεγονέναι,
824 2259 949 2333 ὅπερ
979 2262 1094 2316 εἰσί.
1127 2265 1203 2314 Τά
1229 2257 1283 2315 δὲ
1310 2260 1396 2315 επὶ
1430 2258 1599 2314 πλεῖον
1620 2267 1712 2319 τῆς
1740 2258 1875 2319 θείας
1898 2259 2100 2330 ἀγάπης

516 2355 847 2428 ἀποψυγέντα
884 2354 1090 2424 λογικά,
1129 2353 1315 2425 ψυχὰς
1351 2354 1716 2425 ὀνομασθῆναι,
1763 2355 1849 2406 καί
1893 2353 2101 2421 σώμασι

519 2450 842 2521 παχυτέροις
881 2454 987 2506 τοῖς
1026 2446 1135 2501 καθ’
1183 2448 1319 2515 ἡμᾶς
1347 2445 1665 2517 ἐμϐληθῆναι.
1696 2446 1771 2499 Τά
1815 2441 1870 2499 δὲ
1917 2445 2004 2498 ἐπί
2040 2444 2099 2498 τὸ

520 2535 675 2611 ἄκρον
703 2546 793 2596 τῆς
832 2540 1011 2597 κακίας
1041 2536 1337 2601 ἐληλακότα,
1378 2535 1607 2612 ψυχροῖς
1635 2538 1721 2589 καί
1756 2539 1986 2609 ζοφεροῖς
2019 2535 2100 2588 ἄν·

521 2629 719 2688 δεθῆναι
744 2631 969 2699 σώμασι,
997 2630 1076 2681 καί
1105 2624 1343 2696 δαίμονας
1369 2627 1703 2695 ὀνομασθῆναι
1726 2625 1981 2697 γενόμενα.
2013 2628 2102 2680 καί

521 2721 600 2777 ὅτι
624 2723 674 2786 ἐξ
705 2720 969 2792 ἀγγελικῐκ
1003 2720 1093 2788 μὲν
1132 2718 1499 2777 καταστάσεως
1539 2715 1746 2787 ψυχική
1772 2717 1967 2789 γίνεται
2011 2734 2103 2770 και-

520 2814 791 2871 τάστασις,
824 2810 875 2864 δκ
902 2807 955 2864 δέ
981 2816 1070 2868 τῆς
1094 2808 1324 2879 ψυχικῆς
1353 2804 1686 2877 δαιμονιώδης
1710 2826 1766 2861 τε
1790 2807 1876 2860 καί
1912 2806 2103 2877 ἀνθρω-

522 2910 658 2966 πίνη.
684 2902 807 2960 Ἐνα
836 2902 891 2959 δὲ
910 2904 1056 2975 μόνον
1082 2909 1198 2983 soils
1229 2903 1281 2955 ἐκ
1310 2902 1481 2961 πάσης
1519 2907 1609 2960 τῆς
1640 2897 1815 2960 ἔνάδος
1841 2905 1942 2953 τῶν
1968 2897 2105 2968 λογι-

523 3005 622 3052 κῶν
649 2996 914 3052 ἀκλόνητον
952 3003 1112 3065 μεῖναι
1140 2995 1226 3051 καί
1256 2994 1484 3050 ἀκίνητον
1511 2997 1599 3049 τῆς
1629 2990 1765 3050 θείας
1791 2990 1997 3060 ἀγάπης
2024 2987 2104 3041 καί

522 3091 762 3164 θεωρίας,
796 3083 850 3149 ὃς
885 3088 969 3141 καί
995 3085 1212 3162 Χριστὸς
1240 3083 1481 3157 βασιλεὺς
1533 3082 1655 3141 Θεὸς
1694 3084 1774 3135 καί
1807 3076 2102 3154 ἄνθρωπος,

2202 1874 2417 1928 nomina
2443 1874 2648 1942 sortiri,
2686 1890 2750 1929 ac
2776 1873 2900 1929 inde
2926 1874 3176 1931 cmlestes
3202 1884 3257 1930 et
3281 1876 3626 1933 administras
3654 1880 3789 1933 sub-

2196 1966 2400 2022 stitisse
2420 1966 2662 2022 virtutes.
2687 1966 2800 2021 lmo
2821 1974 2876 2022 et
2893 1966 3088 2035 solem,
3110 1976 3165 2023 et
3182 1967 3384 2036 lunam,
3414 1976 3470 2024 et
3491 1969 3699 2031 stellas,
3729 1978 3791 2023 ut

2199 2067 2327 2128 pote
2362 2069 2482 2126 qum
2522 2065 2579 2112 et
2621 2057 2735 2127 ipsa
2777 2057 2832 2112 in
2862 2056 3261 2115 rationabilium
3291 2059 3496 2119 unitate
3523 2059 3667 2124 sint,
3716 2074 3791 2114 ex

2198 2148 2498 2202 mutatione
2533 2147 2588 2202 in
2627 2146 2866 2203 deterius
2894 2146 3064 2212 facta,
3095 2147 3201 2204 hoc
3228 2164 3347 2204 esse
3373 2152 3602 2220 cmpisse
3630 2151 3789 2218 quod

2198 2245 2347 2293 sunt.
2373 2235 2449 2292 Ea
2474 2252 2604 2294 vero
2625 2238 3072 2304 rationabiliarin
3098 2240 3291 2308 quibus
3313 2241 3487 2310 magis
3515 2239 3609 2296 Dei
3632 2254 3797 2295 amor

2200 2328 2507 2394 refrixerit,
2568 2329 2787 2401 ψυχάς,
2833 2329 2938 2384 hoc
2977 2338 3061 2385 est
3101 2330 3309 2407 animas
3352 2332 3685 2402 nuncupari,
3739 2342 3806 2387 et

2202 2420 2588 2487 crassioribus,
2625 2421 2806 2491 qualia
2846 2430 3029 2477 nostra
3055 2430 3183 2477 sunt
3228 2436 3498 2495 corpora,
3548 2422 3802 2477 inmitti.

2204 2510 2333 2579 Qua:
2359 2521 2538 2568 autem
2560 2511 2629 2566 ad
2666 2519 2965 2567 extremum
2994 2513 3364 2583 perversitatis
3388 2513 3641 2569 venerint
3661 2555 3679 2582 ,
3727 2527 3813 2571 ea

2201 2604 2408 2673 frigidis
2436 2619 2502 2659 ac
2532 2603 2841 2675 caliginosis
2867 2603 3031 2659 inseri
3059 2605 3406 2674 corporibus,
3436 2613 3494 2659 et
3518 2604 3813 2663 daemones

2204 2694 2319 2748 ﬁeri
2348 2702 2406 2748 et
2432 2694 2767 2763 nuncupari;
2817 2708 2882 2749 ac
2920 2694 3149 2763 proinde
3185 2710 3251 2750 ex
3295 2695 3545 2763 angelico
3567 2695 3804 2763 quidem

2203 2791 2345 2838 statu
2377 2780 2493 2838 ﬁeri
2530 2783 2852 2851 animalem,
2883 2798 2952 2840 ex
2990 2784 3209 2840 animali
3236 2800 3369 2841 vero
3392 2785 3805 2841 dacmouiacunt

2203 2883 2260 2930 et
2279 2875 2595 2930 humanum.
2618 2873 2787 2931 Unam
2812 2883 2991 2931 autem
3016 2876 3280 2932 duntaxat
3298 2887 3560 2946 mentem,
3585 2893 3656 2934 ex
3675 2887 3802 2933 tota

2208 2966 2412 3021 unitate
2459 2965 2834 3033 rationalium,
2881 2966 3323 3037 imperturbatam
3362 2969 3692 3038 perstitisse,
3744 2978 3803 3025 et

2204 3058 2487 3114 immotam
2507 3073 2539 3113 a
2560 3058 2851 3115 dilectione
2865 3058 3042 3116 divina
3064 3070 3120 3115 et
3144 3062 3621 3131 contemplatione,
3644 3076 3801 3117 eam-

523 3181 796 3253 γεγονᾶναι.
821 3181 912 3234 Ital
929 3177 1009 3234 ὅτι
1028 3176 1276 3236 παντελής
1298 3176 1411 3230 ἐστι
1428 3181 1528 3228 τῶν
1547 3171 1800 3243 σωμάτων
1819 3172 2098 3245 ἀναίρεσις,

2208 3164 2312 3218 que
2338 3148 2500 3205 fuisse
2522 3148 2791 3205 Christum
2819 3165 3024 3220 regem,
3045 3150 3214 3207 Deum
3235 3161 3290 3206 et
3313 3151 3605 3207 hominem.
3628 3151 3804 3205 Afﬁr-

523 3272 680 3325 αὐτοῦ
717 3278 804 3325 τοῦ
843 3272 1021 3345 κυρίου
1050 3271 1254 3344 πρῶτον
1284 3266 1645 3335 ἀποτιθεμένου
1679 3266 1738 3319 τὸ
1765 3261 1888 3318 ἴδιον
1914 3270 2099 3333 σῶμα,

523 3365 606 3416 καί
632 3369 731 3417 τῶν
767 3361 954 3416 λοιπῶν
983 3358 1245 3415 ἀπάντων
1292 3360 1373 3412 καί
1407 3355 1485 3412 ὅτι
1528 3358 1909 3425 ἀνακομίζονται
1951 3354 2102 3410 πάλιν

523 3452 749 3512 ἅπαντες
774 3454 847 3512 εἰς
888 3455 977 3509 τήν
1013 3451 1171 3508 αὐτὴν
1211 3446 1395 3511 ἔνάδα,
1426 3450 1507 3502 καί
1545 3449 1764 3519 γίνονται
1800 3446 1929 3509 νὸες,
1972 3447 2104 3501 καθά

523 3546 607 3598 καί
631 3544 680 3597 ἐν
763 3542 1079 3616 προϋπάρξει
1104 3530 1900 3613 ἐτύγχανον·’ἀποκαθισταμένου
1931 3536 2103 3597 δηλον-

523 3636 598 3689 ότι
632 3636 713 3687 καί
750 3635 903 3687 αὑτοῦ
929 3640 1020 3688 τοῦ
1051 3631 1290 3687 διαϐόλου
1318 3634 1401 3685 καί
1429 3638 1528 3685 τῶν
1556 3631 1740 3685 λοιπῶν
1764 3628 2009 3697 δαιμόνων
2031 3631 2104 3691 είς

522 3729 611 3783 τήν
636 3725 789 3783 αὐτὴν
830 3722 1012 3786 ίνάδα,
1048 3726 1135 3778 καί
1173 3729 1272 3775 τῶν
1302 3722 1501 3775 ἀσείῶν
1529 3723 1612 3773 καί
1639 3722 1795 3774 ἀθέων
1829 3722 2104 3797 ἀνθρώπων

522 3817 654 3886 μετά
681 3822 779 3869 τῶν
804 3816 946 3867 θείων
982 3815 1065 3866 καί
1089 3815 1201 3884 Oro?
1212 3814 1224 3840 ·’
1232 3832 1334 3885 ρων
1357 3808 1579 3885 ἀνδρῶν,
1610 3813 1692 3863 καί
1717 3817 1815 3863 τῶν
1858 3812 2105 3883 οὐρανίων

523 3903 783 3973 δυνάμεων
801 3941 817 3966 ,
847 3904 934 3955 καί
959 3906 1050 3960 τήν
1073 3901 1226 3960 αὐτὴν
1254 3900 1464 3964 ἐξόντων
1491 3899 1672 3953 ἕνωσιν
1703 3901 1829 3975 πρὸς
1853 3900 1936 3953 τὸν
1960 3901 2101 3967 Θεὸν,

523 3991 701 4048 ὁποίαν
726 3990 841 4063 ἔχει
865 3994 945 4045 καὶ
971 3989 996 4044 ό
1024 3990 1243 4065 Χριστὸς
1262 4030 1277 4055 ,
1316 3991 1478 4049 καθὼς
1509 3992 1594 4044 καί
1629 3998 1974 4064 προϋπῆρχον
1993 4032 2005 4049 .
2036 3993 2105 4052 ὡς

523 4078 772 4151 μηδεμίαν
791 4075 917 4134 εἶναι
934 4077 1172 4155 διαφορὰν
1191 4086 1265 4154 τῷ
1282 4086 1490 4154 Χριστῷ
1513 4078 1640 4150 πρὸς·
1665 4083 1731 4135 τά
1749 4080 1902 4134 λοιπὰ
1936 4080 2106 4152 λογικά

524 4170 801 4232 παντελῶς,
837 4168 894 4223 οἷ’
899 4190 953 4224 τε
980 4178 1042 4241 τῇ
1069 4172 1237 4243 οὐσίᾳ,
1269 4168 1380 4225 οὔτι
1401 4177 1462 4245 τῇ
1482 4173 1687 4243 γνώσει,
1716 4168 1832 4226 οἵτε
1858 4179 1920 4247 τῇ
1949 4171 2100 4228 δυνά-

523 4282 627 4334 μει.
653 4260 771 4318 οὔτε
797 4271 860 4334 τῇ
884 4264 1125 4338 ἐνεργείᾳ.
1156 4261 1215 4317 Ὀ
1244 4265 1344 4338 γάρ
1369 4284 1447 4318 τοι
1477 4264 1768 4338 Πυθαγόρας
1807 4266 1979 4340 ἀρχὴν
2005 4272 2105 4321 τῶν

523 4353 729 4413 πάντων
768 4352 950 4426 ἴγησεν
984 4350 1113 4408 εἶναι
1137 4359 1227 4413 τήν
1250 4352 1466 4419 μονάδα.
1498 4359 1596 4410 Καὶ
1629 4353 1781 4409 πάλιν
1811 4355 2104 4428 Πυθαγόρας

523 4448 607 4501 καί
628 4446 829 4503 Πλάτων
857 4445 1013 4517 δῆμόν
1048 4467 1159 4501 τινα
1196 4445 1386 4517 ψυχῶν
1415 4444 1705 4516 ἀσωμάτων
1736 4447 1992 4511 εἰπόντες,
2024 4449 2104 4501 καί

2207 3247 2356 3292 mant
2382 3239 2566 3305 etiam,
2598 3254 2829 3309 corpora
2851 3241 3063 3309 penitus
3087 3241 3310 3299 interire
3355 3261 3367 3296 :
3413 3244 3531 3313 ipso
3561 3242 3808 3299 Domino

2202 3331 2433 3403 primum
2450 3374 2468 3400 ,
2493 3314 2691 3388 deinde
2718 3330 2940 3402 reliquis
2968 3333 3216 3389 omnibus
3241 3348 3394 3390 suum
3423 3349 3622 3405 corpus
3645 3334 3766 3404 abji
3788 3364 3805 3375 -

2202 3431 2466 3488 cientibus
2488 3449 2501 3484 :
2524 3430 2739 3500 etquod
2761 3445 2972 3486 rursum
2996 3446 3185 3488 omnes
3211 3430 3495 3487 redeuntes
3515 3431 3579 3485 ad
3606 3433 3788 3502 ipsam

2202 3533 2515 3595 veritatem,
2558 3538 2769 3586 mentes
2816 3529 2950 3585 ﬁunt
2985 3530 3139 3601 juxta
3168 3531 3298 3587 illud
3318 3546 3439 3588 esse
3463 3531 3611 3604 quod
3638 3533 3803 3603 prius

2203 3632 2477 3687 habebant
2508 3649 2521 3685 :
2550 3646 2614 3686 ac
2642 3629 2892 3685 videlicet
2925 3630 3098 3700 ipsum
3138 3632 3299 3685 etiam
3323 3631 3594 3686 diabolum
3622 3636 3799 3688 resti-

2205 3722 2461 3778 tuendum
2489 3737 2643 3790 esse,
2676 3731 2732 3777 et
2758 3722 2997 3792 reliquos
3038 3722 3308 3778 daemones
3331 3724 3387 3778 in
3410 3724 3577 3793 ipsam
3608 3727 3801 3781 unita-

2207 3823 2346 3880 tem,
2378 3821 2542 3883 atque
2563 3813 2758 3884 impios
2784 3804 2841 3868 et
2869 3812 3105 3870 nefarios
3133 3814 3380 3870 homines
3408 3832 3512 3870 una
3542 3832 3662 3872 cum
3704 3819 3801 3873 di—

2186 3907 2342 3961 ‘vinis
2385 3921 2449 3961 ac
2479 3905 2590 3960 Deo
2619 3905 2794 3977 plenis
2823 3905 2977 3971 viris,
3010 3904 3427 3974 caelestibusque
3453 3906 3747 3963 virtutibus
3776 3952 3795 3975 ,

2204 3996 2505 4067 eodemque
2550 3994 2754 4059 modo,
2804 4010 2913 4066 quo
2954 4005 3010 4051 et
3054 3994 3334 4061 Christus,
3378 4011 3500 4052 cum
3529 3996 3642 4053 Deo
3668 4014 3800 4056 esse

2205 4090 2486 4154 uniendos,
2509 4088 2668 4145 sicuti
2689 4095 2746 4142 et
2766 4088 2911 4157 prius
2935 4086 3070 4142 uniti
3091 4095 3266 4151 erant,
3298 4092 3461 4157 atque
3482 4086 3620 4142 adeo
3639 4087 3800 4144 Chri-

2204 4191 2344 4237 stum
2374 4181 2534 4252 plane
2562 4180 2691 4235 nihil
2721 4195 2752 4236 a
2781 4180 3003 4252 reliquis
3029 4181 3240 4236 ratione
3267 4181 3504 4252 pneditis
3549 4182 3790 4253 differre,

2205 4289 2381 4343 neque
2410 4273 2742 4337 substantia,
2771 4287 2947 4342 neque
2975 4273 3314 4342 cognitione,
3357 4287 3534 4343 neque
3563 4275 3791 4340 virtute,

2204 4380 2383 4438 neque
2440 4365 2778 4435 operatione.
2834 4362 3166 4436 Pythagoras
3215 4350 3414 4419 etenim
3464 4365 3793 4436 principium

2205 4459 2445 4515 omnium
2465 4473 2647 4513 rerum
2684 4457 2944 4512 unitatem
2966 4471 3087 4513 esse
3108 4456 3261 4524 dixit,
3285 4464 3340 4512 et
3361 4472 3571 4512 rursum
3594 4456 3794 4528 Pytha-

521 4540 617 4597 τάς
645 4537 905 4614 ἁμαρτάδι
943 4561 1039 4594 τινι
1075 4539 1493 4614 περιπεσούσας,
1543 4538 1789 4616 τιμωρίας
1835 4537 1995 4613 χάριν
2030 4542 2098 4600 είς

2203 4562 2363 4619 geras
2390 4556 2445 4604 ct
2459 4546 2614 4602 Plato
2643 4546 3038 4601 multitudinem
3068 4546 3353 4616 quamdam
3381 4546 3679 4601 animarum
3707 4548 3796 4601 in-

522 4633 739 4700 σὼματα
754 4632 1179 4703 καταπέμπισθαι
1196 4633 1449 4705 λέγουσιν.
1465 4629 1610 4685 Ὀθεν
1633 4630 1659 4686 ὸ
1684 4632 1886 4686 Πλάτων
1911 4630 1941 4687 δ
1954 4634 1974 4685 ἐ
1984 4654 2062 4702 μα
2076 4654 2100 4695 ς

522 4721 583 4777 τὸ
606 4727 783 4794 σῶμα,
826 4723 908 4774 καί
946 4730 1117 4791 σῆμα
1145 4721 1415 4785 ἐκάλεσεν,
1453 4723 1523 4781 ὡς
1562 4722 1705 4777 οίονεί
1735 4729 1825 4782 τῆς
1847 4720 2030 4792 ψυχῆς
2052 4720 2102 4776 ἐν

521 4814 687 4882 τούτῳ
722 4810 988 4881 δεδεμένης
1023 4815 1105 4866 καί
1142 4812 1473 4882 τεθαμμένης.
1502 4808 1625 4867 Εἶτα
1659 4815 1776 4886 περὶ
1805 4820 1896 4873 τῆς
1924 4814 2103 4885 ἔσομὶο

521 4922 610 4962 νης
637 4906 854 4977 κρίσεως
884 4906 967 4957 καί
992 4900 1377 4964 ἀνταποδόσεως
1409 4911 1512 4959 τῶν
1539 4903 1730 4975 ψυχῶν
1767 4900 1908 4966 αὖθις
1932 4910 2101 4977 φησίν

528 4992 610 5047 εἰι
624 4995 714 5063 μέν
734 4991 1266 5069 παιδεραστόσαντος,
1285 4996 1368 5047 καί
1386 4991 1620 5067 [ἀδόλως]
1633 5003 1797 5055 κακῶς
1822 4996 2103 5067 βιώσαντος

522 5089 651 5158 μετά
673 5088 962 5161 φιλοσοφίας
993 5085 1145 5158 ψυχή
1175 5089 1319 5160 τρίτῃ
1359 5085 1580 5162 περιόδῳ
1616 5095 1679 5162 τῇ
1721 5088 1939 5159 χιλιετεῐ
1962 5089 2104 5143 ἐᾶται

524 5181 852 5261 κολασθῆναι,
888 5184 970 5234 καί
999 5180 1131 5236 οὕτω
1160 5182 1477 5256 πτερωθεῑσα
1504 5187 1577 5252 τῷ
1604 5182 1976 5256 τρισχιλεοστῷ
2003 5180 2104 5239 ἔτει

523 5271 815 5327 ἐκϐάλλεται
838 5275 924 5327 καί
950 5273 1257 5347 ἀπέρχεται.
1285 5272 1342 5327 Ai
1370 5270 1422 5327 δὲ
1449 5270 1590 5328 ἄλλαι
1618 5270 1808 5329 ὁπόταν
1836 5273 1978 5330 τόνδε
2021 5277 2103 5330 τὸν

523 5363 633 5431 βίον
655 5366 955 5431 τελέσωσιν,
987 5367 1041 5420 αἱ
1068 5368 1158 5436 μέν
1199 5368 1267 5426 είς
1296 5367 1358 5420 τὰ
1399 5367 1498 5420 ὑπὸ
1525 5375 1617 5437 γῆς
1656 5364 1981 5443 δικαιωτήρια
2022 5369 2103 5422 ἐλ-

524 5452 700 5505 θοῦσαι
727 5451 868 5511 δίκην
892 5454 999 5526 ἅμα
1035 5458 1118 5510 καί
1142 5456 1283 5526 λόγον
1319 5458 1567 5511 τίσουσιν,
1598 5455 1650 5508 αί
1685 5454 1836 5531 δέἓείς
1871 5457 2101 5529 crisantis

523 5564 638 5599 τινα
665 5544 818 5599 τόπον
844 5548 1196 5619 κουφισθεῖσαι
1228 5547 1329 5601 ὑπὸ
1351 5554 1442 5607 τὴς
1469 5542 1610 5605 δίκης
1635 5543 1895 5610 διάξουσιν
1921 5549 2098 5613 ἀξίως,

523 5635 689 5689 καθὼς
718 5635 953 5690 ἐϐίωσαν.
989 5653 1007 5688 t
1041 5633 1112 5692 Οὖ
1136 5641 1224 5696 την
1252 5638 1467 5693 ἀτοπίαν
1504 5642 1593 5692 τοῦ
1618 5636 1767 5708 λόγου
1794 5640 2100 5710 καταμαθεῖν

603 5855 630 5886 ⁸
655 5855 804 5913 Plato
834 5857 887 5914 in
915 5854 1161 5927 Pltmdro,
1190 5866 1304 5928 ροσε
1336 5866 1433 5913 ma
1456 5873 1705 5915 annorum
1736 5858 1899 5914 millia

2203 4656 2589 4712 corporearum
2618 4653 2740 4695 esse
2776 4637 3041 4705 dicentes,
3071 4638 3256 4695 dicunt
3279 4638 3462 4705 etiam,
3493 4636 3642 4708 quod
3663 4638 3709 4693 si
3734 4639 3790 4694 in
3888 4635 3892 4638 ’

2204 4742 2483 4803 peccatum
2513 4730 2730 4801 aliquod
2760 4728 3081 4799 inciderint,
3107 4729 3163 4784 in
3192 4744 3408 4800 pmnam
3431 4729 3795 4785 demittuntur

2203 4827 2258 4881 in
2287 4839 2536 4895 corpora.
2575 4823 2839 4891 Quocirca
2879 4822 3033 4879 Plato
3073 4838 3272 4892 corpus
3309 4822 3600 4893 appellavit
3628 4821 3792 4894 δέμας

2203 4915 2331 4987 (hoc
2356 4921 2437 4969 est
2465 4912 2776 4980 vinculum),
2808 4919 2863 4967 et
2891 4920 3031 4983 σῆμα
3061 4912 3190 4983 (hoc
3217 4919 3300 4966 est
3320 4907 3679 4981 sepulcrum),
3709 4925 3781 4965 co

2204 5005 2345 5076 quod
2372 5004 2547 5059 anima
2575 5005 2627 5081 in
2657 5004 2774 5073 ipso
2794 5017 3022 5073 corpore
3056 5002 3209 5074 quasi
3250 5002 3430 5057 vincta
3473 5009 3530 5056 et
3574 5002 3789 5071 sepulta

2205 5094 2316 5160 sit;
2347 5095 2541 5150 deinde
2570 5093 2638 5150 de
2661 5092 2838 5149 futuro
2861 5093 3065 5163 judicio
3094 5100 3151 5148 et
3177 5091 3530 5149 retributione
3572 5090 3787 5145 anima-

2204 5202 2325 5242 rum
2354 5202 2540 5242 rursus
2566 5184 2991 5255 inquituAnima
3020 5185 3159 5240 illius
3181 5184 3273 5254 qui
3301 5199 3407 5240 una
3432 5197 3553 5242 cum
3573 5182 3791 5251 sapien-

2206 5279 2294 5332 tiae
2321 5278 2499 5334 studio
2537 5292 2827 5349 puerorum
2854 5291 3038 5332 amore
3065 5283 3121 5331 et
3148 5274 3410 5346 ﬂagitiosa
3440 5274 3550 5329 vita
3577 5286 3640 5327 se
3668 5273 3788 5342 pol-

2205 5368 2323 5435 luit,
2373 5385 2469 5439 per
2511 5379 2619 5423 tres
2657 5367 2985 5423 milleuarias
3032 5366 3377 5422 circuitiones
3402 5378 3590 5436 poenas
3619 5363 3782 5420 luet:

2205 5467 2261 5513 et
2286 5458 2365 5513 sic
2391 5458 2723 5529 recuperatis
2767 5457 2866 5513 alis
2900 5464 3023 5528 post
3053 5471 3317 5511 annorum
3347 5455 3510 5510 millia
3539 5465 3563 5492 ι
3594 5453 3783 5509 educi-

2205 5556 2294 5603 tur
2320 5556 2376 5603 et
2403 5548 2514 5603 abit
2547 5566 2560 5602 :
2603 5548 2824 5617 reliqua:
2849 5562 2977 5603 vero
3007 5561 3129 5603 cum
3159 5562 3226 5602 ex
3255 5545 3357 5601 hac
3382 5547 3490 5603 vita
3515 5544 3777 5602 discesse-

2204 5640 2333 5705 rint,
2382 5638 2500 5694 alitc
2527 5637 2743 5709 quidem
2786 5638 2887 5695 sub
2915 5647 3057 5696 terra
3088 5638 3143 5693 in
3166 5637 3351 5709 judicii
3383 5638 3562 5696 locum
3590 5637 3789 5695 delata:
