4032 6190
493 311 593 366 2‘27

1863 301 2148 359 VICHJUS
2185 301 2270 356 PA
2280 298 2380 356 PA.

3637 294 3736 351 2‘28

493 432 552 500 φί
562 449 640 485 σιν
670 430 750 482 καί
775 429 949 482 οὐσίαν
976 428 1058 480 καί
1088 422 1298 496 δύναμιν
1324 424 1409 477 Li
1434 423 1664 486 ἐξουσίαν
1685 423 1732 476 ἐν
1759 424 1923 496 τρισίν
1941 421 2069 475 ὐπο-

2180 431 2338 472 unam
2366 415 2642 482 deitatem,
2675 416 2788 471 sive
2819 423 3060 469 naturam
3087 421 3141 469 et
3169 413 3520 469 substantiam
3549 424 3604 469 ct
3640 432 3742 472 νιε-

495 540 762 582 στληεσιν,
804 519 914 578 ἤτοι
941 519 1237 591 προσώποις
1267 513 1582 579 δοξάζοντες,
1625 516 1692 574 ε³ς
1723 511 1755 568 ἃ
1783 513 2072 586 βεϐαπτίσ-

500 610 646 679 μεθα,
679 611 750 668 εἰς
788 607 820 661 ἂ
848 605 1293 674 πεπιστεύκαμεν,
1325 605 1412 657 καί
1444 600 1517 662 οἷς
1546 603 1943 673 συνπτάγμεθα,
1984 603 2075 662 τὰς

497 702 588 770 μὲν
615 699 868 758 ἰδιότητας
899 699 1230 768 χωρίζοντες,
1261 694 1481 753 ἕνοῦντες
1511 691 1564 748 δὲ
1589 698 1678 751 τὴν
1700 694 1929 752 θεὸτητει.
1968 699 2079 747 Μο-

495 787 623 842 νάδει
649 790 743 866 γάρ
767 790 823 842 ἐν
847 786 1038 862 τριάδι,
1068 789 1150 841 καὶ
1179 784 1360 862 τριάδα
1393 786 1444 838 ἓν
1467 782 1640 856 μονάδι
1666 791 2074 857 προσκυνίμεν,

497 877 782 954 παράδοξον
804 878 1032 948 ἔχουσαν
1058 883 1147 936 τήν
1175 874 1414 952 διαίρεσιν
1439 877 1522 928 καί
1540 879 1626 932 τήν
1656 874 1681 927 ἔ
1712 890 1856 927 ωσιν·
1889 870 2080 944 μονάδα

498 975 588 1040 μὲν
613 971 744 1023 κατά
772 971 858 1022 τὸν
882 977 973 1028 τῆς
993 969 1168 1028 οὐσίας
1195 967 1350 1038 ἤγουν
1367 966 1596 1024 θείτητος
1623 964 1760 1036 λόγον
1776 980 1791 994 ⁸
1820 962 2001 1036 τριάδα
2023 961 2078 1017 δὲ

497 1063 632 1114 κατὰ
666 1062 761 1120 τάς
784 1058 1044 1119 ἰδιότητας
1077 1059 1235 1130 ἤγουν
1277 1057 1627 1120 ὑποστάσεις,
1661 1056 1773 1112 iret
1804 1053 2078 1128 πρόσωπα·

497 1149 772 1226 διαιρεῖται
802 1152 900 1224 γὰρ
930 1147 1257 1224 ἀδιαιρέτως,
1281 1147 1343 1202 ἶν’
1363 1145 1528 1206 οὕτως
1561 1144 1814 1216 εἴπωμεν,
1838 1145 1924 1196 καί
1951 1164 2081 1198 συν-

498 1242 715 1295 ἅπτεται
753 1239 1063 1316 διῃρημένως
1081 1279 1094 1301 ,
1127 1238 1176 1292 ἓν
1205 1237 1302 1312 γὰρ
1328 1237 1378 1291 ἐν
1400 1238 1569 1311 τρισίν
1608 1237 1640 1292 ἡ
1673 1234 1876 1298 θεὸτης,
1903 1236 1989 1286 καί
2015 1234 2082 1287 τὰ

498 1333 617 1402 τρία
640 1328 708 1390 ἓν,
742 1330 790 1382 ὸν
815 1328 888 1389 οἷς
917 1333 946 1388 ἡ
974 1330 1170 1388 θεὸτης·
1201 1328 1232 1387 ἦ
1259 1329 1374 1400 τόγε
1403 1325 1755 1396 ἀκριϐέστερον
1787 1327 1963 1385 εἰπεῖν,
1991 1322 2023 1377 ἃ
2051 1325 2082 1381 ri

497 1421 692 1484 θεότης,
713 1422 842 1476 Θεὸν
883 1423 1120 1485 ἕκαστον,
1149 1415 1207 1474 ἂν
1230 1422 1472 1496 θεωρῆται
1499 1417 1645 1488 μόνον
1671 1421 1763 1470 τοῦ
1801 1421 1887 1468 νοῦ
1919 1419 2083 1491 χωρί-

497 1514 665 1574 ζαντυς
689 1513 756 1566 τὰ
783 1498 1076 1583 άχῶριστα.
1098 1512 1223 1565 Θεὸν
1245 1511 1310 1565 τά
1332 1499 1452 1582 τρία
1473 1508 1583 1577 μετ’
1603 1505 1822 1564 ἀλλήλων
1840 1506 2084 1576 νοοιῗμενα

499 1608 572 1672 τῷ
591 1609 766 1670 ταυτῷ
795 1611 888 1661 τῆς
910 1600 1012 1674 [iam
1045 1597 1323 1674 δυνάμεως]
1349 1604 1589 1658 κινήσεως
1619 1601 1704 1652 καί
1730 1606 1822 1658 τῆς
1841 1599 2041 1669 φύσεως
2065 1611 2078 1627 ’

499 1687 671 1747 ἐπειδὴ
702 1694 811 1764 χρὴ
852 1691 1046 1744 καὶτὸν
1085 1692 1169 1745 ἕνα
1213 1691 1332 1745 Θεὸν
1371 1689 1655 1762 ὁμολογεῖν,
1694 1692 1779 1744 καὶ
1815 1690 1909 1750 τὰς
1945 1697 2084 1762 τρεῖς

2175 517 2346 562 tutem
2375 515 2430 561 et
2458 515 2778 578 potestatem
2821 507 2872 561 in
2904 507 3072 562 tribus
3109 506 3466 562 subsistentiis
3492 509 3604 562 sive
3632 524 3749 578 pcr-

2177 597 2323 652 sonis
2346 595 2655 658 adorantes,
2687 597 2738 651 in
2767 597 2959 665 quibus
3003 597 3262 666 baptizati
3302 613 3504 663 sumus,
3538 600 3594 655 in
3621 615 3752 670 quas

2178 687 2465 750 credimus,
2497 688 2551 740 in
2575 688 2772 758 quibus
2799 671 3201 744 confessionem.
3219 689 3483 753 dedimus,
3512 694 3753 763 proprie-

2180 787 2318 833 tates
2345 779 2560 848 quidem
2593 788 2940 850 separamus,
2989 779 3242 834 deitatem
3273 789 3453 835 autem
3485 783 3750 838 unientes.

2183 868 2452 925 Uuitatem
2479 871 2622 924 enim
2653 871 2705 924 in
2733 869 3012 937 Trinitate,
3044 879 3098 926 et
3129 870 3446 927 Trinitatem
3473 872 3524 928 in
3551 873 3757 930 unitate

2181 961 2488 1028 adoramus,
2517 963 2814 1018 mirabilem
2838 964 3124 1018 habentem
3150 971 3205 1018 et
3231 963 3547 1019 divisionem
3570 973 3623 1020 et
3647 967 3762 1020 uni-

2183 1054 2383 1108 tionem
2407 1069 2422 1118 ;
2454 1053 2716 1107 unitatem
2743 1052 2984 1120 quidem,
3014 1052 3306 1107 secundum
3334 1055 3597 1109 rationem
3627 1054 3758 1109 sub-

2181 1144 2393 1201 stantite
2419 1159 2515 1198 seu
2543 1143 2800 1208 dena-tis;
2849 1141 3166 1197 Trinitatem
3213 1150 3414 1208 autem,
3461 1144 3758 1198 secundum
3859 1202 3863 1207 _

2183 1233 2563 1304 proprietates,
2605 1233 2692 1288 vel
2719 1232 3116 1298 subsistentias,
3161 1233 3276 1288 sive
3303 1248 3580 1303 personas.
3612 1235 3759 1290 Divi-

2183 1323 2327 1378 ditur
2354 1324 2496 1378 enim
2519 1324 2642 1379 sine
2668 1323 2930 1380 divisione
2960 1324 3039 1395 (ut
3059 1322 3136 1378 sie
3157 1323 3423 1392 dicamus)
3453 1333 3510 1379 et
3536 1325 3760 1394 conjun-

2183 1415 2328 1482 gitur
2354 1415 2545 1469 div-ise.
2578 1413 2751 1470 Unum
2777 1416 2920 1471 enim
2951 1423 3034 1472 est
3062 1415 3235 1470 deitas
3261 1415 3316 1469 in
3341 1416 3542 1479 tribus,
3573 1425 3631 1471 ct
3660 1418 3760 1472 tria

2185 1518 2349 1560 unum
2371 1545 2387 1570 ,
2433 1505 2490 1558 in
2519 1505 2712 1576 quibus
2738 1506 2914 1561 deitas
2943 1514 3025 1562 est
3058 1523 3070 1558 :
3103 1513 3198 1560 aut
3227 1506 3314 1576 (ut
3345 1507 3591 1563 subtilius
3613 1509 3762 1563 dica-

2185 1593 2335 1665 mus)
2357 1595 2474 1666 ipsa
2505 1595 2606 1650 tria
2635 1606 2716 1650 est
2739 1596 2929 1663 deitas,
2960 1610 3077 1665 qua:
3109 1597 3210 1650 tria
3239 1596 3380 1652 Deus
3409 1596 3590 1665 Pater,
3625 1599 3762 1656 Deus

2186 1684 2372 1750 Filius,
2405 1685 2544 1741 Deus
2570 1685 2802 1755 Spiritus
2830 1694 3069 1751 sanctus,
3115 1701 3238 1742 cum
3282 1679 3612 1759 unaqutequc
3643 1705 3762 1759 pcr-

502 1783 820 1842 ύποστάσεις
842 1783 1126 1857 κηρύττειν,
1154 1783 1306 1852 ἤγουν
1325 1784 1444 1858 τρία
1468 1782 1743 1856 πρόσωπα,
1768 1785 1849 1836 καί
1868 1779 2077 1840 ἑκάστην

2186 1789 2318 1829 sena
2340 1774 2514 1830 solum
2531 1775 3056 1845 intelligimrmente
3066 1783 3350 1846 separante
3364 1777 3760 1850 inseparabilia,

500 1874 628 1940 μετὰ
646 1880 738 1932 τῆς
757 1871 1024 1933 ἰδιότητος.
1040 1871 1256 1929 Baio-315
1278 1877 1369 1932 τὴν
1387 1873 1562 1927 ἕνωσιν
1584 1871 1662 1945 [ῗσ
1706 1868 2084 1945 ὁμολογοῦντες]

499 1963 762 2034 σύγχυσιν
784 1965 1093 2038 ὄρσγαζὸμεθα
1115 1965 1242 2018 κατὰ
1264 1964 1538 2028 Σαϐέλλιον,
1565 1961 1618 2016 ἓν
1637 1963 1914 2031 πρόσωπον
1933 1964 2086 2037 τριῶο

499 2077 654 2128 νυμον
681 2057 888 2128 λᾶγοντα
915 2063 1006 2116 τήν
1033 2055 1246 2131 τριάδα,
1275 2057 1358 2112 τὸν
1385 2057 1535 2111 αὐτὸν
1562 2057 1790 2132 πατέρα,
1829 2056 1917 2109 καί
1937 2055 2078 2118 νίὸν,

499 2148 578 2198 καί
603 2145 746 2218 ἅγιον
771 2153 1003 2220 πνεῦμα,
1035 2145 1155 2203 οὔτε
1198 2146 1511 2222 διαιροῦντες
1545 2143 1642 2216 [im
1671 2147 1763 2206 τάς
1801 2140 2081 2214 ἰδιότητας]

500 2235 855 2310 ἆὶλοτριοῦμεν
877 2246 968 2297 τῆς
994 2243 1084 2293 τοῦ
1123 2243 1252 2292 Θεοῦ
1273 2237 1468 2311 πατρὸς
1502 2236 1678 2295 οὐσίας
1713 2235 1798 2290 τὸν
1827 2234 1964 2296 υὲὸνν
1999 2235 2082 2287 καί

502 2331 561 2384 τὸ
584 2339 783 2405 πνεῦμα
813 2333 870 2387 τὸ
896 2331 1035 2404 ἅγιον
1054 2373 1065 2392 ,
1103 2334 1231 2388 κατά
1257 2337 1349 2391 τήν
1374 2331 1563 2404 ’Δρείου
1597 2333 1802 2403 μανίαν,
1828 2331 1903 2389 εἰς
1939 2336 2082 2402 τρεῖς

501 2417 767 2497 διαφόρους
790 2425 968 2484 οὐσίας
1006 2425 1389 2494 κατατέμνοντες
1423 2428 1512 2482 τὴν
1545 2421 1775 2480 θεὸε-ητα.
1806 2417 1894 2482 Εἷς
1917 2423 2084 2476 τοίνυν

502 2512 624 2570 Θεὸς
661 2510 689 2564 ὸ
722 2517 910 2584 πατὴρ,
943 2514 993 2576 ἐξ
1027 2511 1086 2565 οὗ
1117 2515 1182 2566 τά
1211 2513 1404 2568 irrita-rw
1437 2515 1523 2566 καί
1549 2508 1620 2571 εἷς
1649 2512 1754 2570 υίὸς
1787 2515 2076 2581 μονογενής,

500 2596 564 2652 δι’
587 2596 648 2653 οὗ
672 2603 738 2655 τὰ
761 2603 924 2654 πάντα
940 2616 953 2631 '
985 2604 1070 2656 καί
1095 2599 1145 2654 ἓν
1169 2608 1368 2673 πνεῦμα
1393 2599 1556 2674 ἅγιον,
1589 2601 1638 2653 ἓν
1665 2596 1706 2673 ᾧ
1725 2601 1791 2654 τὰ
1815 2604 2002 2653 πάντα.

2187 1873 2240 1920 et
2265 1864 2367 1919 tria
2395 1881 2534 1920 unus
2561 1865 2739 1935 Deus,
2783 1879 2906 1921 cum
2949 1867 3107 1921 simul
3149 1867 3520 1937 intelliguntur
3543 1879 3764 1940 propter

2185 1958 2431 2013 eamdem
2473 1959 2724 2015 virtutem
2769 1959 3124 2029 eamdemque
3151 1968 3399 2016 naturam
3445 1979 3460 2016 :
3508 1963 3764 2033 quoniam

2187 2059 2403 2120 oportet
2447 2059 2502 2106 et
2531 2067 2693 2105 unum
2724 2050 2894 2106 Deum
2921 2050 3164 2107 conﬁteri
3182 2092 3198 2116 ,
3242 2060 3300 2108 et
3327 2061 3436 2108 tres
3463 2054 3763 2110 subsisten-

2188 2140 2292 2196 tias
2323 2140 2636 2210 pitedicare,
2661 2156 2758 2196 seu
2788 2150 2897 2196 tres
2927 2156 3219 2212 personas,
3249 2149 3306 2198 et
3333 2158 3766 2216 unamquamque

2189 2246 2311 2285 cum
2339 2245 2432 2285 sua
2463 2233 2814 2300 proprietate.
2846 2230 2916 2286 Et
2937 2232 3200 2288 unitatem
3229 2233 3584 2301 conﬁtentes,
3635 2251 3768 2292 con-

2188 2322 2453 2378 lusiunem
2481 2337 2588 2378 non
2628 2323 2862 2380 facimus
2889 2323 3186 2381 secundum
3214 2324 3524 2394 Sabellium,
3573 2323 3767 2385 dieeni

2187 2422 2297 2470 tem
2323 2456 2339 2482 ,
2383 2414 2703 2471 Trinitatem
2751 2432 2912 2471 unam
2958 2431 3080 2473 esse
3127 2433 3410 2487 personam
3453 2420 3768 2475 trinomium

2190 2506 2598 2580 [trinonymum]
2623 2507 2877 2567 eumdem
2903 2508 3138 2572 Patrem,
3169 2517 3224 2564 et
3251 2509 3468 2576 Filium,
3495 2520 3555 2566 et
3589 2511 3772 2582 Spiri-

2187 2605 2300 2652 tum
2317 2607 2568 2654 sanctum
2591 2615 2608 2653 :
2634 2613 2736 2654 nec
2751 2598 3056 2654 dividentes
3071 2600 3451 2670 proprietates,
3467 2601 3772 2656 alienam

2184 2702 2217 2742 a
2245 2687 2342 2743 Dei
2369 2688 2544 2744 Patris
2570 2689 2870 2745 substantia
2896 2689 3088 2744 Filium
3116 2699 3172 2745 et
3207 2689 3464 2761 Spiritum
3492 2700 3766 2757 sanctum,

501 2779 789 2835 secundum
816 2779 927 2834 Arii
966 2777 1223 2842 furorem,
1257 2779 1311 2834 in
1370 2787 1482 2834 tres
1530 2778 1770 2834 diversas
1817 2783 2040 2831 naturas
2068 2777 2366 2832 incidentes
2409 2777 2686 2834 deitatem.
2724 2778 2871 2835 Unus
2921 2781 3082 2850 igitur
3132 2781 3272 2836 Deus
3311 2781 3497 2848 Pater,
3543 2797 3611 2840 ex
3658 2798 3769 2854 φο

501 2869 677 2923 omnia
706 2887 719 2921 :
752 2876 806 2924 et
835 2883 972 2923 unus
1000 2869 1308 2938 unigenitus
1328 2868 1514 2935 Filius,
1541 2883 1640 2938 per
1665 2881 1824 2936 quem
1849 2866 2030 2922 omnia
2057 2883 2072 2920 :
2113 2874 2169 2922 et
2196 2882 2332 2921 unus
2357 2869 2590 2938 Spiritus
2617 2878 2856 2935 sanctus,
2890 2871 2942 2926 in
2968 2887 3076 2942 quo
3105 2873 3305 2928 omnia.

568 3011 936 3083 Ὀμολογοῦμεν
973 3007 1026 3064 δέ
1060 3009 1210 3063 αὐτὸν
1243 3008 1330 3062 τὸν
1365 3013 1600 3079 μονογενῆ
1639 3006 1751 3060 υἱὸν
1780 3009 1870 3061 τοῦ
1916 3011 2073 3070 θεοῦ,

2251 3002 2586 3060 confitemur
2613 3015 2794 3062 autem
2826 3007 2998 3078 ipsum
3030 3009 3361 3077 unigenitum
3403 3010 3593 3066 Filium
3642 3012 3764 3079 Dei,

499 3108 622 3162 Θεὸν
643 3106 810 3179 λόγον,
850 3107 938 3162 τὸν
967 3105 1072 3179 πρὸ
1096 3103 1282 3157 αἰώνων
1309 3104 1395 3156 καί
1419 3101 1656 3176 ἁχρὸνως
1686 3102 1740 3155 ἐκ
1765 3107 1856 3156 τοῦ
1887 3103 2080 3177 πατρδς

496 3199 807 3271 γεννηθέντα,
833 3197 892 3250 οὗ
917 3196 1187 3254 ποιηθέντα
1208 3233 1223 3258 ,
1251 3193 1330 3248 ἔπ’
1372 3194 1614 3262 ἐσχάτων
1654 3200 1754 3248 τῶν
1791 3193 1986 3267 ἡμερῶν
2014 3189 2081 3246 δι’

2147 3143 2150 3145 .
2184 3093 2352 3150 Deum
2382 3095 2636 3161 Verbum,
2661 3106 2786 3153 ante
2807 3099 3000 3154 saecula
3026 3108 3081 3154 et
3107 3101 3223 3156 sine
3251 3111 3494 3172 tempore
3515 3119 3582 3160 ex
3604 3105 3766 3160 Patre

2183 3195 2388 3254 natum,
2419 3204 2526 3243 non
2555 3187 2750 3244 factum
2769 3229 2786 3256 ,
2817 3191 2870 3245 in
2900 3192 3102 3248 ultimis
3127 3193 3317 3249 diebus
3343 3203 3564 3266 propter
3586 3212 3692 3252 nos
3714 3207 3767 3253 et

499 3294 656 3357 ἡμᾶς,
682 3291 768 3342 καί
797 3287 879 3342 διὰ
901 3294 992 3347 τὴν
1017 3290 1260 3364 ἡμετέραν
1298 3292 1552 3362 σωτηρίαν
1581 3287 1875 3341 κατελθόντα
1905 3287 1955 3339 ἐκ
1980 3293 2077 3341 τῶν

2180 3285 2406 3348 propter
2423 3286 2664 3333 nostram
2695 3280 2922 3334 salutem
2945 3281 3286 3339 descendisse
3311 3285 3380 3340 de
3402 3286 3572 3350 cmlis,
3593 3296 3653 3342 et
3685 3290 3766 3343 in-

498 3381 745 3450 οὐρανῶν,
775 3383 860 3433 καὶ
882 3379 1202 3453 σαρκωθέντα
1241 3381 1293 3432 ἐκ
1329 3380 1616 3447 πνεύματος
1646 3375 1822 3450 ἁγίου,
1863 3379 1949 3428 καί
1989 3381 2080 3435 τῆς

499 3469 648 3540 ἁγίας
695 3467 892 3533 ἐνδόξου
934 3468 1196 3533 θεοτὸκου,
1241 3471 1323 3520 καί
1351 3467 1683 3540 ἆειπαρθένου
1725 3468 1951 3540 Μαρίας,
1989 3467 2081 3518 καί

499 3561 788 3635 γεννηθέντα
817 3562 866 3625 ἐξ
895 3561 1080 3622 αὐτῆς,
1117 3556 1172 3619 ὃς
1205 3559 1314 3613 ἐστι
1343 3558 1513 3632 κύριος
1539 3562 1734 3617 Ἰησοῦς
1760 3556 1980 3630 Χριστὸς
2009 3551 2079 3614 εἷς

498 3661 588 3712 τῆς
609 3651 764 3724 ἁγίας
781 3649 1007 3726 τριάδος,
1035 3649 1301 3720 ὸμοούσιος
1323 3657 1397 3722 τῷ
1423 3649 1518 3720 θεῷ
1545 3652 1625 3708 καί
1652 3650 1812 3722 πατρὶ
1837 3648 1970 3702 κατά
1988 3649 2078 3705 τὴν

497 3742 731 3808 θεὰ-ητα,
762 3745 849 3796 καὶ
875 3742 1142 3813 ὸμοούσεος
1170 3742 1286 3809 ἡμῖν
1315 3739 1342 3793 ὸ
1365 3741 1522 3798 αὐτὸς
1547 3740 1680 3793 κατὰ
1709 3743 1801 3796 τήν
1825 3736 2081 3813 άνθρωπὸ·

498 3855 650 3892 ma.
678 3833 900 3893 παθητὸς
927 3835 1094 3907 σαρκί,
1129 3833 1323 3890 ἀπαθὴς
1352 3830 1378 3886 ὸ
1404 3832 1552 3910 αὐτὸς
1579 3827 1794 3888 θεότητι.
1823 3829 1956 3885 οῦτε
1973 3832 2077 3905 γάρ

498 3924 672 3997 ἔτερὸς
697 3927 775 3983 τίς
813 3925 923 3978 ἐστι
951 3925 1091 3996 παρὰ
1116 3924 1198 3978 τὸν
1227 3925 1348 3977 Θεὸν
1365 3923 1510 3995 λόγον
1533 3921 1558 3977 ὸ
1587 3923 1644 3976 τὸ
1673 3922 1828 3982 πάθος
1863 3925 1947 3976 καί
1993 3924 2079 3978 τὸν

500 4015 710 4068 θάνατον
747 4011 1158 4085 άναὸεδεγμίνος’
1195 4013 1300 4097 διξὸς⁸
1328 4014 1482 4072 αὐτὸς
1522 4013 1548 4068 ὸ
1585 4014 1780 4073 ἀπαθής
1807 4016 1890 4066 καί
1918 4011 2079 4074 ἀΐδιος

498 4108 591 4156 τοῦ
620 4106 748 4156 Θεοῦ
769 4101 913 4173 λόγος
933 4105 1206 4174 γεννήσεως
1224 4099 1418 4179 ’σαρκὸς
1436 4102 1747 4176 ἀνθρωπίνης
1773 4101 2075 4174 ἀνασχόμε-

389 4187 398 4194 ’
499 4212 605 4253 νος,
637 4193 704 4246 τά
728 4193 894 4248 πάντα
923 4192 1239 4264 πεπλήρωκε.
1266 4193 1348 4246 Διὸ
1386 4194 1472 4244 οὐκ
1509 4188 1656 4246 ἄλλον
1680 4193 1767 4247 τὸν
1791 4195 1912 4247 Θεὸν
1935 4194 2076 4264 λόγον

498 4285 582 4338 τὸν
617 4285 1168 4358 θαυματουργήσαντα,
1204 4285 1284 4336 καί
1325 4277 1466 4336 ἄλλον
1493 4283 1578 4336 τὸν
1615 4283 1831 4357 Χριστὸν
1853 4285 1941 4338 τὸν
1970 4304 2048 4339 πει

2181 3380 2459 3426 carnatum
2489 3386 2610 3426 esse
2650 3387 2716 3426 ex
2757 3370 2958 3443 Spiritu
2987 3383 3200 3441 sancto,
3233 3385 3288 3430 et
3312 3386 3496 3432 sancta
3525 3379 3764 3448 gloriosa

2180 3463 2277 3519 Dei
2298 3463 2576 3522 Genitriee
2593 3482 2808 3538 semper
2825 3469 3036 3536 virgine
3045 3455 3234 3535 Maria,
3247 3480 3308 3526 et
3332 3482 3516 3530 natura
3534 3491 3602 3535 ex
3621 3477 3764 3547 ipsa,

2175 3556 2271 3625 qui
2300 3563 2386 3611 est
2413 3555 2672 3612 Dominus
2700 3556 2853 3613 Jesus
2873 3557 3138 3624 Christus,
3170 3577 3307 3617 unus
3323 3562 3398 3619 de
3423 3573 3609 3622 sancta
3639 3566 3764 3623 Tri-

2180 3647 2382 3713 nitate,
2430 3648 2896 3709 consubstantialis
2942 3649 3054 3706 Deo
3093 3647 3240 3707 Patri
3262 3655 3554 3710 secundum
3587 3655 3764 3711 deita-

2181 3747 2290 3793 tem
2311 3781 2327 3807 ,
2370 3747 2425 3795 et
2452 3741 2921 3799 consubstantialis
2945 3743 3101 3802 nobis
3141 3744 3280 3801 idem
3323 3747 3438 3818 ipse
3465 3750 3761 3804 secundum

2181 3828 2591 3893 humanitatem,
2615 3831 2886 3900 passibilis
2903 3847 3085 3898 carne,
3110 3833 3455 3904 impassibilis
3485 3835 3627 3891 idem
3647 3839 3763 3908 ipse

2181 3920 2401 3978 deitate.
2450 3921 2568 3976 Non
2617 3923 2760 3978 enim
2789 3923 2926 3980 alius
2964 3923 3180 3994 quidam
3221 3935 3304 3982 est
3346 3936 3546 3999 praeter
3591 3929 3762 3985 Deum

2179 4009 2415 4066 Verbum
2438 4052 2454 4078 ,
2501 4013 2592 4081 qui
2629 4013 2937 4082 passionem
2977 4022 3035 4070 et
3073 4010 3306 4071 mortem
3348 4018 3587 4088 suscepit
3621 4037 3635 4071 :
3669 4018 3762 4074 sed

2179 4099 2296 4170 ipse
2323 4101 2666 4172 impassibilis
2695 4109 2750 4156 et
2777 4103 3138 4173 sempiternus
3163 4105 3305 4161 Deus
3331 4105 3568 4163 Verbum
3595 4123 3762 4178 θεειο-

2178 4192 2442 4248 rationem
2465 4193 2645 4249 carnis
2666 4194 2913 4250 humana:
2938 4196 3206 4252 sustinere
3227 4197 3492 4268 dignatus,
3519 4199 3760 4270 implevit

2179 4283 2379 4339 munia.
2408 4283 2534 4340 [deo
2560 4299 2670 4340 non
2696 4284 2860 4340 alium
2882 4285 3048 4341 Deum
3063 4286 3298 4343 Verbum
3327 4303 3445 4344 esse
3470 4290 3562 4359 qni
3589 4291 3754 4346 mira-

497 4375 642 4428 θὸντει
681 4375 1022 4450 ἐπιστάμεθα·
1062 4373 1167 4428 ἀλλ’
1190 4373 1280 4428 ἕνα
1318 4377 1400 4428 καί
1437 4374 1522 4428 τὸν
1550 4377 1696 4430 αὖτὸν
1729 4377 1896 4448 κύριον
1931 4377 2072 4446 ἡμῶν

2180 4382 2292 4438 cula
2320 4390 2577 4452 operatus
2604 4391 2705 4450 est,
2735 4392 2792 4438 et
2819 4383 2981 4438 alium
3011 4382 3286 4440 Christum
3316 4387 3408 4456 qui
3433 4402 3623 4458 passus
3653 4399 3756 4454 est,

495 4474 688 4525 Ἰησοῦν
733 4467 948 4542 Χριστὸν
988 4467 1072 4522 τὸν
1117 4472 1208 4521 τοῦ
1247 4471 1374 4520 Θεοῦ
1415 4465 1556 4536 λόγον
1599 4468 1946 4540 σαρκωθὲντα,
1993 4470 2076 4520 καί

501 4559 943 4633 ἐνανθρωπήσαντα
963 4598 978 4621 ,
1009 4560 1087 4610 καί
1128 4563 1218 4611 τοῦ
1247 4557 1401 4612 αὐτοῦ
1427 4550 1493 4608 τοί
1515 4574 1572 4611 τε
1601 4557 1863 4627 Θαύματα,
1903 4560 1986 4611 καὶ
2012 4558 2076 4614 τά

500 4648 656 4709 πάθη,
689 4647 820 4722 άπερ
847 4647 1086 4706 ἑκουσίως
1112 4649 1342 4720 ὑπέμεινε
1371 4651 1542 4721 σαρκί,
1573 4647 1929 4718 ὁμολογοῦμεν
1959 4647 2076 4704 οὔτε

495 4741 590 4816 γάρ
613 4737 876 4811 ἄνθρωπὸς
903 4760 981 4799 τις
1009 4739 1140 4815 ὑπὲρ
1164 4741 1302 4809 ἡμῶν
1320 4736 1508 4793 εαυτὸν
1528 4737 1760 4803 δέδωκεν,
1795 4739 1898 4792 ἀλλ’
1925 4741 2079 4803 αὐτὸς

496 4830 522 4886 ὸ
547 4833 668 4892 Θεὸς
705 4830 850 4903 λόγος
879 4831 937 4884 τὸ
965 4829 1088 4885 ἴδιον
1126 4837 1279 4901 σῶμα
1305 4829 1514 4886 δέδωνεν
1543 4831 1673 4904 ὑπὲρ
1698 4833 1836 4900 ἡμῶν
1857 4872 1872 4896 ,
1899 4832 1979 4887 ἵνα
2009 4837 2077 4902 μή

497 4924 564 4984 εἰς
597 4921 852 4999 ἄνθρωπον
875 4924 906 4980 ἡ
927 4927 1102 4980 πίστις
1123 4922 1204 4976 καί
1224 4924 1254 4980 ἡ
1282 4922 1419 4982 ἐλπὶς
1449 4924 1586 4993 ἡμῶν
1611 4919 1664 4998 ᾖ.
1693 4921 1797 4976 ἀλλ’
1819 4925 1897 4983 εἷς
1926 4925 2077 4978 αὐτὸν

495 5015 578 5068 τὸν
617 5015 736 5069 Θεὸν
774 5015 919 5086 λόγον
962 5019 1050 5072 τὴν
1076 5015 1324 5086 ἡμετέραν
1357 5017 1531 5068 πίστιν
1571 5011 1797 5085 ἔχωμεν.
1827 5017 1912 5068 καί
1954 5018 2076 5071 Θεὸν

492 5111 656 5162 τοίνυν
690 5109 839 5165 αῦτῖν
881 5106 1237 5179 ὁμολογοῦντες
1265 5107 1349 5159 οὐκ
1379 5106 1650 5174 ἀθετοῦμεν
1681 5109 1738 5161 τὸ
1768 5102 1892 5160 εἶναι
1927 5110 2075 5164 αὐτὸν

493 5201 576 5251 καί
605 5196 895 5273 ἄνθρωπε-ον’
930 5201 1009 5253 καί
1039 5197 1301 5272 ἆιθρωπον
1326 5198 1546 5272 λέγοντες
1573 5200 1746 5255 αὐτὸν.
1780 5200 1868 5252 οὐκ
1891 5201 2074 5272 ἀρνού-

495 5295 618 5361 μεὲει
645 5293 700 5347 τὸ
732 5289 854 5347 εἶναι
883 5293 1031 5348 αὐτὸν
1061 5296 1139 5347 καί
1167 5293 1307 5348 Θεὸν.
1327 5295 1382 5346 Εἰ
1409 5294 1506 5366 γὰρ
1532 5294 1656 5352 Θεὸς
1684 5292 1830 5363 μένον
1854 5290 1934 5355 ἦν,
1959 5301 2069 5354 πῶς

492 5381 730 5452 imula;
793 5393 900 5444 πῶς
952 5387 1270 5458 ἄστεινροῦτο
1317 5387 1402 5441 καί
1449 5384 1781 5446 ﬁniam-ta;
1831 5385 2072 5457 ἀλλότρια

489 5477 588 5550 γάρ
617 5480 782 5527 ταῦτα
808 5483 952 5528 Θεοῦ.
984 5481 1045 5527 Ei
1068 5475 1120 5531 δὲ
1151 5472 1408 5552 ἅνθρωπος
1435 5474 1604 5547 μόνον,
1623 5482 1731 5535 πῶς
1751 5472 1835 5531 διᾶ
1859 5482 1948 5533 τοῦ
1975 5479 2073 5531 πά-

488 5566 605 5624 Θονς
637 5566 795 5626 ivit“;
825 5572 931 5624 πῶς
961 5563 1146 5631 iouis;
1176 5571 1285 5627 πῶς
1312 5567 1598 5630 ἕζωοποίεις
1633 5572 1799 5622 ταῦτα
1821 5569 1920 5640 γάρ
1943 5567 2071 5644 ὑπὲρ

488 5653 740 5734 ἆνὺριιηεον
767 5652 844 5714 ἦν.
877 5663 975 5710 Νῦν
997 5654 1048 5711 δὸ
1084 5656 1109 5710 ὸ
1134 5659 1282 5716 αὐτὸς
1305 5659 1541 5727 πάσχει.
1574 5658 1658 5710 καί
1681 5661 1857 5725 σώζει,
1887 5661 1967 5712 καὶ
1991 5655 2074 5712 διὰ

489 5755 578 5803 τοῦ
607 5749 797 5806 πάθους
825 5746 995 5817 νιαᾷ,ὸ
1018 5747 1168 5806 αὐτὸς
1187 5748 1331 5806 Θεὸς.
1356 5747 1381 5801 ὸ
1406 5749 1566 5806 αὐτὸς
1593 5743 1856 5818 ἅνθρωπος
1877 5748 1935 5801 τὸ
1959 5767 2075 5802 συν·

2178 4476 2551 4546 cognoscimus
2583 4494 2595 4529 :
2629 4476 2724 4530 sed
2764 4491 2929 4530 unum
2958 4477 3317 4547 eumdemque
3349 4477 3633 4534 Dominum
3659 4497 3755 4536 no-

2179 4575 2350 4621 strum
2379 4565 2561 4622 Jesum
2592 4567 2885 4630 Christum,
2910 4566 3002 4622 Dei
3032 4565 3266 4622 Verbum
3296 4567 3636 4625 incarnatum
3656 4611 3672 4636 ,
3701 4581 3757 4625 et

2179 4657 2452 4712 hominem
2480 4657 2699 4723 factum,
2730 4666 2784 4713 et
2807 4658 3050 4727 ejusdem
3072 4659 3238 4729 ipsius
3264 4661 3527 4716 miracula
3548 4671 3603 4716 et
3634 4677 3757 4733 pas-

2179 4747 2380 4812 siones,
2421 4763 2556 4818 quas
2593 4763 2758 4802 carne
2789 4747 3089 4803 voluntarie
3112 4749 3389 4815 sustinuit,
3417 4750 3755 4806 conﬁtemur.

2179 4835 2296 4892 Non
2327 4838 2467 4892 enim
2490 4837 2654 4892 homo
2682 4837 2876 4906 aliquis
2904 4853 3002 4908 pro
3031 4838 3188 4894 nobis
3211 4839 3556 4915 semetipsum
3584 4841 3752 4906 dedit,

2179 4927 2274 4983 sed
2304 4927 2418 4997 ipse
2441 4926 2582 4981 Deus
2609 4923 2843 4981 Verbum
2873 4943 3028 4982 suum
3059 4944 3257 4999 corpus
3277 4939 3376 4999 pro
3405 4930 3559 4986 nobis
3583 4931 3750 4994 dedit,

2179 5030 2248 5071 ne
2273 5016 2324 5070 in
2356 5015 2630 5070 hominem
2653 5015 2782 5070 ﬁdes
2803 5023 2858 5071 et
2882 5031 3005 5086 spes
3032 5028 3215 5073 nostra
3246 5019 3347 5085 sit,
3381 5018 3476 5074 sed
3499 5021 3548 5074 in
3579 5021 3749 5091 ipsum

2179 5105 2348 5160 Deum
2393 5105 2625 5160 Verbum
2655 5113 2896 5159 nostram
2925 5105 3080 5162 fidem
3113 5099 3423 5163 habeamus.
3475 5108 3540 5163 Et
3584 5109 3751 5165 Deum

2179 5196 2340 5266 igitur
2368 5211 2491 5252 eum
2531 5196 2852 5262 conﬁtentes
2871 5239 2885 5263 ,
2934 5214 3042 5254 non
3072 5199 3400 5270 abnegamus
3429 5201 3598 5270 ipsum
3631 5216 3754 5256 esse

2181 5297 2236 5343 et
2265 5289 2535 5342 hominem
2571 5307 2584 5342 :
2615 5300 2672 5344 et
2694 5289 2964 5344 hominem
2992 5291 3232 5345 dicentes
3255 5307 3396 5357 eum,
3449 5305 3553 5346 non
3582 5293 3751 5346 abne-

2180 5396 2368 5451 gamus
2397 5382 2566 5452 ipsine
2596 5398 2718 5440 esse
2737 5392 2790 5438 et
2817 5383 3004 5446 Deum.
3031 5383 3106 5438 Si
3149 5384 3294 5439 enim
3333 5385 3472 5440 Deus
3507 5391 3751 5440 tantum-

2179 5471 2342 5526 modo
2361 5479 2526 5540 esset,
2543 5472 2813 5542 quomodo
2830 5473 3168 5543 patiebatur?
3185 5473 3459 5542 quomodo
3478 5474 3754 5541 ermiiige—

2178 5563 2338 5618 batur
2367 5571 2422 5617 et
2445 5563 2814 5624 moriebatur?
2841 5563 3028 5620 Aliena
3058 5564 3199 5620 enim
3231 5565 3332 5620 ista
3359 5572 3483 5620 sunt
3504 5563 3632 5618 Deo.
3656 5563 3751 5617 Sin

2183 5664 2362 5709 autem
2387 5654 2550 5710 homo
2572 5654 2769 5723 solum,
2797 5655 3078 5724 quomodo
3107 5669 3205 5727 per
3229 5655 3538 5726 passionem
3567 5655 3748 5709 vince-

2179 5745 2311 5800 bat?
2335 5743 2612 5814 quomodo
2631 5746 2810 5803 salvos
2834 5745 3096 5806 faciebat?
3111 5747 3393 5815 Quomodo
3415 5745 3713 5806 viviﬁcabat
3729 5783 3743 5801 .
