4032 6190
473 267 571 323 95!

1843 257 2133 315 V'ICILIUS
2174 257 2375 314 PAPA.

3627 243 3724 281 0".0

3630 275 3726 304 Et);

469 406 585 450 -τος,
615 384 700 440 καί
728 382 754 438 ό
783 383 1040 443 ἀθάνατος,
1072 381 1235 451 νόμοις
1265 380 1555 434 ὑποκεῖσθαι
1586 379 1818 433 θανάτου.
1862 383 2049 430 Τοῦτον

2164 375 2337 428 homo.
2361 372 2490 427 Ideo
2520 371 2738 442 proprie
2768 377 2822 424 et
2853 382 2976 422 vere
3005 365 3098 442 Qei
3139 362 3467 420 Genitricem
3489 370 3724 418 sanctam

471 475 557 533 τόν
599 477 646 530 έν
691 476 906 544 Bome};
941 472 1231 546 γεννηθέντα
1277 471 1330 523 ἐκ
1380 471 1676 543 σπέρματος
1731 465 1884 520 Δαυίδ
1925 465 2054 519 κατὰ

474 573 639 645 σάρκα
662 608 677 634 ,
711 567 1012 638 ὁμοιωθέντα
1057 565 1331 637 άιθρὼποις
1351 609 1364 628 ,
1397 564 1482 615 καί
1523 561 1879 634 σταυρωθέντα
1922 558 2054 630 ὑπὲρ

472 663 611 733 ἡμῶν
649 666 746 712 τῶν
775 657 1050 730 ἀνθρώπων
1096 654 1178 708 ἐπί
1206 654 1410 705 Ποντίου
1455 650 1687 709 Πιλάτου.
1733 647 1972 722 ἐκήρυξαν
2009 644 2055 696 οί

472 751 608 823 ἆγιοι
628 749 898 810 ἀπόστολοι
919 747 1069 802 αὐτόν
1095 740 1220 798 εἶναι
1248 744 1392 803 Θεὸν,
1425 741 1572 796 αὐτόν
1603 737 1878 810 ἄνθρωπον,
1908 739 2054 792 αὐτόν

473 843 580 896 υἱὸν
607 842 869 912 ἀνθρώπου
888 879 902 902 ,
929 837 1077 892 αὑτὸν
1109 835 1158 898 ἐξ
1197 835 1411 909 οὐρανοῦ
1431 873 1443 894 ,
1473 832 1619 885 αὐτόν
1642 831 1742 884 ἀπὸ
1763 838 1876 900 γῆς,
1905 829 2056 881 αὐτὸν

474 937 659 995 ἀπαθῆ,
693 933 842 986 αὐτόν
883 928 1116 987 παθητόν.
1148 925 1210 979 Ὀ
1245 927 1345 999 γάρ
1372 923 1616 996 γεννηθείς
1657 918 1837 976 ἄνωθεν
1878 920 1927 971 ἐκ
1964 923 2053 972 τοῦ

477 1024 667 1098 πατρὸς
691 1022 834 1094 λόγος
857 1019 1111 1093 άῤῥήτως,
1135 1017 1430 1091 ἀφράστως,
1463 1012 1856 1073 ἀκαταλήπτως,
1881 1006 2057 1068 ἀ.δίως

477 1115 629 1172 αὐτὸς
669 1112 717 1164 έν
751 1110 926 1183 χρόνῳ
965 1111 1194 1180 γεννᾶται
1221 1105 1435 1159 κάτωθεν
1465 1104 1518 1156 ἐκ
1551 1101 1802 1174 παρθένου
1833 1099 2052 1170 Μαρίας,

474 1204 558 1258 ἵνα
583 1202 628 1254 οἱ
656 1200 874 1255 κάτωθεν
904 1198 1148 1273 πρότερον
1172 1194 1504 1267 γεννηθέντες,
1535 1188 1717 1245 ἄνωθεν
1738 1190 1794 1243 ἐκ
1815 1187 2056 1264 δευτέρου

475 1295 774 1365 γεπηοῶσι,
805 1292 1068 1346 τουτέστιν
1096 1288 1148 1340 έκ
1181 1291 1330 1340 Θεοῦ.
1369 1285 1528 1344 Atra;
1558 1277 1643 1337 οῦν
1673 1282 1868 1353 μητέρα
1911 1279 2057 1350 μόνον

476 1385 593 1455 ἔχει
621 1386 708 1437 ἒπί
736 1391 825 1442 τῆς
853 1389 966 1455 γῆς,
993 1382 1078 1433 καί
1107 1381 1253 1449 ἡμεῖς
1275 1377 1476 1451 πατέρα
1513 1375 1661 1446 μόνον
1685 1372 1878 1444 ἔχομεν
1902 1373 1952 1425 ἐν
1975 1371 2057 1424 οῦ-

479 1483 635 1552 ρανῷ.
668 1475 847 1529 Λαϐὼν
873 1475 973 1547 γὰρ
999 1473 1084 1530 τόν
1117 1470 1636 1546 θνητόν-’πατέρα-τῶν
1671 1466 1943 1541 ἀνθρώπων
1971 1466 2059 1518 τόν

478 1564 632 1636 Ἀδάμ.
649 1607 664 1630 ,
697 1562 856 1618 ἔδωκε
886 1569 989 1622 τοῖς
1017 1562 1300 1637 ἀνθρώποις
1324 1558 1408 1614 τὸν
1437 1557 1622 1612 ἑαυτοῦ
1651 1556 1852 1629 πατέρα
1879 1554 2060 1607 ἀθάνα-

479 1678 564 1714 τον
600 1658 730 1712 κατὰ
767 1656 825 1711 τὸ
863 1653 1146 1725 λεγόμενον,
1171 1669 1189 1701 ε
1214 1649 1428 1706 Δέδωκεν
1453 1650 1626 1708 αὐτοῖς
1657 1648 1886 1712 ἐξουσίαν
1914 1646 2059 1700 τέκνα

2158 467 2444 536 gloriosam
2477 473 2530 519 et
2559 478 2773 532 semper
2804 460 3059 528 virginem
3104 457 3326 510 Mariam
3370 455 3725 510 conﬁtemur:

2158 575 2265 613 non
2305 559 2428 626 quia
2472 557 2614 612 Deus
2645 555 2876 607 Verbum
2905 551 3115 605 initium
3145 563 3211 603 ex
3242 548 3352 616 ipsa
3382 545 3611 616 accepit,
3639 547 3732 600 sed

2157 648 2299 718 quod
2325 648 2377 701 in
2407 645 2606 700 ultimis
2631 644 2819 698 diebus
2847 640 3154 709 unigenitus
3183 639 3325 693 Deus
3347 636 3578 691 Verbum
3597 677 3613 703 ,
3643 637 3732 706 qui

2159 747 2284 793 ante
2321 737 2512 792 smcula
2545 743 2689 801 erat,
2733 733 3043 789 incarnatus
3071 746 3137 784 ex
3170 729 3304 799 ipsa,
3332 727 3735 782 immutabiliter

2159 832 2320 884 homo
2349 827 2523 882 factus
2551 834 2635 880 est
2668 843 2679 878 :
2710 833 2764 878 et
2794 839 2914 879 cum
2946 819 3227 877 invisibilis
3256 820 3307 873 in
3338 820 3447 873 suis
3473 827 3635 883 esset,
3659 819 3738 871 vi-

2157 919 2325 974 sibilis
2349 917 2519 972 factus
2546 924 2627 971 est
2659 917 2709 970 in
2742 914 2941 969 nostris
2968 931 2979 965 :
3007 920 3060 967 et
3083 927 3200 966 cum
3234 909 3575 980 impassihilis
3596 909 3740 964 Deus

2158 1019 2320 1074 esset,
2352 1026 2458 1064 non
2501 1009 2819 1076 dedignatus
2845 1013 2928 1060 est
2968 1004 3237 1076 passibilis
3267 1017 3386 1057 esse
3423 1001 3627 1068 homo;
3685 1010 3742 1056 ct

2158 1101 2498 1167 immortalis,
2529 1098 2720 1154 mortis
2748 1097 2953 1166 legibus
2993 1095 3290 1164 subjacere.
3321 1087 3520 1155 Istum,
3563 1093 3656 1161 qui
3686 1093 3738 1145 in

2159 1193 2472 1248 Bethlehem
2490 1192 2558 1246 de
2579 1191 2788 1246 semine
2815 1188 2983 1244 David
3007 1197 3165 1244 natus
3191 1195 3274 1241 est
3301 1186 3590 1241 secundum
3621 1200 3741 1240 car-

2159 1297 2302 1348 nem,
2334 1290 2390 1336 et
2418 1265 2608 1336 similis
2653 1278 2827 1333 factus
2870 1277 3200 1341 hominibus,
3248 1282 3302 1329 et
3345 1273 3633 1329 cruciﬁxus
3660 1280 3740 1327 est

2160 1387 2257 1442 pro
2304 1371 2608 1424 hominibus
2652 1367 2751 1422 sub
2799 1366 2992 1422 Pontio
3043 1363 3255 1430 Pilato,
3312 1363 3741 1434 prtedicavernut

2159 1463 2332 1520 sancti
2370 1463 2600 1532 apostoli
2630 1462 2803 1530 ipsum
2844 1473 2963 1516 esse
2988 1455 3189 1529 Deum,
3223 1457 3398 1526 ipsum
3425 1455 3737 1515 hominem;

2161 1555 2335 1624 ipsum
2375 1553 2566 1608 Filium
2610 1552 2724 1620 Dei,
2757 1551 2929 1622 ipsum
2959 1545 3124 1603 tilium
3155 1547 3428 1612 hminis;
3471 1548 3645 1616 ipsum
3674 1546 3741 1601 de

2161 1644 2321 1710 ccelo,
2352 1643 2522 1712 ipsum
2563 1641 2630 1697 de
2672 1650 2852 1706 terra;
2905 1639 3078 1708 ipsum
3119 1635 3531 1707 impassibilem,
3565 1636 3740 1705 ipsmu

478 1757 605 1805 Θεοῦ
635 1748 876 1821 γενέσει-ι.
895 1764 912 1798 ι
936 1743 1082 1799 Ὀθεν
1113 1745 1196 1798 καὶ
1217 1743 1429 1796 θανάτου
1459 1742 1589 1795 κατὰ
1618 1739 1782 1812 σάρκα
1800 1740 2002 1810 γεύεται

2164 1735 2490 1807 passibilem.
2518 1733 2658 1788 Deus
2686 1733 2828 1787 enim
2857 1730 3113 1794 Verbum,
3146 1730 3236 1798 qui
3269 1737 3424 1783 natus
3452 1735 3532 1782 est
3552 1726 3742 1782 desur-

478 1842 584 1902 υίός
624 1845 714 1896 τοῦ
744 1843 872 1893 Θεοῦ
914 1835 998 1892 διὰ
1025 1837 1109 1892 τὸν
1150 1833 1387 1906 σαρκικὸν
1429 1833 1584 1887 αὐτοῦ
1623 1829 1856 1905 πατέρα,
1897 1829 1980 1885 ἵνα
2011 1827 2056 1880 οἱ

479 1933 582 1986 υίοί
617 1936 708 1986 τοῦ
737 1931 997 2006 ἀνθρώπου
1026 1935 1117 1987 τῆς
1146 1930 1280 1990 ζωῆς
1321 1925 1477 1978 αὐτοῦ
1514 1920 1839 1993 μεταλάϐωσι
1867 1916 1947 1972 διὰ
1974 1919 2058 1972 τὸν

478 2027 608 2079 κατά
633 2028 831 2094 πνεῦμα
859 2023 1019 2075 αὐτῶν
1060 2018 1256 2094 πατέρα
1288 2016 1372 2070 τὸν
1413 2013 1550 2068 Θεὸν.
1603 2011 1758 2072 Δῦτὸς
1804 2005 1892 2064 οῦν
1933 2009 2058 2062 κατά

478 2116 625 2184 φύσιν
652 2113 760 2172 υἱός
787 2112 894 2166 ἐστι
917 2116 1006 2164 τοῦ
1042 2113 1190 2170 Θεοῦ,
1234 2108 1381 2180 ἡμεῖς
1411 2105 1545 2158 κατά
1573 2105 1751 2176 χάριν.
1792 2103 1885 2155 Καὶ
1910 2100 2059 2154 πάλιν

481 2208 632 2266 αὐτὸς
653 2205 760 2260 κατ’
789 2204 1065 2274 οἰκονομίαν
1089 2203 1176 2255 καί
1197 2198 1260 2255 δι’
1286 2201 1420 2264 ἡμᾶς
1444 2197 1553 2257 υἶὸς
1576 2197 1746 2269 γέγονε
1774 2201 1861 2250 τοῦ
1884 2191 2057 2264 Ἄδερι,

481 2298 623 2363 ἡμεῖς
653 2294 707 2350 δέ
736 2295 868 2349 κατὰ
908 2289 1238 2366 φύσινέσμὲν
1274 2290 1378 2344 υἱοί
1404 2294 1494 2344 τοῦ
1525 2286 1704 2367 ᾌδάμ.
1751 2290 1918 2359 Πατήρ
1959 2287 2057 2359 γὰρ

481 2391 633 2443 αὐτοῦ
679 2390 815 2442 ἐστὶν
851 2386 1031 2446 ὁΘεὸς
1071 2386 1208 2440 κατά
1247 2387 1418 2456 φύσιν,
1460 2383 1597 2452 ἡμῶν
1626 2380 1678 2435 δέ
1720 2381 1851 2434 κατά
1877 2381 2057 2454 χάριν.

483 2482 572 2532 Καὶ
594 2478 712 2537 Θεὸς
739 2479 894 2530 αὐτοῦ
937 2478 1103 2548 γέγονε
1141 2473 1253 2529 κατ’
1281 2476 1588 2543 οἰκονομίαν,
1617 2469 1745 2526 διότι
1774 2468 2058 2544 ἅνθρωπος,

483 2572 618 2638 ἡμῶν
655 2567 708 2622 δέ
743 2569 871 2622 κατά
916 2569 1062 2638 φύσιν
1107 2564 1357 2625 δεσπότης
1400 2566 1513 2618 ἐστί
1558 2566 1642 2618 καί
1684 2564 1826 2623 Θεός.
1863 2567 1950 2618 καί
1977 2562 2063 2618 διὰ

482 2666 631 2715 τοῦτο
661 2659 686 2713 ὁ
713 2659 886 2729 λόγος,
921 2655 979 2718 ὅς
1017 2658 1150 2712 ἐστιν
1187 2657 1297 2716 υίὸς
1320 2661 1409 2711 τοῦ
1438 2659 1564 2709 Θεοῦ
1607 2655 1822 2729 πατρὸς,
1867 2653 2062 2716 ίνωθείς

484 2752 635 2825 σαριιί
677 2749 842 2821 γέγονε
871 2749 1034 2823 σάρξ,
1057 2748 1142 2801 ἵνα
1179 2745 1225 2800 οί
1249 2742 1499 2819 ἄνθρωποι
1525 2742 1778 2802 ένωθέντες
1811 2749 1882 2813 τῷ
1912 2744 2064 2799 πνεῦ-

485 2861 627 2910 ματι.
659 2840 895 2913 γένωνται
920 2835 970 2891 ἓν
996 2843 1215 2907 πνεῦμα.
1244 2837 1396 2896 Αὐτὸς
1422 2830 1507 2888 οὖν
1540 2833 1564 2888 ό
1591 2833 1809 2894 ἀληθινός
1836 2834 1945 2894 υίὸς
1969 2839 2061 2889 τοῦ
2112 2902 2117 2907 _

486 2937 614 2987 Θεοῦ
643 2931 761 2989 τοὺς
780 2928 975 2990 πάντας
997 2928 1131 2998 ἡμᾶς
1151 2933 1313 3004 ¹φορεῖ,
1342 2926 1424 2980 ἶνα
1451 2924 1496 2979 oi
1523 2925 1708 2985 πάντες
1733 2924 1818 2978 ἕνα
1843 2925 2065 2999 φορέσω-

485 3044 576 3094 μεν
612 3023 760 3078 Θεόν⁸
793 3023 879 3075 καὶ
904 3018 1015 3075 ἔστι
1053 3021 1139 3073 καί
1183 3020 1312 3090 μετὰ
1338 3023 1428 3076 τὴν
1475 3018 1843 3094 ένανθρὼπησιν
1876 3016 1945 3078 εἷς
1971 3027 2056 3080 τῆς

2158 1842 2274 1881 sum
2299 1841 2367 1882 ex
2388 1825 2547 1880 Patre
2574 1823 2937 1886 ineﬂ'abiliter,
2962 1819 3412 1883 inenarrabiliter,
3439 1818 3743 1888 incompre-

2158 1916 2530 1978 hensibiliter,
2580 1913 2939 1983 sempiterne,
2982 1911 3098 1982 ipse
3127 1912 3180 1965 in
3225 1919 3466 1980 tempore
3502 1908 3743 1962 nascitur

2159 2006 2412 2061 deorsum
2441 2004 2509 2060 de
2536 2001 2754 2071 Virgine
2778 1999 2972 2065 Maria,
3006 2008 3065 2055 ut
3089 1999 3162 2054 illi
3191 1999 3281 2070 qui
3304 1998 3552 2053 deorsum
3584 1996 3736 2066 prius

2161 2097 2272 2152 nati
2299 2103 2446 2163 sunt,
2475 2093 2754 2148 desursum
2777 2090 3072 2147 secundum
3093 2096 3464 2152 nascerentur,
3486 2085 3534 2140 id
3563 2095 3647 2138 est
3673 2101 3736 2138 (ex

2162 2185 2292 2264 Deo.
2336 2185 2457 2256 Ipse
2501 2183 2662 2253 igitur
2691 2189 2920 2236 matrem
2964 2176 3336 2234 tantummodo
3368 2176 3531 2230 habet
3575 2190 3743 2243 super

2160 2286 2382 2342 terram,
2406 2285 2460 2333 et
2483 2291 2582 2332 nos
2603 2271 2972 2330 tantummodo
2994 2279 3201 2344 patrem
3223 2269 3486 2325 habemus
3509 2269 3558 2322 in
3577 2267 3742 2323 cmlo.

2161 2369 2297 2426 Cum
2340 2370 2482 2424 enim
2527 2367 2823 2438 accepisset
2870 2365 3156 2420 mortalem
3203 2373 3414 2434 patrem
3462 2362 3746 2416 hominum

2164 2461 2353 2526 Adam,
2395 2459 2541 2515 dedit
2579 2437 2888 2512 hominibus
2915 2471 3070 2511 suum
3102 2453 3318 2509 Patrem
3359 2437 3747 2516 immortalem,

2163 2552 2454 2608 secundum
2495 2551 2600 2606 hoc
2648 2547 2793 2619 quod
2838 2547 3080 2604 dicitur:
3117 2545 3273 2602 Dedit
3317 2546 3392 2600 eis
3437 2553 3748 2616 potestatem

2163 2641 2302 2712 ﬁlios
2325 2639 2422 2695 Dei
2449 2640 2565 2710 ﬁeri
2596 2640 2777 2710 (Joan.
2809 2640 2872 2709 ι).
2924 2638 3076 2695 Unde
3101 2647 3156 2694 et
3183 2647 3414 2695 mortem
3445 2637 3747 2692 secundum

2165 2747 2382 2788 carnem
2412 2723 2593 2803 gustat
2620 2732 2787 2789 Filius
2819 2731 2947 2800 Dei,
2992 2741 3218 2803 propter
3261 2732 3530 2786 carnalem
3580 2745 3748 2785 suum

2163 2833 2403 2897 patrem,
2435 2834 2494 2880 ut
2523 2824 2616 2880 ﬁlii
2641 2824 2874 2881 hominis
2897 2826 3021 2879 vita:
3050 2824 3166 2893 ejus
3195 2822 3486 2894 participes
3526 2818 3746 2881 ﬁerent,

2164 2933 2384 2998 propter
2411 2939 2566 2982 suum
2589 2925 2882 2980 secundum
2904 2924 3151 2994 spiritum
3175 2923 3386 2977 Patrem
3411 2921 3595 2976 Deum.
3625 2919 3748 2988 Ipse

2169 3019 2330 3088 igitur
2356 3017 2650 3072 secundum
2676 3024 2924 3070 naturam
2954 3014 3118 3069 Filius
3157 3021 3239 3069 est
3267 3012 3383 3076 Dei,
3432 3026 3532 3065 nos
3559 3017 3747 3063 autem

485 3113 634 3186 ἁγίας
658 3109 860 3186 τριάδος
890 3108 924 3165 ὃ.
946 3113 1210 3184 μονογενὴς
1238 3109 1346 3168 υίὸς
1383 3114 1475 3164 τοῦ
1503 3115 1628 3163 Θεοῦ
1673 3108 1698 3164 ὁ
1721 3112 1893 3179 κύριος
1924 3111 2062 3180 ἡμῶν

2167 3108 2458 3164 secundum
2487 3106 2742 3177 gratiam;
2782 3113 2838 3159 et
2861 3105 3052 3159 iterum
3076 3105 3188 3174 ipse
3213 3101 3506 3158 secundum
3528 3099 3750 3170 dispen-

488 3200 677 3263 Ἰησοῦς
703 3201 940 3276 Χριστὸς,
973 3201 1209 3259 σύνθετος
1237 3200 1287 3262 ίξ
1315 3198 1559 3273 έκατέρας
1587 3201 1805 3270 φύσεως.
1834 3200 2064 3255 Σύνθετον

486 3289 541 3345 δέ
563 3292 649 3346 τὸν
667 3291 884 3362 Χριστόν
911 3288 1244 3364 ὁμολογοῦμεν
1271 3295 1335 3361 τῇ
1361 3295 1460 3344 τῶν
1500 3288 1654 3360 ἁγίων
1681 3289 1911 3362 πατέρων
1940 3291 2064 3362 ἀξιο-

486 3381 772 3440 λουϐοῦντες
799 3378 1117 3453 διδασκαλίᾳ.
1139 3379 1247 3434 Ἐπί
1265 3382 1361 3455 γάρ
1382 3385 1474 3455 τοῦ
1494 3382 1622 3434 κατά
1641 3380 1855 3457 Χριστὸν
1868 3402 2066 3450 μυστη-

485 3477 606 3544 ρίου.
625 3474 655 3530 ἠ
683 3473 812 3528 κατά
846 3473 1076 3526 σύνθεσιν
1100 3471 1280 3530 ἔνυσις
1305 3475 1394 3528 τήν
1425 3470 1688 3541 σύγχυσιν
1712 3474 1793 3525 καί
1821 3468 2065 3540 διαίρεσιν

485 3565 848 3620 ἀποϐάλλει-αι’
880 3567 962 3618 καί
982 3564 1218 3636 φυλάττει
1239 3564 1328 3634 μέν
1349 3568 1438 3621 τὴν
1459 3563 1703 3639 ἑκατέρας
1723 3565 1920 3634 φύσεως
1943 3563 2064 3620 ἰδιό-

483 3681 631 3722 τητα,
665 3662 783 3728 μίαν
807 3656 860 3712 δέ
887 3657 1193 3719 ὑπόστασιν,
1220 3655 1334 3714 ἤτοι
1352 3654 1628 3730 πρόσωπον
1655 3662 1744 3709 τοῦ
1765 3661 1894 3711 Θεοῦ
1918 3656 2063 3728 λόγου

483 3752 565 3803 καί
583 3746 718 3820 μετᾶ
739 3756 831 3807 τῆς
869 3748 1062 3822 σαρκὸς
1100 3744 1320 3800 δείκνυσι
1337 3783 1354 3809 ,
1386 3747 1470 3798 καί
1496 3743 1526 3798 s"
1528 3765 1638 3814 στιν
1669 3742 1738 3804 εἷς
1761 3749 1842 3801 καί.
1861 3745 1888 3801 ό
1914 3749 2067 3809 αὐτὸς

484 3841 668 3898 τέλειος
695 3839 744 3891 έν
771 3836 997 3899 Θεότητι,
1040 3839 1124 3890 καί.
1149 3835 1337 3892 τέλειος
1366 3834 1414 3887 ἐν
1449 3834 1828 3908 άνθρωπότητι,
1869 3837 1970 3905 οὐχ
1999 3838 2084 3899 ὡς·

483 3926 629 3981 δυσίν
665 3926 1010 3980 ῦποστάσετιν
1047 3924 1158 3982 ἦτοι
1195 3924 1526 3998 προσώποις,
1557 3923 1661 3976 ἀλλ’
1686 3926 1736 3977 ἐν
1778 3925 1886 3998 Θεία
1922 3928 2069 3996 φύσει

483 4018 868 4088 καί-ἀνθρωπίνῃ
895 3997 1287 4089 γνωριζόμενος·
1319 4014 1403 4066 ἵνα
1426 4010 1497 4074 εἷς
1580 4015 1686 4068 καθ’
1715 3997 1958 4090 ἑκάτερα,
1987 3997 2068 4070 rs"-

478 4106 610 4166 νλειος
631 4107 782 4170 Θεὸς,
813 4108 900 4160 καί.
931 4106 1114 4165 τέλειος
1137 4102 1426 4182 ἅνθρωπος,
1456 4103 1481 4158 ό
1505 4105 1656 4166 αὐτὸς
1685 4105 1711 4160 ὁ
1739 4108 1910 4178 κύριος
1931 4109 2070 4178 ἡμῶν

487 4194 677 4257 Ἰησοῦς
703 4197 942 4273 Χριστὸς,
973 4195 1000 4252 ό
1029 4192 1098 4258 εἶς
1125 4205 1216 4256 τῆς
1243 4194 1397 4267 ἁγίας
1415 4193 1622 4271 ,τριάδος
1653 4195 2071 4268 συνδοξαξόμενος

485 4297 555 4356 τῷ
576 4290 737 4362 πατρί
755 4290 838 4342 καὶ
853 4296 926 4360 τῷ
947 4287 1074 4360 ἁγίῳ
1089 4289 1359 4358 πνεύματι.
1373 4284 1501 4342 Οῦτε
1525 4289 1621 4364 γὰρ
1645 4289 1890 4363 τετάρτου
1915 4311 2071 4365 προσ-

484 4381 628 4432 ὡπου
655 4380 944 4452 προσθήκην
979 4375 1248 4440 ἐπεδέξατο
1275 4378 1307 4435 ἠ
1347 4375 1470 4448 ἁγία
1497 4380 1643 4452 τριάς
1667 4381 1752 4434 καί
1793 4381 2066 4455 σαρκωθέν-

2167 3198 2433 3255 sationem
2464 3205 2520 3254 et
2539 3205 2766 3268 propter
2787 3211 2887 3251 nos
2915 3195 3054 3262 tilius
3081 3195 3179 3249 fuit
3206 3193 3404 3258 Adam,
3434 3207 3533 3248 nos
3561 3201 3749 3244 autem

2166 3289 2461 3364 secundum
2484 3297 2729 3342 naturam
2760 3301 2944 3350 sumus
2969 3286 3061 3338 ﬁlii
3084 3284 3273 3338 Adam.
3301 3283 3461 3338 Pater
3487 3282 3630 3336 enim
3664 3289 3748 3335 est

2168 3379 2286 3454 eius
2312 3378 2452 3433 Deus
2481 3375 2773 3433 secundum
2803 3384 3080 3440 naturam,
3115 3382 3299 3428 noster
3339 3381 3519 3426 autem
3549 3386 3749 3427 secun-

2167 3469 2293 3524 dum
2319 3468 2568 3538 gratiam.
2601 3455 2666 3522 Et
2694 3466 2836 3522 Deus
2864 3466 2913 3520 ei
2943 3463 3041 3520 fuit
3068 3461 3364 3519 secundum
3389 3461 3748 3531 dispensatio-

2168 3575 2312 3624 nem,
2344 3573 2412 3614 eo
2433 3557 2574 3628 quod
2601 3557 2763 3611 homo
2794 3555 2966 3610 factus
2995 3563 3106 3622 est;
3139 3561 3324 3608 noster
3352 3558 3528 3606 autem
3549 3565 3749 3605 secun-

2169 3651 2293 3705 dum
2339 3657 2586 3702 naturam
2633 3644 2888 3718 Dominus
2931 3653 3015 3700 est
3049 3651 3105 3699 et
3152 3640 3314 3698 Deus.
3346 3638 3411 3695 Et
3439 3639 3558 3694 ideo
3604 3640 3749 3696 Deus

2168 3737 2422 3814 Verbum,
2448 3735 2540 3806 qui
2566 3729 2825 3790 estFilius
2849 3733 2945 3789 Dei
2963 3733 3156 3798 Patris,
3175 3734 3361 3792 unitus
3379 3730 3547 3792 carni,
3571 3728 3748 3785 factus

2169 3837 2252 3886 est
2280 3845 2428 3896 caro,
2457 3821 2518 3884 ut
2545 3829 2794 3883 homines
2817 3828 2950 3884 uniti
2979 3827 3212 3898 spiritui,
3246 3826 3434 3880 tierent
3472 3841 3611 3880 unus
3634 3825 3747 3895 spi-

2170 3921 2326 3976 ritus.
2349 3918 2468 3988 Ipse
2491 3919 2653 3988 igitur
2680 3933 2840 3975 verus
2868 3917 3033 3973 Filius
3061 3917 3154 3972 Dei
3184 3933 3372 3972 omnes
3402 3932 3498 3970 nos
3529 3917 3747 3972 indutus

2170 4019 2280 4077 est,
2314 4016 2374 4065 ut
2412 4007 2611 4064 omnes
2645 4008 2928 4063 induamur
2966 4025 3131 4063 unum
3161 4007 3351 4064 Deum.
3378 4007 3446 4061 Et
3473 4015 3553 4061 est
3581 4008 3746 4062 etiam

2170 4111 2294 4174 post
2317 4101 2741 4157 incarnationem
2770 4114 2908 4156 unus
2935 4101 3003 4156 de
3031 4109 3218 4156 sancta
3241 4099 3526 4167 Trinitate,
3558 4098 3747 4170 unige-

2171 4191 2495 4264 nitusFilius
2517 4188 2610 4245 Dei
2634 4189 2890 4246 Dominus
2911 4199 3096 4246 noster
3113 4189 3269 4247 Jesus
3290 4189 3558 4259 Christus,
3590 4205 3746 4244 com-

2170 4287 2376 4356 positus
2397 4297 2464 4337 ex
2492 4288 2719 4350 utraque
2747 4290 2954 4336 natura.
2979 4281 3350 4350 Compositum
3372 4288 3551 4336 autem
3581 4274 3742 4333 Chri-

2171 4385 2312 4431 stum
2339 4373 2676 4442 contitemur,
2722 4384 3032 4430 sanctorum
3077 4376 3291 4430 Patrum
3329 4374 3627 4430 doctrinam
3653 4391 3746 4431 se-

485 4491 572 4532 τος
600 4476 692 4524 τοῦ
721 4470 826 4530 έν’ς
857 4477 949 4530 τῆς
979 4468 1126 4541 ἁγίας
1166 4465 1376 4538 τριάδος
1407 4475 1533 4524 Θεοῦ
1557 4468 1725 4540 λόγου.
1755 4471 1954 4529 Ταύτην
1981 4476 2062 4531 τήν

2170 4482 2417 4545 quentes.
2458 4473 2518 4528 In
2546 4475 2804 4546 mysterio
2831 4473 2973 4530 enim
3004 4472 3200 4528 Christi
3243 4474 3420 4529 unitas
3446 4472 3744 4556 secundum

485 4562 636 4620 καλήν
661 4563 1088 4638 παρακαταθήκην
1101 4601 1119 4628 ,
1139 4562 1198 4620 ἣν
1219 4563 1362 4633 παρά
1384 4568 1484 4616 τῶν
1507 4561 1660 4633 ἁγίων
1679 4563 1910 4639 πατέρων
1936 4566 2064 4624 εἱλή-

485 4673 671 4724 φαμεν,
699 4651 1026 4722 φυλάττομεν,
1055 4652 1104 4704 έν
1131 4649 1160 4725 ᾖ
1185 4655 1346 4723 ζῶμεν
1371 4654 1454 4706 καὶ
1489 4653 1870 4724 πολιτευόμεθα,
1900 4658 1984 4711 καί
2008 4658 2065 4715 ἢν

488 4743 789 4812 συνέκδημον
809 4743 1066 4814 λάϐοιμεν,
1096 4745 1165 4804 είς
1206 4745 1433 4818 πατέρα,
1463 4747 1543 4798 καί
1586 4747 1803 4819 Χριστὸν
1843 4750 1929 4804 τὸν
1953 4746 2063 4803 υίέν

487 4839 572 4887 τοῦ
602 4839 724 4888 Θεοῦ
753 4838 842 4888 τοῦ
874 4837 1076 4898 ζῶντος.
1106 4834 1194 4886 καί
1217 4830 1357 4905 ἅγιον
1384 4838 1584 4904 πνεῦμα
1603 4833 1882 4908 ὁμολογίαν.

2170 4565 2648 4639 compositionem,
2693 4563 3064 4618 confusionem
3102 4572 3161 4618 et
3197 4562 3516 4618 divisionem
3545 4562 3744 4631 rejicit,

2171 4664 2226 4713 et
2267 4664 2448 4712 servat
2494 4654 2712 4723 quidem
2752 4654 3034 4722 utriusque
3083 4661 3286 4708 natura:
3313 4651 3741 4723 proprietatem;

2169 4762 2332 4802 unam
2363 4753 2540 4800 autem
2569 4743 2970 4799 subsistentiam
3008 4743 3100 4798 s'eu
3131 4757 3415 4813 personam
3443 4741 3542 4796 Dei
3581 4740 3745 4796 Verbi

2170 4846 2367 4894 etcum
2389 4850 2550 4890 carne
2578 4834 2830 4908 ostendit,
2854 4842 2910 4889 et
2937 4843 3019 4889 est
3041 4850 3179 4892 unus
3199 4833 3446 4903 idemque
3473 4831 3745 4903 perfectus

2179 4927 2234 4982 in
2261 4926 2480 4990 deitate,
2511 4931 2568 4979 et
2592 4924 2859 4994 perfectus
2885 4924 2940 4979 in
2967 4924 3316 4988 humanitate,
3345 4939 3453 4980 non
3487 4932 3744 4992 tanquam

485 5015 539 5069 in
563 5014 764 5070 duabus
786 5011 1142 5096 subsistentiis
1165 5013 1281 5068 sive
1307 5013 1550 5082 personis
1574 5055 1590 5082 ,
1638 5014 1732 5068 sed
1772 5014 1827 5071 in
1872 5015 2052 5072 divina
2089 5027 2278 5072 natura
2325 5024 2379 5071 et
2419 5017 2648 5071 humana
2692 5014 3096 5083 cognoscendus
3118 5055 3134 5080 ,
3185 5023 3243 5068 ut
3269 5029 3408 5068 unus
3429 5013 3498 5069 sit
3521 5013 3573 5066 in
3597 5021 3745 5067 utra-

486 5127 619 5182 que,
657 5111 924 5180 perfectus
953 5107 1096 5165 Deus
1143 5115 1198 5163 et
1249 5106 1516 5186 perfectus
1559 5108 1753 5174 homo;
1823 5107 1964 5165 idem
2009 5110 2125 5181 ipse
2163 5109 2419 5164 Dominus
2458 5107 2612 5163 Iesus
2648 5105 2920 5172 Christus,
2969 5121 3107 5160 unus
3141 5105 3209 5161 de
3237 5113 3438 5167 sancta
3481 5103 3745 5159 Trinitate

485 5197 968 5280 cotigloritieaudus
996 5196 1141 5251 Patri
1185 5205 1240 5252 et
1279 5205 1467 5252 sancto
1496 5196 1741 5267 Spiritui.
1805 5197 1915 5256 Nec
1954 5199 2098 5256 enim
2133 5208 2340 5270 quarta:
2381 5213 2622 5268 persona:
2668 5197 3020 5276 adiectionem
3043 5199 3276 5267 suscepit
3302 5206 3485 5253 sancta
3511 5196 3745 5251 Trinitas

487 5275 564 5342 et
590 5291 862 5345 inearnato
909 5305 1016 5344 uno
1062 5287 1130 5342 de
1175 5295 1362 5343 sancta
1408 5286 1670 5344 Trinitate
1717 5289 1828 5344 Deo
1855 5288 2057 5346 Verbo.
2112 5269 2275 5344 Istam
2324 5289 2484 5358 igitur
2533 5287 2729 5343 bonam
2775 5269 3135 5352 traditionem,
3165 5304 3381 5357 quama
3410 5290 3610 5344 sanctis
3638 5287 3740 5343 Pa-

489 5383 656 5434 trtbus
693 5381 1017 5450 accepimus,
1057 5378 1409 5445 custodimus,
1455 5378 1507 5432 in
1551 5393 1656 5448 qua
1683 5380 1912 5434 vivimus
1949 5387 2004 5434 et
2053 5393 2462 5443 conversamur,
2522 5386 2577 5432 et
2628 5392 2826 5445 quam,
2887 5379 2955 5433 ab
3014 5376 3115 5432 hac
3162 5377 3269 5430 vita
3317 5377 3738 5447 proﬁciscentes,

455 5481 703 5524 'oramus
749 5447 1024 5524 nobiscum
1066 5467 1304 5534 habere,
1350 5481 1468 5538 qua)
1514 5474 1600 5523 es'.
1638 5466 1692 5522 in
1732 5465 1947 5523 Patrem
1993 5475 2065 5523 et-
2087 5467 2356 5524 Christum
2405 5466 2596 5521 Filimn
2645 5467 2740 5521 Dei
2781 5466 2912 5535 vivi,
2963 5476 3016 5522 et
3063 5474 3302 5522 sanctum
3330 5447 3582 5538 Spiritum
3611 5484 3742 5523 con-

489 5561 672 5614 (essm.

561 5682 734 5730 ταῦτα
767 5674 928 5737 οὕτως
965 5674 1314 5750 ὁμολογοῦντες
1348 5676 1477 5750 πρὸς
1523 5686 1638 5735 ταῖς
1678 5673 1847 5735 ἄλλαις
1889 5682 1978 5730 τοῦ
2019 5677 2069 5729 ἐν

495 5765 650 5834 ἃοιίοις
687 5766 919 5836 κυρίλλου
945 5768 1064 5837 περί
1103 5774 1191 5825 τῆς
1216 5767 1362 5836 ὀρθῆς
1395 5770 1615 5824 πίστεως
1639 5763 1952 5833 διδακαλίας,
1976 5768 2059 5818 καί

2247 5673 2371 5728 Iltec
2416 5674 2489 5725 ita
2527 5670 2842 5726 confitentes
2888 5684 3051 5739 super
3088 5670 3220 5723 alias
3267 5669 3437 5723 sancti
3467 5668 3645 5740 Cyrilli
3670 5666 3742 5718 de

2170 5763 2272 5819 nde
2294 5772 2439 5820 recta
2469 5762 2756 5828 doctrinas,
2787 5771 2841 5816 ct
2868 5760 2969 5817 hoc
2993 5762 3136 5833 quod
3161 5761 3364 5817 dictum
3394 5773 3475 5816 est
3503 5763 3570 5816 ab
3600 5760 3738 5834 ipso.
