4032 6190
336 323 449 370 Ἄῦὓ

1305 328 1679 385 ιυςτικικκι
1704 333 2082 388 CONFESSlO
2119 333 2369 390 Ri‘ICTAﬂ
2409 336 2605 393 FIDEI.

3473 348 3581 406 ΞΜ

334 439 396 484 το
444 432 695 505 εἰρημένον
743 436 865 509 παρ’
906 437 1087 500 αὑτοῦ,
1120 440 1239 507 μίαν
1281 443 1428 509 φύσιν
1473 446 1564 495 τοῦ
1606 446 1736 494 Θεοῦ
1762 440 1911 509 λόγον

2018 456 2174 493 unam
2217 448 2458 494 naturam
2491 440 2584 494 Dei
2601 440 2761 497 Verhi
2804 444 3158 508 incarnatum,
3212 448 3583 519 suscipientes.

334 524 747 595 σεσαρκαριμένην,
780 524 1044 596 δεχόμενοι
1073 527 1409 600 ὁμολογοῦμεν
1427 570 1441 591 ,
1468 529 1546 584 ὅτι
1585 532 1635 583 ἐκ
1663 538 1751 589 τῆς
1779 531 1914 589 θείας

333 616 572 682 φύσεως,
613 617 695 667 καί
734 623 823 675 τῆς
858 619 1170 692 ἀνθρωπίνης
1213 615 1540 693 εἷς,Χριστὀς
1582 620 1911 683 ἀπετελέσθη.

332 705 422 756 καί
450 705 508 756 οὑ
521 706 617 771 ,μία
650 708 827 776 φύσις,
855 712 1012 768 καθώς
1042 730 1172 771 τινες
1202 718 1365 770 κακῶς
1394 719 1482 768 τήν
1508 712 1635 763 λέξιν
1663 711 1910 782 ἐκλαμϐά-

334 812 505 852 νοντες
526 792 612 863 λέγ
641 816 685 846 ιν
708 796 1075 870 ἐπιχειροῦσιν.
1100 795 1289 865 Ἀμέλει
1304 820 1383 853 τοι
1406 801 1652 859 γαίαὺτός
1674 798 1698 852 ὁ
1723 806 1913 874 πατὴρ,

332 882 516 944 anim:
558 888 676 955 μίαν
718 890 869 956 φύσιν
911 884 1018 942 εἷπε
1047 895 1138 942 τοῦ
1180 889 1328 958 λόγου
1370 892 1788 967 σεσαρκωμένην.
1833 893 1917 944 ἐπί

331 976 525 1030 τούτου
548 984 621 1048 τῷ
646 985 736 1038 τῆς
764 979 960 1047 φύσεως
996 978 1202 1047 ὀνόματι
1236 983 1345 1034 ἀντὶ
1383 982 1718 1042 ὑποστάσεως
1762 984 1920 1059 ἐχρή-

335 1085 492 1119 σατο.
534 1069 625 1120 Καὶ
658 1068 706 1119 ἐν
746 1063 817 1126 οἷς
844 1068 1010 1138 λόγοις
1035 1065 1141 1122 εἷπε
1184 1071 1371 1127 ταύτην
1412 1077 1501 1128 τήν
1542 1072 1698 1134 λέξιν,
1732 1073 1780 1124 ἓν
1807 1081 1918 1132 τοῖς

335 1155 512 1227 δφίξῆς
536 1156 605 1214 ὥς
632 1157 716 1210 ἐπί
744 1157 803 1210 τό
852 1160 1086 1212 πὶεξστον
1107 1163 1343 1231 ἐπήγαγε.
1380 1163 1501 1214 ποτὲ
1637 1163 1766 1217 υἱοῖν.
1794 1166 1918 1217 ποτὶ

336 1240 392 1296 δέ
422 1242 564 1316 λόγον
590 1244 621 1303 ἦ
646 1253 904 1318 μονογενῆ*
943 1246 1075 1322 ἅπερ
1105 1250 1162 1301 οὑ
1194 1251 1418 1318 φύσεως.
1454 1251 1558 1304 ἀλλ’
1587 1252 1920 1314 ὑποστάσεως

336 1330 451 1390 ἦτοι
477 1337 757 1407 προσώπου
784 1338 897 1391 ἐστί
937 1336 1197 1394 δηλωτικὰ.
1235 1337 1286 1392 Ἠ
1319 1344 1484 1393 τοίνυν
1510 1341 1799 1402 ὑπόστασις
1828 1350 1919 1398 τοῦ

339 1424 489 1494 λόγου
516 1429 830 1497 σαρκωθεῖσα
857 1428 912 1483 οὑ
939 1430 1055 1496 μίαν
1077 1430 1244 1499 φύσιν,
1277 1429 1383 1483 ἀλλ’
1403 1431 1488 1483 ἕνα
1514 1434 1729 1503 Χριστόν
1755 1435 1923 1488 σύνθε-

335 1533 426 1567 τον
453 1515 717 1569 ἀπετέλεσε
743 1516 826 1570 τόν
857 1519 1000 1572 αὑτὸν
1027 1519 1151 1573 Θεόν
1179 1540 1232 1572 τε
1265 1522 1348 1573 καί
1386 1517 1646 1594 ἄνθρωπον
1664 1538 1675 1552 ·
1707 1526 1828 1577 Θεὸν
1867 1524 1920 1580 δὲ

336 1608 423 1658 καί
449 1603 702 1681 ἄνθρωπον
729 1608 809 1661 τόν
839 1610 1056 1682 Χριστόν
1084 1608 1466 1684 ὁμολογοῦντας,
1496 1617 1615 1686 μίαν
1643 1616 1789 1687 φύσιν
1814 1616 1927 1675 ἤτοι

335 1697 512 1750 οὐσίαν
540 1698 616 1751 ἔπ’
641 1700 775 1768 αὑτῷ
800 1700 956 1773 λέγειν
983 1702 1164 1761 ἀσεϐές
1185 1719 1198 1732 ·
1229 1700 1472 1757 ἀδύνατον
1500 1706 1600 1779 γὰρ
1641 1707 1726 1760 τόν
1754 1710 1919 1779 κύριον

333 1789 477 1856 ipsa
489 1787 681 1846 Ἰησοῦν
706 1792 921 1868 Χριστὸν
951 1795 1081 1847 κατὰ
1101 1800 1219 1863 μίαν
1240 1797 1321 1847 καί
1351 1801 1441 1852 τήν
1465 1797 1617 1854 αὐτὴν
1637 1798 1800 1870 φύσιν,
1815 1797 1919 1855 ἤτοι
1954 1803 1995 1859 Ιὶ

332 1870 539 1945 οὖσίαν,
567 1884 647 1935 καί
666 1884 765 1956 πρὸ
784 1885 972 1937 αἰώνων
994 1880 1117 1940 εἶναι
1137 1889 1218 1940 καί
1253 1888 1299 1939 ἐν
1322 1889 1511 1959 χρόνῳ,
1558 1889 1586 1947 ἦ
1617 1891 1782 1946 ἅπαθῆ
1836 1893 1918 1944 καί

331 1973 582 2031 παθητόν.
611 1970 734 2045 ὅπερ
756 1974 837 2026 ἐπί
850 1981 941 2033 τῆς
964 1981 1084 2042 μιᾶς
1108 1978 1266 2029 αὑτοῦ
1286 1978 1616 2038 ὑποστάσεως
1636 1979 1743 2035 ἦτοι
1764 2000 1919 2053 προσ-

332 2063 485 2115 ὧπου
526 2062 681 2135 ὀρθῶς
734 2061 1079 2134 ὁμολογοῦμεν.
1119 2064 1194 2128 Ἐξ
1236 2067 1399 2119 αὐτῶν
1432 2063 1485 2121 δὲ
1523 2074 1621 2122 τῶν
1655 2070 1918 2141 εἰρημένων

330 2156 427 2205 τοῦ
456 2152 614 2205 αὑτοῦ
643 2154 691 2203 ἐν
722 2151 882 2223 ἁγίοις
928 2153 1160 2227 κυρίλλου
1191 2152 1514 2225 ἀποδείξομεν
1543 2162 1634 2213 τήν
1671 2159 1790 2230 περὶ
1826 2169 1917 2216 τῆς

332 2244 599 2315 εἶρημένης
628 2244 804 2306 λέξεως
837 2248 1153 2314 σαφεστάτην
1180 2247 1332 2300 αὑτοῦ
1361 2245 1712 2302 διδασκαλίαν·
1742 2250 1793 2302 ἐν
1823 2252 1916 2322 ’γὰρ

333 2338 399 2405 τῇ
427 2335 604 2406 πρώτῃ
625 2333 752 2405 πρός
774 2334 1040 2386 Σοὺγενσδν
1061 2326 1299 2408 ἐπιστολῇ
1325 2339 1479 2390 εἰπὼν
1506 2337 1600 2407 μία
1614 2363 1624 2383 ι·
1647 2338 1799 2408 φὺσιν
1826 2344 1915 2393 τοῦ

332 2420 493 2494 λόγου
523 2425 903 2498 σεσαρκωμένην
919 2463 930 2485 ,
959 2425 1095 2484 εὐθὺς
1117 2426 1367 2497 ἐπήγαγεν
1383 2441 1397 2455 ⁸
1436 2443 1454 2476 t
1480 2427 1667 2479 Οὐκοῦν
1695 2424 1808 2481 ὅσον
1830 2431 1918 2496 μέν

336 2509 456 2571 ἧκεν
485 2514 555 2572 είς
595 2510 821 2574 ἔννοιαν,
866 2511 938 2574 είς
962 2534 1016 2585 γε
1055 2513 1202 2585 μόνον
1237 2516 1293 2570 τὸ
1317 2514 1438 2591 όρᾷν
1466 2524 1572 2576 τοῖς
1610 2527 1702 2576 τῆς
1737 2517 1917 2587 ψυχῆς

336 2601 567 2672 ὄμμασι.
598 2608 713 2658 τίνα
737 2605 925 2674 τρόπον
954 2606 1316 2679 ἐνηνθρὼπηκῖν
1343 2606 1368 2660 ὁ
1394 2612 1678 2679 μονογενής,
1707 2606 1797 2663 δὺο
1826 2610 1918 2668 τὰς

336 2696 517 2767 φύσεις
541 2690 667 2748 εἷναί
686 2714 842 2767 φαμεν
866 2697 955 2754 τὰς
977 2696 1264 2758 ἑνωθείσας,
1288 2698 1375 2750 ἕνα
1397 2695 1450 2752 δέ
1474 2698 1582 2751 υἱόν
1602 2698 1682 2751 καί
1702 2703 1881 2773 Χριστ⁷
1892 2723 1918 2754 ν

337 2788 429 2839 καί
469 2788 634 2862 κύριον
662 2785 744 2839 τὸν
775 2792 863 2840 τοῦ
890 2792 1014 2840 Θεοῦ
1043 2787 1234 2862 πατρὸς
1261 2786 1402 2858 λόγου
1445 2789 1916 2858 ῖνανθρωπήσαντα,

341 2878 434 2930 καί
458 2879 859 2951 σεσαρκωμίνον.
893 2896 909 2927 ι
944 2880 1033 2931 Διά
1060 2880 1249 2932 τοὺτων
1284 2877 1336 2932 δέ
1363 2877 1389 2934 ό
1416 2884 1585 2955 πατὴρ
1621 2881 1709 2935 τόν
1735 2880 1919 2955 τρόπον

336 2973 436 3025 τῆς
485 2966 912 3039 ἑνανθρωπήσεως
964 2974 1301 3037 παραστῆσαι
1346 2967 1672 3037 βουλόμενος,
1730 2971 1814 3024 καὶ
1862 2970 1920 3024 τὸ

337 3054 629 3132 ἀδιαίρετον
664 3059 749 3111 καὶ
796 3059 1097 3127 ἁσὺγχυτον
1124 3056 1419 3131 φυλάττων,
1470 3061 1552 3112 καί
1582 3058 1667 3113 τὸν
1710 3059 1920 3136 ἀριθμόν

2016 531 2332 584 confitemur
2368 532 2510 598 quod
2555 546 2622 585 ex
2648 518 2822 587 divina
2864 542 3055 589 natura
3097 542 3151 590 et
3188 518 3417 593 humana
3448 555 3587 595 unum

2016 616 2259 672 Christus
2299 617 2520 672 effectus
2570 628 2670 682 est,
2714 631 2768 675 et
2796 637 2901 675 non
2945 623 2995 676 in
3028 639 3132 677 una
3162 634 3372 696 natura,
3422 639 3583 698 prout

2015 706 2228 772 quidam
2260 707 2398 761 male
2429 708 2783 775 intelligentes
2809 710 3117 774 dictionem,
3150 725 3416 770 conantur
3443 716 3586 772 dice-

2018 811 2093 848 re.
2143 794 2293 849 Unde
2324 805 2380 849 et
2407 796 2521 865 ipse
2551 795 2728 862 Pater,
2777 800 2989 868 quoties
3018 818 3178 856 unam
3209 813 3454 859 naturam
3503 806 3586 861 di-

2023 885 2099 938 xit
2128 885 2291 939 Verbi
2334 886 2683 947 incarnatam,
2734 887 2786 941 in
2837 888 2941 943 hoc
2987 900 3190 946 naturae
3238 896 3454 951 nomine
3483 902 3580 966 pro

2015 975 2358 1032 subsistentia
2390 994 2516 1032 usus
2541 987 2639 1031 est.
2684 976 2750 1031 Et
2780 979 2829 1032 in
2859 981 3053 1048 quibus
3097 983 3245 1039 libris
3285 986 3420 1040 dixit
3450 989 3586 1044 hanc

2016 1067 2330 1135 dictionem,
2362 1070 2412 1122 in
2444 1072 2791 1139 sequentibus
2819 1074 3012 1143 saepius
3040 1076 3234 1140 intulit,
3260 1080 3274 1109 ⁸
3298 1090 3353 1133 et
3372 1080 3586 1148 quando

2020 1158 2229 1225 Filium,
2281 1169 2336 1214 et
2362 1164 2576 1229 quando
2606 1163 2858 1227 Verbum,
2916 1174 3007 1219 aut
3057 1164 3417 1236 Unigcnitum,
3467 1180 3588 1233 quae

2020 1264 2123 1304 non
2154 1259 2417 1319 naturam,
2450 1254 2541 1306 sed
2570 1252 2967 1307 subsistentiam
2993 1270 3088 1310 seu
3117 1270 3400 1325 personam
3431 1255 3589 1324 signi-

2021 1338 2200 1393 ficant.
2242 1338 2593 1396 Subsistentia
2626 1342 2784 1408 igitur
2813 1342 2968 1396 Verbi
2996 1344 3267 1398 incarnata
3294 1360 3398 1399 non
3424 1360 3584 1399 unam

2018 1437 2283 1496 naturam,
2331 1430 2425 1485 sed
2467 1446 2629 1484 unum
2675 1430 2945 1486 Christum
2992 1434 3345 1501 compositum
3385 1431 3583 1497 effecit,

2020 1517 2262 1572 eumdem
2306 1518 2477 1589 ipsum
2509 1518 2674 1573 Deum
2717 1528 2772 1574 et
2816 1520 3105 1575 hominem.
3149 1521 3253 1575 Eos
3288 1530 3466 1577 autem
3492 1523 3585 1591 qui

2020 1604 2288 1661 Christum
2317 1607 2483 1663 Deum
2507 1618 2561 1663 et
2590 1611 2857 1665 hominen
2885 1611 3226 1675 confitentur,
3249 1627 3408 1669 unam
3430 1620 3587 1667 natu-

2024 1713 2135 1751 ram
2180 1699 2293 1753 sive
2339 1700 2691 1755 substantiam
2742 1703 2909 1770 ipsius
2954 1703 3166 1766 dicere,
3217 1704 3432 1773 impium
3480 1714 3582 1758 est.

2021 1787 2350 1857 [inpossibile
2373 1790 2513 1844 enim
2545 1799 2627 1845 est
2654 1791 2933 1846 Dominum
2961 1804 3202 1847 nostrum
3230 1792 3413 1848 Jesum
3440 1792 3587 1849 Chri-

2019 1887 2158 1932 stum
2186 1879 2476 1937 secundum
2506 1896 2664 1934 unam
2695 1882 3047 1950 eamdemque
3071 1894 3314 1938 naturam
3336 1899 3429 1940 seu
3457 1885 3581 1939 sub-

2018 1971 2265 2024 stantiam
2287 1980 2342 2025 et
2369 1980 2493 2025 ante
2517 1972 2710 2026 smcula
2740 1984 2877 2035 esse.
2910 1983 2964 2029 et
2993 1976 3045 2028 in
3079 1984 3340 2045 tempore,
3371 1984 3464 2030 aut
3484 1976 3585 2030 im-

2018 2058 2323 2125 passibilem
2354 2070 2411 2114 et
2439 2060 2744 2130 passibilem
2774 2078 2786 2113 :
2836 2062 2979 2130 quod
3015 2063 3065 2116 in
3112 2078 3215 2116 una
3244 2064 3584 2119 subsistentia

2017 2149 2131 2203 sive
2159 2164 2387 2218 persona
2433 2148 2547 2217 ejus
2575 2159 2721 2206 recte
2763 2151 3102 2208 confitemur.
3149 2154 3226 2208 Ex
3257 2154 3388 2225 ipsis
3407 2163 3585 2210 autem

2020 2241 2178 2296 dictis
2207 2239 2447 2309 ejusdem
2476 2242 2648 2297 sancti
2693 2242 2872 2313 Cyrilli
2904 2246 3248 2300 ostendemus
3288 2244 3356 2300 de
3382 2260 3587 2299 memo-

2019 2342 2130 2385 rata
2155 2332 2390 2387 dictione
2420 2332 2753 2387 manifestam
2783 2334 2950 2403 ipsius
2977 2335 3296 2389 doctrinam.
3330 2334 3387 2389 ln
3414 2335 3581 2403 prima

2017 2424 2159 2477 onim
2186 2424 2251 2477 ad
2292 2423 2609 2479 Successum
2662 2425 2913 2495 cpistola,
2964 2440 3085 2480 cum
3134 2426 3372 2490 dixisset,
3422 2441 3582 2480 unam

2016 2524 2260 2569 naturam
2290 2515 2383 2568 Dei
2411 2514 2569 2569 Verbi
2599 2516 2947 2580 incarnatam,
2979 2518 3156 2570 statim
3182 2516 3360 2570 intulit
3386 2536 3396 2565 :
3437 2536 3456 2568 ί
3488 2516 3585 2570 Er-

2016 2621 2086 2672 go
2114 2614 2372 2674 quantum
2418 2606 2630 2674 quidem
2670 2605 2735 2658 ad
2777 2605 3108 2661 intellectum
3138 2605 3390 2675 pertinet,
3437 2614 3493 2659 et
3517 2605 3586 2659 ad

2020 2695 2302 2749 videndum
2326 2695 2693 2749 tantummodo
2714 2695 2882 2750 oculis
2905 2696 3111 2761 animm,
3136 2695 3584 2766 quemadmodum

2017 2789 2329 2843 incarnatus
2357 2795 2440 2841 est
2469 2784 2804 2855 Unigenitus,
2854 2787 2987 2843 duas
3015 2796 3234 2843 naturas
3264 2789 3441 2843 unitas
3468 2803 3589 2843 esse

2018 2878 2261 2942 dicimus,
2294 2894 2454 2932 unum
2484 2885 2663 2932 autem
2690 2877 2900 2944 Filium,
2931 2888 2988 2934 et
3012 2877 3303 2948 Christum,
3325 2888 3382 2935 et
3403 2879 3586 2935 Domi-

2017 2986 2166 3035 num,
2216 2968 2310 3024 Dei
2354 2968 2527 3024 Patris
2554 2970 2786 3025 Verbum
2828 2970 3181 3035 incarnatum,
3234 2978 3290 3024 et
3315 2970 3585 3025 hominem

2018 3060 2237 3113 factum.
2261 3077 2279 3110 ι
2318 3056 2418 3111 Per
2446 3058 2543 3112 ista
2573 3066 2751 3112 autem
2782 3059 2940 3112 Pater
2966 3059 3180 3113 modum
3205 3059 3588 3114 incarnationis

333 3155 444 3203 τῶν
470 3149 814 3203 συνελθουσῶν
842 3150 1038 3219 φύσεων
1082 3146 1271 3212 ἔδειξε,
1318 3152 1401 3201 καί
1441 3149 1526 3203 ἕνα
1572 3152 1788 3222 Χριστὸν
1814 3150 1919 3211 ἐκή-

2019 3148 2208 3202 volens
2248 3145 2609 3213 manifestare,
2650 3155 2705 3202 et
2732 3148 3009 3202 indivisam
3049 3156 3103 3203 et
3137 3148 3467 3203 inconfusam
3493 3164 3590 3204 cu-

332 3243 519 3318 ρνξεν,
550 3240 654 3294 ἀλλ’
692 3242 813 3311 οὐχὶ
838 3242 952 3310 μίαν
981 3244 1129 3312 φύσιν
1153 3240 1381 3298 θεότητος
1419 3242 1502 3293 καί
1521 3239 1728 3315 σαρκός.
1754 3242 1917 3295 ιαῖἐν

332 3339 410 3405 τῇ
432 3327 648 3402 δευτέρᾳ
667 3332 797 3403 πρὸς
824 3329 911 3383 τόν
932 3330 1084 3384 αὐταῖν
1110 3329 1376 3383 Σοὺκενσον
1401 3330 1635 3401 ἐπιστολῇ
1662 3334 1727 3384 τὰ
1748 3350 1916 3404 παρα-

335 3423 535 3481 πλήσια
562 3420 814 3476 διδάσκων
841 3419 1006 3492 ξλὲγει]
1032 3420 1211 3495 γράφει
1240 3420 1423 3480 οῧτως·
1458 3437 1477 3471 ε
1497 3422 1551 3473 Ei
1572 3423 1659 3492 μὲν
1680 3424 1778 3495 γὰρ
1799 3424 1917 3492 μίαν

338 3515 571 3574 εἰπόντες
612 3517 702 3571 τήν
739 3519 829 3567 τοῦ
858 3512 1004 3584 λόγου
1029 3513 1175 3586 φύσιν
1216 3516 1582 3581 σεσιγήκαμεν,
1608 3514 1696 3566 οὑκ
1723 3513 1918 3584 ἐπενεγ-

338 3605 514 3664 κόντες
527 3606 608 3666 τό,
631 3625 667 3659 σ
677 3624 697 3657 ε
712 3625 747 3658 σ
758 3627 788 3657 α
802 3624 830 3677 ρ
843 3624 873 3656 κ
886 3627 925 3657 ω
935 3626 971 3671 μ
984 3604 1004 3656 ἐ
1015 3626 1042 3657 ν
1053 3624 1081 3661 η
1093 3626 1136 3666 ν,
1160 3602 1262 3658 ἀλλ’
1287 3599 1386 3657 οἷον
1403 3600 1502 3666 ἔξω
1518 3603 1680 3662 θέντες
1693 3608 1781 3660 τήν
1795 3605 1922 3656 eiso-

337 3697 555 3766 νομίαν,
600 3692 661 3752 ἦν
688 3696 859 3753 αὑτο“ς
896 3694 1043 3763 τάχα
1072 3713 1167 3747 που
1210 3695 1292 3747 καί
1317 3694 1404 3746 οὑκ
1429 3694 1669 3754 ἀπίθανος
1710 3690 1737 3747 ό
1776 3692 1919 3764 λόγος

340 3787 793 3859 προσποιουμένοις
819 3786 1031 3857 ἐρωτᾷν,
1058 3789 1158 3838 ποῦ
1186 3783 1245 3839 τὸ
1273 3783 1455 3839 τέλειον
1472 3784 1523 3836 ἐν
1550 3783 1915 3856 ἁνθρωπότητι,

342 3875 377 3934 ἦ
403 3877 484 3934 τὸ,
509 3883 618 3936 πῶς
639 3877 911 3947 ὑφέστηκεν
934 3877 963 3932 ἡ
983 3875 1091 3930 καθ’
1121 3877 1253 3946 ἡμᾶς
1273 3877 1442 3940 οὐσία;
1472 3873 1674 3934 Ἐπειδὴ
1702 3873 1753 3930 δὲ
1783 3878 1863 3929 καὶ
1890 3878 1919 3933 ἡ

343 3968 397 4019 ἒν
422 3967 771 4040 ἆνθρωπότητι
810 3966 1093 4029 τελειότης,
1132 3970 1217 4020 καί
1251 3973 1342 4027 τῆς
1380 3966 1490 4020 καθ’
1526 3968 1660 4036 ἡμᾶς
1688 3968 1860 4028 οὐσίας
1889 3969 1920 4024 ἡ

343 4054 558 4115 δήλωσις
586 4056 957 4125 εἰσκεκόμισται
978 4053 1059 4110 διὰ
1083 4062 1173 4109 τοῦ
1199 4054 1376 4128 λέγειν,
1409 4075 1475 4109 σε
1492 4077 1613 4128 σαρ
1627 4079 1654 4109 κ
1668 4057 1917 4125 ωμένην,

344 4146 733 4199 παυσάσθωσαν
774 4145 1040 4215 γαλαμὶνην
1067 4146 1157 4220 ῤάὲ
1165 4143 1249 4199 δον
1287 4145 1485 4207 ίαυτοῖς
1515 4150 1915 4207 ὑποστήσαντες.

340 4242 445 4288 τοῦ
470 4237 567 4310 γὸρ
589 4236 908 4296 ἐκϐάλλοντας
937 4242 1025 4293 τήν
1053 4238 1345 4305 οἰκονομίαν,
1379 4240 1462 4291 καί
1500 4238 1802 4313 ἀρνουμένου
1831 4247 1920 4298 την

341 4327 600 4400 σάρκωσιν
663 4324 720 4385 ἦν
747 4328 802 4380 τό
848 4327 1163 4396 ἐγκαλεῖσθαι
1208 4325 1408 4395 δικαίως
1444 4328 1800 4406 ἀφαιρουμένου
1834 4336 1920 4384 τόν

343 4419 451 4471 υἱόν
494 4427 584 4478 τῆς
613 4418 797 4479 τελείας
834 4419 1235 4492 ἁνθρωπότητος.
1267 4420 1320 4470 Εἰ
1356 4416 1441 4480 δὲ,
1476 4420 1542 4477 ὡς
1583 4417 1730 4487 ἔφην,
1770 4419 1820 4473 ἔν
1849 4430 1919 4487 τῷ

347 4509 704 4582 σισαρκῶσθαι
730 4508 884 4580 λέγειν
922 4510 1096 4571 αὑτὸν,
1130 4514 1294 4577 σαφής
1323 4509 1432 4562 Em
1474 4511 1557 4560 καὶ
1586 4510 1918 4580 ἀναμείξολος
1952 4541 1994 4597 D

344 4599 578 4670 ὁμολογία
611 4606 725 4662 τοῦ,
775 4599 853 4654 ὄτι
899 4602 1095 4670 γέγονεν
1139 4596 1429 4671 ἅνθρωπος,
1471 4597 1612 4653 οὐδὲν
1641 4599 1715 4655 ἔτι
1743 4602 1917 4657 κωλύει

343 4698 490 4747 νοεῖν.
519 4692 585 4747 ὡς
610 4685 678 4749 εἷς
704 4688 961 4760 ὑπάρχων
989 4693 1071 4743 καί
1092 4689 1238 4760 μόνος
1267 4690 1376 4748 υἱός
1401 4686 1426 4741 ὁ
1449 4692 1684 4766 Χριστός,
1708 4690 1733 4744 ό
1764 4695 1916 4751 αὐτὸς

343 4778 466 4836 Θεός
493 4780 600 4833 ἔστι
629 4781 713 4830 καί
740 4776 1020 4851 ἅνθρωπος,
1046 4780 1218 4851 ὥσπερ
1241 4779 1287 4829 ἐν
1314 4777 1507 4834 θεότητι
1542 4780 1717 4833 τέλειος
1739 4820 1751 4841 ,
1784 4779 1917 4833 οὕτω

343 4872 426 4920 καὶ
448 4867 497 4918 ἐν
513 4868 855 4939 ἁνθρωπότητι
874 4868 1075 4926 τῦιειος’
1108 4868 1351 4939 ὀρθιιτατα
1371 4866 1423 4920 δέ
1445 4874 1523 4921 καί
1543 4869 1669 4921 πάνυ
1695 4875 1917 4927 συνετῶς

342 4958 373 5013 ἡ
403 4962 472 5014 σή
496 4954 746 5016 τελειότης
776 4959 860 5011 τὸν
884 4960 1001 5031 περὶ
1032 4962 1121 5009 τοῦ
1150 4959 1403 5014 σωτηρίου
1432 4959 1621 5020 πάθους
1672 4959 1908 5014 ἔκτέθεικε

342 5049 507 5119 λόγον,
539 5048 623 5099 οὑκ
644 5047 789 5099 αὑτὸν
810 5049 894 5101 τόν
917 5053 1154 5117 μονογενῆ
1183 5047 1286 5098 υίόν
1308 5053 1396 5098 τοῦ
1425 5053 1573 5107 Θεοῦ,
1597 5048 1718 5100 καθὸ
1736 5055 1915 5101 νοεῖται

340 5142 425 5191 καί
449 5136 563 5191 ἔστι
582 5137 730 5199 Θεὸς,
762 5136 936 5189 παθεῖν
958 5139 1029 5195 εἰς
1057 5133 1185 5190 ἰδίαν
1207 5137 1352 5207 φύσιν
1380 5137 1443 5190 τὰ
1471 5139 1723 5203 σώματος,
1758 5141 1917 5206 ἰσχυ-

339 5228 594 5301 ριζομένη.
618 5228 791 5279 παθεῖν
818 5223 871 5280 δὲ
894 5226 1076 5294 μᾶλλον
1100 5235 1161 5301 τῇ
1187 5233 1337 5299 χοῑκῇ
1353 5229 1520 5298 φύσει.
1546 5235 1630 5281 Δεῖ
1644 5230 1742 5301 γὰρ
1764 5228 1917 5299 ἀναγ-

337 5320 491 5377 καίως
521 5316 778 5389 ἀμφότερα
807 5318 1055 5379 σώζεσθαι
1084 5324 1155 5386 τῷ
1184 5316 1254 5370 ἕνὶ
1281 5321 1357 5370 καί
1398 5318 1518 5370 κατά
1545 5317 1772 5376 ἀλήθειαν
1798 5319 1912 5391 ν’ῷ,

337 5410 399 5463 τό
430 5411 510 5462 καί
538 5414 606 5478 μη
630 5407 854 5477 πάσχειν
882 5408 1071 5469 θείκῶς,
1106 5410 1185 5460 καὶ
1204 5409 1260 5461 τὸ
1288 5407 1513 5479 λέγεσθαι
1535 5411 1707 5463 παθεῖν
1724 5413 1913 5484 ἀνθρω-

336 5502 515 5557 πίνως.
548 5508 598 5550 Ἦ
624 5500 779 5551 αὐτοῦ
800 5500 898 5572 γαρ
923 5499 1134 5551 πέπονθε
1157 5500 1305 5573 σάρξ.
1341 5516 1360 5549 ι
1388 5504 1477 5552 Καί
1516 5503 1563 5552 ἐν
1592 5508 1663 5569 τῷ
1687 5523 1914 5576 τρισκαι-

337 5588 531 5658 δεκάτῳ
566 5587 620 5642 δὲ
646 5590 893 5660 κεφαλαίῳ
918 5597 1016 5643 τῶν
1047 5589 1272 5659 σχολίων
1299 5589 1324 5643 ό
1352 5591 1499 5649 αὐτὸς
1535 5591 1581 5642 ἐν
1613 5590 1772 5662 ἁγίοις
1804 5596 1910 5646 K13-

2017 3239 2260 3293 stodiens
2310 3238 2641 3304 unitionem,
2691 3246 2747 3292 et
2790 3254 3070 3294 numerum
3114 3246 3420 3293 naturarum
3468 3252 3591 3307 qua:

2018 3339 2384 3385 convenerunt
2424 3328 2829 3394 demonstravit,
2876 3338 2932 3384 et
2961 3346 3122 3385 unum
3151 3330 3420 3386 Christum
3449 3345 3591 3400 pra:-

2023 3419 2240 3482 dicavit,
2275 3426 2333 3471 at
2356 3433 2464 3473 non
2495 3434 2653 3473 unam
2685 3428 2929 3476 naturam
2958 3419 3171 3478 deitatis
3204 3431 3259 3477 et
3285 3423 3480 3477 carnis.
3523 3421 3592 3476 Et

2022 3506 2078 3560 in
2104 3506 2341 3561 secunda
2387 3507 2453 3561 ad
2481 3511 2729 3564 eumdem
2770 3508 3085 3565 Successum
3131 3513 3353 3582 epistola
3397 3513 3588 3569 similia

2018 3597 2239 3659 docens,
2283 3596 2355 3651 ita
2382 3598 2602 3652 scribit:
2641 3617 2660 3650 ε
2688 3598 2820 3672 Nam
2848 3599 3107 3669 siquidem
3147 3618 3304 3655 unam
3350 3602 3592 3658 dicentes

2016 3685 2180 3743 Verbi
2228 3694 2470 3742 naturam
2503 3690 2876 3758 tacuissemus,
2928 3708 3032 3746 non
3065 3692 3374 3755 inferentes,
3405 3692 3586 3748 locar-

2019 3783 2224 3839 natam,
2275 3776 2367 3845 sed
2415 3778 2568 3847 quasi
2609 3791 2760 3833 extra
2791 3788 3053 3849 ponentes
3097 3782 3586 3851 dispensationem;

2020 3874 2139 3919 erat
2183 3866 2287 3921 illis
2314 3866 2537 3922 forsitan
2585 3879 2638 3923 et
2665 3869 2967 3927 verisimilis
2997 3870 3136 3926 ratio
3165 3868 3588 3939 contingentibus

2019 3955 2375 4024 interrogare,
2431 3958 2520 4012 ubi
2569 3958 2823 4028 perfectio
2853 3960 2904 4014 in
2936 3960 3288 4023 humanitate,
3331 3961 3414 4015 vel
3443 3972 3582 4031 quo-

2019 4047 2181 4101 modo
2203 4048 2440 4102 subsistit
2471 4047 2750 4121 [substitit]
2780 4050 3009 4104 humana
3039 4061 3220 4106 nostra
3249 4051 3589 4105 substantia?

2021 4137 2286 4203 Quoniam
2331 4146 2509 4191 autem
2551 4147 2605 4193 et
2646 4138 2906 4207 perfectio
2937 4140 2989 4195 in
3020 4141 3371 4206 humanitate,
3402 4149 3458 4196 et
3487 4157 3589 4194 no-

2019 4237 2141 4280 stra'
2162 4227 2469 4281 substantia:
2490 4229 2875 4285 demonstratio
2892 4231 3192 4286 introducta
3217 4239 3318 4297 est,
3341 4231 3587 4296 dicendo,

2019 4319 2359 4372 lncarnalam
2386 4336 2401 4382 ;
2433 4328 2644 4373 cessent
2682 4320 3030 4375 arundineam
3081 4323 3282 4389 virgam
3313 4321 3410 4376 sibi
3458 4337 3588 4389 sup-

2020 4414 2301 4477 ponentes.
2342 4407 2654 4475 Ejic'tcntem
2705 4412 2849 4465 enim
2880 4411 3354 4481 dispensationem,
3406 4420 3464 4465 et
3490 4413 3587 4466 ah-

2020 4513 2302 4573 ncgantem
2354 4504 2796 4572 inearnationem,
2845 4508 3127 4578 oportebat
3156 4508 3299 4576 juste
3325 4511 3584 4571 accusari,

2019 4599 2346 4654 auferentem
2370 4618 2399 4656 a
2430 4602 2564 4659 Filio
2598 4605 2892 4673 perfectam
2923 4607 3330 4663 humanitatem.
3369 4608 3462 4671 Sin
3492 4625 3588 4663 au-

2023 4704 2128 4747 tem
2161 4695 2243 4759 (ut
2265 4690 2400 4762 dixi)
2428 4694 2760 4750 incarnatum
2789 4712 2908 4749 esse
2935 4697 3161 4752 dicendo
3190 4699 3383 4767 ipsum,
3418 4702 3590 4764 mani-

2022 4781 2154 4833 fosta
2179 4787 2345 4834 estet
2384 4781 2747 4838 indubitabilis
2792 4784 3080 4850 confessio,
3127 4787 3270 4856 quod
3310 4788 3481 4842 factus
3503 4799 3589 4845 est

2021 4871 2182 4926 homo
2212 4887 2226 4937 ;
2259 4872 2390 4927 nihil
2413 4873 2524 4942 jam
2550 4875 2799 4945 prohibet
2821 4878 3138 4945 intelligere,
3167 4879 3287 4948 quia
3308 4894 3430 4933 cum
3451 4894 3588 4933 unus

2020 4963 2091 5018 sit
2132 4972 2189 5019 et
2232 4966 2378 5021 solus
2425 4964 2564 5020 ﬁlius
2611 4964 2874 5033 Christus,
2928 4968 3065 5023 idem
3114 4970 3224 5037 ipse
3255 4969 3392 5023 Deus
3420 4976 3503 5023 est
3530 4977 3588 5023 et

2021 5056 2207 5119 homo.
2233 5058 2376 5112 sicut
2401 5056 2451 5110 in
2482 5057 2681 5111 deitate
2711 5041 2999 5126 perfectus,
3028 5060 3099 5112 ita
3128 5066 3184 5112 et
3210 5060 3261 5112 in
3292 5059 3589 5112 humanita-

2020 5153 2074 5201 te
2101 5146 2393 5215 perfectus.
2437 5146 2751 5201 Rectissime
2798 5156 2976 5203 autem
3007 5156 3063 5202 et
3105 5149 3261 5201 nimis
3297 5149 3588 5224 prudenter

2023 5247 2110 5294 tua
2141 5239 2400 5311 perfectio
2424 5241 2501 5317 de
2521 5242 2740 5298 salutari
2770 5243 3018 5311 passione
3045 5242 3308 5296 rationem
3339 5243 3585 5311 exponit,

2020 5345 2126 5384 non
2174 5331 2346 5400 ipsum
2376 5331 2704 5399 unigenitum
2738 5330 2930 5385 Filium
2956 5329 3070 5393 Dei,
3120 5330 3412 5385 secundum
3442 5333 3585 5399 quod

2022 5421 2335 5491 intelligitur
2379 5430 2434 5477 et
2461 5430 2545 5477 est
2573 5421 2731 5485 Deus,
2778 5435 2992 5490 passum
3021 5435 3141 5475 esse
3181 5422 3234 5475 in
3263 5436 3360 5477 sua
3397 5434 3585 5476 natura

2006 5522 2138 5579 “qum
2166 5522 2290 5569 sunt
2319 5514 2562 5582 corporis
2589 5511 2880 5577 allirmans,
2931 5512 3099 5580 magis
3145 5522 3322 5568 autem
3371 5530 3581 5584 passum

2021 5615 2141 5654 esse
2183 5611 2391 5655 terrena
2421 5610 2628 5655 natura.
2670 5598 2895 5671 Oportet
2923 5603 3064 5656 enim
3098 5605 3398 5675 necessario
3439 5612 3579 5657 utra-

413 5758 428 5789 ¹
459 5763 762 5835 Aliquando
792 5762 1006 5833 quidem
1042 5764 1235 5821 Filium
1254 5806 1271 5834 ,
1299 5765 1589 5833 aliquando
1626 5780 1759 5819 vero
1792 5766 2047 5837 Verbum,
2081 5779 2159 5825 est
2189 5773 2403 5840 quando
2434 5770 2642 5851 ilium,
2672 5781 2752 5829 est
2774 5775 2986 5844 quando
3016 5776 3267 5831 Verbum.

620 5858 891 5917 Ριτιιοι..
939 5858 1169 5919 LXIX.

3139 5869 3179 5922 8
