4032 6190
485 340 593 398 Q55

1867 340 2153 398 VltilLl’US
2192 341 2387 397 PAPA.

3618 338 3724 396 958

484 462 641 535 ριλλος
671 461 848 534 ὁμοίως
887 462 1284 532 ὰπϐαλλὸμενος
1316 468 1432 522 τούς
1454 484 1505 517 τε
1535 461 1626 517 δύο
1661 462 1802 522 υίοὺς
1825 464 2055 533 εἰσάγον·

2173 474 2262 528 [ue
2290 459 2493 515 servari
2522 461 2611 514 uni
2651 467 2705 513 et
2728 474 2858 515 vero
2884 458 3041 525 Filio,
3070 469 3129 513 et
3154 474 3260 512 non
3290 457 3404 529 pati
3431 456 3722 513 secundum
3758 497 3797 553 ρ.

486 574 597 617 τας,
622 550 737 613 τούς
758 573 812 608 τε
834 556 952 622 μίαν
978 554 1126 626 φύσιν
1144 553 1378 623 λέγοντας
1398 553 1626 611 θεότητος
1649 556 1733 607 καί
1751 560 1841 610 τῆς
1868 552 2057 621 σαρκὸς

481 650 573 697 τοῦ
597 647 810 705 Χριστοῦ
826 681 840 706 ,
870 643 1049 715 γράφει
1066 641 1255 703 οὕτως’
1289 658 1307 691 ι
1329 643 1400 695 Οὑ
1427 639 1701 716 διοριστέον
1738 637 1821 694 οὖν
1845 638 1946 711 ἄρα
1972 641 2058 695 τὸν

481 732 570 788 ἕνα
597 734 766 806 κὺριον
790 739 978 791 Ἰησοῦν
998 732 1213 805 Χριστὸν
1241 734 1312 792 εἰς
1339 728 1599 808 ἄνθρωπον
1637 730 1833 795 ίόικῶς,
1866 733 1951 785 καί
1988 734 2059 789 εἰς

482 822 604 876 Θεὸν
631 820 799 883 ὶδικῶς
818 862 833 887 ,
863 821 970 875 ἀλλ’
992 822 1078 875 ἕνα
1111 824 1195 875 καί
1217 824 1303 875 τὸν
1329 823 1480 876 αὑτὸν
1507 819 1706 881 Ἰησοῦν
1728 824 1944 895 Χρισττῖν
1977 821 2062 873 κὺ-

483 914 589 987 ριόν
610 934 789 986 φαμεν,
821 920 912 971 τήν
938 919 1037 968 τῶν
1063 915 1256 984 φύσεων
1280 911 1466 991 εἰδότες
1489 911 1758 986 διαφορὰν,
1789 916 1872 965 γαί
1895 914 2060 983 ἀσυγ-

485 1007 665 1072 χὺτως
695 1004 923 1063 ἀλλήλαις
950 1008 1218 1077 τηροῦντες
1250 1005 1430 1063 αὑτάς.
1452 1021 1471 1054 ι
1505 1004 1561 1055 Εἰ
1579 1007 1770 1064 τοίνυν,
1797 1003 1957 1061 καθὼς
1987 1000 2063 1056 δι-

487 1093 664 1149 δάσκει
705 1092 807 1147 ὁέν
850 1093 1007 1165 ἁγίοις
1047 1092 1313 1169 Κ·’ριλλος,
1356 1088 1426 1152 εἷς
1474 1094 1609 1147 ἐστιν
1656 1090 1681 1145 5
1728 1090 1897 1168 κὺριος
1925 1092 2062 1161 ἡμῶν

482 1181 672 1243 Ἰησοῦς
695 1185 934 1259 Χριστὸς,
956 1184 1142 1244 τέλειος
1167 1184 1213 1235 ἐν
1233 1184 1447 1241 θεότητι.
1478 1185 1562 1236 καί
1581 1182 1763 1241 τέλειος
1791 1181 1816 1235 5
1842 1182 1996 1239 αὑτὸς
2016 1182 2064 1232 ἐν

485 1270 865 1346 ἆνθρωπότητι,
902 1275 987 1326 καί
1030 1274 1116 1326 οὑκ
1158 1270 1311 1327 ἔπαθε
1353 1280 1417 1346 τῇ
1458 1273 1566 1346 θείᾳ
1602 1273 1782 1344 φύσει,
1832 1271 1956 1325 ἀλλὰ
2001 1278 2064 1342 τῇ

486 1370 635 1438 χοῒκῇ
664 1360 809 1435 φύσει
829 1402 842 1425 ,
886 1357 984 1416 οἶδε
1014 1359 1068 1416 δὲ
1109 1363 1192 1415 καί
1217 1367 1306 1420 τὴν
1332 1369 1431 1416 τῶν
1460 1364 1657 1432 φύσεων
1683 1354 1951 1438 διαφορᾶν,
1982 1363 2067 1413 καί

485 1454 545 1507 τὸ
569 1456 909 1525 ἀσυγχύτους
936 1453 1097 1513 αὑτὰς
1119 1453 1348 1513 ἀλλήλαις
1376 1454 1423 1505 ἐν
1451 1457 1543 1523 μιᾷ
1570 1450 1860 1508 ὑποστάσει
1880 1452 2064 1523 φυλάτ-

485 1545 680 1602 τεσθαι,
713 1542 857 1600 δῆλον
883 1541 962 1597 ὅτι
992 1543 1074 1598 τὸν
1105 1542 1250 1597 αὑτὸν
1278 1545 1328 1596 ἓν
1456 1544 1564 1617 θείᾳ
1593 1544 1744 1614 φύσει
1775 1545 1853 1595 καὶ
1989 1544 2068 1594 ἀν-

487 1635 706 1708 θρωπίνῃ
736 1631 866 1702 λέγει
894 1629 918 1685 5
954 1638 1121 1704 πατὴρ
1150 1633 1504 1704 γνωρίζεσθαι,
1535 1633 1620 1684 καί
1648 1630 1888 1705 ἑκατέραν
1923 1633 2069 1701 φθίσιν

487 1725 536 1776 ἓν
561 1724 699 1794 αὑτῷ
727 1718 873 1786 εἶναι,
905 1723 955 1784 ἐξ
991 1717 1056 1773 ὧν
1085 1724 1167 1774 καὶ
1205 1722 1461 1778 συνετέθη.
1493 1723 1584 1774 Καὶ
1619 1721 1706 1774 οὑκ
1733 1717 1795 1775 ἄν
1833 1740 1909 1778 τις
1937 1719 2069 1771 οεῖτω

2160 550 2435 615 deitatem,
2467 559 2522 606 et
2549 550 2655 607 dici
2684 567 2900 622 passum
2929 566 3047 608 esse
3068 551 3315 607 eumdem
3344 549 3515 622 ipsum
3531 565 3724 605 secun-

2159 642 2285 695 dum
2331 642 2712 696 humanitatem
2747 662 2760 697 :
2793 644 2958 711 ipsius
2999 645 3140 698 enim
3187 657 3344 711 passa
3391 648 3476 696 est
3521 655 3709 695 οπο.»

2162 733 2229 787 Et
2279 734 2332 787 in
2378 734 2746 789 tertiodecimo
2793 735 2969 803 capite
3013 734 3336 789 scholiorum
3368 733 3507 787 idem
3536 731 3592 786 S.
3625 731 3729 803 (ἴση

2162 826 2315 879 rillus
2346 825 2595 880 similiter
2635 825 2877 893 rejiciens
2906 841 3000 880 eos
3037 826 3124 893 qui
3152 825 3286 879 duos
3317 822 3453 878 ﬁlios
3482 822 3720 877 introdu-

2163 923 2310 979 cunt,
2359 922 2414 970 et
2456 930 2551 969 eos
2580 915 2671 982 qui
2699 931 2860 968 unam
2902 916 3087 970 dicunt
3121 921 3367 968 naturam
3415 912 3632 967 deitatis
3675 921 3736 968 et

2162 1003 2341 1058 carnis
2358 1001 2576 1071 Christi,
2598 1004 2671 1057 ita
2692 1005 2876 1059 scribit
2901 1021 2913 1057 :
2953 1022 2972 1055 ι
2993 1004 3107 1058 Νοη
3128 1001 3540 1059 discernendum
3566 1017 3734 1057 unum

2164 1090 2445 1148 Dominum
2467 1091 2647 1148 Jesum
2680 1092 2949 1149 Christum
3000 1094 3052 1148 in
3098 1094 3369 1149 hominem
3416 1094 3733 1163 separatim,

2163 1191 2218 1237 et
2246 1183 2298 1237 in
2329 1183 2494 1238 Deum
2522 1184 2852 1253 separatim:
2898 1184 2993 1241 sed
3031 1199 3195 1238 unum
3242 1182 3602 1251 eumdemque
3632 1181 3741 1238 Do-

2163 1273 2366 1328 minum
2393 1274 2573 1330 Iesum
2605 1273 2873 1330 Christum
2893 1275 3137 1341 dicimus,
3162 1284 3470 1329 naturarum
3498 1276 3743 1330 scientes

2164 1362 2543 1428 diﬂerentiam,
2573 1373 2628 1418 et
2671 1366 2976 1421 inconlusas
3015 1380 3108 1421 eas
3135 1364 3236 1419 sibi
3262 1364 3486 1419 invicem
3515 1380 3741 1419 conser-

2165 1465 2372 1512 vantes.
2405 1477 2421 1508 ι
2454 1457 2511 1511 Si
2542 1458 2702 1527 igitur
2730 1458 2912 1529 (prout
2932 1459 3089 1515 docet
3118 1473 3214 1513 nos
3240 1465 3456 1514 sanctus
3481 1456 3739 1529 Cyrinus)

2167 1564 2304 1603 unus
2343 1557 2425 1604 est
2456 1550 2711 1606 Dominus
2738 1560 2923 1608 noster
2963 1551 3121 1608 Jesus
3148 1551 3410 1616 Christus,
3465 1549 3746 1621 perfectus

2171 1638 2224 1692 in
2252 1639 2452 1694 deitate
2470 1680 2487 1705 ,
2524 1648 2578 1695 et
2607 1641 2875 1710 perfectus
2898 1642 3036 1697 idem
3067 1643 3185 1712 ipse
3217 1643 3271 1696 in
3297 1642 3648 1705 humanitate,
3677 1654 3744 1698 et

2171 1743 2276 1782 non
2300 1738 2382 1784 est
2403 1746 2588 1799 passus
2617 1731 2793 1785 divina
2825 1743 3029 1797 natura,
3060 1733 3151 1788 sed
3183 1740 3412 1797 terrena,
3435 1733 3743 1788 scitantem

485 1816 692 1884 μανείη.
740 1815 808 1875 ὦς
851 1815 1009 1889 ὀρθῶς
1050 1816 1257 1878 νομίσαι
1295 1820 1485 1887 φρονεῖν
1520 1815 1639 1872 τούς
1676 1813 1911 1889 λέξοντας
1949 1813 2068 1877 μίαν

2173 1824 2225 1870 et
2253 1826 2563 1873 naturarum
2602 1819 2985 1883 diﬂerentiam,
3026 1829 3082 1875 et
3109 1819 3253 1889 quod
3298 1821 3589 1877 inconfusze
3630 1821 3742 1877 sibi

488 1900 609 1959 εἶναι
635 1905 800 1977 φύσιν,
825 1906 936 1964 ἤτοι
956 1906 1135 1959 οὑσίαν
1157 1906 1346 1981 σαρκὸς
1366 1907 1445 1957 γαί
1462 1902 1686 1962 θεότητος
1706 1900 1795 1956 τιῦ
1819 1907 2060 1973 Χριστοῦ,

488 1998 576 2051 τήν
604 1994 756 2053 αὑτὴν
785 1994 915 2047 θείαν
943 1995 1028 2048 καί
1053 1998 1256 2065 χοίκήν,
1287 1996 1507 2051 παθητὴν
1534 1994 1617 2047 καί
1643 1994 1825 2050 ἀπαθῆ.

2174 1906 2403 1961 invicem
2447 1909 2499 1961 in
2532 1925 2631 1963 una
2674 1910 3012 1967 subsistentia
3056 1920 3478 1967 conservantur:
3527 1919 3747 1967 certum

2169 2003 2272 2060 est,
2301 1996 2444 2064 quod
2477 1997 2725 2053 eumdem
2755 1999 2927 2069 ipsum
2968 2000 3023 2054 in
3050 1999 3231 2055 divina
3260 2009 3450 2055 natura
3476 2009 3531 2056 et
3559 2002 3611 2056 in
3634 2002 3745 2057 hn-

2178 2100 2336 2140 mana
2364 2087 2493 2141 dicit
2516 2086 2676 2144 Pater
2701 2089 2971 2157 cognosci,
3002 2098 3057 2144 et
3096 2098 3373 2159 utramque
3398 2098 3641 2145 naturam
3681 2090 3748 2144 in

489 2174 605 2243 ipso
635 2189 772 2238 esse,
805 2190 872 2231 ex
901 2175 1094 2247 quibus
1122 2183 1177 2231 et
1204 2174 1534 2244 compositus
1561 2181 1660 2227 est.
1712 2171 1779 2227 Et
1824 2188 1929 2227 non
1972 2173 2166 2242 aliquis
2211 2175 2290 2230 sic
2339 2175 2587 2243 insaniat,
2639 2187 2695 2231 ut
2735 2178 3022 2235 arbitretur
3069 2193 3164 2234 eos
3210 2185 3357 2232 recte
3410 2193 3599 2248 sapere
3644 2178 3746 2249 qui

489 2264 675 2321 dicunt
720 2282 880 2321 unam
923 2281 1042 2322 esse
1086 2275 1331 2321 naturam
1376 2266 1489 2320 sive
1536 2264 1889 2320 substantiam
1930 2265 2107 2320 carnis
2156 2274 2212 2321 et
2256 2266 2472 2324 deitatis
2516 2268 2733 2336 Christi,
2791 2270 3033 2333 eamdem
3081 2278 3135 2326 et
3179 2270 3411 2325 divinam
3458 2277 3512 2325 et
3567 2280 3753 2327 terre-

489 2372 633 2422 nam,
666 2359 968 2429 passibilem
996 2368 1050 2414 et
1079 2357 1481 2430 impassibilem.

562 2449 760 2512 Ἐπειδη
802 2450 856 2507 δὲ
898 2456 984 2506 καί
1027 2454 1263 2527 ἑτέρωθεν
1291 2452 1696 2514 ’κατασκευάζειν
1746 2451 2075 2525 ἐπιχειροῦσί

492 2561 620 2601 τινας
648 2543 705 2597 τὸ
732 2545 845 2615 μίαν
886 2538 1010 2597 εἶναι
1034 2546 1193 2615 φύσιν
1207 2551 1296 2602 τῆς
1326 2540 1559 2601 θεότητος
1588 2544 1677 2594 καί
1695 2548 1784 2600 τῆς
1824 2538 2099 2623 ἀνθρωπὸηκ

493 2653 645 2693 raro;
672 2639 765 2689 τοῦ
796 2639 1018 2706 Χριστοῦ
1036 2674 1050 2697 ,
1081 2635 1248 2687 τὸτοῦ
1276 2634 1540 2707 ἀνθρώπου
1577 2628 1902 2706 παράδειγμα
1941 2649 2071 2703 προ·-

494 2722 818 2794 ϐιιλ).ὁμενοι,
859 2725 945 2777 καί
984 2724 1239 2796 λέγοντες,
1291 2724 1467 2799 ὥσπερ
1506 2723 1558 2785 ἑξ
1596 2723 1867 2799 ἕτερονρυῶν
1892 2718 2073 2791 ψυχῆς

2251 2448 2512 2519 Quoniam
2560 2460 2737 2509 autem
2777 2462 2832 2510 et
2873 2452 2980 2508 alio
3014 2454 3175 2509 modo
3211 2455 3425 2524 quidam
3454 2454 3753 2510 ostendere

2179 2550 2461 2609 conantur,
2484 2557 2644 2597 unam
2672 2559 2790 2599 esse
2817 2552 3058 2599 naturam
3087 2544 3300 2600 deitatis
3320 2553 3376 2600 et
3397 2545 3757 2600 humanitatis

2178 2628 2398 2697 Christi,
2429 2633 2729 2702 exemplum
2752 2633 2979 2687 hominis
3002 2643 3377 2702 proponentes,
3403 2644 3459 2689 et
3477 2633 3754 2699 dicentes,

2177 2720 2321 2786 quod
2366 2721 2504 2776 sicut
2550 2736 2617 2776 ex
2664 2721 2890 2778 diversis
2934 2725 3161 2789 naturis,
3208 2724 3385 2778 anima
3431 2732 3487 2778 et
3512 2739 3757 2792 corpore

495 2818 581 2870 καί
630 2817 866 2887 σώματος
896 2819 1149 2876 συνεστώς
1180 2816 1204 2870 5
1235 2813 1497 2891 ἅνθρωπος
1546 2817 1636 2886 μία
1682 2817 1830 2887 φύσις
1855 2815 2069 2888 λέγεται,

2179 2816 2477 2873 consistens
2497 2816 2683 2882 homo,
2727 2834 2830 2873 una
2864 2827 3051 2872 natura
3079 2819 3289 2882 dicitur,
3320 2819 3398 2874 sic
3425 2827 3479 2872 et
3504 2834 3571 2873 ex
3601 2819 3753 2873 dna-

496 2906 628 2961 οἶτω
652 2909 736 2960 καί
762 2908 816 2961 ἐκ
843 2905 931 2962 δύο
958 2908 1175 2979 φύσεων.
1202 2909 1432 2969 θεότητος
1454 2910 1533 2963 καί
1561 2908 1959 2984 ἆνθρωπότητος,
1988 2911 2074 2963 τὸν

494 2997 707 3072 Χριστὸν
733 2998 986 3071 λέγοντες,
1019 2999 1266 3072 ὀφεῡιομεν
1293 3002 1411 3067 μίαν
1444 2997 1593 3071 φύσιν
1619 2996 1698 3054 ἔπ’
1735 3000 1875 3072 αὐτῷ
1899 2998 2070 3071 λέγειν’

492 3084 654 3143 ἐκεῖνο
686 3090 810 3167 πρὸς
834 3091 1014 3150 αὑτοὺς
1046 3091 1100 3165 ἕρ
1132 3098 1254 3163 ὗμιν
1274 3134 1288 3157 ,
1327 3088 1404 3146 ὅτι
1445 3089 1470 3145 5
1497 3093 1585 3163 μὲν
1612 3088 1869 3166 ἅνθρωπος
1899 3086 1987 3162 κᾷν
2024 3093 2076 3144 ἆκ

493 3177 742 3254 δίαφὸρων
769 3182 1061 3240 συνέστηκε.
1086 3184 1322 3238 τουτέστι
1349 3182 1529 3253 ψυχῆς
1549 3184 1632 3237 καὶ
1658 3186 1916 3253 σώματος,
1941 3180 2075 3254 ὅμως

494 3270 579 3325 διὰ
607 3278 757 3327 τοῦτο
787 3275 887 3341 μία
908 3273 1055 3345 φύσις
1081 3273 1306 3346 λέγεται,
1347 3270 1517 3332 ἐπειδή
1544 3282 1715 3334 κοινῶς
1744 3274 1871 3328 κατὰ
1899 3281 2077 3328 πασῶν

501 3367 597 3416 τῶν
621 3361 977 3427 ὑποστάσεων,
1005 3363 1154 3436 ἤγουν
1176 3365 1467 3438 προσώπων
1487 3370 1585 3419 τῶν
1606 3363 1706 3418 ὑπὸ
1725 3365 1782 3418 τὸ
1807 3363 1927 3419 αὑτό
1947 3359 2077 3423 εἶδος

495 3451 808 3523 ἀναγομένων
837 3461 1217 3528 κατηγορεῖται.
1246 3455 1302 3507 Εἰ
1328 3456 1411 3508 καὶ
1437 3457 1501 3511 τὰ
1526 3454 1744 3524 μάλιστα
1767 3457 1866 3528 γὰρ
1894 3454 2076 3513 ἑκάστη

498 3540 815 3603 ὑπόστασις,
848 3541 958 3600 ἤτοι
1003 3544 1303 3617 πρόσωπον.
1349 3539 1450 3597 οἷον
1492 3545 1703 3621 Πέτρος,
1745 3548 1830 3599 καί
1864 3545 2075 3607 Παῦλος,

494 3636 601 3690 τοῖς
630 3628 897 3701 ἱδιὼμςισιν
921 3632 1011 3687 ἀπ’
1039 3633 1255 3691 ἀλλήλων
1279 3630 1694 3709 διαχωρίζονται,
1726 3635 1830 3690 ἀλλ’
1855 3635 1993 3707 ὅμως
2017 3639 2076 3691 οὑ

494 3727 556 3778 τῆ
578 3721 724 3793 φύσει
743 3719 1082 3797 διαιροῦνται’
1106 3723 1377 3797 ἀμφότεροι
1396 3727 1498 3799 γὰρ
1523 3722 1772 3799 ἅνθρωποι
1792 3743 1804 3756 ⁸
1828 3729 1911 3780 καί
1930 3727 2077 3780 πάλιν

496 3808 613 3867 οὔτε
641 3811 794 3882 ψυχή
840 3816 1005 3886 χωρίς
1032 3816 1300 3883 σώματος,
1340 3812 1452 3871 οὕτε
1493 3822 1643 3888 σῶμα
1690 3818 1857 3889 χωρίς
1895 3815 2078 3887 ψυχῆς

497 3899 777 3974 [ἄνθρωπός
818 3900 847 3955 ἕ
851 3899 984 3973 στιν]
1012 3902 1410 3980 ὼθρωπὸτητος,
1449 3905 1551 3958 ἀλλ’
1575 3905 1625 3959 ἐκ
1643 3911 1736 3961 τοῦ
1761 3911 1829 3975 μὴ
1851 3902 1988 3968 ὄντος
2008 3910 2080 3969 εἰς

496 3992 554 4047 τὸ
582 3989 706 4075 εἶναι
747 3995 801 4044 ἐκ
827 3994 1007 4062 ψυχῆς
1050 3997 1134 4047 καί
1183 3997 1421 4066 σώματος
1464 3994 1843 4070 ἓδημιουργὴθη.
1885 4002 1985 4051 Πᾶν
2024 3996 2078 4053 δὲ

499 4081 720 4149 κτίσμα,
752 4081 904 4135 εἶκαὶ
944 4083 997 4135 ἐκ
1026 4079 1270 4156 διαφόρων
1316 4085 1649 4147 συνέστηκεν,
1701 4083 1802 4139 ἀλλ’
1837 4080 1922 4138 οὖν
1960 4088 2077 4157 μίαν

501 4171 682 4228 ἐκείνην
709 4169 852 4239 ἔχειν
877 4173 1077 4243 λέγεται
1100 4176 1278 4245 φύσιν,
1308 4175 1415 4228 καθ’
1434 4175 1490 4233 ἣν
1513 4177 1658 4249 παρά
1687 4181 1776 4230 τοῦ
1811 4183 1934 4231 Θεοῦ
1966 4175 2079 4236 ἐδη-

497 4261 790 4334 μιουργήθη.
836 4273 890 4315 ‘0
929 4260 982 4316 δέ
1028 4265 1244 4337 Χριστὸς
1285 4266 1389 4333 οὑχ
1429 4264 1622 4325 ο-ῗτως·
1667 4263 1780 4320 οὔτε
1817 4264 1917 4337 γάρ
1958 4269 2077 4336 μίαν

499 4347 647 4422 φύσιν
668 4393 678 4403 .
710 4352 862 4421 ἤγουν
893 4354 1067 4406 οὑσίιν
1096 4351 1239 4409 δηλοῖ
1264 4361 1431 4413 κοινῶς
1472 4355 1599 4408 κατὰ
1625 4354 1815 4408 πολλῶν
1854 4355 2079 4411 ὑποστά·

502 4460 661 4505 σεων,
688 4440 797 4499 ἦτοι
823 4444 1104 4515 προσώπων
1133 4444 1569 4517 κατηγορουμένην
1587 4488 1599 4504 ,
1633 4445 1807 4520 ὥσπερ
1834 4444 1859 4498 5
1888 4442 2078 4520 ἅνθρω-

503 4548 628 4591 πος·
659 4534 703 4584 εί
723 4535 823 4607 γάρ
849 4540 999 4588 τοῦτο
1025 4530 1103 4596 ἦν,
1131 4535 1305 4589 πολλοὶ
1331 4540 1539 4608 Χριστοί
1565 4537 1942 4612 εὑρεθήσονται,
1969 4524 2081 4593 κοιθ⁹

501 4616 568 4675 ὧν
607 4622 664 4676 τὸ
692 4626 845 4676 κοινίν
870 4632 959 4684 τῆς
997 4629 1193 4698 φύσεως
1230 4625 1598 4702 κατηγορῆτοιι,
1638 4626 1763 4702 ὅπερ
1804 4634 1885 4684 καί
1923 4631 2079 4702 λέγειν

503 4711 637 4766 ἐστίν
659 4714 869 4773 ἀσεϐές·
914 4715 1016 4767 ἀλλ’
1045 4714 1161 4770 οὔτε
1192 4717 1280 4770 ἀπ’
1309 4718 1482 4792 ἀρχῆς
1530 4720 1583 4772 ἐκ
1625 4719 1855 4779 θεότητος
1882 4724 1965 4774 καί
1992 4724 2078 4777 διν-

499 4803 841 4878 θρωπότητος,
870 4807 1041 4881 ὥσπερ
1070 4807 1094 4861 5
1130 4804 1389 4879 ἄνθρωπος
1417 4807 1471 4863 ἐκ
1494 4808 1673 4879 ψυχῆς
1699 4815 1779 4863 καί
1818 4813 2077 4880 σώματος,

501 4893 527 4948 ὁ
547 4897 764 4969 Χριστὸς
792 4894 1175 4972 ἕδημιονργ;,θη,
1196 4899 1278 4951 ἵνα
1299 4903 1450 4953 τοῦτο
1474 4896 1502 4975 ᾖ
1527 4902 1674 4970 φύσις
1692 4908 1934 4973 Χριστοῦ·
1959 4903 2082 4957 ἀλλά

501 4985 625 5046 Θεὸς
647 4981 712 5039 ὧν
740 4984 838 5043 πρὸ
861 4988 1051 5039 αἰώνων
1077 4985 1101 5040 5
1130 4986 1292 5058 λόγος,
1325 4990 1407 5039 καί
1436 4995 1523 5046 τῆς
1549 4990 1708 5047 αὐτῆς
1737 4993 1952 5061 φύσεως,
1974 4991 2082 5050 ἤτοι

502 5076 678 5139 οὑσίσς
705 5077 959 5152 ὑπάρχων
988 5084 1056 5147 τῷ
1085 5080 1263 5151 πατρί.
1295 5079 1373 5132 καί
1396 5075 1697 5152 δημιουργὸς
1718 5079 1975 5144 ἁπάντων,
1998 5080 2078 5134 ἐπ’

501 5167 740 5235 ἐσχάτων
776 5175 872 5220 τῶν
902 5171 1095 5238 ἡμερῶν
1135 5170 1398 5241 ἅνῧρὼπου
1446 5167 1594 5239 φάτιν
1638 5168 1748 5222 καθ’
1793 5172 2078 5225 ὑπάστασιν

501 5255 691 5316 ἔνὼσας
721 5256 916 5327 ἐαυτῷ,
955 5258 1147 5329 γέγονεν
1184 5254 1478 5334 ἅνθρωπος,
1524 5267 1592 5329 μή
1633 5255 1817 5320 ἐκστὰς
1847 5268 1930 5315 τοῦ
1959 5257 2079 5315 εἶναι

505 5345 628 5404 Θιός·
636 5384 647 5395 .

571 5432 748 5490 "Bern
780 5433 911 5492 οὗνὸ
940 5442 1155 5515 Χριστὸς
1183 5441 1273 5509 μία
1301 5440 1617 5501 ὑπὸστασις.
1649 5441 1758 5500 ἤτοι
1780 5443 2077 5515 πρόσωπον,

502 5535 585 5586 καί
614 5529 731 5601 ἔχει
756 5532 813 5584 τὸ
841 5534 1020 5587 τέλειον
1049 5536 1097 5586 ἐν
1136 5536 1299 5604 ἐαυτῷ
1338 5542 1428 5594 τίς
1458 5555 1508 5589 τε
1556 5535 1684 5594 θείας
1722 5537 1808 5587 καί
1835 5536 2076 5591 ἆκτίστου

503 5626 702 5693 φύσεως
722 5666 734 5680 .
776 5626 856 5677 καί
880 5626 936 5679 τὸ
962 5625 1142 5679 τέλειον
1179 5635 1269 5687 τῆς
1306 5627 1610 5700 ἀνθρωπίνης
1644 5629 1727 5679 καί
1756 5635 1959 5685 κλωστῆς
1984 5629 2080 5699 qni--

505 5738 651 5777 σεως.
684 5722 789 5777 Πῶς
811 5713 915 5779 οὖν,
940 5724 988 5774 ἐν
1009 5717 1045 5789 ᾧ
1067 5717 1155 5773 δύο
1178 5717 1350 5792 φύσεις
1370 5724 1711 5795 γνωρίζονται,
1741 5718 1977 5781 ἆκτιστος
2002 5726 2083 5777 καί

506 5815 681 5867 κτιστιέ
699 5847 714 5874 ,
747 5807 829 5864 επὶ
857 5812 1039 5865 τούτου
1068 5813 1188 5881 μίαν
1217 5813 1365 5882 φύσιν
1394 5812 1502 5870 ἤτοι
1522 5813 1950 5884 οὑσίαννλέγεσθαι
1988 5813 2076 5869 δυ-

2175 2906 2272 2961 hus
2296 2908 2496 2961 naturis
2519 2908 2733 2963 deitatis
2754 2915 2810 2962 et
2828 2908 3172 2963 humanitatis
3190 2907 3458 2966 Christum
3478 2908 3751 2974 dicentes,

2172 2996 2427 3054 debemus
2457 3014 2614 3053 unam
2647 3000 2812 3068 ipsius
2861 2999 3043 3054 dicere
3070 3009 3313 3054 naturam
3338 3017 3352 3053 :
3387 2998 3513 3053 illud
3544 2998 3610 3051 ad
3639 3012 3752 3052 eos

2173 3086 2433 3152 dicemus,
2477 3087 2623 3157 quod
2653 3089 2815 3143 homo
2844 3089 3057 3157 quidem
3109 3090 3233 3144 licet
3260 3104 3326 3144 ex
3365 3088 3586 3143 diversis
3613 3102 3752 3143 con-

2173 3184 2298 3241 stet,
2329 3176 2379 3231 id
2407 3184 2507 3242 est,
2539 3177 2714 3232 anima
2740 3186 2796 3233 et
2822 3194 3070 3247 corpore,
3093 3185 3271 3232 tamen
3300 3177 3420 3232 ideo
3447 3194 3545 3231 una
3576 3189 3752 3231 natu-

2175 3282 2234 3321 ra
2280 3266 2495 3333 dicitur,
2544 3269 2798 3338 quoniam
2845 3267 2911 3323 de
2960 3268 3203 3322 omnibus
3243 3268 3599 3323 subsistentiis
3627 3269 3754 3324 sive

2176 3359 2441 3428 personis,
2466 3375 2582 3427 qum
2606 3359 2702 3413 sub
2731 3359 2918 3413 eadem
2940 3358 3120 3428 specie
3148 3356 3462 3415 referuntur,
3496 3370 3752 3411 commu-

2175 3452 2316 3506 niter
2345 3450 2879 3521 praedicatur.‘Licet
2925 3451 3070 3505 enim
3099 3462 3425 3517 unaquaeque
3454 3446 3755 3501 subsisten-

2178 3544 2251 3596 tia
2273 3542 2384 3606 sive
2407 3556 2660 3611 persona,
2688 3542 2826 3596 sicut
2856 3538 3046 3595 Petrus
3073 3549 3128 3594 et
3156 3537 3370 3600 Paulus,
3401 3535 3752 3606 proprietati-

2177 3633 2277 3688 bus
2308 3647 2338 3686 a
2374 3648 2433 3686 se
2461 3631 2687 3686 invicem
2717 3639 3051 3701 separentur,
3087 3628 3180 3684 sed
3210 3638 3384 3682 tamen
3418 3643 3524 3720 non
3550 3633 3751 3680 natura

2177 3721 2520 3778 dividuntur:
2565 3721 2722 3776 ambo
2763 3721 2905 3778 enim
2952 3720 3233 3784 homines;
3283 3727 3340 3773 et
3384 3719 3596 3782 iterum,
3641 3733 3752 3773 nec

2178 3815 2355 3868 anima
2393 3815 2510 3868 sine
2536 3828 2783 3884 corpore,
2833 3827 2934 3866 nec
2970 3826 3163 3881 corpus
3208 3811 3323 3865 sine
3363 3809 3538 3863 anima
3581 3808 3753 3863 homo

2178 3911 2280 3967 est,
2312 3902 2411 3958 sed
2439 3918 2505 3958 ex
2534 3918 2601 3958 eo
2629 3903 2773 3972 quod
2805 3917 2909 3957 non
2939 3909 3075 3965 erat,
3105 3900 3171 3955 ad
3214 3901 3318 3955 hoc
3346 3897 3488 3968 quod
3527 3906 3628 3963 est,
3677 3913 3751 3952 ex

2179 3994 2356 4049 anima
2397 4002 2451 4049 ct
2496 4009 2722 4064 corpore
2768 4000 2983 4049 creatus
3028 4000 3129 4048 est.
3171 3989 3513 4060 Unaqumque
3562 3996 3751 4043 autem

2178 4092 2423 4140 creatura
2471 4085 2595 4139 licet
2623 4100 2687 4138 ex
2729 4083 2958 4138 diversis
2985 4089 3216 4145 constet,
3256 4079 3349 4135 sed
3373 4089 3548 4133 tamen
3580 4095 3749 4133 unam

2107 4210 2157 4270 D
2182 4177 2325 4229 illam
2350 4176 2547 4229 habere
2572 4174 2763 4229 dicitur
2785 4182 3047 4235 naturam,
3079 4172 3367 4227 secundum
3395 4184 3553 4239 quam
3577 4185 3608 4223 a
3635 4168 3750 4221 Deo

2180 4275 2357 4323 creata
2388 4275 2489 4320 est.
2529 4264 2769 4320 Chrisnis
2797 4273 2975 4318 autem
3010 4279 3114 4317 non
3139 4263 3253 4317 sic:
3290 4275 3390 4317 nec
3422 4259 3563 4315 enim
3582 4274 3750 4313 unam

2181 4368 2423 4414 naturam
2452 4358 2564 4411 sive
2592 4355 2943 4411 substantiam
2973 4352 3256 4421 signiﬁcat,
3303 4367 3420 4420 qua:
3442 4350 3745 4406 communi-

2180 4455 2262 4502 ter
2285 4447 2350 4501 de
2378 4446 2617 4516 plurimis
2632 4444 2989 4499 subsistentiis
3011 4443 3123 4498 sive
3141 4442 3385 4512 personis
3404 4440 3749 4511 przndicatur,

2179 4539 2317 4593 sicut
2339 4538 2519 4594 homo.
2560 4536 2618 4591 Si
2658 4537 2799 4591 enim
2827 4537 2932 4590 hoc
2954 4542 3116 4601 esset,
3145 4534 3296 4588 multi
3324 4533 3505 4588 christi
3534 4531 3748 4586 inveni-

2179 4637 2367 4684 rentur
2415 4628 2467 4682 in
2518 4623 2667 4701 [de]
2709 4626 2902 4698 quibus
2943 4617 3298 4682 communitas
3337 4622 3492 4677 unius
3540 4627 3750 4674 natura:

2184 4718 2599 4789 przedicabitur;
2647 4716 2791 4786 quod
2821 4724 2877 4770 et
2905 4715 3086 4771 dicere
3124 4713 3345 4783 impium
3373 4720 3472 4768 est.
3515 4710 3623 4765 Sed
3653 4725 3747 4765 ne-

2181 4824 2286 4880 que
2316 4808 2383 4862 ab
2410 4808 2563 4863 initio
2593 4822 2661 4862 ex
2709 4806 2911 4860 deitatc
2942 4814 2997 4859 et
3033 4803 3365 4859 humanitate
3411 4801 3549 4855 sicut
3581 4800 3747 4854 homo

2181 4914 2249 4954 ex
2279 4898 2454 4953 anima
2481 4906 2536 4951 et
2559 4911 2808 4966 corpore,
2840 4893 3085 4949 Christus
3109 4900 3323 4948 creatus
3346 4899 3443 4956 est,
3471 4901 3528 4944 ut
3556 4890 3661 4944 hoc
3681 4889 3751 4943 sit

2181 4998 2375 5045 natura
2415 4988 2613 5044 Christi
2648 5006 2661 5041 :
2704 4988 2798 5043 sed
2845 5003 2966 5041 cum
3014 4986 3153 5040 Deus
3194 4993 3338 5039 esset
3383 4992 3509 5038 ante
3554 4983 3751 5038 secula

2184 5078 2441 5139 Verbum,
2489 5086 2548 5131 et
2593 5086 2739 5133 esset
2781 5076 3018 5144 ejusdem
3064 5085 3268 5129 natura:
3296 5068 3411 5128 sive
3437 5073 3749 5133 substantiae

2184 5183 2305 5223 cum
2348 5166 2530 5234 Patre,
2583 5174 2639 5221 et
2682 5173 2897 5221 creator
2942 5165 3201 5229 omnium,
3254 5163 3308 5217 in
3338 5162 3535 5217 ultimis
3562 5162 3753 5218 diebus

2182 5256 2415 5312 hominis
2433 5265 2675 5331 naturam
2697 5254 2988 5310 secundum
3007 5254 3402 5310 subsistentiam
3417 5252 3517 5309 sibi
3538 5253 3751 5322 uniens,

2183 5347 2356 5402 factus
2382 5354 2465 5401 est
2492 5346 2654 5402 homo
2684 5360 2907 5402 manens
2934 5346 3090 5401 Deus.

2256 5445 2352 5503 Est
2378 5446 2538 5515 igitur
2565 5442 2807 5501 Christus
2833 5461 2936 5500 una
2966 5445 3330 5511 subsistentia,
3356 5443 3469 5500 sive
3494 5458 3751 5514 persona.

2180 5547 2235 5593 et
2263 5537 2424 5591 habet
2453 5537 2503 5592 in
2529 5537 2816 5607 semetipso
2841 5535 3223 5606 perfectionem
3248 5535 3437 5591 divina
3460 5543 3515 5591 et
3545 5535 3755 5590 increa-

2183 5630 2305 5684 bilis
2330 5642 2554 5697 naturae,
2585 5637 2639 5684 et
2680 5628 3064 5698 perfectionem
3110 5628 3355 5683 humana:
3403 5637 3459 5683 et
3504 5629 3753 5684 creabilis

2186 5729 2407 5774 naturze.
2439 5719 2720 5786 Quomodo
2746 5720 2922 5787 igitur,
2956 5719 3007 5773 in
3033 5735 3140 5789 quo
3169 5720 3286 5775 dua:
3323 5729 3526 5775 naturae
3553 5734 3753 5789 cogno-

2181 5819 2422 5878 scuntur,
2451 5811 2768 5877 mercabilis,
2801 5819 2857 5867 et
2884 5811 3149 5878 creabilis,
3191 5810 3244 5865 in
3291 5825 3358 5868 eo
3387 5825 3551 5867 unam
3598 5821 3752 5867 natu-
