4032 6190
353 345 464 402 237

1338 342 1715 403 JUSTINIANI
1753 340 2125 400 CONFESSEO
2162 340 2410 398 RECTIE
2450 340 2646 396 FIDEI.

3495 343 3599 398 258

351 459 535 522 me";
583 462 636 512 Εἰ
678 461 779 534 γὰρ
822 464 908 515 καί
1090 463 1373 521 ὑπόστασις
1425 460 1539 519 ἦτοι
1585 458 1860 537 πρόσωπον
1910 455 1935 510 6

2059 469 2151 508 'am
2180 469 2293 509 srve
2314 454 2665 510 substantiam
2694 454 2795 509 dici
2836 454 3087 523 possibile
3114 459 3236 511 est?
3283 457 3432 513 Liéet
3460 461 3601 512 enim

354 557 428 619 ιε
439 549 599 612 ιστός,
628 550 732 605 ἀλλ’
756 549 1025 621 ὁμοούσιος
1051 560 1124 624 τῷ
1161 556 1320 627 πατρὶ
1345 559 1455 620 Θεῷ
1480 590 1495 612 ,
1543 554 1626 604 καὶ
1668 550 1935 618 ὁμοοὺσιος

353 639 488 705 ἡμῖν
512 637 538 691 6
557 639 732 703 αὐτὸς,
763 641 817 693 οὐ
839 645 937 709 μήν
958 642 1081 696 κατά
1107 642 1226 709 μίαν
1248 644 1332 694 καί
1349 644 1438 699 τὴν
1462 641 1613 697 αὐτὴν
1636 640 1804 709 φύσιν.
1826 638 1936 695 ἤτοι

355 728 574 780 οὐσίαν·
604 729 647 781 εί
676 726 728 783 δὲ
753 732 844 800 μία
864 732 1015 798 φύσις
1055 730 1165 790 ἤτοι
1199 733 1345 784 οὐσία
1372 727 1430 788 ἦν
1456 730 1695 804 Χριστὸς,
1722 727 1753 787 ἦ
1781 725 1939 803 ἄσαρ-

355 833 450 873 κος
478 812 545 869 ὧν
564 816 702 888 μόνῳ
725 824 800 889 τῷ
818 825 927 888 Θεῷ
956 821 1040 873 καί
1066 818 1242 893 [πατρί
1272 818 1332 873 L.
1366 820 1442 871 sic
1479 820 1581 886 leg.
1613 819 1664 872 in
1686 817 1939 873 chroizico

354 901 547 977 Alcm]
568 907 817 977 πνεύματί
854 910 991 964 ἔστιν
1027 909 1322 980 ὁμοούσιος,
1361 908 1531 969 ἐπειδὴ
1571 910 1661 981 μία
1701 918 1793 969 τῆς
1827 910 1940 963 θεό-

354 1017 515 1057 τητος
559 999 737 1063 οὐσία,
786 1000 899 1058 ἦτοι
939 1004 1117 1074 φύσις’
1165 1003 1195 1063 ἧ
1244 1003 1385 1074 ψιλὸς
1428 1000 1495 1057 ὢν
1537 1000 1824 1076 ἅνθρωπος,
1850 1001 1942 1071 μὸτ

354 1105 464 1146 ναΐ
500 1088 622 1156 rip-Iv
659 1090 798 1144 ἔστιν
843 1090 1142 1162 ὁμοούσιος,
1192 1091 1365 1151 ἐπειδὴ
1394 1095 1487 1164 μία
1536 1092 1688 1161 φύσις
1722 1100 1808 1152 τῆς
1857 1094 1940 1145 ἂν·

357 1177 703 1250 δρωπὸτητος·
738 1179 770 1239 ἧ
795 1191 1053 1254 τραπεῐσα
1090 1183 1301 1256 ἑκατέρα
1324 1185 1473 1256 φύσις
1498 1183 1764 1256 ἕτεροφυής
1784 1183 1939 1235 ἐστιν-

357 1269 653 1324 ’Δπετὲλεσε
676 1273 819 1345 παρὰ
847 1274 939 1332 τὰς
963 1274 1315 1341 συνελθούσας,
1357 1277 1440 1328 καί
1481 1271 1591 1330 κατ’
1619 1275 1800 1332 αὐτοῦς
1828 1270 1942 1327 οὔτε

362 1361 490 1419 Θεὸς
538 1358 727 1428 ἔμεινεν
746 1402 768 1429 ,γ
804 1361 919 1418 οὔτε
964 1363 1220 1438 ἄνθρωπος
1253 1368 1452 1438 γέγονεν
1496 1366 1522 1420 6
1562 1362 1810 1439 Χριστός·
1861 1368 1946 1419 καί

359 1445 447 1501 διὰ
490 1455 640 1503 τοῦτο
694 1448 810 1505 οὔτε
851 1460 925 1524 τῷ
982 1459 1172 1528 πατρί,
1214 1453 1329 1510 οὔτε
1378 1458 1493 1523 ἡμῖν
1546 1458 1683 1510 ἐστιν
1731 1454 1756 1509 6
1797 1454 1945 1514 αὐτὸς

359 1535 652 1606 ὁμοοῦσιος.
685 1543 753 1596 Τὸ
780 1541 833 1596 δὲ
874 1542 1008 1598 οὕτω
1034 1553 1228 1620 φρονεῖν
1253 1548 1427 1606 πάσης
1463 1547 1786 1620 πεπλήρωται
1825 1547 1946 1599 ἀσε-

362 1632 529 1693 ϐειὶις.
560 1639 651 1690 Καί
679 1644 845 1692 ταῦτα
890 1640 1094 1711 λέγομεν
1120 1644 1205 1695 οὐκ
1247 1644 1566 1714 ἀγνοοῦντες,
1598 1641 1674 1696 ὅτι
1713 1646 1793 1696 καί
1819 1663 1947 1702 τινες

357 1731 469 1778 τῶν
492 1724 645 1797 ἁγίων
679 1730 915 1804 πατέρων
949 1738 1024 1800 τῷ
1061 1737 1153 1786 τοῦ
1199 1733 1457 1807 ἀνθρώπου
1498 1731 1835 1803 ὑποδείγματι
1867 1733 1947 1785 ἐπὶ

2036 559 2138 599 una
2167 544 2507 599 subsistentia
2533 544 2648 600 sive
2674 559 2900 612 persona
2934 543 3179 602 Christus
3221 546 3313 612 sit,
3353 547 3447 601 sed
3471 563 3608 603 con-

2034 632 2397 686 substantialis
2443 631 2554 686 Deo
2606 629 2784 698 Patri,
2826 641 2881 686 et
2927 635 3395 691 consubstantialis
3452 639 3606 695 nobis

2037 720 2178 775 idem
2207 721 2322 790 ipse
2347 730 2452 788 est,
2478 736 2586 775 non
2609 729 2789 777 tamen
2832 722 3119 778 secundum
3149 739 3308 778 unam
3333 726 3607 782 eamdem-

2036 826 2143 881 que
2170 820 2432 878 naturam,
2462 827 2554 866 seu
2592 814 2962 868 substantiam.
3008 813 3101 868 Sin
3147 823 3326 870 autem
3369 833 3472 871 una
3510 836 3606 873 na-

2039 910 2157 955 tura
2197 900 2311 956 sive
2353 902 2651 956 substantia
2680 910 2822 958 esset
2858 901 3120 967 Christus,
3150 912 3245 959 aut
3287 906 3405 961 sine
3447 923 3608 963 carne

2039 1001 2143 1057 est,
2172 999 2228 1046 et
2246 992 2345 1047 soli
2368 992 2480 1047 Deo
2507 991 2652 1047 Patri
2677 994 2756 1066 [et
2782 992 3000 1063 Spiritui
3040 995 3229 1067 Grca]
3257 1000 3611 1055 consubstan-

2044 1083 2199 1145 tialis,
2238 1084 2489 1151 quoniam
2528 1099 2633 1139 una
2662 1084 2876 1140 deitatis
2915 1087 3207 1143 substantia
3255 1090 3368 1145 sive
3420 1100 3608 1147 natura

2044 1180 2123 1226 est
2148 1190 2160 1224 :
2193 1182 2286 1225 aut
2314 1187 2479 1241 purus
2501 1173 2663 1229 homo
2693 1177 2949 1240 existens,
2982 1177 3135 1232 nobis
3165 1188 3248 1233 est
3274 1180 3445 1235 solum
3480 1198 3611 1237 con-

2053 1263 2425 1328 .ubstantialis,
2457 1265 2709 1333 quoniam
2740 1282 2842 1321 una
2884 1275 3071 1321 natura
3109 1269 3449 1327 humanitatis
3477 1281 3564 1330 est
3590 1290 3608 1328 :

2047 1362 2138 1407 aut
2165 1354 2443 1408 immutata
2490 1362 2715 1425 utraque
2743 1365 2932 1411 natura
2972 1358 3194 1413 alteram
3240 1360 3414 1416 effecit
3459 1372 3613 1417 natu-

2045 1459 2180 1508 ram,
2210 1453 2404 1514 prmter
2432 1461 2525 1502 eas
2552 1462 2670 1515 qua:
2696 1457 3080 1511 convenerunt,
3104 1458 3159 1503 et
3178 1452 3469 1506 secundum
3494 1454 3612 1508 illos

2046 1551 2219 1604 neque
2251 1536 2392 1593 Deus
2416 1539 2629 1603 mansit,
2660 1552 2833 1606 neque
2861 1538 3023 1592 homo
3054 1536 3223 1593 factus
3243 1550 3323 1594 est
3349 1540 3611 1609 Christus,

2048 1632 2101 1679 et
2130 1623 2249 1678 ideo
2274 1640 2446 1703 neque
2471 1624 2634 1685 Patri,
2682 1640 2854 1693 neque
2891 1626 3048 1682 nobis
3080 1626 3218 1680 idem
3251 1628 3362 1695 ipse
3387 1629 3614 1684 consub-

2047 1714 2311 1769 stantialis
2355 1721 2455 1767 est.
2504 1713 2595 1769 Sic
2639 1724 2818 1769 autem
2866 1729 3055 1784 sapere
3098 1716 3241 1770 omni
3291 1718 3502 1785 plenum
3533 1728 3616 1774 est

357 1820 465 1866 τοῦ
507 1819 637 1873 κατᾶ
676 1820 892 1895 Χριστὸν
933 1824 1217 1897 μυστηρίου
1260 1822 1572 1899 ἐχρήσαντο’
1621 1825 1722 1877 ἀλλ’
1771 1826 1944 1878 ἐκεῖνοι

2059 1806 2342 1873 impietate.
2375 1802 2443 1857 Et
2472 1804 2571 1858 ista
2613 1803 2859 1870 dicimus,
2888 1820 2996 1859 non
3026 1805 3335 1873 ignorantes
3378 1808 3522 1875 quod
3561 1817 3617 1863 et

358 1910 481 1979 μὲν,
509 1909 595 1962 ἵνα
619 1907 865 1975 δείξωσιν.
892 1911 970 1968 ὅτι
991 1911 1219 1991 καθάπερ
1246 1914 1273 1969 6
1295 1913 1556 1988 ἄνθρωπος
1583 1916 1635 1969 ἐκ
1655 1916 1835 1987 ψυχῆς
1863 1921 1944 1971 καί

360 2002 613 2070 σώματος
638 1999 710 2061 εἷς
736 2004 1048 2060 ἀποτελεῖται
1065 2043 1081 2068 ,
1108 2007 1192 2059 καί
1230 2006 1355 2075 οὐχί
1381 2003 1471 2060 δύο
1512 2002 1784 2081 ἅνθρωποι,
1813 2006 1944 2060 οὕτω

362 2092 455 2144 καὶ
480 2089 506 2143 6
542 2092 759 2165 Χριστὸς
797 2093 848 2146 ἔτι
886 2092 1116 2154 θεότητος
1156 2097 1238 2148 καὶ
1278 2095 1658 2165 ἁνθρωπότητος
1696 2098 1946 2155 συντεθεὶς

365 2175 445 2238 εἷς
470 2180 610 2239 ἑστι,
641 2182 725 2233 καὶ
765 2180 855 2232 οὐκ
887 2180 956 2240 είς
982 2179 1075 2236 δύο
1100 2184 1352 2254 Χριστοὺς·
1369 2222 1382 2243 .
1413 2181 1443 2240 ἦ
1472 2180 1564 2236 δύο
1588 2184 1729 2243 υἱοὺς
1755 2186 1947 2259 μερίζεο

363 2288 480 2321 ται.
522 2262 673 2322 Οὗτοι
701 2266 753 2322 δὲ
780 2277 852 2337 τῷ
879 2276 966 2323 τοῦ
988 2271 1251 2346 ἀνθρώπου
1290 2271 1628 2343 ὑποδείγματι
1654 2275 1945 2347 κέχρηνται,

364 2356 453 2409 ἵνα
479 2360 599 2426 μίαν
640 2358 787 2427 φύσιν
828 2358 937 2416 ἤτοι
963 2361 1141 2415 οὐσίαν
1178 2361 1402 2422 θεότητος
1452 2366 1537 2418 καί
1568 2364 1951 2438 ἀνθρωπότητος

369 2452 468 2499 τοῦ
489 2452 715 2518 Χριστοῦ
739 2445 1037 2519 εἰσάγωσιν,
1063 2447 1187 2520 ὅπερ
1208 2449 1534 2522 ἀπεδείξαμεν
1556 2453 1808 2527 ἀλλότριον
1829 2450 1954 2507 εἶναι

370 2544 469 2596 τῆς
491 2537 770 2597 εὐσεϐείας.
794 2536 936 2593 Ἀλλά
958 2536 1044 2595 διὰ
1064 2546 1215 2596 τοῦτο
1243 2540 1582 2612 ἄλεγχόμενοι,
1611 2546 1678 2603 ὡς
1703 2545 1845 2617 παρὰ
1864 2548 1953 2601 τήν

371 2627 525 2696 ὀρθὴν
547 2632 648 2679 τῶν
676 2627 910 2699 πατέρων
946 2627 1269 2686 διδασκαλίαν
1310 2633 1713 2688 ἀναπλάττουσιν
1754 2635 1805 2689 ἐν
1837 2633 1956 2689 ἔαυ-

372 2722 485 2773 τοῖς
662 2718 839 2788 φύσιν,
881 2716 991 2774 ἤτοι
1034 2720 1213 2774 οὐσίαν
1248 2720 1480 2782 θεότητος
1523 2724 1606 2775 καί
1630 2723 1842 2799 σαρκὸς,
1885 2720 1953 2794 ἐφ’

374 2809 533 2882 ἕτερα
577 2809 939 2881 μεταϐαίνουσι
965 2811 1220 2882 λέγοντες,
1376 2812 1482 2868 δεῖν
1520 2815 1724 2884 ἀριθμὸν
1762 2816 1955 2885 φύσεων

379 2899 472 2952 ἐπὶ
488 2906 714 2975 Χριστοῦ
735 2900 915 2971 λέγειν,
939 2903 1004 2962 ὡς
1032 2908 1121 2956 τοῦ
1143 2904 1355 2979 ἀριθμοῦ
1384 2902 1628 2980 διαίρεσιν
1655 2906 1953 2977 εἰσάγοντος.

375 2986 632 3044 ἐστωσαν
660 2993 824 3044 τοίνυν
859 2988 938 3045 ὅτι
981 2990 1009 3045 6
1048 2994 1259 3065 ἀριθμὶς
1301 2992 1418 3049 ὅταν
1458 2998 1548 3067 μὲν
1588 2997 1672 3050 ἐπὶ
1709 2995 1958 3070 διαφόρων

377 3081 705 3154 προσώπων.
733 3079 764 3140 ἦ
792 3082 1128 3138 ὑποστάσεων
1164 3084 1389 3153 λέγεται,
1418 3092 1519 3139 τῶν
1545 3088 1853 3162 πραγμάτων
1877 3086 1960 3139 αὖ·

2045 1892 2259 1962 quidam
2309 1900 2614 1946 sanctorum
2683 1891 2897 1945 Patrum
2959 1892 3190 1949 hominis
3253 1896 3501 1965 exemplo
3563 1897 3616 1951 in

2047 1986 2299 2056 mysterio
2324 1983 2522 2039 Christi
2554 1985 2632 2038 usi
2662 1992 2786 2039 sunt
2814 1985 2863 2036 ¹;
2896 1983 2991 2038 sed
3018 1984 3090 2037 illi
3112 1984 3326 2053 quidem
3360 1994 3620 2043 utosteu-

2046 2077 2254 2144 derent,
2282 2077 2425 2146 quod
2474 2077 2611 2131 sicut
2640 2077 2800 2131 homo
2829 2092 2898 2131 ex
2924 2075 3102 2131 anima
3130 2086 3185 2130 et
3227 2092 3453 2146 corpore
3483 2095 3616 2134 unus

2049 2166 2298 2235 efﬁcitur,
2342 2177 2395 2222 et
2444 2183 2551 2224 non
2588 2168 2693 2223 duo
2723 2169 2989 2232 homines,
3046 2169 3123 2224 sic
3170 2177 3225 2222 et
3269 2169 3513 2235 Christus
3552 2187 3616 2226 ex

2049 2259 2250 2313 deitate
2272 2266 2327 2313 et
2348 2258 2676 2312 humanitate
2704 2258 3052 2329 compositus,
3084 2274 3219 2314 unus
3259 2268 3356 2326 est,
3408 2277 3514 2317 non
3564 2263 3619 2317 in

2049 2348 2184 2403 duos
2211 2347 2438 2403 'christos
2460 2347 2545 2402 vel
2567 2348 2620 2402 in
2652 2348 2788 2406 duos
2812 2347 2951 2404 tilios
2976 2348 3306 2408 dividendus.
3329 2351 3421 2406 lsti
3443 2361 3621 2409 autem

2051 2437 2282 2491 hominis
2320 2437 2566 2506 exemplo
2610 2444 2848 2501 utuntur,
2906 2444 2966 2491 ut
3007 2454 3163 2492 unam
3212 2448 3455 2494 naturam
3508 2443 3623 2497 sive

2052 2526 2403 2582 substantiam
2432 2527 2646 2582 deitatis
2672 2536 2728 2581 et
2764 2528 3110 2585 humanitatis
3145 2527 3343 2586 Christi
3384 2522 3622 2586 introdu-

2052 2628 2177 2673 cant
2205 2635 2218 2670 :
2249 2618 2392 2687 quod
2420 2616 2903 2674 demonstravimus
2943 2618 3177 2673 alienum
3224 2634 3344 2674 esse
3387 2620 3618 2689 pietatis.

2052 2705 2161 2761 Sed
2181 2721 2302 2762 cum
2325 2721 2421 2776 per
2447 2707 2563 2762 hate
2598 2708 3005 2775 convincuntur,
3037 2692 3179 2777 quod
3208 2717 3404 2779 przeter
3423 2724 3625 2769 rectam

2053 2804 2271 2860 Patrum
2297 2804 2595 2861 doctrinam
2617 2804 2716 2861 sibi
2739 2803 3050 2875 conﬁngunt
3074 2821 3235 2861 unam
3265 2816 3509 2864 naturam
3528 2823 3626 2866 seu

2054 2894 2408 2950 substantiam
2435 2894 2650 2949 deitatis
2677 2903 2734 2950 et
2765 2896 2956 2960 carnis,
2992 2895 3056 2950 ad
3085 2896 3188 2950 alia
3223 2906 3517 2964 transeunt,
3545 2899 3629 2955 di-

2055 2995 2241 3042 centes
2264 3002 2371 3041 non
2400 2993 2654 3056 oportere
2682 3000 2960 3040 numerum
2990 2994 3299 3043 naturarum
3328 2989 3383 3043 in
3411 2988 3626 3047 Christo

2057 3076 2259 3144 dicere,
2311 3084 2371 3130 ut
2420 3083 2548 3145 pote
2594 3090 2817 3131 numero
2864 3074 3180 3132 divisionem
3233 3077 3623 3135 introducente.

381 3178 484 3223 τῶν
508 3174 601 3229 τήν
639 3172 733 3226 ἀνὰ
772 3173 924 3247 μέρος
966 3169 1083 3243 ἔχει
1128 3171 1398 3250 διαίρεσιν,
1447 3171 1549 3229 οἷον
1588 3178 1655 3235 ὡς
1690 3178 1774 3230 ἐπί
1811 3174 1902 3230 δύο
1926 3173 1956 3235 ἦ

2059 3164 2242 3220 Sciant
2271 3162 2449 3234 igitur,
2473 3161 2615 3233 quod
2640 3177 2895 3217 numerus
2930 3166 3145 3234 quando
3174 3166 3227 3219 iu
3257 3166 3482 3223 diversis
3505 3182 3632 3237 per-

382 3261 621 3317 πλειὸνων
646 3264 916 3341 ἀνθρώπων
936 3280 950 3296 ⁸
989 3262 1107 3321 ὅταν
1146 3263 1198 3320 δὲ
1234 3266 1320 3320 επὶ
1344 3267 1599 3336 ἡνωμένων
1624 3268 1954 3342 πραγμάτων,

385 3358 661 3411 τηνικαῦτα
698 3355 833 3425 μὸνῳ
877 3354 1007 3429 λόγῳ
1045 3359 1132 3410 καί
1177 3357 1389 3431 θεωρίᾳ,
1427 3359 1485 3409 οὐ
1527 3356 1623 3427 μὴν
1663 3361 1825 3413 αὐτῶν
1862 3367 1961 3414 τῶν

387 3445 703 3518 πραγμάτων
726 3443 757 3499 ἕ
759 3468 801 3515 χ
805 3466 849 3500 ει
873 3454 960 3504 τοίν
983 3445 1238 3523 διαίρεσιν,
1263 3445 1362 3503 οἷον
1385 3449 1468 3503 ἐπὶ
1491 3453 1609 3519 μιᾶς
1629 3450 1960 3510 ὑποστάσεως

387 3535 653 3609 ἀνθρώπου
690 3535 741 3589 ἔκ
766 3535 946 3605 ψυχῆς
990 3541 1071 3591 καί
1098 3541 1333 3607 σώματος
1364 3541 1716 3599 συνεστώσης·
1748 3537 1838 3593 δύο
1862 3535 1961 3615 γάρ

392 3628 478 3677 καὶ
506 3627 717 3679 ἐνταῦθα
736 3625 909 3695 φτίσεις
954 3629 1283 3702 θεωροῦνται,
1325 3629 1474 3704 ἱτίρα
1511 3633 1601 3700 μέν
1635 3638 1725 3692 τῆς
1748 3630 1959 3703 ψυχῆς,

368 3718 477 3769 ρειαί
503 3706 649 3789 ίτίβα
677 3724 766 3771 τοῦ
804 3721 1058 3788 σώματος·
1090 3722 1175 3774 καί
1215 3719 1353 3791 ὅμως
1378 3724 1438 3775 οὐ
1473 3721 1555 3776 διὰ
1592 3730 1741 3777 τοῦτο
1768 3727 1836 3784 είς
1872 3722 1963 3779 δύο

393 3806 688 3880 ἀνθρώπους
718 3805 1008 3881 διαιρεῖται,
1038 3808 1143 3863 ἀλλ’
1168 3811 1256 3865 ἕνα
1275 3809 1419 3881 ἴσμεν
1440 3812 1527 3866 τὸν
1551 3809 1812 3887 ἄνθρωπον
1827 3851 1841 3875 ,
1882 3814 1964 3865 καί

392 3896 513 3966 μίαν
538 3896 689 3949 αὐτοῦ
735 3903 824 3954 τήν
857 3897 1165 3953 ὑπόστασιν.
1208 3903 1301 3955 Καὶ
1341 3901 1424 3955 ἐπὶ
1464 3907 1554 3956 τοῦ
1582 3902 1713 3956 κατὰ
1751 3913 1965 3976 Χριστον

393 3987 556 4038 τοίνυν
580 3985 859 4058 μυστηρίου
884 3994 972 4045 τῆς
1001 3987 1222 4048 ἐνώσεως
1248 3990 1532 4061 γενομένης,
1564 3994 1609 4044 εἰ
1634 3995 1719 4045 καί
1755 3990 1966 4068 διάφορα

393 4077 656 4150 θεωρεῖται
692 4079 759 4130 τά
789 4077 1024 4134 ἕνωθέντα
1043 4119 1058 4141 ,
1089 4079 1189 4133 ἀλλ’
1230 4076 1315 4134 οὖν
1359 4084 1415 4135 οὐ
1441 4093 1838 4156 πραγματικῶς,
1882 4089 1968 4140 καί

398 4167 494 4218 δινά
522 4165 670 4237 μέρος
700 4166 916 4224 ἁλλιιλων
951 4166 1233 4224 δι’στανται
1260 4173 1322 4224 τὰ
1363 4172 1413 4236 ἐξ
1453 4169 1518 4224 ὧν
1557 4172 1583 4228 6
1621 4170 1790 4248 κύριος
1832 4176 1968 4245 ἡμῶν

395 4252 583 4314 Ἰησοῦς
621 4261 836 4329 Χριστὸς
879 4261 1136 4316 συνετέ6η⁶
1168 4266 1258 4319 τήν
1284 4262 1373 4333 μέν
1414 4283 1493 4316 τοι
1534 4261 1775 4337 διαφορὰν
1811 4287 1966 4321 κατα·

395 4350 644 4409 νοοῦντες,
668 4349 752 4399 καί
771 4349 957 4405 ταύτην
977 4355 1200 4418 σημᾶναι
1220 4351 1524 4422 βουλόμενοι.
1543 4359 1627 4408 τὸν
1646 4357 1850 4428 ἀριθμὸν
1871 4378 1967 4413 πα-

398 4434 801 4506 ραλαμϐάνομεν,
827 4442 910 4490 καί
931 4437 1021 4492 δύο
1043 4441 1131 4499 τὰς
1152 4440 1202 4494 ἐν
1225 4449 1429 4516 Χριστῷ
1447 4445 1621 4513 φύσεις
1646 4442 1770 4499 εἷναί
1788 4468 1965 4519 φαμεν,

2062 3262 2229 3325 sonis,
2257 3262 2369 3316 sive
2397 3260 2751 3316 subsistentiis
2787 3258 3000 3326 dicitur,
3040 3276 3216 3316 rerum
3255 3263 3489 3332 ipsarum
3532 3279 3631 3333 per

2063 3360 2243 3423 partes
2267 3352 2429 3407 habet
2465 3351 2800 3417 divisionem,
2831 3351 2968 3407 sicut
3012 3352 3069 3407 in
3106 3351 3314 3406 duobus
3349 3352 3433 3406 vel
3467 3355 3631 3407 etiam

2064 3440 2305 3510 pluribus
2333 3439 2668 3494 hominibus:
2699 3438 2911 3507 quando
2943 3447 3123 3494 autem
3158 3441 3209 3494 in
3236 3441 3397 3497 rebus
3447 3442 3630 3509 unitis,

2066 3539 2192 3584 tunc
2236 3529 2402 3584 verbo
2455 3528 2574 3584 solo
2618 3529 2850 3600 [ratione
2898 3526 3034 3596 sola]
3078 3537 3134 3582 et
3176 3530 3468 3593 intellectu,
3522 3548 3631 3591 non

2065 3627 2246 3674 tamen
2274 3619 2508 3688 ipsarum
2536 3632 2716 3672 rerum
2740 3617 2904 3671 habet
2923 3617 3263 3685 divisionem,
3291 3621 3427 3674 sicut
3454 3622 3507 3674 in
3529 3637 3634 3674 una

2065 3711 2407 3768 subsistentia
2433 3710 2665 3766 hominis
2682 3726 2751 3765 ex
2780 3710 2954 3764 anima
2981 3720 3038 3763 et
3063 3725 3292 3780 corpore
3320 3706 3629 3771 constituis.

2066 3802 2193 3856 Duae
2218 3800 2357 3855 enim
2385 3808 2443 3855 et
2468 3800 2556 3855 hic
2589 3809 2791 3855 natura:
2820 3798 3202 3867 intelliguntur,
3226 3800 3394 3854 altera
3422 3803 3632 3866 animm,

2066 3902 2123 3949 et.
2153 3894 2320 3948 altera
2349 3893 2593 3963 corporis
2617 3909 2630 3945 :
2656 3899 2712 3946 et
2732 3899 2908 3944 tamen
2939 3905 3044 3944 non
3071 3901 3291 3960 propter
3309 3892 3411 3946 hoc
3430 3892 3481 3946 in
3501 3891 3638 3947 duos

2068 3992 2311 4047 homines
2332 3991 2606 4057 dividitur,
2639 3990 2731 4046 sed
2761 4003 2922 4044 unum
2965 3988 3163 4044 scimus
3200 3988 3469 4044 hominem
3494 4006 3632 4056 esse,

2069 4092 2124 4138 et
2164 4099 2322 4139 unam
2350 4083 2749 4140 subsistentiam
2798 4080 2934 4150 ejus.
2978 4079 3040 4135 Et
3081 4082 3132 4136 in
3180 4086 3434 4154 mysterio
3478 4086 3641 4153 igitur

2070 4175 2264 4230 Christi
2293 4174 2430 4228 facta
2454 4173 2716 4235 unitionc,
2747 4172 2871 4226 licet
2896 4172 3104 4227 diversa
3136 4174 3494 4241 intelligantur
3519 4190 3639 4243 qua:

2072 4266 2218 4320 unita
2247 4273 2392 4331 sunt,
2423 4261 2520 4319 sed
2552 4280 2656 4317 non
2688 4264 2802 4334 ipsa
2832 4278 2890 4317 re
2918 4273 2972 4316 et
3001 4279 3095 4332 per
3124 4277 3302 4334 partes
3335 4280 3366 4318 a
3405 4281 3464 4319 se
3500 4266 3638 4322 invi—

2070 4381 2189 4421 cem
2216 4372 2534 4434 separantur
2566 4378 2647 4423 ea,
2678 4377 2744 4415 ex
2772 4362 2966 4430 quibus
2991 4362 3238 4421 dominus
3270 4372 3453 4418 noster
3484 4363 3639 4420 lesus

2073 4454 2318 4508 Christus
2342 4452 2675 4521 compositus
2704 4460 2804 4514 est,
2839 4450 3191 4506 differentiam
3239 4463 3416 4508 tamen
3462 4457 3640 4509 consi-

398 4529 484 4580 καὶ
510 4530 566 4579 οὐ
589 4526 671 4582 διὰ
706 4536 857 4584 τοῦτο
882 4528 907 4583 6
936 4527 1004 4590 εἷς
1027 4534 1246 4605 Χριστὸς
1283 4537 1353 4593 εἰς
1378 4531 1469 4588 δύο
1509 4538 1759 4608 Χριστοὺς
1776 4578 1792 4604 ,
1823 4536 1853 4596 ἢ
1878 4536 1957 4592 δύι

2072 4544 2323 4599 derantes
2358 4551 2412 4598 et
2450 4542 2591 4596 hanc
2617 4538 2917 4609 signiﬁcare
2938 4542 3199 4607 volentes,
3232 4559 3509 4598 numerum
3549 4560 3638 4600 as-

398 4619 539 4680 υἱοὺς
569 4618 855 4694 διαιρεῖται’
903 4624 980 4674 καί
1024 4631 1284 4698 μαρτυρεῖ
1308 4633 1414 4685 τοῖς
1442 4626 1566 4698 παρ’
1594 4628 1729 4697 ἡμῶν
1768 4628 1970 4700 εἰρημ-

398 4732 497 4772 sm;
521 4710 546 4764 6
569 4712 615 4765 ἐν
643 4712 800 4782 ἁγίοις
824 4716 1093 4788 Γρηγόριος
1130 4716 1156 4770 6
1180 4717 1418 4788 Θεολόγος
1443 4719 1493 4771 ἓν
1524 4725 1598 4790 τῷ
1626 4720 1752 4794 πρὸς
1780 4719 1974 4779 Κληδό-

399 4821 501 4856 νεου
520 4805 705 4877 πρώτῳ
723 4804 851 4875 λόγῳ
865 4808 1067 4879 γράφων
1087 4806 1265 4867 οὕτως’
1297 4825 1313 4857 ι
1335 4806 1477 4868 Εἵτις
1500 4811 1603 4863 εἰσί
1613 4831 1688 4880 γει
1702 4810 1793 4865 δύο
1806 4813 1971 4876 υἱοὺς,

402 4894 490 4949 ἕνα
512 4898 601 4965 μέν
628 4897 714 4949 τὸν
742 4898 796 4949 ἐκ
823 4903 913 4951 τοῦ
940 4904 1063 4951 Θεοῦ
1095 4901 1180 4952 καί
1208 4899 1402 4972 πατρὸς
1421 4943 1433 4963 ,
1463 4900 1695 4975 δεύτερον
1722 4901 1775 4956 δὲ
1806 4905 1858 4956 ἐκ
1884 4914 1975 4964 τῆς

402 4985 613 5059 μητρὸς,
642 4986 745 5040 ἀλλ’
764 4989 890 5057 οῦλί
915 4988 1004 5043 ἕνα
1035 4992 1120 5043 καί
1145 4990 1228 5043 τὸν
1256 4991 1424 5055 αὐτὸν,
1448 4999 1538 5051 τῆς
1561 4993 1809 5053 υἱοθεσίας
1832 4997 1977 5048 ἐκπέ-

406 5098 487 5132 σοι
513 5086 604 5137 τῆς
642 5078 1007 5151 ἐπηγγελμένης
1027 5088 1136 5142 τοῖς
1164 5082 1320 5156 ὀρθῶς
1343 5087 1664 5139 πιστεύουσι.
1695 5084 1871 5147 θύσεις
1892 5093 1975 5156 μὲν

405 5167 501 5239 γὰρ
526 5164 640 5229 δύο,
665 5169 788 5227 Θεὸς
815 5170 901 5221 καί
926 5164 1207 5243 ἄνθρωπος,
1244 5173 1353 5225 ἐπεὶ
1389 5175 1471 5227 καὶ
1497 5163 1650 5243 ψυχὴ
1686 5179 1768 5229 καί
1796 5184 1948 5247 σῶμα
1965 5194 1977 5208 ⁶

337 5248 347 5257 ’
405 5260 502 5310 υόἰ
530 5257 583 5311 δὲ
604 5259 662 5311 οὐ
681 5256 793 5321 δύο,
815 5257 929 5312 οὐδε
954 5262 1070 5313 θεοί.
1097 5260 1219 5314 Οῦδὶ
1239 5263 1335 5335 γὰρ
1355 5263 1568 5317 ἐνταῦθα
1589 5262 1680 5319 δύο
1704 5262 1976 5339 ἄνθρωποι·

407 5353 450 5403 εἰ
477 5353 560 5403 καὶ
597 5349 757 5409 οὕτως
801 5350 825 5404 6
858 5352 1040 5411 Παῦλος
1082 5352 1139 5407 τὸ
1177 5352 1313 5412 ἐντὸς
1341 5359 1431 5407 τοῦ
1471 5354 1769 5429 ἀνθρώπου,
1799 5361 1885 5413 καί
1923 5362 1980 5413 τὸ

409 5442 495 5495 in
526 5460 551 5500 ς
592 5441 997 5517 «pm-769396?
1027 5446 1112 5495 καί
1138 5446 1183 5497 εἰ
1227 5441 1307 5498 δεῖ
1343 5446 1600 5513 συντόμως
1642 5450 1830 5514 εἰπεῖν,
1870 5448 1987 5504 ἄλλο

411 5532 499 5600 μέν
520 5532 600 5583 καί
619 5527 736 5584 ἄλλο
761 5531 828 5585 τὰ
846 5532 900 5595 ἑξ
922 5529 993 5586 ὧν
1015 5529 1040 5587 6
1065 5537 1257 5607 σωτήρ,
1282 5530 1422 5599 εἴπερ
1444 5544 1513 5604 μὴ
1542 5538 1725 5590 ταυτὸν
1749 5539 1806 5591 τὸ
1832 5539 1988 5610 ἀόρα-
2018 5578 2021 5581 ν

2074 4633 2356 4695 sumimus,
2384 4640 2436 4687 et
2464 4631 2598 4686 duas
2636 4631 2688 4683 in
2719 4629 2929 4685 Christo
2958 4640 3171 4687 naturas
3209 4648 3328 4689 esse
3374 4633 3636 4691 dicimus:

2077 4746 2176 4785 nec
2205 4730 2326 4784 ideo
2354 4743 2491 4783 unus
2514 4726 2759 4781 Christus
2790 4728 2845 4781 in
2872 4727 3006 4782 duos
3032 4729 3283 4791 christos,
3316 4730 3400 4785 vel
3430 4732 3481 4785 in
3501 4730 3637 4785 (lues

2079 4818 2218 4875 ﬁlios
2247 4817 2521 4873 dividitur.
2553 4815 2617 4869 Et
2646 4817 3005 4872 testimonium
3032 4829 3243 4888 praestat
3271 4821 3466 4875 nostris
3484 4820 3643 4875 dictis

2076 4918 2293 4964 sanctus
2312 4906 2603 4977 Gregorius
2627 4906 2950 4974 Theologus,
2976 4908 3215 4964 scribens
3242 4910 3293 4962 in
3314 4910 3485 4978 primo
3507 4909 3641 4964 libro

2079 5000 2147 5055 ad
2174 4996 2493 5053 Cledouium
2515 4997 2629 5051 sic:
2667 5015 2686 5048 ι
2718 4994 2774 5051 Si
2810 4998 2932 5067 quis
2972 4997 3259 5053 introducit
3308 4998 3441 5052 duos
3483 4997 3640 5063 ﬁlios,

2081 5104 2245 5144 unum
2269 5088 2484 5156 quidem
2513 5102 2579 5140 ex
2608 5085 2719 5141 Deo
2745 5095 2800 5141 et
2826 5084 3003 5152 Patre,
3045 5087 3335 5142 secundum
3366 5095 3544 5140 autem
3575 5103 3645 5142 ex

2083 5186 2272 5243 matre,
2299 5175 2395 5231 sed
2422 5191 2528 5231 non
2557 5190 2718 5229 unum
2747 5175 3122 5244 eumdemque,
3150 5191 3216 5228 ex
3242 5174 3529 5243 adoptione
3554 5191 3646 5229 ca-

2082 5269 2192 5333 dat,
2239 5281 2356 5337 qua:
2400 5265 2663 5335 promissa
2706 5271 2790 5319 est
2837 5262 3175 5318 credentibus
3222 5270 3385 5320 recte.
3434 5262 3644 5318 Natum

2086 5358 2229 5413 enim
2247 5355 2821 5423 duae,Deuscthomo,
2840 5348 3119 5421 quomodo
3135 5360 3190 5405 et
3206 5353 3379 5408 anima
3425 5362 3482 5409 et
3524 5370 3646 5408 cor-

2090 5464 2216 5519 pus;
2247 5461 2355 5500 nou
2388 5452 2567 5498 autem
2597 5454 2700 5497 duo
2739 5443 2850 5505 lilii,
2892 5456 2993 5496 nec
3019 5441 3092 5495 dii
3127 5442 3254 5498 duo.
3287 5433 3651 5499 Necenimhic

2090 5536 2198 5590 duo
2219 5534 2483 5595 homines,
2512 5532 2635 5587 licet
2657 5529 2850 5586 Paulus
2869 5530 2947 5585 sic
2965 5530 3532 5601 appellaveritUICor.
3573 5536 3647 5602 iv)

484 5793 503 5825 ‘
533 5790 599 5847 S.
646 5791 968 5848 Athanasius
1013 5792 1068 5846 in
1120 5791 1363 5863 symbolo
1414 5794 1556 5862 quod
1600 5794 1716 5864 ejus
1754 5797 1975 5853 nomine
2008 5791 2335 5853 inscribitur.
