4032 6190
452 346 568 402 €39

1806 342 1809 347 '
1834 333 2126 390 V.CILIUS
2164 335 2361 391 PAPA.

3602 325 3717 381 250

463 483 552 517 τον
575 471 646 533 τῷ
676 462 859 533 ὁρατῷ.
886 461 967 514 καί
996 461 1052 513 τὸ
1078 456 1299 530 ἄχρονον
1325 465 1394 527 τῷ
1423 457 1522 511 ύπὸ
1554 454 1754 531 χρόνονε
1792 456 1876 508 ούκ
1898 451 2041 513 ἄλλος

2156 452 2285 523 quod
2313 460 2397 507 est
2423 451 2567 506 intus
2597 450 2849 527 hominis,
2893 456 2947 504 et
2973 446 3116 518 quod
3152 452 3235 502 est
3262 442 3627 500 extrinsecus:
3657 452 3718 499 et

464 550 522 606 δέ
546 558 629 608 καὶ
653 551 817 615 ἄλλος,
841 555 909 621 μὴ
929 550 1133 621 “livet-ro.
1165 566 1183 599 ε

2148 552 2208 596 ut
2249 541 2628 610 compendiose
2655 524 2913 604 dicamus,
2949 536 3090 591 aliud
3118 535 3333 605 quidem
3364 542 3419 587 et
3463 531 3604 586 aliud
3651 547 3721 587 ea

2143 646 2211 685 ex
2239 630 2428 699 quibus
2448 630 2692 687 Salvator
2713 638 2812 693 est,
2837 644 2954 682 eum
2984 623 3088 680 non
3120 626 3260 679 idem
3288 625 3359 678 sit
3385 623 3648 678 invisibile
3665 632 3735 678 (ιιι

470 732 694 797 visibile,
721 742 779 788 et
805 731 911 786 hoc
936 728 1079 799 quod
1099 729 1215 784 sine
1244 736 1485 798 tempore
1510 734 1614 793 est,
1655 736 1710 783 et
1758 727 1863 782 hoc
1891 724 2034 795 quod
2076 724 2176 778 sub
2204 731 2446 791 tempore
2470 738 2482 773 :
2519 736 2623 775 non
2652 729 2827 773 autem
2855 719 2990 773 alius
3017 725 3070 771 et
3090 716 3225 770 alius
3252 734 3267 769 :
3296 716 3454 769 absit.
3485 736 3503 768 ε

544 822 672 878 Ἰδοὺ
714 820 797 877 διὰ
828 822 1021 877 τούτων
1048 826 1219 892 σαφῶς
1248 817 1478 873 διδάσκει
1519 815 1546 870 ὃ
1591 819 1643 870 ἐν
1672 817 1833 888 ἁγίοις
1857 815 2047 890 Γρηιό·

464 935 599 990 ριος,
625 912 707 970 ὅτι
727 916 809 969 ἐπί
830 919 919 967 τοῦ
941 912 1069 966 κατὰ
1089 910 1301 985 Χριστὸν
1322 912 1607 982 μυστηρίου
1625 906 1650 960 ὁ
1671 910 1761 978 μέν
1783 908 1867 961 ἐπί
1887 926 2046 979 προσ-

472 1010 623 1059 ώπων
650 1005 733 1059 τὸν
763 1002 966 1076 ἀριθμὸν
1001 1000 1162 1071 λέγων
1179 1043 1192 1065 ,
1220 1001 1287 1059 ὡς
1317 998 1508 1057 ἀσεϐὴς
1531 998 1910 1069 κατακρίνεται·
1943 994 1968 1048 ὁ
1994 993 2047 1048 δὲ

471 1098 557 1150 ἐπὶ
601 1104 698 1150 τῶν
737 1096 931 1166 φύσεων
964 1092 1014 1155 ἐξ
1041 1087 1109 1144 ὧν
1135 1089 1162 1144 ό
1202 1085 1272 1149 εἷς
1318 1088 1553 1145 συνετέθη
1598 1087 1833 1160 Χριστὸς,
1873 1090 2049 1141 τοῦτον

474 1184 874 1260 παραλαμϐάνων
902 1182 1061 1256 ὀρθῶς
1082 1179 1310 1252 ὁμολογεῖ
1330 1194 1344 1209 ’
1369 1180 1437 1239 ὡς
1456 1181 1546 1237 τὴν
1574 1178 1663 1247 μὲν
1690 1174 1921 1251 διαφορὰν
1947 1182 2048 1230 τῶν

473 1276 815 1330 συνελθουσῶν
852 1278 1043 1347 φύσεων
1072 1270 1155 1326 διὰ
1193 1273 1377 1327 τούτου
1407 1271 1684 1340 σημαίνων,
1713 1267 1954 1343 διαίρεσιν
1994 1265 2050 1321 δὲ

473 1372 563 1426 τήν
606 1367 699 1420 ἀνὰ
740 1366 889 1440 μέρος
926 1363 1037 1417 κατ’
1064 1362 1236 1417 ούδένα
1273 1362 1458 1434 τρόπον
1498 1362 1816 1429 ποιούμενος.
1853 1357 2052 1433 Ὠσπερ

475 1457 577 1527 γὰρ
618 1455 766 1528 Eripe:
806 1453 955 1524 φύσις
983 1460 1074 1510 τῆς
1103 1451 1311 1523 ψυχῆς.
1359 1453 1441 1504 καί
1479 1449 1625 1521 ἑτέρα
1659 1451 1934 1519 σώματος,
1970 1450 2055 1502 καὶ

479 1546 618 1621 ὅμως
646 1544 717 1607 εἷς
758 1549 887 1602 κατὰ
930 1546 1162 1601 σύνῖεσιν
1200 1543 1462 1621 ἄνθρωπος
1505 1543 1845 1606 ἀποτελεῖται,
1876 1547 1960 1597 καί
1995 1545 2054 1598 ού

410 1678 414 1681 .
477 1635 569 1692 δύο
587 1653 600 1666 ⁹
630 1637 764 1692 οὕτω
804 1640 887 1690 καί
916 1637 962 1689 ἕν
1000 1643 1202 1710 Χριστῷ
1230 1638 1274 1689 εἰ
1301 1638 1384 1689 καί
1408 1632 1500 1690 δύο
1526 1634 1706 1707 φύσεις
1731 1635 2055 1708 θεωροῦνται,

477 1728 621 1801 ετέρκ
659 1730 750 1799 μὲν
794 1734 884 1787 τῆς
933 1725 1189 1789 θεότητος,
1244 1726 1387 1800 ἑτέρα
1422 1723 1477 1780 δᾶ
1521 1731 1612 1785 τῆς
1648 1724 2050 1798 ἆνθρωπότητος,

2218 808 2352 864 Ecce
2383 824 2476 878 per
2500 809 2615 862 haec
2642 808 2916 862 evidenter
2942 807 3099 861 docet
3142 813 3359 859 sanctus
3408 803 3723 873 Gregorius.

2147 899 2290 968 quod
2318 901 2372 953 in
2399 900 2651 969 mysterio
2676 896 2871 951 Christi
2903 897 2992 951 ille
3016 895 3228 964 quidem
3257 895 3350 962 qui
3389 895 3440 947 in
3480 895 3732 962 personis

2150 1003 2430 1042 numerum
2459 987 2605 1052 dicit,
2636 996 2693 1042 ut
2730 987 2923 1056 impius
2951 985 3340 1045 condemnatur
3365 996 3379 1036 :
3424 983 3514 1037 ille
3544 994 3730 1036 autem

2149 1079 2239 1147 qui
2270 1078 2323 1130 in
2371 1077 2594 1142 naturis,
2624 1091 2693 1131 ex
2720 1076 2912 1144 quibus
2946 1090 3081 1127 unus
3125 1072 3368 1127 Christus
3396 1072 3733 1141 compositus

2153 1177 2257 1231 est,
2282 1181 2562 1220 numerum
2603 1165 2815 1234 accipit,
2866 1172 3014 1219 recte
3042 1161 3351 1226 conﬁtetur,
3381 1170 3441 1216 ut
3476 1170 3604 1231 pote
3628 1160 3737 1215 dif-

2157 1255 2434 1310 icrentiam
2462 1254 2678 1324 quidem
2707 1263 3014 1307 naturarum
3045 1266 3163 1321 qnze
3208 1260 3593 1314 convenerunt,
3633 1267 3738 1321 pcr

2160 1343 2262 1398 hoc
2281 1341 2585 1411 signiﬁcans
2618 1360 2632 1395 :
2671 1340 2988 1396 divisionem
3024 1350 3227 1408 autem,
3256 1354 3376 1409 qua:
3404 1355 3499 1409 per
3520 1349 3734 1411 partem

2160 1442 2264 1496 cst,
2316 1432 2462 1486 nullo
2510 1431 2671 1485 modo
2706 1429 2926 1484 faciens.
2956 1429 3106 1484 Sicut
3133 1431 3275 1483 enim
3321 1429 3489 1484 altera
3537 1439 3735 1484 natura

2156 1533 2237 1581 cst
2265 1525 2471 1584 anima),
2503 1530 2558 1577 et
2586 1522 2755 1577 altera
2781 1521 3044 1590 corporis,
3075 1529 3129 1574 et
3159 1529 3338 1575 tamen
3369 1536 3504 1575 unus
3537 1535 3738 1576 secun-

2155 1614 2280 1667 dum
2305 1612 2751 1681 compositionem
2780 1611 2943 1665 homo
2980 1609 3228 1675 eﬁicitur,
3257 1618 3314 1665 et
3346 1626 3452 1665 non
3480 1610 3586 1665 duo
3630 1611 3735 1665 ho-

2158 1707 2366 1769 mines;
2423 1705 2500 1760 sic
2553 1710 2607 1757 et
2658 1703 2710 1757 in
2761 1700 2976 1757 Christo
3029 1702 3156 1756 licet
3203 1702 3323 1782 dua:
3370 1702 3740 1770 intelligantur

479 1817 584 1872 ἐὰν
618 1819 677 1872 ού
716 1816 800 1872 διὰ
841 1823 993 1872 τοῦτο
1037 1814 1129 1871 δύο
1170 1818 1402 1890 Χριστοί,
1431 1814 1461 1875 ἢ
1500 1814 1593 1870 δύο
1616 1815 1716 1869 υίοί
1745 1815 2049 1885 εἰσάγονται.

2160 1812 2378 1869 ιιοιιιιιο,
2408 1803 2576 1857 altera
2605 1801 2819 1873 quidem
2846 1802 3077 1866 deitatis,
3110 1801 3278 1856 altera
3306 1817 3435 1858 vero
3481 1803 3739 1858 humani-

476 1910 632 1968 Ὠστι
662 1914 749 1967 τόν
777 1912 984 1982 ἀριθμόν
1011 1917 1109 1965 τῶν
1134 1911 1184 1964 ἓν
1203 1916 1404 1982 Χριστῷ
1430 1909 1627 1981 φύσεων
1655 1908 1781 1963 κο.τά
1806 1909 1891 1962 τὸν
1915 1908 2052 1982 εἰρη-

480 2007 622 2078 μίνον
645 2004 828 2079 τρόπον
856 2004 1251 2079 παραιτούμενοι
1283 2001 1459 2071 λέγειν,
1492 1999 1628 2058 δῆλοί
1649 2001 1746 2054 εἰσι
1774 2005 1866 2056 τὴν
1888 1995 2058 2070 διαφο-

480 2099 575 2173 ρὰν
619 2097 810 2151 τούτων
850 2094 1160 2171 ἀρνούμενοι,
1187 2093 1268 2145 καί
1307 2091 1570 2162 σύγχυσιν
1612 2089 1969 2159 ἐπεισάγοντες
1996 2094 2057 2159 τῇ

482 2186 750 2258 οἰκονομίᾳ.
779 2186 835 2238 Εί
861 2181 914 2237 δέ
942 2187 1033 2242 τήν
1054 2180 1291 2255 διαφορὰν
1331 2179 1677 2251 ὁμολογοῦσιν,
1703 2179 1894 2251 ἀνάγκη
1931 2177 2059 2231 πάν-

481 2296 581 2336 τως
611 2277 694 2330 ἒπί
721 2277 882 2349 ταύτῃ
915 2274 1015 2327 καί·
1034 2272 1118 2328 τὸν
1159 2271 1366 2348 ἀριθμὸν
1409 2276 1510 2324 τῶν
1538 2269 1857 2338 ἀσυγχύτως
1885 2266 2061 2320 συνελ-

480 2366 675 2421 θουσῶν
698 2366 895 2439 φύσεων
919 2365 991 2423 εἰς
1017 2364 1137 2433 μίαν
1167 2361 1458 2417 ὑπόστασιν
1480 2360 1638 2431 λέγειν
1665 2360 1870 2418 αύτούς.
1892 2354 2057 2412 Ὀπου

481 2456 582 2530 γὰρ
608 2453 819 2527 διαφορά
841 2453 1164 2526 φυλάττεται,
1186 2452 1349 2522 ταύτῃ
1371 2452 1572 2508 πάντως
1598 2451 1683 2502 καί
1710 2448 1914 2522 ἀριθμὸς
1941 2448 2059 2502 ἕπε-

482 2565 588 2600 ται.
609 2547 699 2604 Εἰς
727 2545 982 2598 σύστασιν
1010 2540 1062 2596 δέ
1089 2548 1187 2595 τῶν
1213 2540 1335 2612 παρ’
1369 2540 1507 2608 ἡμῶν
1547 2539 1816 2611 εἰρημένων
1859 2545 1921 2611 τῇ
1960 2545 2059 2591 τῶν

483 2631 637 2703 ἆγίων
665 2633 897 2705 πατέρων
919 2633 1178 2704 μαρτυρίᾳ
1210 2632 1481 2699 χρώμενοι,
1512 2625 1733 2697 δείξομεν
1755 2628 1943 2686 αύτούς
1979 2626 2061 2681 λεδ

480 2742 612 2791 γειν,
646 2721 726 2777 ὅτι
752 2722 833 2777 ἐπί
876 2728 965 2776 τοῦ
1009 2723 1141 2774 κατά
1179 2720 1389 2796 Χριστὸν
1420 2721 1704 2791 μυστηρίου
1740 2716 1789 2769 οἱ
1813 2717 1902 2784 μὲν
1928 2716 2061 2787 λόγοι

484 2811 800 2886 διαιροῦνται
827 2812 953 2866 κατὰ
974 2815 1063 2868 τὴν
1088 2808 1324 2884 διαφορὰν
1351 2816 1447 2864 τῶν
1474 2810 1690 2880 φύσεων,
1721 2808 1956 2867 θεότητος
1981 2809 2061 2860 καί

482 2905 884 2979 ἀνθρωπότητος,
924 2905 972 2966 ἐξ
1001 2900 1067 2955 ὧν
1102 2904 1182 2955 καί
1210 2901 1461 2964 συνετέθη,
1495 2900 1577 2954 καί
1612 2902 1695 2952 τόν
1727 2899 1936 2970 ἀριθμὸν
1976 2897 2061 2951 ὶπί

482 2996 668 3049 τούτου
686 2994 1189 3067 παραλαμϐάνουσιν,
1214 2993 1270 3043 οὐ
1291 2996 1388 3059 μὴν
1411 2996 1774 3065 πραγματικῶς
1795 2990 1889 3043 ἀνά
1909 2989 2060 3063 μέρος

481 3090 571 3144 τήν
596 3092 696 3140 τῶν
723 3086 921 3157 φύσεων
947 3090 1206 3139 ποοῦνται
1240 3080 1479 3159 διαίρεσιν
1507 3084 1580 3142 είς
1607 3080 1698 3138 δύο
1722 3081 2057 3149 ὑποστάσεις,

481 3176 591 3234 ἤτοι
614 3173 704 3231 δύο
727 3171 995 3237 πρόσωπα.

2159 1896 2302 1961 tatis,
2331 1894 2424 1949 sed
2459 1909 2567 1948 non
2599 1901 2817 1963 propter
2846 1893 2951 1948 hoc
2976 1893 3083 1947 duo
3135 1893 3350 1959 christi,
3384 1903 3478 1949 aut
3500 1894 3607 1949 duo
3636 1895 3739 1950 ﬁlii

2158 1985 2584 2039 introducantur.
2618 1982 2757 2052 Ergo
2799 1984 2890 2052 qui
2928 1998 3208 2038 numerum
3258 1993 3572 2039 naturarum
3617 2000 3744 2055 qua!

2159 2079 2211 2131 in
2242 2076 2458 2131 Christo
2485 2085 2631 2142 sunt,
2652 2075 2943 2130 secundum
2974 2074 3286 2143 praedictum
3311 2075 3528 2129 modum
3554 2076 3747 2130 dicere

2157 2175 2424 2233 recusant,
2450 2165 2717 2221 manifesti
2748 2173 2876 2220 sunt
2895 2165 3251 2220 differentiam
3281 2174 3588 2221 naturarum
3634 2167 3745 2222 ab-

2159 2266 2434 2328 negantes,
2490 2267 2546 2312 et
2590 2256 2962 2313 confusionem
3015 2257 3417 2312 introducentes
3457 2258 3753 2327 dispensa-

2159 2349 2312 2403 tioni.
2360 2346 2417 2403 Si
2446 2363 2574 2403 vero
2612 2346 2965 2401 diﬁcrentiam
2996 2345 3341 2411 conﬁtentur,
3392 2361 3609 2402 necesse
3651 2356 3753 2401 est

2158 2437 2465 2493 omnimodo
2491 2435 2559 2490 ad
2588 2451 2705 2490 eam
2731 2433 3152 2504 signiﬁcandam,
3182 2444 3235 2490 et
3254 2451 3532 2491 numerum
3554 2436 3751 2493 dicere

2162 2537 2467 2585 naturarum
2496 2543 2614 2597 quae
2638 2528 2754 2582 sine
2782 2527 3093 2599 confusione
3136 2527 3191 2581 in
3240 2543 3399 2582 uuam
3438 2527 3753 2582 subsisten-

2160 2630 2286 2684 tiam
2314 2634 2700 2683 convenerunt.
2736 2624 2835 2680 Ubi
2863 2624 3003 2679 enim
3028 2623 3326 2680 differentia
3359 2634 3627 2692 servatur,
3658 2625 3746 2679 ibi

2161 2718 2308 2773 omni
2347 2717 2510 2772 modo
2539 2723 2595 2772 et
2634 2730 2887 2770 numerus
2930 2716 3189 2785 sequitur.
3239 2715 3320 2769 Ad
3367 2714 3749 2770 conﬁrmanda

2161 2816 2340 2861 autem
2370 2820 2432 2861 ea
2458 2820 2576 2874 quae
2613 2804 2862 2870 diximus,
2904 2813 3215 2859 sanctorum
3244 2813 3453 2874 patrum
3483 2806 3747 2861 testimo-

2162 2898 2249 2952 nio
2270 2904 2502 2961 utentes,
2529 2883 2870 2950 ostendemus
2907 2911 3001 2950 eos
3029 2894 3228 2962 dicere,
3259 2896 3401 2964 quod
3422 2896 3475 2949 in
3505 2895 3748 2969 [myste-

2158 2988 2239 3043 rio
2267 2985 2680 3057 Christi,erc.]
2726 3001 2832 3040 uno
2863 2985 3088 3040 Domino
3128 2995 3315 3041 nostro
3350 2985 3477 3041 Jesu
3519 2986 3747 3043 Christo

2159 3080 2397 3134 rationes
2435 3077 2647 3148 quidem
2685 3076 2992 3131 dividuntur
3042 3076 3333 3132 secundum
3378 3075 3746 3132 diﬁ'erentiam

2092 3162 2141 3228 C
2171 3180 2481 3227 naturarum
2499 3169 2713 3224 deitatis
2740 3178 2796 3223 et
2819 3169 3165 3224 humanitatis
3200 3183 3268 3222 ex
3294 3168 3487 3236 quibus
3506 3181 3562 3223 et
3581 3185 3747 3224 com-

2163 3261 2373 3330 positus
2396 3268 2502 3327 est,
2526 3267 2580 3313 et
2600 3274 2876 3313 numerum
2902 3259 2952 3312 in
2983 3259 3087 3313 hoc
3107 3266 3400 3325 assumunt,
3423 3274 3529 3315 non
3550 3268 3743 3316 tamen

483 3354 600 3425 ipsa
639 3370 697 3410 re
740 3364 797 3411 et
852 3370 949 3425 per
990 3365 1169 3426 partes
1213 3362 1521 3410 naturarum
1567 3353 1769 3409 faciunt
1812 3353 2127 3409 divisionem
2165 3351 2217 3405 in
2243 3351 2374 3405 duas
2400 3350 2765 3407 subsistentias
2790 3350 2903 3403 sive
2939 3364 3197 3418 personas

558 3446 699 3515 Λέγει
740 3448 836 3520 γὰρ
877 3445 902 3498 ὁ
941 3446 988 3498 ἔν
1033 3447 1189 3517 ἁγίοις
1234 3444 1463 3521 Κύριλλος
1490 3446 1541 3497 ἐν
1585 3452 1647 3517 τῇ
1695 3443 1930 3519 ἑρμηνείᾳ
1963 3448 2053 3497 τοῦ

485 3542 746 3593 Δευιτικοῦ
781 3534 938 3595 οῗτως
963 3551 974 3564 ·
1015 3553 1033 3585 ι
1058 3534 1200 3589 "om
1229 3533 1290 3593 dri
1318 3535 1466 3589 πάλιν
1501 3535 1549 3588 ἐν
1574 3535 1772 3594 τούτοις
1796 3535 2055 3606 περιαθρει

484 3636 656 3700 σαφῶς
682 3634 773 3683 τοῦ
802 3636 1032 3699 σωτῆρος
1057 3630 1193 3697 ἡμῶν
1221 3628 1280 3682 τὸ
1309 3630 1611 3701 μυστήριον,
1648 3625 1833 3680 καὶτὸν
1855 3623 1939 3680 διὰ
1963 3631 2053 3679 τοῦ

485 3719 630 3792 ἁγίου
679 3722 1036 3791 βαπτίσματος
1086 3720 1412 3793 καθαρισμὸν,
1461 3721 1557 3773 Δύο
1604 3722 1694 3789 μὲν
1737 3720 1833 3791 γὰρ
1874 3719 2056 3792 ὀρνίθια

481 3812 717 3883 ληφθῆναι
754 3811 937 3864 κελεύει
964 3815 1122 3873 ζῶντα
1150 3814 1231 3862 καί
1273 3811 1481 3883 καθαρὰ,
1511 3812 1593 3863 ἵνα
1633 3815 1815 3881 νοήσῃς
1847 3807 1930 3864 διὰ
1958 3817 2056 3864 τῶν

484 3907 721 3954 πετεινῶν
756 3902 841 3954 τόν
871 3901 1096 3973 οὐράνιον
1138 3897 1399 3972 ἄνθρωπόν
1424 3920 1480 3955 τε
1519 3898 1643 3971 ὁμοῦ
1693 3903 1777 3953 καί
1815 3901 1936 3954 Θεὸν
1986 3904 2056 3961 ε’ς

485 3988 575 4043 δύο
600 3993 794 4059 φύσεις,
830 3988 948 4044 ὅσλν
991 3988 1104 4052 ἧκεν
1146 3994 1216 4050 εἰς
1256 3992 1341 4045 τὸν
1371 3991 1562 4064 ἑκάστῃ
1599 3992 1856 4066 πρέποντα
1888 3993 2052 4066 λόγον,

483 4075 827 4151 διαιρούμενον
844 4096 856 4110 °
886 4080 1033 4150 λόγος
1054 4081 1147 4156 γὰρ
1169 4077 1225 4137 ἧν
1252 4078 1278 4134 ὃ
1306 4081 1360 4134 ἐκ
1388 4089 1514 4136 Θεοῦ
1543 4085 1739 4152 πατρὸς
1759 4083 2058 4157 ἀναλάμψας

484 4168 533 4219 έν
558 4171 708 4240 σαρκί
729 4177 790 4241 τῇ
817 4171 870 4222 ἐκ
895 4174 1144 4238 γυναικς,
1175 4170 1299 4227 πλὴν
1326 4173 1382 4223 ού
1406 4173 1726 4245 μεριζόμενος
1749 4188 1760 4201 ⁸
1788 4170 1856 4234 εἷς
1885 4177 1979 4244 γὰρ
2006 4176 2057 4237 ἕξ

484 4257 667 4329 ἀμφοῖν
694 4256 720 4311 ὁ
752 4258 987 4332 Χριστός.
1012 4278 1031 4309 ι
1067 4263 1155 4315 Καὶ
1179 4261 1317 4315 πάλιν
1339 4260 1363 4314 ὁ
1388 4262 1535 4322 αὐτὸς
1556 4263 1604 4315 ἐν
1626 4262 1788 4335 ἁγίοις
1821 4265 2056 4340 Κύριλλος

483 4347 535 4402 ἕν
567 4358 630 4422 τῇ
668 4350 792 4426 πρὸς
832 4352 1099 4406 Σούκενσον
1138 4349 1352 4427 δευτέρᾳ
1388 4351 1629 4425 επιστολῇ
1653 4359 1828 4428 γράφει
1855 4356 2014 4417 οὕτως
2041 4373 2053 4386 ⁸

489 4456 507 4488 ε
527 4439 650 4494 Ἀλλ’
679 4439 948 4512 ἠγνόησαν,
972 4440 1048 4495 ὅτι
1070 4440 1167 4497 ὅσα
1188 4446 1310 4498 κατὰ
1330 4444 1482 4514 μόνην
1498 4452 1586 4504 τὴν
1605 4447 1816 4520 θεωρίαν
1844 4445 2056 4520 διαιρεῖ-

480 4532 595 4587 σθαι
622 4535 768 4605 φιλεῖ,
795 4539 959 4588 ταῦτα
996 4536 1052 4587 ού
1097 4538 1298 4595 πάντως
1327 4540 1406 4590 καί
1447 4540 1518 4597 εἰς
1547 4538 1820 4610 ἑτερότητα
1847 4544 1936 4598 τήν
1964 4543 2057 4594 ἀνὰ

481 4620 630 4692 μέρος
654 4618 933 4695 ὁλοτρόπως
975 4625 1054 4675 καί
1094 4614 1258 4683 ίδικῶς
1284 4626 1660 4693 ἀποφοιτησειεν
1702 4622 1762 4679 ἂν
1800 4629 1889 4682 ἀπ’
1911 4628 2059 4685 cum?

2228 3440 2366 3494 Dicit
2388 3440 2529 3494 enim
2558 3446 2780 3493 sanctus
2806 3437 3033 3508 Cyrillus
3061 3440 3115 3494 in
3148 3439 3362 3495 Levitici
3410 3441 3742 3511 interpreta-

2156 3530 2302 3584 tione
2332 3527 2517 3597 (Levil.
2540 3528 2648 3598 xw)
2694 3528 2807 3584 sic:
2846 3548 2864 3581 ι
2884 3528 3079 3583 Totum
3106 3530 3158 3585 in
3182 3531 3263 3587 his
3293 3533 3483 3587 iterum
3504 3534 3745 3589 circum-

2156 3620 2304 3689 spice
2332 3627 2516 3689 aperte
2541 3618 2833 3674 Salvatoris
2859 3620 3028 3675 nostri
3057 3622 3390 3690 mysterium,
3440 3632 3496 3678 et
3538 3639 3739 3678 emun-

2156 3708 2427 3763 dationem
2447 3722 2566 3777 quae
2590 3723 2688 3777 per
2706 3718 2949 3764 sanctum
2978 3710 3239 3780 baptisma
3280 3712 3356 3766 ﬁt.
3405 3712 3546 3768 Duas
3582 3714 3736 3768 enim

2155 3799 2387 3854 aviculas
2414 3799 2550 3854 sumi
2569 3799 2719 3870 jubet
2745 3800 2894 3854 vivas
2914 3810 2968 3856 et
2993 3802 3236 3868 mundas,
3268 3812 3327 3858 ut
3347 3804 3611 3873 intelligas
3633 3821 3734 3875 per

2156 3890 2393 3944 volatilia
2424 3889 2698 3945 cwlestem
2729 3891 3000 3946 hominem
3027 3892 3180 3946 simul
3207 3900 3260 3946 et
3290 3893 3475 3959 Deum,
3505 3895 3557 3948 in
3597 3893 3736 3950 duas

2157 3987 2395 4047 naturas,
2437 3988 2695 4049 quantum
2746 3982 2978 4049 pertinet
3017 3980 3084 4036 ad
3113 3978 3398 4037 'rationem
3445 3983 3736 4052 unicuique

2156 4072 2586 4139 convenientem,
2611 4071 2971 4128 dividendum.
2999 4073 3136 4128 Deus
3162 4075 3304 4129 enim
3334 4075 3587 4142 Verbum,
3612 4078 3745 4149 quia

2157 4185 2225 4224 ex
2253 4169 2365 4225 Deo
2393 4168 2552 4226 Patre
2579 4179 2681 4235 est,
2712 4171 2979 4241 splenduit
2999 4172 3050 4225 in
3081 4187 3240 4227 carne
3264 4188 3382 4241 quae
3415 4189 3480 4227 ex
3507 4176 3739 4230 muliere

2156 4267 2257 4326 est,
2303 4269 2670 4316 verumtamen
2722 4277 2829 4315 non
2878 4262 3249 4332 partiendum;
3294 4278 3429 4318 unus
3472 4265 3614 4319 enim
3662 4278 3736 4320 et

2158 4350 2396 4419 utrisque
2416 4351 2678 4421 Christus.
2714 4371 2732 4404 ι
2769 4352 2836 4406 Et
2861 4353 3052 4408 iterum
3082 4353 3225 4408 idem
3254 4363 3472 4411 sanctus
3499 4355 3736 4426 Cyrillus

2159 4443 2210 4497 in
2256 4441 2487 4498 secunda
2520 4444 2587 4498 ad
2622 4442 2941 4499 Successum
2982 4444 3207 4516 epistola
3253 4447 3326 4499 ita
3369 4446 3532 4502 dicit:
3568 4466 3587 4499 ε
3622 4446 3735 4505 Sed

2161 4534 2537 4599 ignoraverunt
2562 4532 2704 4601 quod
2728 4548 2846 4602 qua:
2868 4551 2962 4603 per
2993 4538 3163 4592 solum
3189 4535 3532 4592 “intellectum
3561 4538 3733 4593 dividi

2157 4623 2351 4687 solent,
2395 4620 2499 4677 non
2546 4624 2660 4680 haec
2714 4627 3015 4681 necessario
3071 4629 3231 4681 etiam
3287 4627 3340 4683 in
3387 4629 3730 4695 alteritalem,

477 4709 595 4763 λων.
623 4728 641 4761 ε
661 4714 753 4765 Καὶ
778 4710 803 4764 ὁ
831 4712 880 4765 ἄν
900 4712 1058 4784 ἁγίοις
1080 4715 1331 4773 Βασίλειος
1352 4716 1398 4768 ἐν
1418 4723 1490 4785 τῷ
1512 4718 1740 4787 τετάρτῳ
1769 4719 1877 4773 κατ’
1908 4721 2052 4772 Εύνο·

2160 4725 2278 4778 qua:
2298 4719 2381 4766 est
2402 4727 2497 4780 per
2523 4720 2721 4781 partes,
2751 4715 3059 4769 omnimodo
3088 4725 3143 4770 et
3169 4718 3473 4786 specialiter
3496 4734 3527 4772 a
3556 4733 3618 4773 se
3648 4720 3733 4773 iu-

479 4804 596 4871 μίου
622 4802 749 4872 λόγῳ
769 4803 1047 4877 ἑρμηνεύων
1075 4807 1382 4879 τό-ιίύριος
1408 4806 1570 4861 ἔκτισέ
1592 4828 1676 4879 με,
1708 4811 1789 4861 καί
1810 4810 1911 4882 πρὸ
1932 4813 2054 4862 πόν-

480 4913 581 4946 των
592 4892 785 4961 βοννῶν
803 4900 939 4965 γεννᾷ
959 4914 1018 4964 με
1036 4898 1286 4969 -γραρτει
1307 4896 1489 4955 οὕτως’
1509 4913 1527 4945 t
1552 4899 1774 4953 Ληπτὲον
1794 4894 1878 4951 οὖν
1888 4900 1942 4951 τό
1966 4903 2053 4977 μέν

481 4983 831 5052 ἕγὶννησεν,
859 4985 939 5037 ἐπὶ
968 4990 1058 5038 τοῦ
1081 4991 1206 5038 Θεοῦ
1232 4985 1357 5038 υἱοῦ·
1383 4988 1440 5040 τό
1458 4984 1509 5040 δέ
1541 4985 1824 5051 ἔκτισεν,
1851 4991 1935 5042 ἐπὶ
1962 4996 2049 5043 τοῦ

477 5082 568 5132 τήν
584 5080 773 5150 μορφήν
792 5082 880 5131 τοῦ
899 5075 1074 5129 δούλου
1091 5076 1349 5137 λαϐόντος.
1367 5074 1442 5129 Ἐν
1465 5083 1594 5132 πᾶσι
1611 5076 1662 5131 δὲ
1681 5079 1876 5137 τούτοις
1891 5081 1948 5132 ού
1963 5076 2052 5133 δύο

480 5164 700 5237 λέγομεν,
734 5167 853 5222 Θεὸν
880 5165 1001 5234 ἰδίᾳ.
1033 5171 1118 5222 καὶ
1145 5165 1407 5243 ἄνθρωπον
1432 5167 1535 5242 ἰδίᾳ
1557 5184 1569 5197 ⁶
1594 5166 1662 5227 εἷς
1682 5170 1777 5244 γὰρ
1816 5167 1874 5227 ἦν
1929 5171 2053 5224 ἀλλὰ

479 5256 586 5308 κατ’
615 5256 836 5311 hiantem
864 5263 951 5314 τήν
990 5257 1203 5311 ἑκάστου
1229 5259 1378 5329 φύσιν
1415 5258 1740 5329 λογιζόμενοι.
1770 5277 1787 5308 ι
1821 5261 1904 5313 καί
1938 5257 1965 5313 ὅ
2007 5260 2055 5313 ἐν

479 5343 639 5417 ἁγίοις
667 5342 718 5398 δέ
749 5343 1019 5421 Γρηγόριος
1046 5346 1070 5399 ὁ
1101 5345 1320 5426 θεολόγοξ
1344 5349 1394 5400 ἔν
1429 5355 1501 5413 τῶ
1536 5351 1654 5421 περὶ
1694 5350 1804 5402 υἱοῦ
1836 5347 2054 5421 δευτέρῳ

480 5433 609 5502 λόγῳ
635 5430 882 5487 διδάσκων
909 5440 1038 5503 ημᾶς
1060 5474 1073 5497 ,
1101 5433 1240 5494 ὅπως
1284 5434 1361 5490 δεῖ
1392 5440 1480 5495 τὰς
1529 5437 1577 5488 ἐν
1616 5445 1692 5509 τῷ
1735 5442 1889 5513 κυρίῳ
1916 5443 2054 5509 ἡμῶν
2106 5438 2110 5442 ’

476 5514 640 5578 Ἰησοῦ
685 5531 886 5595 Χριστῷ
925 5526 1250 5593 φύσέιςγιισιιθΔ
1293 5527 1511 5581 ἐπινοιαν
1553 5526 1831 5602 διακρίνειν,
1881 5533 2056 5603 γράφει

478 5614 659 5673 οσῗτως·
696 5632 715 5664 ε
736 5612 902 5669 Ἦνίκα
924 5616 976 5668 αί
1000 5618 1177 5685 φύσεις
1200 5616 1487 5673 διίστανται
1515 5625 1629 5677 ταῖς
1651 5619 1913 5679 ἐπινοίαις.
1941 5643 2059 5675 συν-

481 5700 746 5778 διαιρεῖται
789 5705 873 5757 καί
915 5707 980 5761 τὰ
1021 5704 1263 5776 ὀνόματα.
1302 5706 1493 5761 Παύλου
1532 5707 1760 5779 λέγοντος
1802 5706 2052 5763 ἄκουσον·

550 5786 570 5792 ι
608 5794 692 5851 me
707 5795 830 5853 Θεῶε
849 5800 937 5850 τοῦ
961 5797 1135 5873 κυρίου
1150 5797 1289 5865 ήμῶν
1304 5794 1468 5854 ἰησοῦ
1484 5805 1708 5871 Χριστοῦ
1732 5798 1943 5874 όπατήρ
1963 5810 2054 5863 τῆς

2158 4802 2328 4853 vicem
2369 4802 2777 4869 separabantur.
2821 4823 2839 4854 ε
2893 4804 2999 4859 Sed
3043 4813 3097 4860 et
3139 4816 3356 4862 sanctus
3401 4807 3626 4863 Basilius
3675 4809 3733 4863 in

2158 4887 2347 4960 quarto
2370 4891 2504 4946 libro
2525 4903 2709 4950 contra
2720 4893 3068 4961 Eunomium,
3084 4898 3436 4965 interpretans
3462 4898 3565 4954 hoc
3583 4899 3734 4969 quod

2156 4992 2238 5036 est
2264 4999 2275 5033 :
2308 4980 2559 5035 Dominus
2587 4984 2773 5036 crearit
2800 5000 2896 5047 me,
2930 4995 2980 5037 et
3013 4997 3130 5040 ante
3155 5002 3331 5042 omnes
3371 4990 3527 5043 colles
3551 4992 3734 5060 genuit

2136 5089 2213 5129 me
2234 5072 2415 5143 (Prov.
2438 5072 2651 5141 vut):ita
2672 5075 2855 5129 scribit
2877 5093 2890 5128 :
2921 5095 2939 5127 ι
2964 5077 3363 5146 Intelligendum
3388 5081 3492 5137 hoc
3513 5084 3727 5152 quidem

2154 5159 2302 5229 quod
2327 5161 2474 5228 dicit,
2504 5168 2710 5228 creavit,
2742 5165 2810 5230 de
2829 5180 2895 5220 eo
2922 5167 3013 5234 qui
3045 5167 3269 5223 formam
3313 5172 3453 5226 servi
3494 5175 3724 5242 accepit.

2155 5259 2213 5313 ln
2240 5259 2323 5315 his
2352 5269 2531 5316 autem
2558 5262 2806 5318 omnibus
2836 5280 2938 5319 non
2962 5265 3068 5320 duo
3094 5267 3339 5335 dicimus,
3374 5269 3537 5325 Deum
3565 5286 3729 5342 sepa-

2154 5356 2332 5412 ratim.
2378 5360 2434 5406 et
2477 5353 2746 5408 hominem
2772 5359 3080 5426 separatim,
3110 5376 3245 5413 unus
3274 5361 3414 5415 enim
3444 5370 3596 5421 erat:
3630 5364 3728 5419 sed

2155 5441 2446 5495 secundum
2502 5442 2852 5507 intellectum,
2911 5447 3186 5516 utriusque
3238 5458 3481 5505 naturam
3536 5452 3728 5507 existi-

2158 5538 2382 5585 manles.
2408 5551 2425 5583 ι
2450 5530 2555 5586 Sed
2574 5541 2629 5588 et
2652 5544 2867 5590 sanctus
2886 5534 3172 5605 Gregorius
3195 5539 3494 5610 Theologus
3516 5541 3568 5595 in
3590 5543 3729 5599 libro

2154 5623 2392 5677 secundo
2425 5623 2492 5677 de
2520 5623 2673 5688 Filio,
2705 5627 2903 5683 docens
2950 5644 3049 5684 nos
3076 5631 3347 5701 quomodo
3394 5635 3447 5687 in
3495 5633 3728 5690 Domino

2156 5721 2341 5773 nostro
2360 5711 2487 5769 Jesu
2513 5713 2725 5770 Christo
2752 5726 2967 5787 oportet
2996 5730 3214 5776 naturas
3232 5737 3352 5792 qua:
3399 5725 3451 5778 in
3482 5740 3551 5781 eo
3578 5735 3728 5793 sunt,

2153 5802 2444 5860 secundum
2466 5803 2793 5862 intellectum
2819 5808 3142 5879 discernere,
3171 5812 3243 5868 ita
3272 5814 3453 5869 scribit
3484 5833 3496 5869 :
3535 5834 3555 5865 ι
3587 5814 3727 5869 Cum
