4032 6190
302 232 407 288 ΞΗ

1299 237 1676 296 JUSTINIANI
1715 232 2086 292 CONFESSIO
2126 236 2373 292 ΠΕἸᾹΞ
2414 233 2604 292 FIDET.

3470 243 3583 296 9.42

305 350 482 414 δόξης·
515 352 739 421 Χριστοῦ
768 349 856 417 μὲν
880 348 1024 410 Θιός.
1055 359 1143 412 τῆς
1169 350 1222 407 δέ
1246 350 1389 415 δόξης
1418 355 1605 428 πατήρ.
1628 354 1684 404 Ei
1708 352 1804 423 γὰρ
1826 353 1906 403 καὶ

2020 357 2212 403 naturae
2244 349 2520 406 intellectu
2547 352 2767 419 distant,
2794 351 2950 406 simul
2977 352 3283 409 dividuntur
3308 355 3469 411 etiam
3494 370 3585 412 no.

302 447 371 500 τὸ
391 442 761 515 συναμφότερον
780 439 850 499 ἓν.
878 442 981 496 ἀλλ’
999 444 1055 495 οὑ
1070 451 1132 518 τῇ
1149 446 1317 515 φύστι,
1346 453 1406 520 τῇ
1433 443 1485 499 δὲ
1515 442 1726 513 συνόδῳ.
1752 461 1771 494 ι
1806 445 1907 497 Καὶ

310 531 347 589 ὅ
379 534 431 587 ἕν
468 532 630 604 ἆ-γίοις
658 531 712 584 δὲ
742 532 1007 607 Γρκγόριος
1039 533 1063 586 6
1094 535 1295 602 Νὑσσης
1322 536 1594 593 ἐπίσκοπος
1618 536 1668 587 ίν
1695 540 1767 605 τῷ
1792 543 1906 587 κατ’

307 626 553 697 Εὐνομίου
581 623 812 697 τετάρτῳ
836 620 970 694 λόγῳ
999 626 1064 679 τὰ
1102 626 1231 680 αὐτὰ
1260 628 1396 695 ἡμᾶς
1422 623 1688 683 διδάσκων,
1727 626 1907 698 γιίάςρει

313 714 505 772 σ’τως·
543 730 562 761 ε
585 715 669 765 καί
698 717 764 773 ὥς
790 707 847 766 ἂν
873 718 941 783 μή
968 736 1046 774 τις
1077 721 1139 789 τῇ
1162 717 1394 793 ἀκηράτῳ
1421 717 1567 787 φύσει
1588 716 1643 769 τό
1671 718 1794 769 κατὰ
1818 717 1906 769 τὸν

329 802 559 876 σταυρὸν
585 802 746 860 πάθος
772 803 1159 877 προστρίθοιτο,
1188 801 1251 860 δι’
1277 804 1459 879 ἐτέρων
1498 801 1798 880 τρανότερον
1820 809 1909 863 τήν

313 893 561 949 τοιαύτην
589 892 953 964 ἐπανορθοῦται
985 889 1192 954 πλάνην,
1241 896 1452 963 μεσίτην
1475 892 1627 947 αὑτὸν
1668 899 1794 946 Θεοῦ
1824 893 1910 946 καὶ

314 982 607 1054 ἄιδρῶπου,
653 981 779 1034 Θεὸν
816 983 903 1034 καί
929 980 1187 1056 ἄνθρωπον
1229 983 1386 1036 αὑτὸν
1424 979 1700 1052 ὀνομάζων,
1727 982 1812 1035 ἵνα
1858 981 1910 1034 ἔκ

316 1084 410 1131 τοῦ
439 1072 619 1130 τάδὺο
645 1076 762 1146 περί
787 1076 846 1129 τό
870 1072 923 1127 ἓν
948 1075 1177 1147 λέγεσθαι
1202 1077 1260 1129 τὸ
1285 1075 1572 1151 πρόσφορον
1595 1082 1759 1128 νοοῖτο
1791 1076 1911 1147 περί

315 1165 579 1244 ἑκάτερον,
609 1169 728 1241 περὶ
746 1169 836 1234 μὲν
862 1168 920 1220 τὸ
948 1169 1074 1220 θεῖον
1100 1168 1130 1225 ἡ
1156 1168 1396 1233 ἀπάθεια,
1418 1164 1607 1238 περίδέ
1634 1167 1693 1220 τὸ
1722 1166 1910 1240 ἀνθρὼ-

292 1279 463 1314 Δςιινσν
490 1259 521 1316 ἡ
547 1263 677 1311 κατά
705 1257 762 1311 τό
789 1257 949 1317 πάθος
974 1258 1251 1323 οἰκονομία.
1282 1263 1381 1315 Τῆς
1418 1251 1503 1309 οὖν
1531 1255 1753 1314 ἐπινοίας
1778 1251 1911 1309 διαι-

315 1354 512 1425 ρο⁴σης
547 1348 605 1402 τὸ
641 1348 767 1402 κατά
793 1347 1161 1420 φιλανθρωπίαν
1184 1349 1274 1422 μὲν
1308 1346 1568 1416 ἡνωμένον,
1592 1353 1664 1418 τῷ
1692 1343 1743 1399 δέ
1779 1345 1910 1417 λόγῳ

317 1434 719 1512 διακρινόμενον,
762 1433 883 1489 ὅταν
924 1425 1013 1507 μὲν
1048 1436 1105 1490 τὸ
1132 1436 1507 1511 ὑπερκείμενον.
1539 1438 1626 1488 καὶ
1654 1436 1913 1509 ὑπερέχον

317 1530 497 1582 πάντα
534 1532 651 1581 νοῦν
691 1524 962 1601 κηριῗσσῃ,
1008 1534 1115 1585 τοῖς
1148 1526 1479 1597 ὑψηλοτέροις
1517 1528 1767 1602 κέχρηται
1814 1534 1913 1582 τῶν

317 1618 596 1687 ὀνομάτων,
629 1618 712 1670 ἐπὶ
738 1622 935 1671 πάντων
956 1618 1098 1677 Θεὸν,
1127 1617 1210 1670 καί
1238 1617 1392 1688 μέγαν
1418 1618 1556 1676 Θεὸν,
1581 1623 1666 1672 καί
1693 1616 1908 1686 δύναμιν

2008 441 2169 494 mina.
2206 440 2425 496 Paulum
2446 442 2712 498 dicentem
2734 444 2855 498 audi
2880 463 2891 497 :
2928 444 2996 499 Ut
3027 445 3163 501 Deus
3187 446 3396 503 Domini
3423 452 3587 505 nostri

2005 528 2128 585 Jesu
2150 530 2364 600 Christi,
2397 531 2553 587 Pater
2582 535 2762 604 gloria:
2789 534 3000 605 (Ep/tes.
3037 536 3075 606 ι)
3096 554 3115 589 τ
3146 536 3344 593 Christi
3373 540 3588 608 quidem

2007 621 2168 687 Deus,
2197 622 2381 691 gloriae
2399 631 2580 679 autem
2610 622 2786 679 Pater.
2818 624 2949 679 Nam
2979 627 3078 683 etsi
3109 637 3393 698 utrumque
3425 646 3590 687 unum

2007 722 2108 779 est,
2138 723 2317 770 tamen
2341 730 2447 769 non
2470 725 2682 784 natura,
2705 715 2797 772 sed
2818 726 3107 773 conventu.
3132 718 3242 783 ιΕι
3256 730 3481 777 sanctus
3494 738 3591 777 au-

2010 814 2118 860 tem
2147 805 2434 876 Gregorius
2462 807 2731 878 Nyssenus
2754 806 3070 880 [Episcopus
3099 808 3297 881 Nyssac]
3321 810 3374 864 in
3397 824 3590 881 quarto

2010 896 2147 951 libro
2177 905 2365 952 contra
2395 896 2740 963 Eunomium,
2770 898 2959 953 eadem
2991 915 3086 954 nos
3120 899 3339 965 docens,
3365 901 3437 954 ita
3456 901 3593 955 scri-

2008 987 2088 1042 bit
2113 1005 2126 1040 :
2159 1007 2177 1039 ι
2214 987 2280 1041 Ει
2311 1002 2378 1041 ne
2406 987 2598 1057 aliquis
2625 988 3012 1058 incorruptibili
3040 994 3247 1044 natura:
3275 990 3448 1045 crucis
3469 1005 3593 1060 pas-

2011 1080 2217 1137 sionem
2245 1079 2558 1149 applicaret,
2592 1094 2689 1149 per
2714 1080 2817 1134 alia
2850 1079 3180 1136 manifestius
3212 1080 3373 1135 talem
3402 1095 3590 1135 emen-

2011 1170 2103 1225 dat
2152 1185 2413 1233 errorem,
2469 1170 2819 1225 mediatorem
2859 1170 3031 1239 ipsum
3078 1170 3172 1225 Dei
3220 1179 3275 1225 et
3314 1170 3593 1226 hominum

2011 1261 2067 1334 (ι
2101 1261 2230 1315 Tim.
2266 1259 2347 1330 ιι),
2378 1270 2433 1315 et
2467 1260 2741 1316 hominem
2770 1270 2824 1316 et
2856 1261 3023 1315 Deum
3066 1264 3236 1331 ipsum
3267 1263 3589 1316 nominans:

2013 1362 2074 1422 ut
2100 1370 2220 1410 cum
2254 1353 2362 1408 duo
2401 1353 2467 1407 de
2495 1368 2601 1407 uno
2641 1353 2910 1421 dicantur,
2945 1368 3239 1421 congruum
3266 1353 3594 1421 intelligatur

2012 1444 2154 1499 circa
2176 1452 2477 1511 utrumque,
2497 1444 2638 1498 circa
2660 1443 2913 1497 deitatem
2937 1443 3151 1511 quidem
3178 1443 3592 1512 impassibilitas,

2014 1537 2157 1591 circa
2200 1536 2585 1590 hmnanitatem
2616 1543 2794 1590 autem
2835 1536 3159 1605 dispensatio
3190 1535 3470 1605 passionis.
3504 1534 3594 1589 ln-

2018 1627 2233 1682 tellcctu
2266 1627 2424 1696 igitur
2449 1624 2720 1680 dividente
2748 1626 2850 1681 hoc
2877 1626 3020 1695 quod
3049 1643 3147 1697 per
3173 1628 3596 1683 misericordiam

320 1714 480 1773 Θεοῦ,
509 1710 597 1762 καί
644 1710 841 1781 σοφίαν,
871 1710 951 1760 καί
993 1709 1058 1760 τὰ
1096 1714 1307 1761 τοιαῦτα
1335 1707 1514 1760 καλῶν.
1543 1704 1702 1764 Ὀταν
1731 1708 1781 1762 δέ
1824 1716 1913 1767 τήν

2020 1716 2232 1786 quidem
2277 1717 2484 1770 unitum
2514 1724 2616 1781 est,
2647 1716 2859 1771 ratione
2887 1725 3066 1771 autem
3095 1718 3434 1782 discernitur,
3476 1733 3598 1773 cum

318 1803 606 1876 ἀναγκαίως
642 1798 727 1855 διὰ
771 1802 828 1853 τὸ
867 1801 1108 1873 ἡμέτερον
1153 1799 1354 1858 ἀσθενὲς
1393 1799 1907 1872 συμπαραληφθεῖσαν

317 1900 428 1947 τῶν
450 1892 767 1959 παθημάτων
794 1897 973 1961 πεῖραν
1008 1892 1289 1963 περιγραφῇ
1325 1897 1396 1960 τῷ
1423 1889 1577 1960 λόγῳ,
1600 1891 1652 1944 ἐκ
1674 1896 1760 1944 τοῦ
1787 1892 1911 1962 ἡμε-

318 1989 470 2066 τέρου
520 1988 845 2054 κατονομάξει
890 1984 947 2038 τὸ
991 1983 1400 2057 συναμφότερον,
1451 1980 1711 2056 ἄνθρωπον
1758 1983 1911 2039 αὑτὸν

319 2079 743 2154 προσαγορεύων,
775 2077 834 2130 οὑ
860 2083 1143 2130 κοινοποιῶν
1172 2076 1301 2149 πρὸς
1326 2080 1415 2132 τήν
1450 2074 1626 2133 λοιπήν
1651 2078 1800 2148 φιὶσιν
1828 2075 1910 2131 διὰ

320 2182 419 2230 τῆς
459 2179 622 2241 φωνῆς
654 2170 738 2225 τόν
772 2168 1094 2240 δηλούμενον,
1124 2167 1227 2222 ἀλλ’
1266 2167 1398 2222 ὥστε
1425 2170 1545 2239 περί
1587 2166 1816 2245 ἑκάτερον
1854 2169 1910 2224 τὸ

323 2262 539 2322 εὐσεϐὲς
565 2263 891 2332 φυλαχθῆναι.
933 2276 956 2313 ε

404 2715 611 2770 τούτων
650 2712 814 2773 ν’τως
854 2710 1275 2785 ἀποδεδειγμένων
1308 2713 1392 2770 διὰ
1417 2721 1508 2773 τῆς
1542 2719 1640 2766 τῶν
1682 2712 1918 2785 πατέρων

327 2805 686 2870 διδασκαλίας,
714 2806 1096 2859 παυσάσθωσαν
1140 2804 1185 2857 oi
1222 2805 1304 2858 τὸν
1339 2804 1547 2879 ἀριθμῖν
1578 2812 1679 2859 τῶν
1706 2802 1756 2857 ἓν
1793 2813 1916 2878 Χρι-

329 2906 447 2971 στῷ
491 2900 686 2971 φύσεων
720 2897 969 2972 πρόσεισιν
1018 2906 1109 2956 τῆς
1152 2899 1339 2956 οἰκείας
1379 2896 1563 2957 πλάνης
1605 2896 1915 2967 ποιούμενοι,

330 2992 527 3061 καὶτῷ
560 2987 643 3043 διὰ
691 2985 881 3043 τούτου
908 2992 999 3047 τήν
1044 2985 1284 3060 διαφορὰν
1331 2989 1611 3062 ἀρνεῖσθαι,
1653 2988 1917 3058 σύγχυσιν

2016 1808 2119 1861 hoc
2146 1806 2380 1876 quidem,
2404 1805 2547 1876 quod
2576 1806 2972 1876 superpositum
3002 1814 3081 1862 est
3111 1816 3166 1861 et
3193 1808 3600 1877 supereminens
3652 1846 3659 1853 -

2014 1914 2229 1953 omnem
2258 1914 2496 1961 sensum,
2529 1897 2805 1967 prmdicat,
2835 1898 3113 1954 altioribus
3161 1900 3330 1954 utitur
3364 1901 3598 1955 nomini-

2015 1990 2133 2051 bus,
2161 2002 2323 2057 super
2348 1987 2528 2042 omnia
2549 1987 2743 2053 ‘Deum,
2769 1995 2823 2041 et
2852 2002 3102 2057 magnum
3131 1987 3319 2053 Deum,
3349 1997 3405 2043 et
3431 1989 3597 2043 virtu-

2018 2085 2125 2131 tem
2156 2076 2272 2141 Dei,
2304 2084 2359 2130 et
2380 2076 2705 2145 sapientiam
2746 2074 2926 2143 (Rom.
2973 2092 3036 2141 x;
3088 2075 3191 2130 Tit.
3222 2092 3291 2140 n;
3326 2076 3354 2129 Ι
3387 2076 3508 2131 Cor.
3536 2077 3598 2146 ι),

2016 2176 2072 2223 et
2100 2167 2228 2221 talia
2261 2180 2496 2221 vocans:
2534 2181 2655 2221 cum
2688 2176 2867 2220 autem
2908 2168 3215 2235 passionum
3256 2168 3598 2237 experimen-

2021 2267 2132 2310 tum
2174 2256 2480 2313 necessario
2512 2266 2731 2324 propter
2758 2265 2995 2310 nostram
3040 2255 3404 2316 inﬁrmitatem
3447 2271 3602 2313 accc-

2019 2354 2169 2416 ptum
2190 2344 2365 2399 verbis
2385 2342 2668 2414 signiﬁcat,
2692 2360 2759 2400 ex
2787 2354 2972 2401 nostro
3015 2347 3294 2400 nominans
3320 2353 3604 2415 utrumque

2024 2437 2297 2493 hominem
2324 2437 2497 2508 ipsum
2532 2437 2788 2508 appellat,
2821 2454 2927 2493 non
2957 2438 3355 2492 communicans
3382 2453 3478 2507 per
3510 2453 3604 2492 vo-

2024 2543 2153 2587 cem
2173 2527 2239 2582 ad
2288 2536 2538 2583 emtorem
2587 2536 2831 2582 naturam
2863 2543 2983 2581 eum
3014 2528 3105 2597 qui
3136 2528 3483 2597 signiﬁcatur,
3510 2529 3604 2584 sed

2027 2628 2085 2674 ut
2109 2620 2250 2691 circa
2280 2626 2563 2687 utrumque
2590 2620 2762 2689 pietas
2790 2629 3154 2674 conservetur.
3195 2638 3219 2671 ι

2090 2711 2184 2766 His
2209 2710 2282 2765 ita
2303 2709 2683 2767 demonstratis
2702 2723 2800 2779 per
2827 2714 3135 2765 sanctorum
3163 2707 3378 2763 Patrum
3402 2709 3604 2765 doctri-

2020 2816 2165 2865 nam,
2188 2808 2401 2856 cessent
2425 2800 2517 2869 qui
2542 2814 2822 2854 numerum
2842 2808 3146 2853 naturarum
3172 2815 3291 2867 quae
3311 2800 3363 2854 in
3391 2798 3605 2855 Christo

2018 2900 2161 2955 sunt,
2192 2892 2532 2946 occasionem
2573 2891 2655 2944 sui
2683 2889 2882 2945 erroris
2914 2889 3137 2953 faciunt,
3162 2897 3219 2944 et
3243 2904 3427 2945 earum
3453 2890 3604 2945 didi--

2021 2980 2250 3036 rentiam
2284 2980 2378 3053 [ob
2406 2980 2457 3034 id
2484 2977 2840 3034 differentiam
2870 2979 3135 3046 negando,
3179 2975 3377 3049 Grcam}
3400 2980 3606 3035 numeri

334 3082 564 3152 εἰσάγειν
605 3082 1003 3156 ἐπιχειροῦντες.
1035 3086 1144 3138 Πῶς
1170 3082 1269 3154 γὰρ
1299 3079 1385 3133 οὑκ
1422 3080 1695 3150 ἀναγκαῖος
1723 3077 1748 3133 6
1778 3079 1912 3155 ἀριθ-

2021 3070 2359 3125 recusatione
2406 3069 2674 3138 negando,
2711 3068 3081 3124 confusionem
3134 3069 3476 3127 introducere
3515 3088 3604 3127 eo-

332 3174 456 3246 μὸς,
483 3167 524 3245 ᾦ
548 3173 633 3226 ἐπί
655 3173 888 3245 σημασίᾳ
906 3177 991 3230 τῆς
1022 3167 1260 3244 διαφορᾶς
1284 3175 1383 3224 τῶν
1412 3168 1681 3222 ἔνωθεισῶν
1708 3170 1778 3228 εἰς

332 3262 629 3319 ὑπόστασιν
673 3264 891 3335 φύσεων,
934 3263 1012 3315 καί
1037 3263 1126 3314 οὑκ
1155 3261 1240 3314 ἐπὶ
1274 3267 1336 3331 τῇ
1365 3261 1460 3315 ἀνὰ
1485 3261 1635 3333 μέρος
1675 3257 1923 3334 διαιρέσει

337 3356 531 3417 αὑτῶν,
567 3353 612 3406 oi
655 3352 875 3424 πατέρες
909 3352 1202 3425 ἐχρήσαντο
1222 3350 1241 3416 ;’
1279 3346 1714 3422 Ἀποδεδειγμένου
1758 3353 1924 3403 τοίνυν

336 3442 687 3516 πανταχόθεν,
717 3445 785 3504 ὡς
813 3443 991 3504 ἀσεϐές
1024 3443 1131 3497 ἐστι
1167 3442 1228 3496 τό
1267 3440 1424 3512 λέγιιν
1474 3442 1594 3511 μίαν
1622 3441 1787 3510 φύσιν,
1814 3440 1926 3498 ἤτοι

338 3536 523 3590 οὐσίαν
550 3533 785 3594 θεότητος
812 3536 898 3587 καὶ
939 3539 1032 3593 τῆς
1080 3530 1272 3606 σαρκὸς
1309 3536 1399 3586 τοῦ
1442 3536 1685 3604 Χριστοῦ,
1733 3530 1925 3583 κάκεῖνο

339 3628 579 3705 ἐροῦμεν,
607 3628 675 3685 ὡς
707 3622 819 3679 οὑδὶ
858 3625 976 3679 καθὸ
1001 3624 1118 3697 μίαν
1143 3621 1433 3682 ὑπόστασιν
1459 3620 1666 3693 λέγομεν
1694 3628 1784 3680 τῆς
1816 3619 1926 3701 θεό-

340 3737 520 3779 τητος,
547 3721 631 3771 καὶ
662 3722 755 3776 τῆς
793 3713 1175 3789 ἆνθρωπότητος
1198 3718 1286 3768 τοῦ
1328 3714 1568 3787 Χριστοῦ,
1602 3709 1735 3765 οὑτω
1773 3709 1924 3765 δυνα-

341 3807 431 3862 τὸν
481 3810 562 3861 καί
606 3808 723 3877 μίαν
751 3806 902 3879 φύσιν
942 3804 1100 3878 λέγειν
1135 3809 1386 3880 Χριστοῦ.
1422 3800 1619 3861 Ἐπειδὴ
1647 3805 1715 3871 μή
1741 3801 1925 3857 ταυτὸν

342 3898 501 3969 φύσις
528 3917 580 3952 τε
618 3898 700 3951 καί
743 3894 1059 3953 ὑπόστασις.
1082 3895 1267 3953 Πάντες
1296 3894 1396 3971 γὰρ
1444 3892 1490 3946 οἱ
1532 3890 1665 3963 ἅγιοι
1708 3890 1927 3965 πατέρες

344 3990 630 4060 συμφώνως
656 3989 788 4058 ἡμᾶς
824 3982 1170 4047 διδάσκουσιν,
1212 3980 1329 4037 ἄλλο
1363 3977 1486 4037 εἶναι
1518 3979 1667 4053 φὺσιν
1704 3979 1816 4040 ἤτοι
1841 3982 1925 4034 οὑ·

339 4082 485 4144 σὶαν,
525 4080 613 4131 καί
640 4081 853 4151 μορφήν,
881 4077 963 4128 καί
1004 4071 1121 4130 ἄλλο
1162 4072 1447 4130 ὑπόστασιν
1483 4072 1593 4131 ἦτοι
1625 4071 1925 4147 πρόσωπον⁶

340 4174 427 4225 καί
470 4176 560 4227 τήν
587 4171 678 4240 μὲν
703 4171 872 4241 φύσιν,
903 4167 1014 4225 ἦτοι
1042 4167 1216 4221 οὑσίαν
1239 4167 1324 4220 καί
1344 4168 1530 4239 μορφὴν
1555 4164 1613 4219 τὸ
1645 4165 1802 4218 κοινὸν
1832 4184 1927 4220 ση-

342 4269 559 4326 uarium,
588 4268 679 4324 τήν
706 4262 758 4318 δέ
787 4262 1077 4317 ὑπόστασιν
1099 4259 1213 4319 ἤτοι
1238 4258 1539 4334 πρόσωπον,
1581 4259 1639 4312 τὸ
1669 4255 1849 4312 ἱδικόν·
1882 4256 1927 4309 εἰ

335 4353 397 4410 δέ
424 4355 631 4427 φήσωσί
655 4373 805 4415 τινες,
841 4349 917 4407 ὅτι
945 4353 1123 4425 ὥσπερ
1165 4351 1258 4421 μία
1286 4349 1574 4409 ὑπόστασις
1600 4349 1835 4406 σύνθετος
1857 4343 1926 4399 εἶ’⁸

2023 3168 2238 3215 nantur.
2264 3158 2548 3226 Quomodo
2575 3159 2719 3213 enim
2748 3175 2852 3214 non
2873 3168 2953 3214 est
2981 3161 3308 3215 necessarius
3330 3178 3605 3230 numerus,

2020 3277 2147 3331 quo,
2172 3260 2241 3316 ad
2269 3260 2671 3330 signiﬁcandam
2695 3260 3047 3316 differentiam
3075 3270 3384 3318 naturarum
3407 3280 3524 3335 ane
3553 3266 3605 3320 in

2022 3370 2181 3409 unam
2211 3354 2608 3409 subsistentiam
2630 3355 2788 3408 unitas
2816 3362 2957 3419 sunt,
2982 3364 3036 3409 et
3056 3372 3163 3410 non
3193 3357 3259 3410 ad
3289 3358 3605 3413 divisionem

2021 3460 2121 3516 per
2173 3452 2356 3515 partes
2408 3460 2613 3509 earum,
2666 3445 2745 3500 usi
2794 3454 2917 3499 sunt
2943 3445 3162 3500 Patres?
3221 3447 3605 3501 Demonstrato

2026 3537 2189 3606 igitur
2216 3535 2469 3604 undique,
2498 3534 2641 3604 quod
2684 3534 2903 3604 impium
2932 3542 3016 3589 est
3050 3534 3232 3591 dicere
3260 3552 3421 3592 unam
3453 3546 3604 3592 natu-

2023 3642 2141 3681 ram
2196 3626 2311 3682 sive
2353 3625 2707 3680 substantiam
2748 3624 2962 3679 deitatis
2990 3632 3045 3679 et
3082 3625 3258 3680 carnis
3301 3624 3520 3691 Christi,
3553 3634 3612 3680 et»

2025 3716 2155 3771 illud
2196 3716 2443 3783 dicimus,
2482 3716 2606 3785 quia
2649 3704 2748 3771 nec
2782 3715 3080 3770 secundum
3118 3714 3261 3786 quod
3290 3728 3448 3770 unam
3476 3717 3607 3771 sub-

2024 3806 2325 3861 sistentiam
2346 3806 2574 3861 dicimus
2605 3805 2818 3862 deitatis
2839 3814 2894 3861 et
2915 3805 3262 3861 humanitatis
3287 3806 3508 3874 Christi,
3529 3807 3606 3863 sic

2025 3898 2283 3968 possibile
2303 3904 2386 3952 est
2413 3904 2469 3951 et
2496 3912 2659 3951 unam
2687 3908 2936 3951 naturam
2973 3895 3171 3951 Christi
3199 3896 3380 3953 dicere
3423 3915 3436 3950 :
3478 3912 3604 3967 quoa

2026 3987 2168 4041 niam
2213 4001 2322 4041 non
2364 3987 2509 4042 idem
2551 3996 2635 4042 est
2680 3995 2873 4042 natura
2900 3993 2955 4041 et
2999 3986 3365 4046 subsistentia.
3407 3984 3613 4042 Omnes

2026 4075 2167 4129 enim
2189 4075 2362 4131 sancti
2384 4074 2573 4132 Patres
2592 4084 2954 4132 consonanter
2974 4093 3075 4133 nos
3094 4078 3291 4133 docent
3314 4076 3459 4133 aliud
3488 4092 3605 4134 esse

2027 4174 2273 4222 naturam
2294 4168 2406 4224 sive
2435 4169 2790 4224 substantiam
2820 4177 2875 4224 et
2902 4171 3151 4235 formam,
3199 4178 3256 4226 et
3293 4170 3437 4225 aliud
3475 4171 3604 4226 sub-

2026 4264 2326 4319 sistentiam
2368 4266 2482 4321 sive
2526 4282 2841 4336 personam;
2882 4275 2940 4322 et
2982 4277 3229 4321 naturam
3257 4268 3474 4336 quidem
3519 4269 3609 4323 vei

2026 4354 2378 4409 substantiam
2418 4362 2475 4410 et
2510 4352 2760 4422 formam,
2824 4354 2933 4410 hoe
2996 4353 3142 4424 quod
3177 4364 3261 4410 est
3298 4371 3604 4422 commune,

338 4466 499 4524 ρηται
519 4447 605 4500 ἐπὶ
628 4448 872 4520 Χριστοῦ,
906 4442 1040 4498 οὕτω
1068 4441 1147 4497 δεῖ
1172 4443 1253 4495 καὶ
1284 4442 1403 4510 μίαν
1423 4440 1568 4511 φύσιν
1598 4435 1831 4493 σύνθετον
1851 4436 1917 4490 λέ-

2028 4441 2356 4510 signiﬁcare;
2383 4441 2781 4511 subsistentiam
2807 4453 2988 4499 autem
3019 4444 3134 4499 sive
3165 4460 3471 4515 personam,
3503 4447 3605 4503 hoc

338 4556 470 4607 τίεν,
494 4534 818 4603 ἀποδείξομεν
842 4536 1096 4588 καὶτοῦτο
1117 4531 1371 4603 ἀλλότριον
1393 4526 1516 4584 εἶναι
1536 4535 1625 4587 τῆς
1647 4527 1922 4586 εὐσεϐείας.

336 4632 467 4679 Μίαν
489 4628 591 4699 γὰρ
618 4627 768 4697 φύσιν
791 4625 1041 4684 θεότητος.
1074 4622 1185 4681 ἦτοι
1216 4624 1387 4677 οὐσίαν
1410 4622 1653 4694 λέγοντες.
1685 4628 1821 4695 τρεῖς
1850 4621 1926 4675 ἐπ’

343 4717 499 4776 αὑτῆς
544 4715 812 4788 δοξάζομεν
850 4716 1159 4774 ὑποστάσεις
1197 4716 1249 4768 ἓν
1280 4714 1471 4788 ἑκάστῃ
1514 4710 1800 4770 ὑποστάσει
1837 4717 1926 4779 τήν

342 4812 501 4867 αὑτήν
534 4810 700 4881 φύσιν,
738 4808 851 4866 ἤτοι
888 4808 1065 4861 οὑσίαν
1090 4808 1413 4881 γνωρίζοντες
1437 4820 1452 4835 ⁸
1480 4808 1566 4858 καί
1613 4806 1833 4864 εὐσεϐῶς
1875 4805 1926 4857 ἐκ

340 4907 447 4956 τῶν
492 4907 645 4974 τριῶν
686 4899 1018 4953 ὑποστάσεων
1040 4898 1159 4967 μίαν
1198 4896 1487 4951 ὑπόστασιν
1521 4900 1612 4953 τήν
1648 4894 1920 4966 τοῦλόγου

343 4990 479 5065 πρὸς
522 4994 615 5048 τὴν
653 4991 819 5060 σάρκα
859 4988 1201 5042 συντεθεῖσθαί
1228 5005 1402 5058 φαμεν.
1448 4983 1625 5044 Οὑδεις
1667 4983 1758 5062 γὰρ
1795 5003 1920 5039 ποτε

343 5082 619 5150 ὶτόλμπσεν
667 5080 717 5132 ἐν
871 5077 1097 5153 καθολικῇ
1146 5075 1384 5150 ἕκκλησίᾳ
1410 5078 1585 5140 εἰπεῖν,
1630 5097 1709 5130 οτι
1746 5075 1921 5152 ὥσπερ

344 5177 493 5245 τρεῖς
510 5169 858 5234 ὑποστάσεις,
888 5167 1023 5222 οὕτω
1048 5168 1134 5220 κοιέ
1151 5174 1300 5241 τρεῖς
1323 5167 1498 5235 edo-uc
1526 5167 1629 5221 εἰσί
1655 5174 1746 5224 τῆς
1772 5163 1923 5234 ἁγίας

345 5259 571 5335 τριάδος.
599 5249 731 5314 ὥστε
769 5263 850 5313 καί
890 5257 1136 5313 δύνασθαι
1172 5257 1326 5329 λέγειν
1372 5258 1490 5328 μίαν
1535 5255 1686 5327 φύσιν
1730 5256 1784 5309 ἔκ
1824 5262 1922 5309 τῶν

344 5361 498 5430 τριῶν
524 5353 726 5424 φὺσεων
767 5352 1112 5407 συντεθεῖσθαι
1139 5352 1270 5426 πρές
1295 5351 1462 5423 σάρκα
1486 5365 1501 5379 ⁸
1529 5357 1663 5427 τρεῖς
1699 5349 1796 5425 γὰρ
1824 5348 1920 5421 φῦ·

344 5456 457 5504 σεις
483 5446 570 5498 ἐπὶ
600 5451 692 5503 τῆς
720 5441 872 5516 ἅγίας
913 5440 1119 5510 τριάδος
1159 5438 1309 5514 μόνος
1334 5438 1529 5517 ’Δρειος
1557 5441 1813 5514 τολμήσας
1854 5440 1923 5492 εί·-

343 5544 464 5592 πεῖν
490 5538 559 5595 ὦς
586 5536 883 5606 βλάσφημος
907 5537 1184 5609 κατεκρίθη.
1217 5536 1307 5589 Διᾶ
1328 5540 1477 5589 τοῦτο
1504 5535 1662 5588 τοίνυν
1689 5533 1816 5586 κατὰ
1840 5534 1925 5586 τῖν

345 5629 494 5705 ὀρθόν
518 5625 662 5695 λόγον
682 5623 775 5679 δύο
800 5626 996 5694 φύσεων
1020 5624 1198 5679 ἶνωσιν
1216 5625 1438 5698 λέγομεν,
1462 5626 1543 5677 καί
1562 5626 1677 5694 μίαν
1703 5622 1924 5678 ὑπόστα-

346 5740 454 5775 σιν.
479 5714 684 5774 ἘπευἚή
710 5713 736 5768 ό
762 5720 852 5770 τοῦ
877 5720 1006 5770 Θεοῦ
1034 5713 1143 5774 υἱός
1171 5717 1297 5770 κατὰ
1324 5720 1412 5773 τήν
1440 5714 1725 5771 ὑπόστασιν
1752 5714 1922 5787 ἕτερος

2027 4532 2173 4601 quod
2203 4539 2284 4586 est
2323 4532 2576 4601 speciale.
2621 4532 2712 4586 Sin
2743 4550 2874 4588 vero
2913 4534 3146 4589 dixerint
3185 4534 3424 4604 quidam,
3463 4538 3612 4607 quod

2028 4623 2168 4678 sicut
2188 4637 2290 4682 una
2318 4623 2657 4678 subsistentia
2693 4626 2988 4695 composita
3021 4626 3220 4684 dicitur
3260 4627 3478 4698 Christi,
3529 4633 3605 4687 sic

2029 4722 2244 4784 Oportet
2265 4725 2320 4770 et
2339 4730 2500 4770 unam
2524 4725 2766 4771 naturam
2796 4719 3149 4789 compositam
3184 4720 3362 4777 dicere
3387 4740 3399 4774 :
3424 4730 3603 4777 osten-

2028 4805 2219 4862 demus
2246 4815 2302 4861 et
2328 4808 2431 4863 hoc
2456 4807 2686 4863 alienum
2722 4825 2841 4864 esse
2863 4825 2892 4864 a
2915 4812 3132 4880 pietate.
3162 4810 3328 4866 Unam
3350 4813 3492 4866 enim
3514 4828 3602 4866 nas

2026 4905 2200 4951 turam
2222 4898 2337 4953 sive
2362 4898 2715 4953 substantiam
2752 4899 2971 4956 deitatis
2998 4899 3261 4966 dicentes,
3291 4910 3400 4956 tres
3440 4902 3603 4970 ipsius

2022 4985 2343 5043 conﬁtemur
2396 4987 2793 5062 [gloriﬁcamus,
2842 4989 3043 5063 Cresa]
3090 4991 3480 5056 subsistentias,
3549 4992 3602 5046 in

2024 5090 2344 5147 unaquaque
2383 5077 2723 5133 subsistentia
2752 5080 2995 5134 eamdem
3045 5088 3286 5133 naturam
3326 5080 3440 5134 sive
3477 5081 3599 5136 sub-

2020 5165 2275 5219 stantiam
2305 5176 2708 5232 cognoscentes.
2736 5166 2803 5221 Et
2829 5175 2974 5222 recte
3002 5182 3069 5221 ex
3100 5167 3268 5222 tribus
3300 5168 3592 5225 subsistew

2024 5252 2113 5307 tiis
2131 5268 2292 5307 unam
2321 5253 2715 5309 subsistentiam
2732 5253 2892 5309 Verbi
2921 5252 2988 5309 ad
3010 5269 3225 5309 carnem
3246 5257 3605 5326 compositam

2026 5360 2147 5401 esse
2173 5345 2417 5400 dicimus.
2448 5343 2616 5399 Nemo
2658 5345 2800 5399 enim
2847 5360 3082 5411 unquam
3118 5359 3280 5400 ausus
3306 5354 3395 5401 est
3423 5348 3475 5403 in
3505 5365 3570 5403 ea

2024 5435 2219 5490 tholica
2241 5434 2480 5492 Ecclesia
2518 5436 2716 5501 dicere,
2758 5436 2903 5505 quod
2921 5436 3059 5491 sient
3085 5444 3195 5493 tres
3220 5439 3605 5506 subsistentim,

2020 5529 2100 5583 sic
2127 5536 2181 5581 et
2210 5535 2320 5582 tres
2359 5537 2563 5581 natura:
2603 5535 2726 5582 sunt
2763 5538 2960 5583 sancta:
2989 5527 3299 5585 Trinitatis:
3332 5540 3389 5585 ut
3429 5534 3607 5602 possis.

2023 5619 2129 5675 bile
2157 5620 2226 5675 sit
2251 5618 2454 5685 dicere,
2482 5634 2642 5673 unam
2666 5628 2911 5674 naturam
2941 5621 3199 5677 extribus
3219 5623 3425 5678 naturis
3449 5638 3597 5678 com-

2023 5711 2250 5783 positam
2279 5726 2396 5769 esse
2417 5711 2481 5768 ad
2508 5726 2745 5768 carnem.
2771 5711 3073 5773 Trcscnim.
3093 5723 3311 5770 annuas
3338 5713 3391 5769 in
3413 5722 3607 5771 saneta.
