4032 6190
280 240 399 297 215

1292 232 1663 292 JLSTINIANI
1699 233 2077 290 CONFESSH)
2108 229 2362 289 ΙὶΕΕΤίΕ
2398 228 2600 287 FlDEI.

2944 182 2983 219 ⁸
3450 222 3557 278 εισ

278 357 657 431 cuman»,
712 359 794 414 καί
844 357 1123 428 τεμνόντων
1169 356 1227 409 τό
1274 363 1363 415 τῆς
1411 355 1545 413 θείας
1593 352 1878 422 οἰκονομίας

1991 346 2226 401 dividunt
2260 345 2461 400 divmae
2509 340 2922 414 dispensationis
2968 337 3313 412 mySterium,
3362 340 3558 392 merito

277 454 592 526 μυστήριον,
625 446 831 533 εἰκότως
858 449 1169 527 ἐγράψαμεν,
1204 450 1282 501 καί
1305 447 1359 500 ού
1389 453 1462 513 τῷ
1496 445 1780 513 σαφηνίζειν
1812 444 1877 495 τά

277 539 346 605 ἐξ
373 536 443 594 ὧν
464 541 591 604 ἐστι,
621 541 706 593 καί
734 528 784 593 έν
810 534 881 598 οἷς
903 542 1200 614 γνωριζεται
1224 535 1249 590 ό
1279 535 1515 611 Χριστὸς,
1544 534 1810 604 σύγχυσιν
1847 528 1877 588 ἦ

282 629 537 705 διαίρεσιν
560 638 624 705 τῇ
646 632 756 706 θείᾳ
784 633 1040 705 οἰκονομίᾳ
1069 630 1353 701 εἰσάγομεν.
1385 626 1577 697 Ἀμέλει
1596 624 1879 693 δοξολογίαν

286 723 386 774 καί
412 721 497 777 τόν
521 728 612 781 τῆς
635 721 857 781 ένὼσεως
886 719 965 792 λόιγ
978 742 1030 775 ον
1052 722 1408 794 προφέροντες,
1442 719 1530 772 ἕνα
1546 715 1773 790 Χριστόν
1797 716 1882 768 καί

285 814 402 867 υἱόν
445 816 531 868 καὶ
570 814 742 887 κύριον
788 815 875 868 τόν
903 820 996 869 τοῦ
1028 820 1150 868 Θεοῦ
1180 812 1323 883 λόγον
1355 810 1760 883 σεσαρκωμένον,
1800 809 1884 861 καί

289 905 753 978 ἐνανορωπήσαντα
775 904 1107 979 ὁμολογοῦμέν
1143 924 1197 961 τε
1216 948 1227 961 .
1262 908 1345 957 καὶ
1384 908 1763 978 προσκυνοῦμεν
1789 902 1885 954 σύν

291 1005 370 1066 τῷ
402 1000 563 1068 πατρί
585 1000 671 1051 καί
694 1006 765 1067 τῷ
791 997 917 1069 ἁγίῳ
944 1000 1213 1067 πνεύματι.
1254 997 1453 1052 Τούτων
1478 995 1640 1055 οὕτως
1670 996 1767 1051 ύπό
1795 999 1885 1055 τῆς

291 1096 386 1144 τοῦ
418 1095 545 1144 Θεοῦ
571 1089 825 1150 καθολικῆς
852 1090 1115 1150 ἐκκλησίας
1144 1089 1550 1163 ὁμολογουμένων
1568 1131 1586 1157 ,
1628 1092 1885 1161 γινώσκειν

291 1181 583 1254 βουλόμεθα
607 1181 803 1241 πάντας
829 1183 948 1241 τοὺς
967 1182 1324 1256 Χριστιανούς,
1359 1178 1441 1235 ὅτι
1460 1181 1630 1257 ὥσπερ
1658 1179 1744 1234 ἕνα
1766 1179 1885 1232 Θεὸν

293 1273 383 1324 καί
407 1267 581 1343 κύριον
621 1266 832 1341 ἔχομεν,
863 1270 996 1323 οὕτω
1036 1272 1118 1324 καὶ
1143 1274 1261 1340 μίαν
1288 1272 1479 1324 πίστιν.
1517 1266 1595 1329 Εἷς
1622 1271 1721 1343 γάρ
1749 1271 1886 1324 ἐστιν

294 1357 417 1435 ὄρος
448 1364 703 1425 πίστεως,
732 1359 793 1414 τό
821 1358 1080 1431 ὁμολογεῖν
1118 1365 1201 1415 καὶ
1230 1361 1382 1434 ὀρθῶς
1406 1358 1627 1423 δοξάζειν
1664 1360 1885 1432 πατέρα,

294 1456 384 1507 καί
409 1453 628 1529 Χριστόν
654 1452 740 1507 τόν
758 1452 862 1505 υἱόν
884 1457 975 1506 τοῦ
996 1456 1146 1512 Θεοῦ,
1173 1454 1260 1505 καὶ
1281 1450 1424 1525 ἅγιον
1449 1457 1668 1524 πνεῦμα.
1686 1452 1888 1509 Ταύτην

291 1548 386 1602 τὴν
410 1542 676 1615 ὁμολογίαν
702 1541 1037 1615 φυλάττομεν,
1070 1544 1141 1601 εδς
1167 1542 1224 1601 ἢν
1252 1544 1339 1596 καὶ
1366 1541 1756 1610 ἐϐαπτίσθημεν,
1785 1538 1886 1594 δω-

292 1636 532 1709 ρηθεῑσαν
558 1635 650 1706 μὶν
679 1635 824 1708 παρὰ
858 1639 948 1688 τοῦ
975 1633 1195 1706 μεγάλου
1223 1638 1349 1687 Θεοῦ
1380 1633 1463 1686 καί
1495 1640 1725 1706 σωτῆρος
1753 1632 1890 1703 ἡμῶν

1979 438 2304 509 scripsimus,
2333 445 2389 492 et
2416 452 2524 491 non
2552 450 2618 490 eo
2647 433 2790 505 quod
2814 432 3154 511 declaramus
3188 445 3251 487 ea
3280 445 3348 485 ex
3371 429 3564 499 quibus

1980 538 2082 595 est,
2113 536 2168 585 et
2196 528 2249 582 in
2281 528 2474 599 quibus
2504 526 2848 595 cognoscitur
2880 522 3147 589 Christus,
3187 521 3560 579 confusionem

1979 620 2065 675 vel
2093 619 2409 674 divisionem
2437 616 2632 671 divina:
2671 611 3065 685 dispensationi
3094 611 3337 668 facimus.
3371 610 3564 679 itaque

1980 709 2429 779 gloriticationem
2477 716 2532 763 et
2580 706 2839 763 unitiouis
2884 706 3153 761 rationem
3199 700 3561 774 proferentes.

1981 816 2143 856 unum
2166 798 2435 855 Christum
2464 807 2519 854 et
2546 796 2735 853 Filium
2767 804 2824 853 et
2848 795 3158 861 Dominum,
3200 794 3436 849 Verbum
3464 792 3563 845 Det
3596 836 3600 839 .

1983 890 2315 944 incarnatum
2347 897 2402 945 et
2438 888 2712 944 hominem
2743 886 2941 942 factum
2970 886 3292 942 ccutitemur
3339 890 3397 937 et
3432 880 3599 936 ado-w

1982 999 2163 1039 ramus
2196 998 2318 1038 cum
2346 980 2507 1037 Patre
2545 989 2603 1036 et
2648 979 2853 1051 Spiritu
2897 986 3105 1034 sancto.
3148 974 3277 1031 limo
3321 973 3397 1029 ita
3443 987 3603 1028 cum».

1985 1072 2271 1129 universali
2301 1071 2394 1126 Dei
2424 1069 2659 1126 Ecclesia
2701 1066 3020 1125 conﬁtentes
3060 1070 3102 1133 ί,
3150 1066 3291 1121 scire
3320 1063 3585 1119 voluimus~

1985 1180 2175 1221 omnes
2202 1163 2556 1230 Christianos,
2587 1163 2732 1231 quod
2761 1163 2900 1216 sicut
2929 1176 3089 1215 unum
3116 1160 3284 1215 Deum
3306 1165 3362 1212 et
3390 1156 3570 1211 Domi-

1989 1271 2115 1309 num
2143 1254 2417 1317 habemus,
2463 1253 2535 1306 ita
2576 1261 2630 1306 et
2661 1268 2820 1306 unam
2855 1251 3032 1306 ﬁdem.
3068 1249 3185 1305 Una
3215 1249 3359 1305 cnim
3383 1244 3574 1303 deﬁni-

1991 1349 2067 1402 tio
2095 1346 2215 1401 ﬁdei
2244 1355 2344 1411 est,
2378 1345 2623 1401 conﬁteri
2651 1354 2707 1400 et
2735 1354 2882 1400 recte
2912 1344 3215 1412 gloriﬁcare
3238 1341 3476 1407 Patrem,
3518 1349 3576 1395 et

1991 1437 2260 1494 Christum
2301 1436 2493 1491 Filium
2523 1436 2639 1499 Dei,
2692 1443 2746 1490 et
2776 1435 3038 1506 Spiritum
3088 1442 3353 1490 sanctum.
3410 1431 3574 1487 Istam

1991 1527 2383 1585 confessionem
2428 1542 2835 1594 conservamus,
2886 1526 2939 1580 in
2970 1541 3076 1596 qua
3124 1533 3179 1579 et
3207 1524 3464 1594 baptizati
3492 1538 3578 1577 su-

1992 1619 2394 1689 mus,donatam
2424 1619 2638 1689 quidem
2662 1636 2692 1674 a
2723 1634 2918 1687 magno
2938 1618 3053 1673 Deo
3083 1626 3139 1673 et
3165 1616 3445 1673 Salvatore
3473 1631 3576 1672 nc-

291 1721 466 1782 ἰησοῦ
490 1730 715 1801 Χριστοῦ
742 1731 854 1785 τοῖς
883 1724 1042 1798 ἁγίοις
1070 1725 1225 1780 αὐτοῦ
1258 1726 1511 1794 μαθηταῖς
1548 1725 1634 1777 καί
1659 1721 1884 1778 ἀποστό-

1995 1718 2107 1766 stro
2146 1709 2274 1767 Jesu
2302 1710 2516 1767 Christo
2545 1710 2747 1767 sanctis
2775 1711 2886 1766 suis
2913 1710 3191 1781 discipulis
3216 1718 3271 1765 et
3296 1707 3576 1779 apostoiis,

292 1816 421 1880 λοις,
451 1817 576 1892 παρ’
599 1818 765 1872 αὐτῶν
786 1815 839 1870 δέ
864 1818 1212 1890 κηρυχθεῖσαν
1240 1815 1288 1868 ἐν
1304 1813 1403 1883 ὅλῳ
1428 1821 1503 1887 τῷ
1527 1814 1726 1885 κόσμῳ.
1752 1815 1811 1867 Oi
1834 1811 1889 1870 δὲ

293 1909 585 1986 τριακόσιοι
620 1906 743 1963 δέκα
774 1910 860 1962 καί
895 1909 1023 1963 όκτώ
1050 1908 1269 1982 πατέρες
1304 1904 1434 1978 ἅγιοι
1468 1905 1513 1959 οί
1543 1905 1888 1975 συνκχθέντες

292 2000 346 2052 ἐν
374 2001 553 2073 Nimia;
578 2000 708 2055 κατὰ
730 2001 944 2070 ’Δρείου,
977 2001 1059 2052 καὶ
1079 2003 1257 2052 τοῦτον
1284 1997 1415 2067 μετά
1443 2004 1533 2057 τῆς
1572 1996 1727 2051 αὐτοῦ
1764 1996 1888 2049 άσε-

294 2090 438 2152 θείας
467 2089 922 2155 καταδικάσαντας,
955 2095 1042 2148 τήν
1067 2090 1226 2147 αὐτην
1255 2086 1517 2160 ὁμολογίαν
1535 2128 1549 2147 ,
1580 2087 1609 2147 ἦ
1638 2086 1890 2158 σύμϐολον

291 2187 375 2237 αεὶ
405 2180 570 2254 [ἅγιον
613 2178 696 2251 L.]
734 2183 945 2252 μάθημα
982 2189 1073 2241 τῆς
1116 2183 1337 2238 πίστεως
1382 2176 1778 2252 παραδεδώκασι
1824 2186 1887 2253 τῇ

291 2269 417 2344 ἁγίᾳ
440 2276 534 2323 τοῦ
564 2276 689 2324 Θεοῦ
720 2260 1003 2342 ἐκκλησίᾳ⁶’
1019 2271 1105 2322 καὶ
1126 2269 1237 2339 μετ’
1261 2268 1472 2327 ἐκείνους
1495 2268 1539 2321 οἱ
1571 2268 1744 2322 ἑκατόν
1764 2288 1887 2322 πεν-

292 2365 517 2421 τήκοντα
545 2361 677 2433 ἅγιοι
706 2362 925 2431 πατέρες
963 2359 1008 2413 οἱ
1035 2360 1379 2429 συναχθέντες
1409 2360 1457 2411 ἐν
1490 2373 1892 2413 Κωνσταντινου-

291 2455 435 2509 πόλει
464 2456 599 2509 κατά
627 2452 933 2509 Μακεδονίου
958 2459 1051 2507 τοῦ
1078 2454 1517 2524 πνευματομάχου
1538 2496 1551 2518 ,
1582 2455 1665 2505 καί
1685 2452 1886 2523 Μάγνου

291 2551 384 2598 τοῦ
408 2541 855 2618 Ἀπολιναριστοῦ,
904 2548 989 2597 καὶ
1031 2543 1245 2601 τούτους
1283 2540 1712 2601 καταδικάσαντες
1760 2544 1889 2612 μετὰ

295 2642 388 2695 τῆς
426 2636 599 2690 αὐτῶν
642 2634 910 2696 ἀσεϐείας,
949 2633 1330 2692 άκολουθοῦντές
1362 2652 1416 2686 τε
1445 2633 1572 2687 κατά
1608 2633 1773 2686 πάντα
1815 2639 1886 2702 τῷ

294 2728 437 2798 αὐτῷ
468 2725 625 2798 ἁγίων
650 2724 891 2797 συμϐόλῳ
916 2731 989 2797 τῷ
1012 2724 1155 2800 παρὰ
1182 2730 1279 2778 τῶν
1304 2728 1605 2799 τριακοσίων
1634 2721 1886 2778 δεκαοκτώ

294 2813 453 2887 ἁγίων
474 2817 708 2891 πατέρων
730 2813 1062 2888 παραδοῦέντι
1079 2858 1093 2881 ,
1118 2815 1400 2892 ἐτράνωσαν
1423 2816 1487 2868 τά
1516 2816 1633 2888 περὶ
1660 2822 1749 2873 τῆς
1779 2814 1889 2869 θεό-

293 2924 447 2965 τητος
487 2910 583 2959 τοῦ
631 2904 775 2976 ἁγίου
822 2906 1126 2974 πνεύματος.
1154 2900 1266 2956 "En
1303 2900 1357 2958 δὲ
1404 2905 1489 2959 καὶ
1535 2904 1578 2955 οἶ
1617 2902 1666 2955 ἐν
1699 2904 1886 2975 Ἐφέσῳ

294 2998 642 3068 συναχθέντες
670 3000 727 3053 τὸ
764 2998 1006 3072 πρότερον
1037 2994 1172 3067 ἅγιοι
1206 2997 1419 3070 πατέρες
1458 2999 1590 3051 uari
1617 2999 1886 3071 Mat-opim)

1996 1801 2064 1857 ab
2092 1801 2170 1857 eis
2200 1810 2379 1857 autem
2418 1802 2766 1873 praedicatam
2810 1800 2864 1855 in
2912 1808 3026 1855 toto
3058 1797 3279 1855 mundo.
3323 1797 3581 1853 Trecenti

1995 1902 2174 1949 autem
2205 1894 2391 1950 decem
2423 1903 2479 1950 et
2500 1903 2625 1950 octo
2651 1895 2822 1949 sancti
2853 1892 3047 1949 Patres
3076 1893 3289 1948 collecti
3319 1893 3371 1947 in
3402 1892 3585 1948 Nicaea

1995 1985 2248 2041 adversus
2275 1985 2482 2052 Arium,
2515 1985 2606 2040 illo
2630 2000 2749 2041 cum
2781 2000 2875 2041 sua
2899 1985 3173 2055 impietate
3197 1984 3578 2050 condemnato,

1995 2074 2241 2129 eamdem
2270 2073 2685 2140 confessionem,
2732 2074 2784 2130 id
2808 2083 2909 2141 est,
2954 2084 3195 2130 sanctum
3229 2075 3497 2130 mathema
3527 2084 3578 2130 et

1993 2165 2297 2236 symbolum
2326 2164 2455 2219 ﬁdei
2485 2164 2820 2219 tradiderunt
2847 2171 3047 2220 sancta:
3085 2165 3179 2220 Dei
3211 2164 3495 2232 Ecclesiae;
3528 2174 3577 2221 et

1993 2265 2116 2329 post
2164 2256 2306 2324 illos,
2353 2256 2979 2327 centuquuiuquaginta
3021 2257 3192 2311 sancti
3223 2255 3410 2311 Patres
3440 2254 3578 2312 Con-

1993 2346 2344 2417 stantinOpoli
2388 2347 2603 2402 collecti
2651 2346 2910 2403 adversus
2952 2345 3326 2401 Maccdonium
3387 2356 3579 2404 sancto

1994 2436 2217 2506 Spiritui
2262 2444 2672 2506 repugnantem,
2716 2446 2773 2492 et
2820 2432 3069 2505 Magnum
3117 2437 3580 2507 Apollinaristam,

1994 2523 2099 2578 illis
2127 2523 2497 2579 condemnatis
2526 2539 2646 2579 cum
2669 2540 2763 2579 sua
2794 2525 3041 2596 perﬁdia,
3073 2527 3243 2581 secuti
3270 2541 3368 2596 per
3396 2527 3581 2583 omnia

1994 2623 2136 2678 idem
2164 2632 2409 2678 sanctum
2437 2624 2740 2695 symbolum
2770 2625 3026 2679 traditum
3053 2640 3085 2679 a
3107 2625 3363 2682 trecentis
3391 2629 3583 2682 decem
3668 2693 3682 2709 ι

1994 2729 2050 2775 et
2071 2729 2195 2775 octo
2224 2721 2424 2777 sanctis
2452 2718 2724 2791 Patribus,
2759 2722 3183 2793 explanaverunt
3209 2739 3328 2794 quso
3356 2733 3484 2781 sunt
3511 2725 3580 2781 de

1996 2812 2195 2869 deitate
2236 2816 2404 2870 sancti
2453 2815 2685 2886 Spiritus
2733 2814 2871 2889 (Act.
2914 2814 2990 2887 5).
3031 2815 3256 2888 insuper
3295 2827 3475 2873 autem
3523 2827 3582 2873 et

1995 2915 2085 2985 qui
2117 2916 2170 2969 in
2197 2913 2411 2985 Epheso
2453 2915 2602 2984 prius
2644 2915 2859 2971 collecti
2907 2925 3032 2971 sunt
3056 2917 3229 2972 sancti
3258 2914 3448 2973 Patres
3476 2917 3577 2972 ad-

1994 3024 2183 3063 versus
2237 3006 2545 3063 Nestorium
2590 3008 2848 3078 impium,
2896 3016 2953 3062 et
2991 3008 3082 3078 qui
3132 3008 3186 3063 in
3230 3006 3580 3067 Chalcedone

295 3096 384 3144 τοῦ
409 3089 733 3156 δυσσεϐοῦς,
774 3093 860 3144 καί
886 3091 932 3144 οἱ
961 3089 1010 3143 ἐν
1038 3085 1316 3146 Χαλκηδόνι
1351 3086 1487 3158 ἅγιοι
1514 3091 1730 3163 πατέρες
1755 3091 1884 3143 κατὰ

1991 3106 2359 3154 convenerunt
2403 3098 2575 3155 sancti
2624 3097 2811 3154 Patres
2839 3099 3096 3154 adversus
3129 3098 3423 3172 Eutychem
3464 3101 3571 3156 im-

291 3182 573 3251 Εύτυχοῦς
601 3185 691 3234 τοῦ
721 3178 1040 3244 δυσσεϐοῦς,
1082 3179 1512 3240 ἀκολουθήσαντες
1556 3182 1683 3234 κατά
1719 3182 1884 3236 πάντα

291 3280 367 3345 τῷ
391 3272 639 3343 εἰρημένῳ
668 3270 795 3345 ἁγίῳ
826 3271 1089 3342 συμϐόλῳ,
1114 3270 1227 3328 ἦτοι
1245 3271 1500 3341 μαθήματι
1520 3274 1881 3335 τῆςπίστεως,

288 3363 640 3420 κατεδίκασαν
678 3365 797 3424 τούς
847 3362 1241 3434 προειρημένους
1292 3361 1571 3438 αἶρετικούς
1614 3364 1748 3431 μετὰ
1791 3370 1884 3423 τῆς·

292 3457 466 3512 αὐτῶν
493 3454 761 3522 ἀσεϐείας,
790 3457 873 3507 καί
910 3461 1011 3509 τῶν
1036 3451 1190 3524 ὅμοια
1230 3453 1397 3512 αὐτοῖς
1440 3452 1789 3527 φρονησάντων
1811 3493 1825 3516 ,
1851 3452 1882 3511 ἦ

293 3550 382 3603 καί
423 3547 759 3620 φρονούντων.
803 3548 902 3599 Καί
941 3546 1073 3618 πρὸς
1112 3544 1312 3603 τούτοις
1356 3544 1722 3614 ἀνεθεμάτισαν
1765 3545 1886 3604 τούς

294 3639 467 3712 ἕτερον
488 3635 609 3713 ὅρον
632 3638 852 3696 πίστεως
876 3636 984 3695 ἤτοι
1012 3634 1264 3706 σύμϐολον
1308 3639 1386 3689 καὶ
1426 3633 1632 3706 μάθημα
1661 3632 1886 3710 παραδι-

296 3727 480 3789 δόντας
504 3735 610 3789 τοῖς
631 3733 902 3804 προσιοῦσι
925 3733 998 3799 τῷ
1021 3726 1146 3798 ἁγίῳ
1168 3726 1516 3796 βαπτίσματι,
1538 3724 1569 3784 ἦ
1590 3727 1647 3789 ἐξ
1680 3721 1889 3780 οἱασδή-

294 3839 421 3875 ποτε
450 3819 694 3893 αἱρέσεως
724 3817 1081 3891 ἑπιστρέξουσι
1113 3816 1256 3888 παρά
1278 3816 1364 3868 τόν
1400 3811 1775 3890 παραδοθέντα,
1816 3817 1884 3876 ὡς

297 3911 531 3983 ε’ρηται,
569 3910 670 3963 ύπὸ
696 3915 796 3964 τῶν
834 3910 1138 3980 τριακοσίων
1167 3905 1287 3961 δέκα
1315 3908 1401 3959 καί
1442 3906 1574 3961 ὀκτὼ
1601 3905 1756 3978 ἁγίων
1782 3927 1889 3961 παο

297 4004 479 4076 τέρων,
503 4003 590 4055 καί
609 4000 923 4075 τρανωθίντα
948 3999 1049 4052 ὑπὸ
1071 4005 1171 4052 τῶν
1201 3996 1373 4052 ἑκατόν
1402 4003 1705 4056 πεντήκοντα
1732 3998 1885 4071 ἁγίων

293 4094 553 4167 πατέρων.
583 4094 786 4147 Τούτων
824 4091 987 4152 οὕτως
1022 4089 1252 4162 ἐχόντων
1288 4089 1582 4163 συνείδομεν
1617 4095 1700 4147 καὶ
1746 4094 1890 4163 κεφά-

293 4186 415 4241 λαια
449 4187 702 4249 ὑποτάξαι
732 4190 826 4245 τήν
863 4206 917 4240 τε
962 4191 1056 4244 τῆς
1083 4187 1307 4244 πίστεως
1344 4186 1490 4258 ὀρθήν
1533 4183 1800 4256 ὁμολογίαν
1839 4186 1889 4238 ἐν

295 4280 565 4351 συντόμῳ,
589 4283 681 4337 τήν
697 4298 752 4333 τε
782 4285 882 4333 τῶν
901 4280 1169 4354 αἱρετικῶν
1194 4279 1490 4351 κατάκρισιν
1518 4278 1850 4349 περιέχοντα.

364 4367 432 4424 εἴ
468 4391 552 4431 τις
598 4370 704 4440 οὐχ
747 4367 985 4442 ὁμολογεῖ
1017 4369 1253 4442 πατέρα,
1303 4368 1389 4420 καί
1432 4367 1567 4431 υἱὸν,
1613 4368 1697 4419 καί
1743 4364 1881 4437 ἅγιον

1989 3193 2159 3262 pium,
2185 3193 2355 3248 secuti
2383 3207 2481 3264 per
2514 3192 2693 3249 omnia
2721 3194 3034 3263 praedictum
3079 3204 3324 3251 sanctum
3354 3197 3574 3268 symbo-

1989 3283 2097 3338 lum
2125 3273 2239 3339 sive
2265 3286 2537 3341 mathema
2571 3284 2715 3349 ﬁdei,
2762 3285 3259 3342 condemnavcrunt
3283 3288 3570 3357 praedictos

1987 3372 2275 3429 haereticos
2301 3389 2407 3427 una
2431 3389 2552 3429 cum
2582 3388 2771 3429 eorum
2812 3375 3111 3445 impietate,
3162 3385 3217 3432 et
3244 3377 3347 3433 hos
3377 3378 3469 3448 qui
3492 3378 3570 3433 si-

1986 3462 2133 3517 milia
2156 3463 2262 3517 illis
2289 3474 2603 3534 sapuerunt,
2630 3463 2718 3518 vel
2746 3464 2982 3533 sapiunt.
3030 3464 3097 3519 Et
3124 3482 3287 3536 super
3307 3467 3423 3523 haec
3442 3482 3576 3522 ana-

1986 3552 2473 3607 thematizaverunt
2520 3567 2616 3608 eos
2663 3551 2756 3621 qui
2805 3551 2965 3607 aliam
3006 3553 3376 3611 deﬁnitionem
3425 3556 3571 3623 iidci,

1985 3644 2100 3700 sive
2130 3643 2452 3716 symbolum,
2484 3642 2597 3699 sive
2626 3641 2899 3697 mathema
2939 3643 3159 3698 tradunt
3188 3645 3570 3701 accedentibus

1991 3736 2060 3790 ad
2086 3741 2327 3790 sanctum
2356 3733 2640 3803 baptisma,
2673 3733 2757 3788 vel
2792 3749 2861 3788 ex
2888 3749 3209 3805 quacunque
3238 3736 3428 3790 haeresi
3447 3751 3573 3791 con-

1991 3826 2179 3888 versis,
2211 3832 2408 3896 ιιι-αξιοι·
2436 3824 2695 3879 traditum
2726 3825 2889 3896 (sicut
2917 3825 3118 3879 dictum
3145 3826 3250 3895 est)
3298 3840 3326 3880 a
3359 3836 3570 3884 trecen-

1988 3916 2057 3971 tis
2084 3915 2271 3971 decem
2299 3922 2354 3970 ct
2385 3922 2510 3970 octo
2537 3916 2740 3971 sanctis
2768 3912 3038 3980 Patrihus,
3069 3924 3124 3970 et
3160 3917 3508 3987 explanatum
3538 3933 3573 3973 a

1987 4014 2201 4062 centum
2227 4004 2613 4076 quinquaginta
2641 4005 2842 4062 sanctis
2866 4003 3129 4061 Pati-ibus.
3162 4004 3255 4061 His
3286 4008 3360 4062 ita
3388 4022 3449 4063 se
3475 4008 3573 4063 ha-

1984 4097 2257 4163 bentibus,
2293 4097 2665 4167 perspeximus
2691 4104 2746 4152 et
2772 4096 3006 4167 capitula
3024 4112 3346 4167 supponere,
3379 4098 3577 4167 quibus

1981 4197 2093 4245 tam
2103 4197 2267 4245 rectae
2290 4188 2409 4244 ﬁdei
2435 4189 2819 4260 compendiosa
2835 4187 3130 4255 confessio,
3154 4204 3315 4259 quam
3347 4190 3568 4246 haereti-

1985 4290 2170 4338 corum
2197 4282 2573 4337 condemnatio
2604 4281 2932 4337 continetur.

2058 4369 2099 4425 Ι.
2141 4370 2198 4427 Si
2243 4370 2366 4439 quis
2419 4386 2527 4426 non
2566 4367 2856 4426 conﬁtetur
2898 4370 3135 4437 Patrem,
3182 4380 3240 4427 et
3267 4372 3486 4439 Filium,
3511 4381 3568 4431 et

292 4468 531 4533 πνεῦμα,
574 4458 759 4534 τριιιδα
786 4458 1082 4530 όμοούσιον,
1124 4460 1246 4530 μίαν
1270 4456 1513 4516 θεότητα,
1553 4456 1707 4528 ἤγουν
1733 4460 1883 4529 φύσιν

1991 4461 2241 4532 Spiritum
2267 4469 2537 4524 sanctum,
2588 4469 2644 4515 et
2670 4460 2988 4516 Trinitatem
3032 4461 3571 4528 consubstantialem,

295 4556 378 4607 ui
405 4553 585 4606 οὐσίαν
602 4591 617 4614 ,
643 4554 760 4624 μίαν
792 4572 849 4607 τε
875 4550 1089 4626 δύναμιν
1123 4555 1206 4607 καὶ
1232 4554 1462 4616 ἐξουσίαν
1491 4552 1539 4606 ἐν
1565 4553 1731 4626 τρισὶν
1760 4553 1887 4607 ὐπο-

296 4650 570 4712 στάσεσιν.
597 4648 748 4721 ἤγουν
781 4650 1079 4720 προσώποις
1105 4649 1573 4721 προσκυνουμένην,
1607 4645 1632 4700 ό
1659 4653 1887 4708 τοιοῦτος

296 4740 523 4802 ἀνάθεμα
552 4737 712 4794 ἵστω.

362 4828 430 4884 Εἴ
444 4850 526 4890 τις
567 4831 669 4899 οὐχ
707 4826 940 4903 ὁμολογεῖ
966 4830 1053 4883 τὸν
1080 4827 1182 4903 πρὸ
1212 4830 1434 4890 αἰώνων,
1463 4830 1549 4882 καί
1571 4822 1807 4903 ἀχρόνως
1826 4827 1881 4880 ἐκ

297 4929 385 4977 τοῦ
410 4925 609 4997 πατρὸς
631 4924 921 4995 γεννηθέντα
949 4922 1069 4977 Θεὸν
1091 4921 1239 4994 λόγον
1264 4922 1340 4974 ἐπ’
1365 4921 1607 4991 ἐσχάτων
1633 4927 1733 4975 τῶν
1760 4921 1880 4989 ἡμιε-

299 5022 397 5088 ρῶν
434 5014 759 5087 [κατελθόντα
786 5015 840 5067 ἑκ
867 5022 967 5069 τῶν
993 5002 1213 5090 οὐρανῶν
1241 5016 1321 5066 καὶ
1349 5009 1436 5082 L.]
1476 5011 1798 5087 σαρκωθέντα
1832 5013 1887 5066 ἐκ

300 5111 387 5164 τίς
410 5102 562 5176 ἁγίας
584 5101 807 5174 [ἐνδόξου
828 5102 915 5174 L.]
942 5103 1174 5158 θεοτόκου
1199 5105 1282 5157 καί
1306 5103 1385 5157 ἀεί
1399 5104 1645 5178 παρθόνου
1667 5107 1880 5175 Μαρίας,

302 5196 384 5248 καὶ
419 5190 681 5268 ἄνθρωπον
724 5189 981 5266 γενόμενον
1021 5195 1310 5266 γεννηθέντα
1347 5194 1399 5257 ἐξ
1442 5195 1626 5260 αὐτῆς,
1674 5196 1753 5247 καὶ
1799 5190 1883 5248 διά

306 5295 455 5343 τοῦτο
471 5290 564 5340 τοῦ
592 5285 751 5339 αὐτοῦ
778 5290 907 5339 Θεοῦ
931 5284 1079 5356 λόγου
1108 5279 1235 5339 εἶναι
1252 5285 1348 5343 τὰς
1377 5281 1467 5347 δύο
1493 5286 1769 5355 γεννήσεις,
1792 5288 1881 5341 την

302 5396 352 5433 τε
377 5375 477 5453 πρό
510 5376 707 5428 αἰώνων
748 5372 1069 5446 ἀσωμάτως,
1113 5376 1199 5427 καὶ
1237 5377 1327 5430 τήν
1371 5371 1452 5426 ἐπ’
1498 5372 1742 5443 ἐσχάτων
1782 5378 1882 5427 τῶν

305 5469 497 5542 ὀμερῶν
526 5467 660 5520 κατά
687 5467 879 5540 σάρκα,
906 5463 933 5518 ό
961 5470 1183 5524 τοιοῦτος
1207 5465 1423 5534 ἀνάθεμα
1445 5462 1477 5518 ἕ
1479 5486 1608 5519 στω.

364 5557 524 5618 hinc
544 5557 675 5631 λέγει
696 5553 844 5613 ἄλλον
871 5551 1001 5612 εἶναι
1016 5558 1101 5613 τόν
1130 5556 1250 5612 Θεὸν
1276 5555 1418 5627 λόγον
1440 5558 1527 5612 τόν
1556 5558 1881 5633 θαυματουρ-

1989 4568 2149 4608 unam
2195 4551 2472 4618 deitatem,
2522 4565 2618 4607 seu
2666 4559 2935 4618 naturam,
2985 4559 3041 4606 et
3077 4552 3463 4621 substantiam,
3516 4561 3574 4609 et

1990 4658 2150 4699 unam
2191 4642 2444 4700 virtutem
2475 4650 2531 4697 et
2556 4650 2883 4713 potestatem
2913 4642 2965 4696 in
2997 4642 3167 4698 tribus
3212 4644 3573 4700 subsistentiis

1984 4749 2082 4790 seu
2108 4734 2353 4805 personis
2380 4732 2726 4798 adorandam,
2762 4732 2885 4788 talis
2908 4734 3195 4789 anathema
3220 4735 3310 4789 sit.

2057 4825 2121 4880 li.
2162 4824 2219 4881 Si
2247 4825 2368 4895 quis
2396 4839 2503 4878 non
2533 4823 2823 4879 conﬁtetur
2852 4839 2993 4889 eum,
3024 4826 3117 4894 qui
3145 4834 3272 4880 ante
3299 4825 3493 4883 saecula
3516 4832 3573 4882 et

1990 4918 2107 4975 sine
2138 4927 2382 4987 tempore
2410 4931 2478 4971 ex
2523 4915 2683 4971 Patre
2711 4923 2870 4971 natus
2897 4923 2999 4983 est,
3040 4915 3207 4971 Deum
3238 4914 3471 4971 Verbum
3513 4916 3570 4970 in

1992 5009 2192 5064 ultimis
2221 5009 2412 5064 diebus
2439 5007 2783 5064 descendisse
2817 5008 2886 5064 de
2929 5009 3102 5077 caelis,
3149 5018 3207 5064 et
3232 5008 3570 5064 incarnatum

1990 5114 2110 5156 esse
2137 5099 2205 5154 de
2232 5108 2416 5154 sancta
2440 5098 2678 5167 gloriosa
2707 5098 2803 5154 Dei
2833 5100 3104 5155 Genitrice
3132 5108 3188 5154 et
3213 5114 3431 5169 semper
3460 5099 3570 5153 vir-

1985 5192 2110 5260 gine
2138 5188 2322 5255 Maria,
2354 5199 2409 5246 et
2435 5190 2709 5245 hominem
2734 5189 2954 5255 factum,
2987 5198 3172 5245 natum
3193 5204 3314 5244 esse
3339 5203 3407 5244 ex
3428 5189 3568 5261 ipsa,
3602 5184 3611 5195 κ

1988 5284 2040 5332 et
2063 5284 2286 5346 propter
2303 5276 2408 5332 hoc
2427 5276 2676 5347 ejusdem
2702 5274 2793 5331 Dei
2813 5273 2981 5329 Verbi
3003 5274 3140 5330 duas
3166 5290 3289 5330 esse
3314 5278 3574 5333 nativita-

1987 5373 2089 5430 tes,
2112 5363 2323 5438 [SuppL
2356 5376 2617 5423 aeternam
2643 5367 2855 5423 scilicet
2875 5365 2955 5439 et]
2976 5378 3096 5421 eam
3118 5380 3239 5435 qua:
3258 5374 3340 5421 est
3364 5367 3417 5421 in
3448 5368 3572 5421 ulti-

1988 5461 2092 5516 luis
2120 5461 2314 5515 diebus
2339 5461 2641 5516 sccundum
2670 5473 2914 5524 carnem,
2935 5458 3064 5513 talis
3085 5458 3371 5512 anathema
3404 5461 3494 5514 sit.

2055 5553 2141 5608 ill.
2172 5552 2229 5608 Si
2256 5552 2375 5621 quis
2400 5549 2528 5604 dicit
2555 5548 2718 5603 alium
2740 5563 2860 5604 esse
2884 5546 3053 5605 Deum
3078 5550 3312 5609 Verbum
3343 5556 3436 5626 qui
3465 5557 3569 5610 ωί.

366 5738 384 5770 ⁸
432 5734 758 5793 υκὶυενεαιὶε
800 5733 869 5789 D.
913 5751 961 5789 ε.
1004 5737 1328 5807 conﬁteatur.
1368 5736 1539 5793 Graec.
1576 5735 1746 5805 Atque
1791 5736 1862 5790 ita

1996 5774 2010 5788 .
2069 5731 2238 5788 codex
2267 5727 2535 5784 Bobierii.
