4032 6190
1032 150 1065 181 ἢ

468 239 565 308 ω

1843 227 2139 315 VIGlLlUS
2176 223 2375 280 mea.

3615 220 3726 278 ξω

466 372 716 439 γήσαντα,
741 366 823 417 καῖ
843 360 986 418 ἄλλον
1013 362 1098 417 τὸν
1124 358 1342 437 Χριστὸν
1367 358 1453 413 τὸν
1480 354 1732 411 παθόντα⁶
1761 352 1792 412 ἣ
1812 354 1895 407 τὸν
1922 353 2045 406 Θεὸν

2174 345 2328 400 acula
2359 355 2614 413 operatus
2637 351 2736 406 est,
2796 350 2851 403 et
2877 341 3039 397 alium
3083 340 3355 397 Christum
3403 340 3495 411 qui
3538 355 3731 411 passus

467 462 612 532 λόγον
652 462 876 512 συνεῖναι
902 461 974 523 τῷ
997 460 1200 526 Χριστῷ
1226 452 1354 523 λέγει
1384 449 1629 521 γενομένῳ
1654 449 1708 501 ἐκ
1733 445 1961 519 γυναικὸς
1977 483 1990 504 ,
2018 442 2049 501 ἦ

468 551 520 605 ἄν
543 551 677 619 αὐτῷ
705 544 831 602 εἶναι
856 547 925 605 ὦς
953 540 1095 599 ἆθλον
1123 544 1171 597 ἐν
1193 539 1344 613 ἄλλῳ,
1371 541 1474 594 ἀλλ’
1499 540 1626 610 οὐχί
1645 537 1729 592 ἕνα
1753 540 1835 590 καί
1859 536 1944 589 τὸν
1969 535 2052 590 αῦ-

468 645 554 698 ra».
584 642 752 715 κύριον
779 640 917 709 ἡμῶν
943 634 1134 695 Ἰησοῦν
1151 637 1370 705 Χριστὸν
1394 633 1477 688 τὸν
1503 638 1590 688 τοῦ
1614 636 1742 686 Θεοῦ
1764 631 1903 699 λόγον
1925 649 2051 694 σαρ-

472 732 723 791 κωθίντα,
752 730 836 780 καί
882 726 1367 801 ἐνανθρωπήσνντα,
1408 724 1506 802 καί.
1520 727 1608 777 τοῦ
1638 723 1795 774 αὐτοῦ
1830 720 1895 771 τά
1924 717 2051 769 θαύ-

470 841 608 890 ματα
648 820 728 872 καί
762 817 827 871 τά
853 816 1021 879 πάθη,
1064 812 1198 889 ἅπερ
1240 813 1484 870 ἑκουσίως
1522 811 1753 882 ὑπέμεινε
1797 811 1983 881 σαρκί,
2027 804 2053 859 ὃ

471 916 702 968 τοιοῦτος
729 907 951 970 ἀνάθεμα
981 901 1012 957 ἕ
1013 924 1138 957 στω.

542 1087 605 1144 Εἴ
632 1108 711 1148 τις
752 1087 883 1157 λέγει
924 1086 1057 1140 κατὰ
1099 1085 1286 1161 χάριν,
1334 1082 1364 1142 ἦ
1403 1083 1511 1137 κατ’
1554 1082 1828 1158 ἐνέργειαν,
1865 1078 1896 1138 ἦ
1942 1077 2056 1134 κατ’

477 1180 641 1244 ἀξίαν,
665 1176 695 1237 ἦ
722 1176 836 1232 κατ’
855 1179 1128 1247 ἰσοτιμίαν,
1158 1174 1188 1233 ἦ
1214 1173 1327 1229 κατ’
1353 1172 1611 1227 αύθεντὶαν
1627 1211 1640 1233 ,
1663 1170 1693 1229 ἦ
1719 1169 1970 1243 ἀναφορὰν
1988 1210 2001 1235 ,
2027 1166 2058 1226 ἦ

477 1273 693 1344 σχέσιν,
720 1268 751 1329 ἦ
784 1269 1016 1341 δύναμιν,
1043 1273 1133 1327 τὴν
1158 1267 1331 1321 ἕνωσιν
1369 1270 1465 1319 τοῦ
1488 1269 1616 1319 Θεοῦ
1639 1260 1786 1334 λόγου
1812 1260 1939 1331 πρὸς
1969 1256 2059 1312 ἆν-

477 1367 676 1440 θρωπον
700 1362 1022 1435 γεγενῆσθαι,
1050 1359 1081 1418 ἦ
1119 1357 1223 1412 καθ’
1251 1356 1559 1429 ὁμωνυμίαν,
1594 1354 1709 1408 ita?
1728 1353 1787 1411 ἣν
1808 1352 1855 1406 οἷ
1880 1363 2061 1406 Νεστο-

476 1457 640 1531 ριανοί
665 1456 748 1507 καί
775 1452 859 1507 τὸν
880 1452 999 1506 Θεὸν
1021 1448 1167 1520 λόγον
1190 1447 1406 1525 Χριστὸν
1429 1446 1694 1503 καλοῦντες
1710 1484 1724 1506 ,
1755 1444 1841 1496 mi
1869 1440 1955 1496 τὸν
1983 1437 2063 1495 ἄν·

477 1528 677 1622 θρωπον
703 1540 1094 1618 κεχωρισμένως
1133 1538 1350 1613 Χριστὸν
1395 1535 1716 1605 ὀνομάζοντες
1756 1536 1882 1585 κατά
1912 1528 2063 1600 μόνην

477 1644 568 1697 τήν
595 1634 935 1710 προσηγορίαν
954 1632 1043 1686 ἕνα
1069 1628 1285 1702 Χριστὸν
1310 1627 1564 1698 λέγουσιν’
1585 1625 1615 1684 ἦ
1640 1622 1780 1682 εἴτις
1799 1622 1929 1694 λέγει
1953 1617 2063 1673 κατ’

2153 443 2255 497 est,
2308 442 2400 486 aut
2428 432 2559 487 dicit
2590 431 2753 485 Deum
2783 430 3016 486 Verbum
3048 446 3169 485 cum
3214 429 3430 485 Christo
3475 445 3594 486 esse
3630 447 3733 484 na—

2152 533 2338 582 scente
2367 542 2430 580 ex
2463 525 2710 589 muliere,
2741 524 2825 579 vel
2848 524 2901 578 in
2930 525 3046 594 ipso
3076 539 3194 580 esse
3223 534 3476 592 tanquam
3504 523 3737 578 alterum

2154 618 2208 671 in
2239 617 2431 681 altero,
2472 615 2564 669 sed
2595 630 2703 669 non
2734 629 2897 668 unum
2941 614 3295 681 eumdemque
3326 613 3609 668 Dominum
3635 628 3741 666 no-

2155 717 2325 762 strum
2373 705 2556 761 .lesum
2585 704 2882 772 Christum,
2934 703 3100 758 Deum
3125 703 3363 757 Verbum
3395 703 3737 757 incarnatum

2155 805 2212 853 et
2240 797 2510 851 hominem
2542 793 2767 857 factum,
2818 804 2874 848 et
2916 792 3154 862 ejusdem
3185 792 3350 861 ipsius
3379 791 3639 846 miracula
3683 800 3745 845 et

2157 887 2458 958 passiones,
2486 899 2623 956 quas
2651 899 2813 940 carne
2839 891 3033 953 sponte
3060 881 3334 946 sustinuit,
3365 882 3486 937 talis
3511 880 3743 935 anathe-

2157 993 2244 1032 ma
2274 978 2364 1033 sit.

2230 1079 2321 1135 ιγ.
2362 1077 2419 1134 Si
2448 1077 2568 1147 quis
2596 1076 2748 1141 dicit,
2800 1073 3096 1134 secundum
3126 1071 3373 1142 gratiam,
3423 1071 3509 1125 vel
3538 1083 3747 1124 secun-

2159 1168 2288 1223 dum
2336 1165 2742 1235 operationem,
2792 1163 2876 1216 vel
2925 1160 3217 1217 secundum
3265 1160 3603 1227 dignitatem,
3655 1158 3749 1213 vel

2159 1258 2454 1314 secundum
2479 1238 2841 1325 aequalitatem
2862 1252 3101 1315 honoris,
3125 1250 3208 1305 vel
3232 1249 3524 1305 secundum
3547 1256 3750 1303 aucto—

2162 1348 2399 1414 ritatem,
2427 1346 2512 1401 vel
2544 1345 2880 1407 relationem,
2923 1342 3011 1396 vel
3041 1340 3315 1404 allectum,
3346 1341 3431 1395 vel
3460 1340 3749 1406 virtutem,

2161 1437 2461 1494 unitionem
2493 1435 2591 1489 Dei
2625 1432 2785 1488 Verbi
2816 1432 2883 1487 ad
2910 1431 3182 1487 hominem
3231 1428 3427 1484 factam
3472 1443 3611 1492 esse,
3659 1428 3750 1483 vel

2163 1527 2460 1584 secundum
2510 1522 2947 1595 homonymiam.
3000 1535 3097 1591 per
3135 1536 3297 1592 quam
3352 1519 3656 1574 Nestoriani
3695 1526 3755 1574 et

2166 1621 2332 1675 Deum
2361 1618 2598 1673 Verbum
2629 1623 2885 1670 vocantes
2905 1611 3200 1675 Christum,
3221 1619 3277 1666 et
3301 1611 3573 1666 hominem
3597 1625 3756 1679 sepa-

479 1728 709 1784 εύδοκίαν
740 1732 830 1785 τὴν
855 1725 1032 1779 ἕνωσιν
1059 1720 1354 1794 γεγενῆσθαι
1371 1759 1385 1779 ,
1406 1719 1565 1777 καθὼς
1591 1713 1850 1786 Θεὸδωρος
1876 1712 1901 1767 ὁ
1928 1712 2059 1786 αἶρε·

2174 1712 2322 1766 ratim
2368 1709 2641 1765 Christum
2687 1707 3048 1768 nominantes,
3096 1704 3215 1759 solo
3266 1702 3531 1759 vocabulo
3582 1717 3752 1756 unum

480 1824 617 1880 τηιὸς
645 1820 825 1876 αὑταῖς
852 1811 1015 1877 λέξεσι
1042 1812 1201 1883 λέγει,
1241 1813 1306 1871 ὡς
1337 1809 1633 1881 ἀρεσθὲντος
1661 1811 1753 1859 τοῦ
1780 1806 1893 1858 θεοῦ
1916 1803 2066 1875 λόγου

480 1919 552 1982 τῷ
581 1909 829 1981 ἀνθρώπῳ
851 1904 954 1960 ἀπὸ
977 1908 1064 1957 τοῦ
1088 1896 1142 1956 εὖ
1172 1904 1254 1955 καί
1279 1900 1407 1954 καλά
1430 1897 1569 1962 δόξαι
1589 1898 1731 1968 αύτῷ
1750 1898 1867 1971 περὶ
1888 1894 2065 1956 αὐτοῦ,

477 2000 600 2068 οὐχί
641 1993 745 2049 καθ’
774 1994 1061 2050 ὑπόστασιν
1101 1996 1194 2046 τοῦ
1231 1995 1356 2043 Θεοῦ
1381 1984 1548 2062 ,λόγου
1596 1990 1722 2059 πρὸς
1767 1991 1858 2043 την
1906 1984 2070 2060 σάρκα

482 2088 820 2158 ἰιρνχωμὲνην
847 2083 1000 2155 ψυχῇ
1025 2083 1197 2156 λογικῇ
1224 2082 1312 2135 καί
1339 2085 1484 2154 νοερᾷ
1504 2083 1593 2137 τήν
1620 2079 1797 2131 ἕνωσιν
1818 2074 2066 2145 ὁμολογεῖ,

481 2185 566 2236 καί
598 2180 682 2238 ὅιά
722 2186 876 2236 τοῦτο
913 2181 1031 2249 μίαν
1061 2178 1216 2231 αὐτοῦ
1264 2180 1353 2233 τήν
1404 2173 1696 2228 ὑπόστασιν
1742 2170 2002 2230 σύνθετον,
2042 2165 2068 2219 ὁ

487 2279 717 2333 τοιοῦτος
741 2271 962 2340 ἀνάθεμα
994 2266 1151 2323 ἴστω.

554 2563 618 2619 Εἴ
630 2585 707 2624 τις
737 2564 869 2617 κατά
890 2562 1158 2636 ἀναφορὰν,
1182 2559 1213 2617 ἦ
1236 2563 1668 2630 καταχρηστικῶς
1696 2553 1915 2608 θεοτόδιον
1941 2552 2070 2624 λέγει

482 2663 572 2715 τήν
601 2656 750 2725 ἀγίαν
776 2651 971 2715 ἔνδοξον
1001 2650 1322 2725 ἀειπάρθενον
1350 2649 1574 2720 Μαρίαν,
1603 2644 1633 2703 ἢ
1662 2643 2063 2719 ἀνθρωποτὸκον,

483 2751 511 2807 ἣ
538 2746 891 2824 Χριποτόκον,
923 2746 990 2803 ὡς
1019 2748 1111 2798 τοῦ
1143 2747 1369 2815 Χριστοῦ
1393 2745 1463 2811 μή
1489 2736 1630 2798 ὄντος
1657 2741 1814 2800 Θεοῦ,
1852 2735 1971 2789 ἀλλὰ
1998 2737 2068 2803 μή

482 2844 667 2917 κυρίως
695 2841 782 2893 καί
822 2836 936 2891 κατ’
984 2836 1208 2894 ἀλήθειαν
1239 2834 1464 2888 θεοτὸκον
1492 2833 1647 2889 αὐτὴν
1693 2829 1952 2899 ὁμολογεῖ,
1985 2825 2070 2881 διά

479 2938 537 2987 το
563 2931 648 2986 τὸν
684 2929 785 3003 πρὸ
816 2928 1006 2983 αἰώνων
1033 2927 1088 2978 ἐκ
1114 2931 1202 2979 τοῦ
1232 2922 1426 2998 πατρὸς
1454 2923 1745 2994 γεννηθέντα
1784 2919 1905 2973 Θεὸν
1926 2916 2068 2989 λόγον

482 3023 560 3075 ἐπ’
586 3023 827 3093 ἰσχάτων
868 3025 968 3074 τῶν
1002 3019 1202 3091 ἡμερῶν
1232 3016 1281 3079 ἐξ
1305 3017 1459 3074 αὐτῆς
1487 3012 1810 3087 σαρκωθῆναι
1836 3011 1922 3063 καί
1949 3027 2063 3081 γεν-

480 3117 701 3177 νηθῆναι,
732 3112 760 3167 ὃ
779 3116 1007 3170 τοιοῦτος
1032 3108 1255 3177 ἀνάθεμα
1277 3105 1431 3160 ἔστω.

556 3312 616 3367 Εἴ
650 3335 729 3373 τις
767 3313 869 3382 οὑχ
899 3310 1132 3381 ὁμολογεῖ
1156 3309 1242 3362 τὸν
1286 3304 1667 3378 ἐσταυρωμένον
1708 3304 1860 3377 σαρκί
1897 3303 2065 3376 κύριον

452 3412 623 3475 ἡμῶν
643 3405 834 3462 Ἰησοῦν
858 3403 1072 3475 Χριστὸν
1099 3400 1222 3455 Θεὸν
1248 3393 1372 3451 εἶναι
1401 3397 1642 3459 ἀληθινὸν,
1673 3397 1757 3448 καί
1784 3395 1953 3471 κύριον
1974 3402 2066 3452 τῆς

484 3500 662 3563 δόξης,
698 3498 779 3552 καί
806 3496 891 3550 ἕνα
928 3501 1020 3555 τῆς
1049 3493 1197 3565 ἁγίας
1241 3488 1477 3565 τριάδος,
1510 3488 1534 3542 ὁ
1577 3493 1803 3546 τοιοῦτος
1843 3486 2068 3557 ἀνάθεμα

487 3599 647 3647 ἔστω.

556 3704 618 3760 Εἴ
647 3726 727 3766 τις
758 3707 809 3760 ιν
836 3702 955 3758 δυσί
989 3704 1177 3772 φύσεσι
1215 3699 1369 3771 λέγων
1391 3702 1458 3770 μη
1489 3700 1551 3757 ὡς
1582 3696 1631 3750 ἐν
1662 3688 1883 3753 θεύτητι.
1914 3697 1992 3748 καί
2020 3695 2069 3747 ἐν

487 3798 835 3873 ἀν⁶ρωπὸτητι
878 3795 966 3850 τὸν
1003 3794 1093 3848 ἕνα
1133 3794 1302 3867 κύριον
1335 3793 1473 3861 ἡμῶν
1503 3786 1698 3846 Ἰησοῦν
1734 3788 1947 3862 Χριστὸν
1990 3787 2072 3839 τίν

488 3898 571 3944 τοῦ
602 3893 729 3943 Θεοῦ
756 3887 898 3958 λόγον
920 3886 1245 3961 σαρκωθέντα
1275 3882 1527 3954 ὁμολογεῖ,
1554 3877 1678 3951 μηδέ
1706 3881 1791 3932 ἐπὶ
1810 3885 1881 3946 τῷ
1903 3883 2072 3947 σημᾶ-

486 4004 565 4035 νιιι
592 3985 681 4038 τήν
707 3977 945 4051 διαφορὰν
974 3984 1073 4031 τῶν
1111 3976 1306 4048 φύσεων
1326 4013 1340 4031 ,
1375 3974 1423 4036 ἐξ
1452 3968 1517 4026 ὧν
1548 3974 1632 4024 καί
1660 3970 1923 4034 συνετέθη,
1967 3969 2072 4023 ἀλλ’

488 4075 567 4125 ἐπὶ
601 4069 845 4147 διαιρέσει
962 4068 1057 4120 ἀνά
1086 4066 1238 4140 μᾶρος
1262 4070 1351 4123 τήν
1380 4064 1618 4120 τοιαύτην
1644 4060 1889 4131 λαμϐάνει
1914 4066 2073 4131 φωνήν

491 4165 571 4216 ἰπὶ
608 4165 697 4215 τοῦ
732 4160 860 4212 κατά
884 4158 1096 4232 Χριστὸν
1130 4159 1443 4229 μυστηρίου·
1485 4155 1552 4214 ὥς
1578 4151 1966 4225 κεχωρισμένας
1991 4153 2075 4204 καί

495 4252 916 4310 ἐτ’ἒιοῦποστάτους
945 4244 1072 4321 εἶναι
1114 4250 1209 4308 τὰς
1251 4247 1460 4325 φύσεις,
1509 4245 1673 4303 καθὼς
1699 4240 1955 4314 Θεόδωρος
1992 4245 2075 4296 καί

488 4346 759 4420 Νεστόρεος
782 4341 1191 4417 βλασφημοῦσιν,
1222 4337 1248 4392 ὁ
1269 4343 1499 4396 τοιοῦτος
1520 4330 1745 4406 ἀνάθεμα
1766 4332 1920 4389 ἔστω.

562 4525 621 4577 Εἴ
642 4544 722 4583 τις
747 4524 831 4577 ἐπί
855 4527 944 4577 τοῦ
969 4520 1073 4580 ἐνὸς
1094 4523 1273 4592 κυρίου
1297 4520 1436 4585 ἡμῶν
1454 4517 1621 4576 Ἰησοῦ
1644 4520 1868 4591 Χριστοῦ
1885 4557 1898 4579 ,
1926 4534 2077 4570 τουτ-

490 4620 598 4672 έστι
643 4619 734 4670 τοῦ
774 4613 1116 4687 σαρκωθίντος
1151 4617 1279 4666 Θεοῦ
1306 4609 1453 4684 λόγου
1495 4610 1580 4665 τὸν
1619 4610 1830 4682 ἀριθμὸν
1856 4615 1953 4662 τῶν
1981 4608 2072 4679 φύ-

489 4729 616 4764 σεων
637 4703 887 4777 ὁμολογῶν
914 4708 983 4773 μη
1011 4711 1074 4775 τῇ
1102 4705 1283 4777 θεωρίᾳ
1318 4707 1408 4760 τὴν
1435 4699 1671 4771 διαφορὰν
1696 4703 1907 4763 τούτων,
1932 4699 1979 4762 ἐξ
2006 4696 2072 4751 ὦν

491 4803 570 4855 καί
598 4799 861 4858 συνετέθη,
892 4794 1168 4859 λαμϐάνει,
1205 4797 1274 4855 ὡς
1306 4795 1495 4855 ταύτης
1520 4795 1610 4848 οὐκ
1648 4795 1963 4868 ἀνῃρημένης
1990 4789 2074 4847 διὰ

486 4900 575 4951 τήν
611 4894 814 4956 ἕνωσιν,
842 4890 944 4944 ἀλλ’
973 4891 1055 4943 ἐπὶ
1081 4887 1326 4958 διαιρέσει
1363 4894 1429 4963 τῇ
1468 4888 1561 4941 ἀνά
1602 4886 1755 4961 μέρος
1780 4891 1854 4957 τῷ
1881 4884 2073 4958 ἀριθμῷ

488 4986 769 5052 κέχρηται,
789 4980 815 5035 ὁ
842 4987 1067 5040 τοιοῦτος
1091 4981 1312 5050 ἀνάθεμα
1333 4976 1490 5033 ἔστω.

560 5082 620 5136 Εἴ
639 5104 718 5143 τις
759 5083 944 5153 λέγων,
972 5086 1086 5151 μίαν
1114 5082 1265 5151 φύσιν
1297 5085 1385 5134 τοῦ
1413 5085 1540 5134 Θεοῦ
1566 5078 1713 5149 λύγου
1741 5079 2072 5150 erumpamus-

492 5194 601 5235 νην,
631 5173 910 5248 ούχοῦτως
939 5174 1066 5228 αὐτὸ
1112 5172 1444 5242 ἐκλαμϐάνει,
1495 5174 1561 5231 ὡς
1610 5167 1690 5224 ὅτι
1716 5170 1770 5223 ἐκ
1809 5178 1900 5229 τῆς
1938 5171 2073 5231 θείας

496 5263 722 5331 θύσεως,
770 5268 851 5320 καὶ
895 5274 986 5326 τῆς
1036 5266 1344 5340 ἀνθρωπίνης
1390 5259 1461 5323 εἷς
1504 5262 1723 5336 Χριστὸς
1765 5262 2072 5321 ἀπετελέσθη

494 5353 765 5419 ίιειοοτσιος
790 5362 858 5421 τῷ
904 5359 1064 5432 πιτρί
1092 5355 1220 5408 κατά
1260 5358 1349 5411 τὴν
1398 5352 1635 5413 θεότητα,
1682 5351 1770 5404 καί
1811 5349 2076 5421 ὁμοιύσιος

496 5446 611 5509 πῖπαῖν
640 5441 665 5496 ὃ
688 5443 840 5502 αὐτὸς
864 5449 987 5498 κατά
1010 5450 1099 5504 τήν
1128 5444 1512 5517 ἀνθρωπότητα,
1548 5442 1651 5497 ἀλλ’
1678 5438 1755 5496 ὅτι
1781 5447 1872 5502 τῆς
1900 5440 2073 5498 θεότη-

497 5555 575 5593 τος
594 5575 607 5599 ,
639 5535 718 5587 καί
745 5540 837 5593 τῆς
865 5536 1052 5610 σαρκὸς
1076 5542 1166 5590 τοῦ
1194 5543 1419 5611 Χριστοῦ
1450 5537 1543 5607 μία
1567 5536 1749 5607 φύσις,
1790 5533 1900 5592 ἦτοι
1928 5534 2077 5586 οὐσία

498 5622 824 5685 ἀπετελέσθη,
855 5625 986 5678 κατά
1011 5628 1101 5683 τήν
1137 5624 1480 5700 ’Δπολιναρίου
1509 5628 1597 5681 καὶ
1628 5626 1905 5695 Εὐτυχοῦς
1930 5643 2075 5679 κακο-

504 5718 719 5775 εοτὰαν.
753 5713 778 5767 ὅ
808 5719 1029 5774 τοιοῦτος
1057 5716 1277 5787 ἀνᾴθεμα
1307 5714 1466 5771 ἔστω.

2103 4453 2157 4512 D

2169 1803 2437 1858 Christum
2468 1802 2655 1857 dicunt
2681 1818 2694 1853 :
2727 1796 2820 1853 aut
2847 1799 2890 1854 si
2919 1798 3039 1868 quis
3067 1811 3164 1867 per
3191 1797 3387 1850 bonam
3412 1793 3756 1849 voluntatem

2167 1897 2296 1952 dicit
2323 1895 2617 1950 unitiouem
2646 1890 2843 1951 factam
2872 1906 3011 1955 esse,
3057 1890 3194 1945 sicut
3222 1886 3539 1942 Theodorus
3580 1887 3757 1940 hatre-

2152 1999 2299 2052 ticus
2331 1997 2467 2067 ipsis
2496 1994 2681 2047 verbis
2716 1990 2885 2055 dicit,
2927 1985 3086 2056 quasi
3116 1981 3384 2054 placuerit
3421 1976 3531 2033 Deo
3572 1974 3763 2029 Verbo

2154 2093 2337 2152 homo,
2367 2103 2432 2143 eo
2462 2087 2612 2158 quod
2647 2087 2784 2140 bene
2815 2082 2992 2137 visutn
3024 2086 3109 2133 est
3155 2076 3202 2129 ei
3233 2072 3302 2129 de
3330 2073 3471 2142 ipso,
3508 2070 3606 2124 sed
3642 2084 3760 2123 non

2152 2183 2456 2237 secundum
2491 2175 2906 2235 subsistentiam
2948 2171 3039 2224 Dei
3079 2166 3244 2222 Verbi
3273 2163 3339 2218 ad
3368 2156 3591 2217 carnem
3622 2160 3754 2213 ani-

2153 2284 2354 2329 tnatam
2403 2274 2586 2326 anima
2622 2268 2878 2324 rationali
2924 2274 2979 2320 ct
3025 2261 3383 2318 intellectuali
3438 2258 3758 2314 unitionem

2153 2369 2475 2428 conﬁtetur,
2514 2374 2568 2418 et
2610 2363 2733 2416 ideo
2769 2374 2933 2414 unam
2971 2356 3090 2425 ejus
3138 2350 3551 2407 sulisisteutiatn
3596 2362 3761 2401 conu-

2156 2464 2385 2529 positam
2417 2471 2560 2518 esse,
2590 2454 2715 2507 talis
2744 2451 3032 2506 anathema
3067 2447 3158 2502 sit.

2246 2547 2303 2602 V.
2336 2546 2391 2601 Si
2435 2546 2554 2615 quis
2601 2560 2699 2615 per
2752 2545 3089 2610 relationem,
3125 2552 3218 2599 aut
3243 2542 3483 2609 abusive,
3526 2540 3625 2595 Dei
3654 2554 3763 2609 ge-

2174 2640 2421 2694 nitricem
2452 2638 2585 2693 dicit
2609 2645 2852 2692 sanctam
2898 2635 3187 2706 gloriosam
3235 2647 3448 2703 semper
3486 2631 3763 2700 virginem

2169 2732 2415 2796 Mariam,
2460 2739 2555 2785 aut
2583 2728 2817 2784 hominis
2844 2727 3179 2797 genitricem,
3228 2732 3323 2780 aut
3347 2721 3759 2789 Christotocoa,

2170 2828 2422 2889 tanquam
2445 2818 2661 2874 Christo
2690 2818 2803 2872 Deo
2832 2832 2940 2871 non
2969 2816 3258 2881 existente,
3275 2813 3389 2879 sed
3404 2828 3509 2868 non
3531 2813 3761 2883 proprie

2169 2920 2225 2966 et
2258 2926 2386 2965 vere
2415 2910 2509 2964 Dei
2553 2910 2871 2979 genitricem
2913 2909 3083 2977 ipsam
3130 2903 3440 2974 conﬁtetur,
3490 2919 3558 2961 eo
3608 2902 3761 2974 quod

2171 3001 2285 3071 ipse
2333 3001 2425 3069 qui
2455 3010 2581 3055 ante
2624 3000 2820 3055 smcula
2850 3014 2915 3053 ex
2946 2996 3108 3053 Patre
3138 3004 3296 3050 natus
3338 3004 3420 3052 est
3451 2995 3597 3057 Deus
3623 2994 3761 3048 Ver-

2094 3079 2139 3141 C
2170 3090 2317 3158 bum,
2363 3092 2416 3145 in
2446 3091 2650 3146 ultimis
2696 3091 2886 3146 diebus
2916 3106 2980 3146 ex
3012 3091 3125 3162 ipsa
3157 3090 3466 3144 incarnatus
3508 3096 3566 3141 et
3594 3097 3761 3142 natus

2172 3192 2278 3251 est,
2311 3184 2431 3238 talis
2456 3183 2742 3238 anathema
2773 3184 2863 3238 sit.

2240 3291 2328 3347 Vl.
2380 3290 2438 3346 Si
2491 3292 2614 3360 quis
2661 3306 2769 3345 non
2818 3289 3108 3344 conﬁtetur
3164 3288 3448 3343 Dominum
3505 3297 3762 3344 nostrum

2168 3381 2349 3438 Iesum
2378 3381 2652 3436 Christum
2680 3380 2772 3450 qui
2800 3393 2963 3433 carne
2983 3377 3271 3433 cruciﬁxus
3299 3386 3401 3441 est,
3437 3378 3606 3432 Deum
3636 3391 3763 3434 esse

2169 3486 2381 3536 verum,
2412 3478 2464 3524 et
2494 3469 2777 3523 Dominum
2805 3467 3007 3536 gloriae,
3050 3476 3105 3520 ct
3135 3483 3297 3521 unum
3326 3465 3393 3520 de
3420 3476 3608 3521 sancta
3638 3466 3762 3522 Tri-

2174 3562 2365 3625 nitate,
2397 3558 2517 3614 talis
2546 3557 2833 3612 anathema
2861 3558 2950 3611 sit.

2245 3671 2354 3727 Vll.
2397 3670 2454 3726 Si
2482 3671 2602 3741 quis
2630 3670 2684 3724 iu
2714 3670 2920 3724 duabus
2943 3668 3148 3724 naturis
3169 3668 3351 3723 dicens
3374 3683 3480 3721 non
3503 3676 3763 3739 tanquam

2173 3766 2227 3820 in
2256 3764 2458 3821 deitate
2506 3774 2560 3818 et
2587 3762 2924 3817 humanitate
2968 3776 3133 3815 unum
3179 3759 3463 3815 Dominum
3512 3769 3762 3824 nostrum

2174 3855 2355 3912 Jesum
2381 3853 2673 3919 Christum,
2705 3854 2873 3908 Deum
2904 3853 3137 3907 Verbum
3165 3836 3503 3907 incarnatum
3529 3854 3760 3909 conﬁte-

2180 3960 2285 4017 tur,
2334 3961 2437 4002 nec
2460 3944 2527 4001 ad
2567 3941 2970 4013 signiﬁcandam
3017 3942 3376 3999 diilerentiam
3419 3952 3758 4010 naturarum,

2176 4055 2246 4095 ex
2287 4039 2480 4108 quibus
2524 4036 2857 4108 compositus
2905 4044 3025 4098 est,
3082 4035 3177 4089 sed
3224 4051 3324 4105 pro
3356 4035 3622 4090 divisione
3663 4050 3763 4104 per

2183 4137 2417 4199 partem,
2469 4128 2633 4183 talem
2663 4127 2865 4197 excipit
2908 4141 3098 4182 vocem
3144 4126 3197 4180 in
3242 4127 3500 4197 mysterio
3537 4126 3761 4193 Christi,
3800 4108 3813 4113 ’

2178 4235 2333 4289 quas:
2381 4219 2669 4289 separatim
2720 4234 3039 4288 unaquaque
3091 4228 3281 4275 natura
3328 4233 3482 4275 suam
3528 4222 3764 4279 habente

2177 4313 2606 4378 subsistentiam,
2631 4311 2773 4367 sicut
2797 4311 3118 4367 Theodorus
3143 4320 3200 4366 et
3212 4311 3490 4367 Nestorius
3518 4312 3765 4382 blasphe-

2179 4412 2484 4468 maverunt,
2512 4403 2635 4457 talis
2659 4402 2944 4458 anathema
2968 4403 3060 4458 sit.

2254 4502 2386 4557 Vlll.
2417 4503 2474 4558 Si
2504 4503 2625 4574 quis
2649 4503 2701 4557 in
2729 4518 2836 4558 uno
2865 4502 3095 4558 Domino
3122 4501 3251 4558 Jesu
3278 4500 3515 4568 Christo,
3547 4502 3651 4558 hoc
3678 4512 3765 4560 est

2182 4594 2294 4650 Deo
2310 4595 2490 4650 Verbo
2513 4595 2810 4659 incarnato,
2837 4610 3118 4652 numerum
3136 4594 3403 4651 conﬁtens
3423 4604 3760 4661 naturarum,

2182 4701 2288 4740 non
2321 4686 2597 4741 intellectu
2623 4685 2979 4741 diﬂ‘erentiam
3004 4700 3211 4752 earum,
3234 4700 3301 4740 ex
3322 4686 3519 4755 quibus
3538 4696 3596 4740 et
3614 4701 3766 4741 com-

2181 4776 2387 4846 positus
2434 4784 2539 4844 est,
2569 4776 2788 4846 excipit,
2839 4784 2898 4831 ut
2927 4784 3054 4847 pote
3081 4791 3186 4830 non
3218 4776 3595 4845 interemptam
3637 4791 3763 4846 pro-

2181 4877 2302 4939 pter
2329 4869 2612 4932 unitatem,
2645 4868 2741 4922 sed
2770 4883 2869 4936 pro
2888 4866 3152 4922 divisione
3178 4881 3276 4938 per
3299 4874 3510 4936 partem
3536 4881 3763 4923 numero

2184 4961 2366 5026 utitur,
2400 4959 2520 5014 talis
2547 4958 2833 5013 anathema
2858 4960 2945 5014 sit.

2252 5070 2343 5125 IX.
2374 5070 2431 5124 Si
2462 5071 2581 5139 quis
2608 5069 2790 5124 dicens
2816 5083 2976 5123 unam
3009 5077 3254 5123 naturam
3282 5067 3377 5122 Dei
3404 5066 3568 5123 Verbi
3589 5068 3764 5123 incar-

2184 5173 2384 5227 natam,
2418 5177 2523 5215 non
2551 5161 2629 5215 sic
2656 5160 2761 5215 hoc
2790 5155 3056 5228 intelligit,
3086 5159 3231 5228 quod
3263 5174 3330 5214 ex
3365 5158 3541 5213 divina
3572 5168 3762 5214 natura

2183 5263 2239 5308 et
2267 5254 2497 5306 humana
2528 5266 2663 5306 unus
2688 5249 2933 5305 Christus
2959 5249 3184 5304 ell'ectus
3206 5260 3307 5312 est,
3332 5250 3761 5305 consubstantia-

2184 5344 2250 5397 lis
2280 5340 2423 5396 Patri
2454 5341 2748 5395 secundum
2777 5341 3051 5406 deitatem,
3083 5349 3137 5394 et
3162 5341 3635 5395 consubstantialis
3662 5358 3761 5397 no-

2186 5434 2267 5488 bis
2294 5432 2432 5485 idem
2464 5431 2577 5500 ipse
2606 5430 2903 5485 secundum
2932 5429 3343 5496 humanitatem,
3367 5430 3460 5486 sed
3485 5430 3633 5500 quod
3658 5432 3761 5486 dei-

2182 5524 2308 5577 tatis
2345 5531 2402 5577 et
2442 5523 2621 5577 carnis
2666 5521 2864 5579 Christi
2913 5539 3019 5577 una
3072 5533 3260 5579 natura
3311 5523 3425 5579 sive
3462 5526 3757 5579 substantia

2184 5618 2375 5673 etl’ecta
2406 5626 2488 5672 est
2510 5617 2803 5673 secundum
2833 5617 3147 5687 Apollinarii
3187 5627 3243 5674 et
3299 5616 3613 5689 Eutychetis
3641 5633 3760 5689 per-

2185 5709 2382 5773 ﬁdiam,
2411 5710 2532 5764 talis
2561 5710 2845 5765 anathema
2872 5709 2960 5763 sit.
