4032 6190
271 267 377 324 ειν

1255 232 1626 323 w'srmnm
1646 314 1649 319 .
1666 268 2048 328 coxrsssxo
2076 269 2323 329 tit-3cm
2364 271 2564 331 nam.

3427 269 3534 328 250

342 382 550 445 ἐπίυης
587 385 687 459 γᾶρ
724 378 817 442 ’καὶ
858 390 978 451 τοὺς
1026 390 1120 444 ἀνὰ
1161 391 1313 465 μέρος
1352 389 1701 467 διαιροῦντας.
1741 388 1855 447 ἦτοι

2031 382 2097 438 Χ.
2123 383 2426 453 ,λΕιιυοΙὶεοι-
2451 386 2596 440 enim
2625 394 2680 441 et
2700 400 2795 439 eos
2828 384 2916 454 qui
2942 399 3038 454 per
3064 392 3271 455 partem
3293 380 3537 441 iucidum

265 478 562 535 τέμνοντας.
591 481 674 532 καὶ
710 478 827 539 τοῦς
857 481 1179 551 συγχέοντας
1207 482 1264 538 τὸ
1290 490 1380 542 τῆς
1408 484 1544 542 θείας
1572 485 1852 549 οἰκονομίας

261 575 550 639 ριστήριον
586 575 677 622 τοῦ
704 580 927 644 Χριστοῦ
962 574 1363 648 ἀποστρέφεται,
1393 577 1481 629 καί
1511 574 1853 641 ἀναθεματίζει

264 663 299 719 ἧ
328 660 477 715 καθολ
498 667 559 720 κη
586 661 843 720 ἐκκλησία.
1798 662 1801 665 ’

335 750 495 805 εἴτις
524 757 591 805 mi
620 754 969 805 ἀναθεωατίζει
994 752 1213 805 Ἀρειον-
1243 757 1499 805 Humidum».
1529 754 1720 805 Μακεδό

375 754 495 813 ἶτις
521 757 591 822 μή
620 754 969 823 ἀναθεματίζει
994 754 1213 830 Ἀρειον,
1243 757 1499 828 Εὐνόμιον,
1529 754 1853 817 Μακεδόνων,
1914 808 1923 815 ,

262 844 960 921 Ἀπολινάριονίκεττόριον,
992 850 1262 920 Εὑτυχέα,
1311 852 1396 904 καί
1434 851 1555 909 τοὺς·
1592 850 1658 902 τά
1695 846 1847 917 ὅμοια

261 940 464 997 τούτοις
494 943 815 1009 φρονοῦντας,
844 939 875 998 ἣ
902 941 1262 1015 φρονήσαντας,
1287 940 1507 1009 ἀνάθεμα
1531 935 1713 994 ἴστω.ι

331 1118 399 1174 εἴ
435 1143 515 1180 τις
560 1122 892 1177 ἀντιποιεῖται
936 1122 1199 1198 Θεοδώρου
1241 1129 1335 1179 τοῦ
1376 1122 1727 1196 Μοψουεστῖας
1765 1124 1856 1175 τοῦ

259 1214 496 1274 ἀπόντος
512 1250 546 1277 γ
584 1211 729 1268 ἄλλον
771 1210 900 1269 εἶναι
947 1216 1033 1271 τὸν
1076 1217 1197 1271 Θεὸν
1239 1216 1408 1285 λόγον,
1456 1218 1540 1270 καί
1586 1212 1733 1269 ἄλλον
1774 1212 1859 1267 τόν

259 1307 514 1382 Χριστόν,
543 1304 647 1359 ὑπό
677 1307 847 1359 παθῶν
887 1306 1070 1375 ψυχῆς
1114 1310 1196 1361 καί
1220 1313 1320 1362 τῶν
1354 1315 1445 1368 τῆς
1472 1307 1655 1379 σαρκός
1684 1305 1860 1357 ἐπιθυ-

260 1401 392 1464 μιῶν
418 1395 808 1467 ἕνοχλοὺμενον,
837 1397 999 1451 καί-ἐκ
1026 1406 1287 1473 προκοπῆς
1318 1396 1477 1472 ἔργων
1505 1397 1855 1465 βελτιωοέντα,

258 1489 348 1539 καί
375 1486 725 1556 βαπτισθέντα
766 1490 841 1550 εἰς
871 1483 1025 1559 ὄνομα
1060 1490 1258 1563 πατρὸς
1282 1491 1385 1553 ,καί
1424 1489 1542 1542 υίοῦ
1588 1490 1674 1541 καί
1712 1486 1857 1560 ἀγίου

257 1579 576 1647 πνεύματος,
601 1581 683 1632 καί
707 1576 793 1634 διά
812 1586 902 1634 τοῦ
928 1580 1286 1653 βαπτίσματο”
1308 1584 1398 1638 τήν
1420 1581 1576 1652 χάριν
1597 1587 1687 1633 τοῦ
1711 1578 1858 1651 ἀγίου

258 1668 555 1736 πνεύματος
600 1668 801 1730 λαϐεῖν,
851 1672 939 1723 καί
985 1670 1244 1730 υἱοθεσίας
1289 1671 1581 1734 ἀξιωθῆναι,
1620 1672 1708 1723 καὶ
1752 1668 1858 1725 κατ’

1955 476 2037 530 vel
2068 474 2330 550 dividunt,
2360 485 2415 530 ct
2440 491 2535 531 eos
2556 476 2647 545 qui
2675 475 3010 530 confundunt
3036 476 3233 532 divina:
3259 477 3538 547 dispensa-

1957 570 2118 621 tionis
2148 569 2459 633 msstcrinm
2491 567 2711 633 Christi,
2767 568 2939 637 rejicit
2984 580 3039 624 et
3068 570 3393 626 condemnat
3418 570 3538 626 uni-

1956 658 2179 711 versalis
2201 656 2293 712 Dei
2326 657 2585 712 Ecclesia.

2027 750 2084 804 Si
2140 750 2260 819 quis
2297 766 2403 804 non
2446 750 2866 805 anathematizat
2923 751 3145 815 Arium,
3197 751 3537 819 Eunomium,

1958 839 2353 903 Macedonium,
2387 839 2798 909 Apollinarium.
2842 840 3170 909 Nestorium,
3219 842 3539 915 Eutychem,

1958 941 2014 986 et
2042 948 2138 986 eos
2163 931 2255 1000 qni
2282 929 2868 999 similiaeissapuerunt
2895 932 2974 987 vel
3003 935 3237 1004 sapiunt,
3264 935 3383 991 talis
3408 950 3542 990 ana-

1960 1023 2139 1077 thema
2168 1023 2258 1077 sit.

2031 1111 2120 1166 XI.
2140 1112 2197 1166 Si
2212 1113 2330 1182 quis
2352 1111 2591 1166 defendit
2610 1111 2947 1168 Theodorum
2975 1113 3429 1184 Mopsuestenum,
3448 1117 3543 1186 qui

1960 1203 2094 1261 dixit
2121 1203 2283 1259 alium
2314 1218 2431 1257 esse
2474 1202 2639 1259 Deum
2676 1203 2927 1267 Verbum,
2974 1214 3030 1259 et
3076 1205 3238 1260 alium
3268 1206 3541 1263 Christum

1961 1311 1991 1350 a
2020 1295 2360 1365 passionibus
2385 1295 2577 1348 animm
2622 1303 2678 1349 et
2719 1294 3000 1351 desideriis
3048 1299 3224 1353 carnis
3270 1300 3545 1356 molestias

1963 1389 2278 1458 patientem,
2330 1395 2386 1441 et
2412 1403 2479 1441 ex
2511 1386 2754 1456 profectu
2799 1403 3025 1457 operum
3079 1390 3437 1457 melioratum,
3487 1400 3546 1448 et

1961 1480 2288 1551 baptizatum
2332 1481 2385 1534 in
2434 1480 2651 1535 nomine
2697 1478 2897 1545 Patris,
2951 1489 3005 1535 et
3042 1480 3184 1544 Filii,
3230 1482 3546 1553 etSpiritus

1960 1574 2152 1639 sancti,
2182 1582 2239 1628 et
2261 1589 2357 1643 per
2383 1573 2646 1642 baptisma
2674 1574 2902 1641 gratiam
2932 1575 3104 1628 sancti
3133 1574 3362 1644 Spiritus
3388 1590 3544 1632 acce-

1961 1668 2130 1738 pisse,
2160 1675 2217 1723 ct
2244 1666 2610 1721 afliliationem
2642 1668 2921 1731 meruisse,
2955 1676 3010 1721 et
3039 1665 3109 1720 ad
3138 1668 3543 1723 similitudinem

257 1760 478 1817 ἰσότητα
508 1760 778 1829 βασιλικῆς
802 1762 990 1822 εἰκόνος
1017 1762 1087 1821 εἰς
1116 1759 1393 1834 πρόσωπον
1430 1766 1517 1815 τοῦ
1543 1766 1671 1815 Θεοῦ
1705 1760 1855 1832 λόγου

1969 1759 2257 1829 imperialis
2296 1758 2541 1826 imaginis
2585 1758 2637 1811 in
2686 1773 2973 1827 personam
3006 1758 3098 1814 Dei
3128 1758 3291 1814 Verbi
3328 1759 3544 1816 adorari

257 1853 704 1928 προσκυνούμενον
722 1893 738 1916 ,
770 1854 849 1906 καί
877 1854 1006 1919 μετά
1039 1859 1130 1908 τήν
1159 1855 1436 1908 ἀνάστασιν
1464 1849 1716 1928 ἄτρεπτὼ
1747 1861 1857 1914 ταῖς

256 1944 501 2006 ἑννοίαις,
525 1947 615 1997 κοί
632 1946 989 2018 ἀναμάρτητον
1013 1944 1269 2005 παντελῶς
1289 1945 1577 2017 γενόμενον*
1605 1947 1691 1999 καί
1708 1945 1857 2000 πάλιν

258 2035 528 2109 εἰρηκότος
557 2039 648 2092 τήν
677 2035 856 2089 ἕνωσιν
894 2042 982 2088 τοῦ
1012 2041 1138 2089 Θεοῦ
1179 2035 1325 2106 λ.γου
1363 2036 1491 2108 πρὸς
1528 2037 1615 2091 τὸν
1642 2037 1857 2109 Χριστὸν

261 2125 509 2181 τοιαύτην
534 2126 851 2195 γεγενῆσθαι,
886 2125 993 2178 οἷαν
1020 2120 1153 2178 εἶπεν
1183 2124 1208 2179 ό
1237 2127 1526 2187 ἀπόστολος
1564 2128 1648 2179 ἐπὶ
1674 2125 1858 2201 ἀνδρὸς

257 2219 349 2272 καί
378 2217 615 2288 γυναικός
631 2237 648 2253 ·
671 2235 690 2268 ε
708 2213 1010 2272 Ἐσονταιοί
1036 2214 1129 2272 δύο
1145 2218 1216 2277 εἰς
1233 2220 1406 2291 σάρκα
1426 2220 1564 2287 μίαν.
1588 2237 1606 2270 ι
1634 2218 1859 2293 καὶπρὸς

257 2313 385 2364 ταῖς
408 2303 586 2366 ἄλλαις
606 2307 956 2384 ἀναριθμήτοις
976 2307 1131 2361 αὑτοῦ
1153 2307 1490 2379 βλασφημίαις
1515 2308 1858 2378 τολμήσαντος

258 2405 454 2463 εἰπεῖν,
486 2398 560 2455 ὅτι
591 2401 719 2469 μετὰ
746 2406 835 2459 τήν
861 2402 1136 2454 ἀνάστῡσιν
1161 2400 1464 2472 ἐμφυσήσας
1491 2399 1517 2455 ὁ
1545 2402 1717 2476 κύριος
1747 2410 1861 2463 τοῖς

257 2492 545 2559 μαθηταῖς,
577 2493 659 2544 καὶ
686 2495 860 2553 sinam,
892 2509 910 2540 ε
926 2490 1117 2545 Λάϐετε
1138 2496 1340 2567 πνεῦμα
1355 2489 1514 2562 ἅγιον,
1536 2509 1555 2541 ι
1577 2492 1633 2546 οὑ
1648 2490 1860 2546 δέδωκεν

258 2582 447 2641 αὑτοῖς
473 2586 678 2653 πνεῦμα
708 2579 849 2653 ἅγιον
868 2622 882 2644 ,
922 2580 1044 2635 ἀλλά
1079 2584 1318 2653 σχήματι
1344 2582 1507 2652 ,μόνον
1535 2580 1858 2653 ἐνεφύσησεν.

258 2666 427 2731 οὗτος
457 2668 514 2725 di
542 2673 628 2724 καί
651 2675 743 2729 τόν
771 2670 1030 2745 ὁμολογίαν
1056 2675 1238 2739 Θωμᾶ,
1270 2676 1357 2730 τήν
1383 2674 1467 2726 ἐπί
1579 2672 1862 2742 ψηλαφήσει

256 2769 366 2817 τῶν
397 2769 597 2835 χειρῶν
632 2765 715 2816 καί
751 2769 845 2823 τῆς
882 2761 1108 2834 πλευρᾶς
1137 2768 1228 2817 τοῦ
1258 2767 1429 2838 κυρίου
1459 2766 1588 2833 μετά
1626 2768 1715 2822 τὴν
1743 2764 1861 2817 ἀνί-

256 2875 476 2917 στασιν,
501 2854 654 2927 λέγων
678 2854 757 2919 τό,
786 2873 803 2907 ε
832 2855 889 2911 Ὀ
907 2855 1077 2929 κύριός
1098 2876 1196 2915 μου
1218 2860 1300 2910 καί
1327 2856 1447 2916 Θεὸς
1468 2860 1588 2928 μουζ
1611 2875 1631 2909 ε
1656 2851 1762 2910 εἶπε
1789 2859 1861 2925 μή

257 2946 501 3020 εἰρῆσθαι
529 2950 764 3015 περὶτοῦ
805 2954 1029 3020 Χριστοῦ
1073 2948 1215 3019 ποιρά
1250 2953 1342 3003 τοῦ
1386 2953 1576 3017 Θωμᾶ,
1620 2946 1732 3002 οὑδέ
1762 2950 1862 3022 γάρ

258 3035 393 3094 εἶναι
428 3038 566 3110 λέγει
594 3038 678 3094 τόν
706 3041 877 3112 κὺριον
906 3042 1057 3102 Geor,
1106 3042 1207 3095 ἀλλ’
1246 3043 1329 3097 ἐπὶ
1366 3049 1439 3112 τῷ
1467 3040 1741 3115 παραδόξῳ
1770 3050 1863 3101 τῆς

1962 1847 2326 1922 [adoratum],
2376 1858 2431 1903 et
2477 1857 2599 1918 post
2639 1848 3093 1904 resurrectionem
3151 1850 3542 1905 immutabilem

1959 1941 2399 2009 cogitationibus,
2427 1950 2482 1996 et
2510 1941 2913 2010 impeceabilem
2942 1943 3161 1995 omnino
3190 1941 3387 1996 factum
3416 1943 3546 1998 fuis-

1959 2049 2019 2088 se
2044 2051 2058 2099 ;
2087 2041 2141 2087 et
2166 2034 2358 2088 iterum
2390 2032 2525 2087 dixit
2555 2034 2719 2087 talem
2749 2032 2944 2087 factam
2971 2050 3092 2089 esse
3123 2035 3418 2090 unitionem
3451 2037 3544 2092 Dei

1964 2121 2123 2176 Verbi
2154 2122 2224 2176 ad
2253 2121 2546 2185 Christum,
2600 2122 2814 2191 qualem
2844 2122 2982 2177 dixit
3013 2123 3303 2193 Apostolus
3333 2127 3401 2181 de
3431 2128 3545 2183 viro

1961 2225 2017 2269 et
2044 2215 2267 2268 muliere
2293 2232 2307 2267 :
2339 2213 2510 2268 Erunt
2537 2214 2638 2267 duo
2664 2215 2718 2268 in
2743 2231 2900 2288 carne
2927 2232 3031 2269 una
3054 2216 3215 2287 (Eph.
3249 2217 3302 2288 ν)
3331 2235 3344 2270 :
3375 2228 3430 2272 et
3453 2234 3547 2275 su-

1964 2318 2061 2374 per
2090 2304 2223 2358 alias
2252 2319 2377 2359 suas
2406 2304 2826 2360 innumerabiles
2862 2305 3229 2375 blasphemias
3255 2322 3417 2363 ausus
3460 2316 3546 2364 est

1961 2395 2160 2459 dicere,
2208 2394 2354 2465 quod
2383 2404 2506 2465 post
2547 2397 3019 2450 resurrectionem,
3047 2412 3169 2450 cum
3220 2397 3547 2454 insumasset

1962 2484 2222 2539 Dominus
2244 2484 2524 2555 discipulis
2548 2486 2684 2553 suis,
2723 2495 2783 2541 et
2811 2485 3073 2541 dixisset:
3117 2474 3348 2557 Accipite
3368 2489 3540 2558 Spiri-

1964 2583 2071 2628 tum
2108 2583 2342 2627 sanclum
2386 2574 2568 2646 (Joau.
2616 2584 2711 2641 xx)
2747 2592 2760 2628 :
2814 2590 2922 2631 non
2960 2575 3109 2630 dedit
3154 2576 3233 2630 eis
3285 2576 3546 2646 Spiritum

1963 2672 2207 2718 sanctum
2243 2705 2258 2727 ,
2324 2664 2417 2719 sed
2467 2662 2735 2734 ﬁguratior
2796 2665 3170 2718 tantummodo
3218 2663 3544 2721 insuﬂlavit:

1963 2755 2059 2809 sed
2100 2763 2155 2806 et
2196 2752 2316 2823 illic
2356 2764 2536 2808 autem
2567 2755 2755 2822 etiam,
2774 2751 2893 2825 Cn]
2928 2756 3341 2819 confessionem,
3385 2771 3547 2824 quam

1963 2843 2094 2899 fecit
2139 2842 2374 2898 Thomas
2402 2859 2521 2899 cum
2554 2844 2827 2915 palpasset
2865 2861 3056 2899 manus
3082 2855 3138 2900 et
3170 2847 3307 2900 latus
3336 2846 3546 2900 Domini

1964 2943 2088 3006 post
2119 2934 2588 3000 resurrectionem,
2627 2934 2813 2988 dicens
2837 2974 2852 2999 ,
2886 2934 3139 2988 Dominus
3170 2952 3311 2988 meus
3339 2946 3385 2988 el
3410 2935 3548 2989 Deus

1966 3041 2110 3080 meus
2141 3023 2411 3096 (Ibidem),
2462 3025 2631 3093 inquit
2662 3040 2766 3078 non
2811 3042 2931 3079 esse
2959 3025 3157 3079 dictam
3189 3042 3216 3080 a
3248 3025 3454 3081 Thoma
3482 3028 3551 3083 de
3602 3030 3609 3036 ’

257 3134 613 3191 ἀναστάσεως
659 3132 961 3204 ἐκπλαγέντα
1004 3135 1090 3189 τόν
1136 3141 1323 3205 Θωμᾶν
1357 3138 1578 3204 ὑμνῆσαι
1616 3137 1700 3189 τόν
1742 3138 1863 3190 Θεὸν

1969 3116 2186 3173 Christo
2221 3117 2346 3186 (nec
2374 3117 2515 3171 enim
2546 3117 2681 3171 dixit
2711 3117 3025 3172 Theodorus
3054 3118 3220 3172 Deum
3250 3136 3369 3173 esse
3396 3119 3553 3175 Chri-

260 3225 351 3279 τὸν
378 3225 652 3296 ἐγείραντα
679 3223 762 3278 τὸν
786 3226 1021 3298 Χριστόν.
1048 3225 1117 3278 Τὸ
1146 3223 1196 3279 δέ
1239 3232 1452 3295 χεῖρον,
1500 3222 1580 3280 ὅτι
1613 3227 1694 3279 καί
1732 3225 1778 3277 ἐν
1805 3231 1866 3299 τῇ

262 3324 370 3371 τῶν
397 3317 641 3388 πράξεων
666 3322 765 3370 τῶν
798 3317 1096 3370 ἀποστόλων
1124 3319 1356 3388 γενομένῃ
1387 3317 1509 3387 παρ’
1535 3318 1694 3372 αὑτοῦ
1725 3315 1868 3375 δῆθεν

262 3405 512 3479 ἑρμηνείᾳ
543 3411 824 3481 συγκρίνκν
851 3406 877 3459 ὁ
907 3408 1055 3467 αὑτὸς
1084 3406 1339 3483 Θεόδωρος
1363 3410 1448 3462 τόν
1484 3410 1700 3483 Χριστὸν
1740 3406 1870 3461 Πλά-

265 3518 410 3561 τωνι,
445 3498 535 3550 καί
560 3499 851 3567 Μανιχαίῳ.
884 3502 963 3551 καί
990 3495 1285 3571 Ἐπικούρῳ,
1310 3500 1393 3551 καὶ
1418 3500 1688 3565 Μαρκίωνι,
1717 3498 1866 3568 λέγει,

266 3586 345 3643 ὅτι
376 3590 563 3662 ὥσπερ
594 3590 790 3643 ἐκείνων
817 3589 1033 3650 ἕκαστος
1064 3590 1335 3667 εὑράμενος
1363 3591 1537 3644 οἰκεῖον
1562 3586 1727 3661 δόγμα
1751 3590 1872 3649 τοὺς

269 3681 410 3752 αὑτῷ
426 3681 852 3751 μαθητεύσαντας
877 3684 1112 3739 πεποίηκε
1132 3681 1386 3736 καλεῖσθαι
1408 3683 1760 3745 Ηλατωναοὺς,
1787 3687 1873 3736 καί

274 3773 634 3841 Μανιχαίους,
680 3775 765 3827 καί
792 3770 1165 3847 Ἐπικουρείους
1184 3816 1197 3838 ,
1230 3778 1313 3828 καί
1340 3778 1727 3846 Μαρκιωνιστάς
1745 3815 1760 3837 ,
1788 3775 1875 3828 τόν

272 3860 441 3933 Quove-2
465 3862 654 3937 τρόπον
681 3864 768 3917 καί
793 3870 883 3917 τοῦ
921 3868 1149 3937 Χριστοῦ
1190 3866 1467 3940 εὑραμένου
1496 3866 1554 3918 τό
1581 3863 1780 3935 δόγμα,
1822 3865 1872 3929 ἐξ

272 3957 432 4010 αὑτοῦ
474 3957 596 4015 τοὺς
631 3957 965 4024 Χριστιανοὺς
1003 3956 1279 4010 καλεῖσθαι.
1325 3954 1386 4009 Εἴ
1418 3978 1494 4017 τις
1538 3960 1700 4010 τοίνυν
1735 3958 1875 4010 ἀντι-

273 4053 499 4101 ποιεῖται
518 4044 782 4121 Θεοδώρου
805 4052 895 4101 τοῦ
920 4048 986 4102 τά
1010 4053 1219 4121 τοιαῦτα
1244 4047 1722 4121 βλασγημήσαντος,
1748 4047 1875 4102 ἀλλά

272 4146 343 4207 μή
373 4137 731 4207 ἀναθεματίζει
755 4139 924 4203 αὑτῶν,
954 4141 1036 4191 καὶ
1061 4116 1139 4192 τοί
1151 4138 1313 4192 αὑτοῦ
1341 4139 1746 4212 συγγράμματα,
1788 4140 1874 4192 καί

273 4232 398 4291 τυὺς
424 4231 494 4285 τά
539 4250 686 4295 ομοια
724 4231 868 4303 αὑτῷ
903 4237 1237 4305 φρονοῦντας,
1275 4229 1305 4289 ἦ
1342 4236 1713 4306 φρονήσαντας,
1757 4234 1877 4287 ἀνά-

273 4322 407 4393 θεμα
438 4318 537 4377 ἶστ
547 4342 607 4372 ω.

1968 3206 2154 3278 stum),
2188 3207 2280 3261 sed
2306 3207 2373 3260 ad
2401 3206 2714 3260 miraculum
2747 3208 3158 3271 resurrectionis
3193 3208 3550 3277 stupefactum

1970 3299 2231 3354 Thomam
2257 3297 2587 3366 gloriticasse
2619 3296 2804 3360 Deum,
2844 3300 2933 3368 qui
2961 3298 3231 3353 Christum
3263 3299 3553 3354 resuscita-

1968 3391 2045 3446 vit
2071 3409 2083 3444 :
2108 3399 2163 3445 et
2187 3389 2333 3458 quod
2360 3388 2511 3457 pejus
2533 3397 2637 3453 est,
2661 3390 2822 3442 etiam
2848 3389 2899 3441 in
2926 3390 3372 3458 interpretatione
3391 3404 3553 3458 quam

1968 3484 2025 3538 in
2054 3483 2220 3536 Actus
2267 3481 2635 3551 apostolorum
2682 3482 2897 3550 scripsit
2944 3481 3282 3550 Theodorus,
3322 3482 3555 3538 similem

1972 3572 2099 3629 fecit
2124 3573 2397 3628 Christum
2438 3571 2676 3635 Platoni,
2709 3580 2764 3625 et
2795 3572 3108 3640 Manichaeo,
3137 3582 3192 3627 et
3220 3573 3472 3643 Epicuro,
3502 3579 3557 3628 et

1972 3668 2252 3733 Marciani,
2284 3668 2469 3723 dicens
2497 3665 2638 3736 quod
2683 3667 2819 3721 sicut
2853 3666 3063 3719 illorum
3091 3668 3452 3735 nnusqnisrpie
3482 3682 3552 3721 ex

1972 3761 2225 3831 dogmate
2253 3760 2396 3828 quod
2429 3759 2652 3827 invenit,
2703 3774 2829 3814 suos
2869 3758 3166 3827 discipulos
3217 3757 3340 3812 fecit
3372 3757 3555 3812 vocari

1974 3854 2301 3917 Platonicos,
2348 3861 2404 3908 et
2432 3853 2774 3917 Manichaeos,
2807 3863 2858 3906 et
2893 3852 3203 3921 Epicureos,
3251 3862 3305 3906 et
3331 3852 3551 3906 Marcio-

1975 3948 2166 4013 nistas,
2191 3944 2350 3999 simili
2381 3943 2541 3998 modo
2582 3953 2633 3998 et
2662 3959 2783 3998 cum
2816 3943 3063 3998 Christus
3088 3943 3281 4012 dogma
3323 3943 3551 3998 invenis-

1974 4043 2077 4100 set,
2109 4050 2175 4089 ex
2205 4035 2321 4104 ipso
2350 4033 2689 4088 Christianos
2719 4034 2916 4087 vocari.
2950 4034 3006 4087 Si
3033 4036 3155 4102 quis
3181 4034 3341 4102 igitur
3367 4032 3555 4090 defen-

1974 4125 2056 4181 dit
2083 4125 2330 4180 eumdem
2361 4123 2726 4186 Theodorum,
2770 4123 2859 4192 qui
2885 4122 3010 4177 talia
3040 4122 3455 4193 blasphemavit,
3500 4131 3558 4178 et

1976 4232 2085 4270 non
2112 4215 2538 4270 anathematizat
2565 4229 2710 4277 eum,
2762 4222 2818 4267 et
2859 4212 2975 4282 ejus
3002 4214 3328 4283 conscripta,
3382 4224 3439 4267 et
3465 4229 3561 4269 eos

1977 4311 2070 4380 qui
2096 4308 2291 4364 similia
2320 4308 2396 4363 illi
2423 4314 2737 4379 sapuerunt,
2758 4306 2845 4360 vel
2872 4305 3105 4376 sapiunt,
3131 4304 3253 4359 talis
3280 4304 3561 4359 anathema

1977 4400 2067 4456 sit.

344 4504 417 4559 εἴ
440 4526 524 4566 τις
561 4505 893 4562 ἀντιποιεῖται
930 4515 1032 4563 τῶν
1071 4505 1489 4583 συγγραμμέτων
1525 4506 1865 4582 Θεοδωρίτου,

2051 4489 2166 4544 Xli.
2207 4488 2265 4544 Si
2308 4487 2431 4559 quis
2474 4484 2715 4542 defendit
2742 4485 3047 4554 conscripta
3074 4483 3399 4540 Theodoreti
3443 4498 3561 4556 qua:

274 4593 413 4671 ἅπερ
442 4598 631 4661 ἐξέθετο
654 4597 786 4673 ὑπὲρ
808 4600 1086 4673 Νεστορίου
1107 4606 1195 4654 τοῦ
1218 4600 1500 4677 αἶρετικοῦ,
1525 4602 1605 4653 καί
1629 4600 1757 4653 κατά
1780 4606 1871 4658 τῆς

273 4687 429 4763 ὀρθῆς
457 4690 704 4755 πίστεως,
738 4691 826 4744 καί
851 4698 944 4750 τῆς
971 4691 1021 4743 ἓν
1047 4690 1235 4763 Ἐφέσῳ
1276 4693 1485 4763 πρώτης
1522 4694 1675 4761 ἁγίας
1714 4691 1869 4745 euroo

271 4774 386 4840 δον.
418 4781 509 4832 καί
529 4783 623 4832 τοῦ
659 4779 709 4832 ἐν
735 4778 898 4851 ἀγίοις
928 4780 1211 4853 Κυρίλλου,
1248 4782 1461 4835 καὶτῶν
1488 4778 1552 4834 ιϐ’
1588 4781 1741 4834 αὑτοῦ
1784 4799 1869 4833 κε-

269 4873 513 4945 φαλαίων,
541 4873 590 4927 ἐν
619 4868 693 4933 οἷς
711 4874 924 4928 ἀσεϐέσι
949 4875 1318 4947 συγγράμμασι
1348 4878 1599 4944 σχετικὴν
1626 4873 1756 4946 λέγει
1782 4878 1874 4932 τήν

268 4965 454 5020 ἕνωσιν
494 4971 587 5019 τοῦ
616 4972 745 5021 θεοῦ
774 4966 924 5039 λόγου
949 4987 1021 5041 πρ
1053 4988 1078 5026 ς
1106 4967 1193 5021 τόν
1217 4986 1332 5021 τινα
1357 4963 1636 5040 ἄνθρωπον·
1668 4968 1787 5042 περὶ
1816 4963 1872 5019 οὗ

271 5058 590 5128 βλασφημῶν
619 5058 768 5127 λέγει,
799 5055 879 5113 ὅτι
905 5058 1189 5129 ἕψηλάφησε
1226 5065 1415 5130 Θωμᾶς
1443 5060 1530 5113 τὸν
1560 5060 1867 5117 ἀναστάντα.

271 5152 360 5202 καί
398 5152 749 5222 προσεκύνησε
782 5150 865 5204 τόν
891 5150 1180 5221 ἐγείραντα,
1228 5154 1313 5204 καὶ
1356 5147 1440 5203 διά
1476 5155 1627 5205 τοῦτο
1664 5148 1874 5209 ἀσεϐεῖς

270 5241 417 5294 καλεῖ
432 5243 555 5301 τοὺς
577 5251 667 5302 τῆς
691 5242 956 5300 ἐκκλησίας
982 5237 1341 5305 διδασκάλους,
1365 5242 1486 5299 τοὺς
1508 5240 1614 5293 καθ’
1638 5236 1874 5295 ὑπόστα-

269 5351 357 5385 σιν
376 5336 470 5389 nia
493 5332 674 5386 ἕνωσιν
696 5338 787 5387 τοῦ
810 5338 938 5387 Θεοῦ
963 5331 1107 5401 λόγου
1132 5333 1256 5406 πρός
1283 5336 1373 5389 τήν
1396 5333 1565 5402 σάρκα
1586 5329 1876 5402 ὁμολογοῦν-

268 5436 386 5481 τας·
419 5425 503 5475 καί
530 5423 659 5495 πρὸς
689 5424 888 5481 τοὺτοις
914 5421 1137 5475 Θεοτόκον
1170 5422 1467 5496 ἀπαρνείται
1504 5426 1593 5478 τήν
1622 5416 1768 5491 ἁγίαν
1791 5418 1869 5473 ἔν-

271 5510 415 5575 δοξον
443 5516 766 5587 ἀειπάρθενον
812 5515 1029 5584 Μαρίαν.
1085 5511 1144 5565 Ε”
1187 5531 1265 5570 τις
1317 5515 1482 5565 τοίνυν
1527 5512 1594 5565 τά
1640 5513 1876 5584 εἰρημένα

272 5606 663 5678 συ,γράιιματα
686 5601 1008 5675 Θεοδωρίτου
1031 5604 1245 5669 ἐπαινεῖ,
1276 5602 1398 5655 ἀλλά
1425 5607 1493 5675 μή
1523 5603 1874 5671 ἀναθεματίζει

274 5699 403 5750 α-ὶτά
424 5737 439 5758 ,
480 5699 699 5768 ἀνάθεμα
741 5693 905 5750 ἔστω·
956 5692 1041 5749 διὰ
1074 5695 1268 5755 ταύτας
1294 5694 1392 5768 γάρ
1431 5695 1527 5753 τὰς
1552 5694 1875 5764 βλασγημίας

271 5800 361 5849 τῆς
392 5792 673 5851 ἐπισκοπῆς
700 5787 953 5855 ἔξεῶαὲθη,
979 5790 1065 5842 καί
1085 5789 1215 5858 μετά
1246 5794 1411 5844 ταῦτα
1438 5788 1486 5840 ἐν
1514 5794 1575 5861 τῇ
1607 5784 1726 5861 ἁγίᾳ
1756 5808 1869 5842 0w-

1976 4586 2227 4657 exposuit
2282 4601 2383 4657 pro
2425 4584 2676 4639 Nestorio
2738 4584 2994 4638 hmretico
3047 4583 3308 4640 adversus
3354 4592 3560 4640 rectam

1977 4677 2160 4742 tidem,
2204 4683 2260 4732 et
2299 4675 2625 4746 Ephesinam
2657 4674 2884 4744 primam
2916 4683 3159 4729 sanctam
3187 4675 3472 4747 synodum,
3505 4683 3561 4731 et

1976 4768 2035 4825 S.
2067 4768 2343 4841 Cyrillum,
2394 4776 2449 4824 et
2488 4768 2773 4822 duodecim
2811 4766 2926 4835 ejus
2968 4768 3224 4837 capitula,
3273 4769 3326 4823 in
3368 4768 3561 4838 quibus

1974 4860 2254 4916 sceleratis
2280 4860 2600 4930 conscriptis
2628 4859 2768 4915 idem
2813 4858 3190 4915 Theodoretus
3216 4858 3554 4915 aﬂectualem

1975 4951 2106 5007 dicit
2152 4952 2411 5005 unitatem
2458 4951 2550 5004 Dei
2600 4949 2761 5005 Verbi
2811 4950 2876 5005 ad
2925 4952 3198 5006 hominem
3248 4952 3555 5021 quemdam,

1976 5041 2044 5096 de
2088 5058 2196 5111 quo
2240 5042 2619 5111 blaSphemans
2657 5042 2813 5107 dixit‘,
2859 5042 3004 5110 quod
3042 5042 3283 5113 palpavit
3324 5041 3562 5100 Thomas

1977 5148 2099 5188 eum
2120 5133 2211 5201 qui
2242 5132 2555 5201 resurrexit,
2582 5140 2638 5186 et
2657 5132 2901 5187 adoravit
2920 5146 3043 5186 eum
3067 5131 3159 5201 qui
3185 5133 3558 5198 resuscitavit;

1976 5234 2033 5280 et
2074 5233 2297 5294 propter
2324 5225 2427 5280 hoc
2472 5225 2667 5295 impios
2694 5232 2854 5279 vocat
2883 5225 3136 5279 doctores
3165 5223 3419 5279 Ecclesia:
3465 5227 3558 5294 qui

1977 5318 2237 5371 unitatem
2262 5316 2556 5371 secundum
2594 5315 2993 5371 subsistentiam
3027 5316 3120 5369 Dei
3152 5315 3310 5370 Verbi
3340 5317 3411 5371 ad
3439 5333 3559 5373 car-

1976 5425 2099 5465 nem
2122 5406 2447 5463 conlitentur
2475 5424 2489 5472 ;
2537 5415 2592 5462 et
2619 5422 2780 5475 super
2824 5408 2937 5461 haec
2969 5406 3061 5460 Dei
3102 5404 3433 5463 Genitricem
3464 5411 3560 5463 ab-

1977 5516 2142 5576 negat
2181 5514 2427 5562 sanctam
2474 5514 2530 5560 et
2570 5504 2857 5574 gloriosam
2905 5521 3121 5575 semper
3153 5507 3413 5576 virginem
3446 5509 3556 5561 Ma-

1977 5600 2130 5653 riam.
2158 5597 2215 5651 Si
2239 5598 2360 5666 quis
2389 5597 2552 5663 igitur
2578 5604 2874 5650 memorata
2896 5598 3202 5668 conscripta
3231 5598 3557 5655 Theodoreti

1976 5690 2236 5756 defendit,
2278 5698 2462 5744 etnon
2493 5687 2916 5742 anathematizat
2961 5704 3047 5757 ea,
3095 5697 3216 5745 tatis
3263 5690 3557 5746 anathema

1978 5784 2068 5840 sit.
2111 5782 2336 5856 Propter
2384 5780 2519 5837 tales
2566 5779 2712 5837 cnim
2751 5779 3112 5852 blasphemias
3142 5781 3210 5842 ab
3239 5783 3552 5853 episcopatu
