2016 3095
264 118 312 145 151

263 176 314 211 ὁδῳ
338 180 370 206 τῆ
389 176 414 204 ιν
433 175 565 205 Χαλκηδόνι
585 175 713 204 συνωθήΘη
729 175 812 203 πάντα
833 176 866 203 τὰ
889 176 987 203 ἐναντία
1000 180 1054 206 τοῖς

262 224 464 258 μνημονευθεῖσιν
484 223 562 249 αὐτοῦ
587 222 773 259 συγγράμμασι
795 226 919 254 ποιῆσαι,
943 224 986 249 καὶ
1007 225 1053 251 τήν

263 269 335 307 ὀρθήν
348 268 434 296 πίστιν
449 267 609 304 ὁμολογῆσαι.

299 314 330 342 Εἴ
339 326 377 344 τις
390 315 558 341 ἀντιποιεῖται
573 319 617 344 τῆς
626 313 737 343 ἀσεϐοῦς
749 313 882 344 ἐπιστολῆς
895 317 941 343 τῆς
953 313 1054 348 λεγομέ-

263 371 306 391 νης
321 361 392 399 ποιρά
405 359 461 387 Ἰϐα
471 360 610 396 γεγράφθαι
623 359 687 397 πρὸς
699 360 783 395 Μάριν
795 360 837 386 τῖν
851 359 949 396 Πέρσην
962 359 1004 386 τὸν
1015 360 1054 387 αἷ-

262 408 373 443 ρετικὸν,
398 411 443 437 τῆς
461 407 614 444 ἀρνουμένης
632 406 673 434 τὸν
697 406 758 432 Θεὸν
777 406 848 441 λόγον
862 405 991 442 ἄνθρωπον
1009 416 1051 442 γε·

262 455 391 488 γενῆσθαι,
411 455 452 480 καί
471 453 592 488 λεγούσης
608 455 642 487 μή
663 452 705 479 τὸν
724 452 783 479 Θεὸν
800 452 873 487 λόγον
886 453 912 479 ἐκ
931 457 976 482 τῆς
987 463 1052 490 παρ-

262 499 332 526 θένου
354 498 516 535 σαρκωθὲντα
529 498 686 533 γεννηθῆναι,
709 497 768 523 ἀλλὰ
785 496 857 531 ψιλὸν
877 497 1005 534 ὄνθρωττον
1025 499 1050 530 ἐξ

262 545 343 573 αὐτῆς
360 544 519 579 γεννηθῆναι,
537 541 563 569 ὂν
576 543 631 569 ναὸν
645 543 779 573 ἀποκαλεῖ,
801 543 834 572 ὡς
850 541 920 569 ἄλλον
934 540 995 569 εἶναι
1008 539 1053 570 τὸν

262 589 326 615 Θεὸν
343 589 423 624 λόγον,
445 590 486 615 καὶ
508 586 580 615 ἄλλον
599 589 641 615 τὸν
659 586 799 624 ἄνθρωπον*
817 588 880 625 πρὸς
903 589 1003 617 τούτοις
1023 587 1049 615 δὲ

262 635 443 672 ἐνυϐριζούσης
464 637 509 664 τὴν
527 635 550 660 ἐν
563 633 654 670 Ἐφέσῳ
674 636 776 671 πρώτην
789 633 893 661 σύνοδον
902 655 907 664 ,
920 636 954 664 ὡς
968 635 1050 670 χωρὶς

263 680 393 710 ζητήσεως
406 680 448 706 καί
458 680 567 715 κρίσεως
581 679 713 714 Νεστόριον
724 678 939 710 καταδικασάσης,
952 680 994 705 καί
1007 679 1050 706 τὸν

264 725 288 751 ἰν
301 724 383 760 ἁγίοις
397 725 511 761 nepam
525 725 647 762 αἶρετιχὸν
660 725 851 757 ἀποκαλούσης,
866 726 909 751 καὶ
921 725 1002 755 ἀσεϐῆ
1017 726 1049 752 τὰ

262 769 295 796 ιϐ’
318 770 393 797 αὐτοῦ
407 770 538 805 κεφάλαια·
552 771 685 807 Νεστέριον
699 770 725 798 δὲ
737 772 778 797 καί
787 770 913 806 Θεόδωρον
925 772 989 805 μετά
1002 774 1051 797 τῶν

262 816 342 842 αὐτοῦ
355 815 455 842 ἀσεϐῶν
470 817 674 852 συγγραμμάτων
695 817 862 848 ἐπαινούσης,
881 819 924 844 καί
937 816 1050 844 ἐκδίκους

262 871 322 891 σης.
337 860 368 887 Εἴ
377 871 416 890 τις
429 862 514 888 τοίνυν
528 864 572 891 τήν
588 863 717 902 εἰρημένην
736 863 817 895 ἀσεϐῆ
846 866 964 895 ἐπιστολή
987 862 1052 894 ἐκδι-

262 909 316 937 ari.
337 904 351 934 ἦ
366 906 437 945 ὀρθὴν
447 906 526 936 αὸτήν
545 906 607 936 εἶναι
624 911 701 945 λέγει,
716 910 731 939 ἦ
744 911 819 948 μέρος
832 911 926 942 αὐτῆς.
940 911 1001 939 ἀλλὰ
1015 915 1049 946 μή

265 952 438 987 ἀναθεματίζει
450 954 537 983 αὐτὴν,
552 955 660 989 ἀνάθεμα
670 954 747 982 ἔστω.

300 1002 350 1027 Τῆς
364 998 482 1028 τοιαύτης
495 1000 576 1025 τοίνυν
590 1000 723 1029 ἐπιστολῆς
737 999 836 1029 δικαίως
850 1001 1050 1035 ἆναθεματισθεί-

267 1053 315 1072 σης
333 1042 375 1070 διὰ
387 1044 433 1073 τὰς
453 1046 640 1080 περιεχομένας
654 1048 678 1071 ἐν
698 1046 760 1081 αὐτῇ
781 1046 955 1082 βλασφημίας,
977 1047 999 1073 oi
1017 1047 1050 1074 τὰ

264 1089 412 1125 Νεστορίου,
431 1088 445 1117 ἦ
461 1088 593 1126 Θεοδώρου
613 1090 710 1119 ὰσετῗῶς
731 1093 871 1127 φρονοῦντες
886 1092 1049 1128 ἐπιχειροῦσι

260 1133 353 1170 λέγειν,
367 1136 461 1164 ταύτην
482 1135 599 1170 δεδέχθαι
619 1137 692 1173 παρὰ
715 1141 760 1166 τῆς
780 1136 852 1172 ἁγίας
871 1137 895 1163 ἓν
916 1136 1049 1165 Χαλκηδόνι

267 1179 384 1212 συνόδου,
400 1184 475 1207 τοῦτο
496 1180 523 1207 δὲ
538 1182 640 1216 λέγουσι
652 1184 695 1211 τὴν
705 1183 749 1216 μέν
764 1182 836 1217 ἁγίαν
851 1181 956 1209 σύνοδον
970 1193 1047 1209 συκο-

261 1228 420 1260 φαντοῦντες,
434 1229 468 1260 τῷ
483 1225 509 1252 δὲ
521 1227 616 1255 ταύτης
628 1229 798 1264 προσχήματι
809 1226 993 1258 σπουδάζοντες
1003 1232 1047 1258 τῆς

261 1269 416 1304 ὀφειλομένη
455 1273 624 1306 κατακρίσεως
656 1273 819 1310 ἐλευθερῶσαι
848 1273 974 1311 Θεὸῗωρον
1006 1275 1048 1300 καί

261 1316 409 1353 Νεστόριον,
424 1318 466 1343 καί
480 1319 524 1345 τήν
536 1318 614 1346 ἀσεϐῆ
630 1318 772 1349 ἐπιστολήν,
787 1321 846 1355 περὶ
859 1318 887 1348 ἧς
901 1318 970 1348 "Wa;
984 1319 1046 1345 πο).-

262 1360 334 1389 λάκις
348 1362 523 1396 κατηγορηθεὶς
536 1362 580 1387 οὐκ
599 1362 732 1396 ἐτόλμησεν
750 1363 924 1389 οῖκιιώσασθαι
944 1362 987 1389 διὰ
1000 1364 1048 1392 τὰς

260 1406 446 1441 περιεχομένας
465 1405 489 1431 ἐν
507 1406 568 1442 αὐτῇ
582 1405 751 1441 βλασφημίας.
767 1409 811 1433 Καὶ
825 1410 905 1434 ταῦτα
918 1407 1047 1440 ἀποδείξο-

262 1459 308 1484 μεν
327 1451 354 1476 ἔκ
366 1453 414 1476 τῶν
437 1449 558 1486 διαφόρως
578 1452 637 1485 περὶ
650 1452 741 1478 τούτου
756 1454 926 1486 κεκινημένων.
939 1452 977 1478 Ἐν
997 1454 1046 1490 γὰρ

261 1499 313 1524 τοῖς
326 1496 398 1532 ποιρά
408 1496 517 1528 Φωτίου,
530 1498 570 1522 καὶ
580 1497 717 1523 Εὐσταθίου
731 1498 918 1533 πεπραγμένοις
936 1500 961 1525 ἐν
975 1500 1046 1534 Τύρῳ

262 1551 475 1576 κατηγορουμενος
490 1541 500 1568 ὃ
518 1542 667 1578 προλεχθείς
681 1541 750 1572 Ἴϐκς
761 1545 880 1579 περὶτῶν
894 1544 990 1582 ὕϐρεων
1002 1549 1046 1572 τοῦ

262 1585 286 1612 ἐν
307 1585 387 1621 ἁγίοις
402 1586 520 1621 Κυρίλλου
535 1590 644 1624 φανερῶς
665 1587 794 1619 κατέθετο,
816 1589 879 1623 μετὰ
893 1592 936 1617 τήν
958 1589 1046 1617 ἕνωσιν

259 1636 311 1659 τῶν
324 1633 473 1660 ἀνατολικῶν
484 1633 548 1670 πρὸς
560 1633 599 1660 τὸν
611 1633 634 1659 ἔν
646 1633 725 1669 ἁγίοις
738 1635 852 1671 κύριλλον
863 1634 938 1669 μηδὲν
950 1635 1047 1672 ὕϐρεως

264 1677 382 1712 ἐχόμενον
400 1678 523 1714 εἰρηκέναι
535 1679 593 1714 περὶ
614 1678 701 1705 αὐτοῦ·
717 1679 732 1706 ἠ
745 1677 771 1705 δὲ
793 1679 910 1708 ἐπιστολή
925 1681 939 1708 ἡ
953 1680 1046 1710 πεπλη-

246 1717 359 1755 ῖρωμένη
370 1727 418 1750 τῶν
432 1724 566 1759 εἰρημένων
580 1723 757 1759 βλασφημιῶν,
773 1725 809 1760 ἐφ’
820 1722 859 1755 αἶς
873 1729 1047 1764 κατηγορεῖται

257 1768 344 1799 ἰϐαςι
359 1769 453 1798 πολλὰς
468 1770 530 1796 κατὰ
551 1773 593 1795 τοῦ
608 1769 632 1796 ἐν
650 1769 730 1805 ἁγίοις
750 1770 867 1807 ιυρίῖ’λου
888 1772 1047 1806 περιέχουσα

258 1814 429 1849 παρίστησιν,
446 1811 486 1840 ὅτι
501 1815 565 1848 μετὰ
578 1816 621 1842 τήν
640 1815 727 1841 ἕνωσιν
740 1817 785 1843 τήν
802 1816 865 1852 πρὸς
878 1816 939 1844 τοὺς
957 1816 1045 1842 ἀνατο-

259 1859 342 1888 λικοὺς
351 1859 459 1894 γέγονεν,
472 1859 497 1889 ἐξ
508 1857 537 1885 οὗ
550 1858 676 1886 δείκνυται
698 1860 756 1889 Ιϐας
767 1860 974 1897 ὰπαρνησάμενος
984 1862 1044 1888 ταύ-

258 1915 313 1933 την.
327 1904 399 1931 Ὀθιν
415 1905 436 1931 οἶ
452 1905 659 1939 μνημονευθέντες
679 1907 781 1935 mimos.
796 1907 834 1931 mi
849 1907 988 1936 Εὐστάοιος
1002 1905 1043 1933 διὰ

259 1954 303 1980 τὴν
312 1954 362 1978 τῶν
373 1951 541 1986 ἐγναλούντων
552 1951 719 1988 πληροξορίαν
732 1952 859 1987 ἐγγράφως
871 1951 1042 1984 διετύπωσαν,

258 2005 301 2021 τον
311 1997 436 2033 εἰρημένον
444 1995 516 2023 Ἷϐαν
528 1998 611 2024 πάντα
621 1999 652 2023 τὰ
663 1998 759 2024 ἐναντία
767 2001 798 2034 τῇ
809 1998 926 2034 ἐπιστολῇ
936 1999 1042 2034 πρᾶξαι,

257 2043 339 2071 καθὼς
352 2043 367 2071 ἡ
382 2045 441 2080 περὶ
453 2044 545 2070 τούτου
561 2043 662 2071 δοθεῖσα
676 2044 735 2081 παρ’
751 2045 833 2071 αὐτῶν
847 2045 970 2081 ἐπίκρισις
984 2044 1045 2073 δείκ-

262 2096 344 2114 νυσιν.
356 2087 428 2114 Ἀλλὰ
438 2090 471 2121 μή
485 2088 621 2124 πληρώσας
633 2087 703 2117 Ἶϐας
716 2090 748 2116 τὰ
764 2089 824 2123 παρ’
839 2089 935 2115 ἐκείνων
951 2090 1045 2127 ἐπικρε-

258 2132 331 2159 θέντα
343 2133 454 2164 tamen
467 2137 513 2162 τῆς
535 2134 675 2163 ἐπισκοπῆς
696 2133 737 2160 διὰ
753 2135 799 2163 τὰς
819 2134 978 2169 βλασφημίας
998 2138 1045 2164 τῆς

260 2177 387 2213 εἰρημένης
400 2178 542 2208 ἕπιστολῶς,
555 2179 598 2204 καὶ
607 2178 693 2207 Νόννος
705 2178 757 2205 ἀντ’
770 2179 845 2205 αὐτοῦ
858 2179 1042 2215 ἐχειροτονήθη,

948 117 1093 146 VlGlLlUS
1112 117 1211 144 PAPA.

1815 124 1858 151 252

1068 177 1094 205 Α
1105 175 1227 210 delectus
1239 180 1290 207 est,
1302 179 1329 203 et
1342 179 1436 210 postea
1450 184 1476 203 tn
1492 179 1584 203 sancto
1595 175 1791 207 Chalcedoneusi
1803 189 1858 210 con-

1106 221 1168 248 cilio
1181 221 1333 256 compulsus
1347 225 1389 249 est
1402 222 1490 249 omnia
1505 222 1636 249 contraria
1651 226 1794 254 memoratis
1811 229 1859 257 sui.

1106 267 1266 301 conscriptis
1276 267 1375 299 facere,
1386 271 1414 294 et
1427 272 1526 294 rectam
1537 266 1616 295 ﬁdem
1630 269 1755 297 conﬁteri.

1142 311 1209 338 XIII.
1225 311 1254 338 Si
1273 311 1333 345 quis
1347 311 1464 338 defendit
1477 312 1584 347 impiam
1605 313 1737 347 epistolam
1751 322 1822 349 quam
1834 318 1863 346 ad

1106 356 1201 384 Marim
1228 356 1335 385 Persam
1361 357 1515 385 hmreticum
1539 357 1598 385 ibas
1621 359 1752 394 scripsisse
1771 361 1863 398 dicitur,

1105 410 1165 437 qua:
1179 402 1294 436 abnegat
1318 402 1399 429 Deum
1412 402 1527 430 Verbum
1550 403 1681 431 hominem
1701 404 1792 433 factum
1804 415 1863 442 esse,

1108 452 1135 474 et
1148 447 1212 475 dicit
1233 455 1285 475 non
1301 447 1384 474 Deum
1398 447 1513 475 Verbum
1527 455 1561 475 ex
1583 448 1682 482 virgine
1706 450 1863 485 incarnatum,

1104 497 1195 520 natum
1208 501 1278 525 esse,
1296 493 1342 520 sed
1355 501 1448 527 purum
1459 494 1593 521 hominem
1604 502 1635 521 ex
1648 495 1701 529 ipsa
1712 503 1767 524 esse
1777 503 1863 532 natum,

1103 545 1183 572 quem
1210 538 1338 573 templum
1363 543 1451 572 vocat,
1476 543 1504 566 ut
1527 539 1594 567 alius
1617 539 1651 567 sit
1673 539 1741 568 Deus
1752 542 1865 578 Verbum,

1102 587 1130 610 et
1152 583 1219 610 alius
1244 584 1345 616 homo;
1367 588 1394 611 et
1415 592 1495 619 super
1519 585 1575 612 hzec
1595 585 1703 619 injuriat
1725 586 1865 621 Ephesinam

1102 627 1216 662 primam
1237 628 1380 663 synodum,
1403 629 1479 663 quasi
1492 630 1550 657 sine
1563 630 1732 664 inquisitione
1745 635 1771 659 et
1782 634 1865 661 exami-

1102 669 1216 700 natione
1226 674 1260 700 ab
1281 674 1338 708 ipsa
1359 674 1483 702 Nestorio
1507 675 1695 709 condemnato,
1717 681 1742 705 et
1760 684 1864 707 sanctum

1102 717 1229 752 Cyrillum
1244 724 1321 746 vocat
1335 720 1497 752 haereticum,
1513 724 1540 747 et
1554 721 1693 750 duodecim
1704 722 1757 758 ejus
1767 725 1865 760 capitula

1101 763 1183 798 impia
1207 763 1282 800 dicit,
1304 765 1460 795 Nestorium
1480 771 1569 797 autem
1592 775 1620 797 et
1641 770 1802 798 Theodorum
1815 780 1866 799 cum

1102 810 1191 848 impiis
1206 821 1298 841 eorum
1322 814 1481 849 conscriptis
1503 815 1639 843 collaudat
1660 820 1687 843 et
1707 816 1822 843 defendit.
1842 817 1866 844 Si

1101 860 1161 893 quis
1175 859 1265 894 igitur,
1288 860 1358 886 sicut
1371 860 1471 887 dictum
1485 864 1537 894 est,
1552 861 1674 888 eamdem
1689 861 1767 896 ipsam
1781 862 1866 896 episto-

1065 897 1085 924 Β
1101 903 1153 930 lam
1168 904 1295 937 vindicat,
1311 904 1352 931 vel
1367 909 1468 932 rectam
1483 912 1543 932 esse
1557 904 1621 933 dicit
1634 906 1717 940 ipsam
1730 907 1769 934 vel
1779 911 1865 941 partem

1100 949 1193 984 ipsius,
1208 950 1254 977 sed
1270 957 1322 976 non
1336 950 1545 978 anathematizat
1556 958 1629 984 eam,
1645 951 1782 978 anathema
1797 952 1835 979 sit.

1137 995 1194 1022 Tali
1221 1002 1286 1029 ergo
1313 996 1394 1030 impia
1422 996 1535 1030 cpistola
1561 995 1636 1030 juste
1663 997 1867 1023 anathematizata

1100 1047 1210 1076 propter
1224 1041 1337 1069 insertas
1350 1042 1374 1069 ei
1385 1042 1572 1076 hlasphernias,
1588 1042 1722 1069 Theodori
1736 1047 1760 1070 et
1770 1043 1869 1070 Nestorii

1101 1089 1243 1123 impiorum
1258 1096 1387 1123 sequaces
1401 1082 1534 1116 conantur
1543 1089 1647 1120 dicere,
1662 1093 1806 1123 susceptam
1818 1095 1869 1116 esse

1100 1141 1161 1161 eam
1186 1141 1201 1161 a
1220 1138 1313 1161 sancto
1336 1134 1549 1162 Chalcedonensi
1571 1134 1698 1162 concilio.
1725 1133 1779 1161 Hoc
1793 1138 1869 1161 autem

1100 1181 1202 1212 dicunt,
1226 1185 1345 1209 sanctam
1360 1181 1467 1215 quidem
1482 1180 1730 1208 Chalcedonensem
1751 1180 1868 1216 synodum

1100 1226 1305 1259 calumniantes,
1321 1227 1427 1253 nomine
1444 1231 1533 1253 autem
1553 1226 1611 1258 ejus
1625 1225 1780 1253 festinantes
1792 1225 1869 1252 debita

1100 1270 1323 1298 condemnatione
1344 1271 1455 1298 liberare
1466 1271 1653 1303 Theodorum,
1680 1276 1706 1298 et
1725 1270 1868 1301 Nestorium,

1100 1318 1128 1340 et
1138 1314 1246 1348 impiam
1260 1315 1412 1349 epistolam,
1427 1323 1475 1349 pro
1489 1322 1539 1349 qua
1552 1315 1610 1342 ibas
1624 1316 1723 1349 saepius
1735 1318 1869 1346 accusatus.

1102 1367 1154 1386 non
1168 1363 1207 1386 est
1222 1367 1301 1386 ausus
1315 1368 1373 1386 eam
1394 1368 1468 1387 suam
1482 1360 1571 1387 dicere
1594 1366 1707 1395 propter
1728 1360 1831 1387 insertas
1849 1358 1870 1385 ci

1100 1403 1288 1438 blasphemias.
1313 1404 1347 1431 Et
1372 1404 1429 1432 hmc
1451 1405 1696 1433 demonstrabimus
1719 1413 1751 1433 ex
1770 1405 1808 1432 bis
1819 1411 1869 1440 quze

1100 1447 1203 1475 diverse
1225 1448 1258 1475 de
1283 1449 1333 1476 ista
1357 1457 1436 1476 causa
1451 1454 1523 1476 mota
1547 1454 1618 1476 sunt.
1648 1450 1675 1477 In
1691 1450 1730 1476 his
1743 1450 1808 1476 enim
1820 1455 1869 1483 qua

1099 1492 1168 1526 apud
1183 1492 1306 1520 Photium
1321 1498 1348 1520 et
1361 1493 1526 1521 Eustathium
1544 1494 1568 1530 [a
1585 1494 1683 1522 Photio
1698 1500 1724 1522 et
1736 1492 1869 1529 Eustatliio]

1100 1535 1161 1571 Tyri
1182 1541 1241 1564 acta
1254 1542 1324 1570 sunt,
1350 1546 1409 1565 cum
1421 1544 1592 1566 accusaretur
1606 1540 1750 1574 przcdictus
1770 1539 1822 1567 liias
1842 1539 1870 1566 de

1062 1574 1082 1605 C
1099 1580 1202 1615 injuriis
1217 1581 1245 1608 S.
1259 1581 1360 1617 Cyrilli,
1373 1583 1513 1610 manifeste
1527 1583 1669 1612 confessus
1682 1589 1731 1617 est,
1754 1589 1810 1619 post
1823 1584 1870 1610 uui-

1098 1630 1179 1653 tatem
1194 1625 1378 1660 Orientalium,
1401 1636 1460 1662 qua:
1482 1628 1514 1655 ad
1529 1633 1633 1656 sancta:
1655 1630 1787 1657 memoria:
1800 1629 1871 1664 Cyril-

1097 1670 1150 1697 lum
1162 1670 1231 1698 facta
1243 1676 1294 1706 est,
1305 1671 1370 1698 nihil
1381 1672 1537 1706 injuriosum
1549 1673 1583 1700 de
1595 1682 1631 1701 eo
1643 1674 1749 1701 dixisse.
1765 1673 1870 1708 Epistula

1097 1720 1186 1742 autem
1200 1716 1278 1750 plena
1293 1716 1427 1751 praedictis
1440 1718 1621 1752 blasphemiis,
1640 1727 1690 1754 pro
1701 1720 1793 1754 quibus
1803 1726 1870 1745 accu-

1097 1764 1205 1791 sabatur
1218 1764 1287 1798 lbas,
1300 1765 1398 1792 multas
1409 1771 1502 1794 contra
1514 1767 1542 1795 S.
1557 1767 1690 1803 Cyrillum
1701 1768 1806 1802 injurias
1817 1774 1870 1793 con-

1097 1808 1194 1841 tinens,
1210 1808 1280 1836 facta
1295 1818 1353 1838 esse
1368 1812 1517 1839 ostenditur
1531 1816 1592 1847 post
1606 1814 1738 1841 unitatem
1751 1812 1782 1839 ad
1791 1812 1870 1838 Orien-

1098 1853 1163 1880 tales
1189 1854 1295 1887 l‘actam,
1317 1863 1351 1882 ex
1365 1863 1418 1890 quo
1438 1857 1641 1885 demonstratur
1655 1858 1714 1885 lbas
1728 1865 1784 1885 eam
1798 1857 1869 1883 ahne«

1095 1905 1181 1932 gasse.
1199 1899 1274 1928 Unde
1287 1902 1405 1935 prmdicti
1419 1902 1530 1931 Photius
1552 1907 1580 1931 et
1593 1904 1750 1932 Eustathius
1775 1901 1869 1931 satisfa-

1096 1943 1198 1970 cientes
1213 1947 1413 1975 accusatoribus
1438 1948 1463 1975 in
1489 1949 1593 1983 scriptis
1615 1949 1786 1979 deﬁnierunt.
1809 1954 1868 1982 pra!-

1095 1989 1194 2016 dietum
1223 1990 1294 2017 Ibam
1321 1992 1411 2019 omnia
1438 1995 1572 2021 contraria
1596 1995 1721 2029 epistola:
1743 2000 1868 2030 peragere.

1095 2034 1164 2061 sicut
1175 2034 1304 2069 judicium
1316 2037 1349 2064 ab
1370 2038 1409 2065 eis
1422 2037 1456 2066 de
1478 2039 1529 2067 hoc
1551 2040 1644 2067 datum
1667 2040 1803 2075 signiﬁcat.
1825 2037 1870 2065 Sed

1096 2087 1155 2107 cum
1170 2081 1229 2109 lbas
1241 2090 1293 2110 non
1313 2083 1486 2119 adimplesset
1499 2092 1530 2112 ea
1544 2094 1602 2121 qua:
1627 2087 1666 2113 illi
1683 2086 1869 2120 judicarerunl.

1096 2124 1196 2159 ejectus
1228 2132 1270 2154 est
1300 2128 1333 2154 ab
1369 2129 1526 2164 episcopatu
1560 2136 1674 2166 propter
1705 2129 1871 2166 blasphemias

1095 2170 1228 2203 praedictae
1251 2171 1387 2206 epistolae,
1416 2178 1444 2201 et
1463 2175 1572 2202 Nonnus
1596 2184 1647 2210 pro
1675 2176 1722 2203 illo
1745 2175 1870 2203 ordinatus

257 2221 287 2251 ὃς
308 2224 348 2249 καί
368 2223 536 2252 ωνεκαθὲσθη
547 2227 577 2260 τῇ
592 2224 652 2261 ἁγίᾳ
667 2225 691 2251 ἐν
706 2224 842 2254 Χαλκηδόνι
861 2225 968 2261 συνόδῳ.
984 2227 1042 2262 Περὶ

1096 2218 1158 2245 est,
1192 2215 1237 2249 qui
1271 2221 1299 2243 et
1329 2219 1449 2246 consedit
1482 2219 1507 2246 in
1540 2225 1635 2248 sancto
1671 2217 1870 2248 Chalcedonensi

258 2270 308 2295 τῶν
321 2268 401 2295 αὐτῶν
413 2270 495 2296 τοίνυν
510 2270 553 2296 καί
566 2271 590 2297 ἐν
604 2269 739 2298 Χαλκηδόνι
757 2272 935 2307 κατηγορηθεὶς
955 2271 967 2299 ὀ
981 2283 1042 2307 μνη-

260 2315 384 2346 μοκυθείς
398 2311 469 2344 Ἰεας
481 2316 547 2349 μετὰ
556 2318 600 2345 τὴν
611 2316 750 2351 ἀνάγνωσιν
761 2321 806 2346 τῆς
820 2318 929 2347 ἀσεϐοῦς
943 2317 1042 2345 ἐπιστο-

262 2359 306 2387 λῆς
318 2358 361 2384 οὐκ
372 2357 491 2393 ἰτὸλμησε
503 2360 598 2389 ταύτην
609 2361 792 2393 οἰκειώσασθαι,
805 2361 855 2389 ἀλλ’
868 2363 942 2393 εὐθὺς
953 2364 1041 2394 αὑταῖς

259 2403 353 2435 λέξεσιν
363 2404 495 2440 ἐπήγαγεν,
506 2404 544 2432 ὅτι
557 2405 683 2443 ἀλλότριος
697 2410 748 2442 εἰμι
757 2412 805 2435 τῶν
818 2409 977 2445 ἐπαγομένων
987 2421 1040 2445 μοι.

259 2444 327 2475 ὀθεν
342 2449 357 2478 ἦ
371 2449 430 2485 ἁγία
443 2449 556 2482 σύνοδος,
572 2454 606 2485 μή
620 2452 770 2488 ἀρκεσθεῖσα
781 2457 812 2489 τῇ
824 2454 927 2489 ἀρνήσει
940 2453 999 2482 Ἰϐα
1011 2459 1042 2492 τῇ

258 2494 300 2521 ἐπὶ
313 2499 344 2530 τῇ
359 2495 448 2522 ἀσεϐεῖ
459 2496 577 2533 ἐπιστολῇ
590 2498 733 2526 συνώθησεν
745 2499 820 2526 αὐτὸν
834 2500 952 2527 τὰναντῖα
961 2503 1040 2539 ταύτῃ

257 2541 365 2578 πρᾶξαι,
380 2542 499 2568 τουπ-ἐστι
512 2544 556 2570 τὴν
576 2542 600 2568 ἐν
616 2542 679 2578 αὖτῇ
693 2543 855 2578 ἀθετουμένην
869 2547 955 2572 πίστιν
968 2547 1040 2582 ὀρθὴν

258 2584 423 2621 ὁμολογῆσαι,
442 2589 485 2612 καὶ
504 2589 549 2614 τήν
570 2587 643 2621 ἁγίαν
663 2589 688 2614 εν
707 2590 796 2625 Ἐφέσῳ
814 2592 915 2626 πρώτην
934 2592 1040 2619 σύνοδον

258 2627 382 2663 δέξασθαι,
397 2633 439 2658 καὶ
452 2633 493 2658 τὸν
508 2632 531 2658 ἐν
542 2632 622 2667 ἁγίοις
635 2634 749 2670 Κύριλλον
760 2637 859 2672 πατέρα
870 2638 912 2663 καὶ
922 2636 1039 2665 διδάσκα-

256 2672 295 2699 λον
307 2674 503 2711 ἐπιγράψασθαι,
516 2677 548 2704 τὰ
559 2677 583 2703 ἐν
596 2681 627 2714 τῇ
641 2679 731 2705 ἀσεϐεῖ
744 2680 864 2717 ἐπιστολῇ
877 2681 1036 2718 demam“-

256 2719 298 2744 καὶ
308 2720 445 2756 Νεστὸριον
457 2723 499 2748 καὶ
513 2722 541 2752 τὸ
556 2722 645 2752 ἀσεϐὲς
661 2724 738 2751 αὐτοῦ
751 2724 831 2760 δόγμα
844 2726 1036 2762 haesitatio-au.

251 2761 333 2800 ’Δπερ
354 2764 369 2791 ἠ
383 2764 476 2795 ἀσεϐὴς
488 2766 606 2796 επιστολή
624 2768 721 2795 ἐπαινεῖ
732 2770 776 2796 καί
794 2769 889 2797 suam;
910 2773 937 2798 Εἰ
954 2773 1037 2799 τοίνυν

250 2809 293 2835 καί
303 2808 377 2838 αὐτὸς
390 2806 462 2839 Ἰϐιις
477 2809 602 2846 διαφόρως
615 2814 788 2849 γατηγορηθεὶς
799 2816 858 2851 περὶ
867 2819 913 2845 τῆς
926 2816 1037 2847 ἀσεϐοῦς

248 2852 399 2887 ima":th
413 2854 456 2882 οὐκ
474 2854 609 2891 ἐτόλμησεν
621 2858 695 2887 αὐτὴν
714 2860 907 2895 οἰκειώσασθαι,
922 2863 982 2891 ἀλλὰ
998 2866 1037 2890 καί

1093 2264 1216 2292 concilio.
1259 2266 1297 2293 De
1336 2267 1436 2295 eisdem
1471 2269 1550 2302 igitur
1589 2271 1672 2297 etiam
1710 2268 1871 2297 Chalcedone

1093 2316 1233 2342 accusatus
1261 2319 1426 2344 memoratus
1453 2317 1531 2351 Ihas,
1567 2323 1629 2353 post
1656 2320 1798 2346 lectionem
1826 2317 1868 2342 im-

1093 2363 1144 2398 pia:
1167 2364 1287 2398 epistola:
1300 2373 1353 2392 non
1365 2370 1407 2393 est
1421 2374 1500 2394 ausus
1513 2375 1573 2394 eam
1588 2376 1665 2395 suam
1677 2376 1737 2396 esse
1747 2365 1870 2398 conﬁteri,

1094 2408 1140 2435 sed
1155 2409 1243 2436 statim
1251 2409 1315 2443 ipsis
1325 2410 1414 2439 verbis
1429 2411 1526 2446 intulit,
1542 2412 1659 2440 alienum
1675 2421 1706 2440 se
1718 2420 1777 2441 esse
1786 2418 1871 2440 eorum

1094 2459 1153 2487 qua:
1167 2454 1192 2481 ei
1207 2454 1397 2486 inferebantur.
1424 2455 1499 2484 Unde
1513 2462 1602 2485 sancta
1616 2459 1752 2494 synodus,
1775 2465 1832 2485 cum
1851 2456 1872 2483 ei

1094 2504 1147 2524 non
1161 2498 1295 2526 sufﬁceret
1305 2500 1445 2534 abnegatio
1459 2501 1523 2535 Ihm,
1539 2509 1598 2536 qua:
1611 2503 1683 2531 facta
1698 2508 1739 2531 est
1757 2503 1790 2530 de
1800 2502 1872 2536 impia

1094 2543 1204 2577 epistola
1215 2562 1222 2575 ,
1243 2545 1372 2579 compulit
1383 2553 1444 2573 eum
1456 2548 1590 2574 contraria
1602 2548 1626 2575 ei
1642 2555 1785 2583 peragere,
1800 2547 1824 2575 id
1837 2550 1873 2573 est

1093 2589 1262 2622 reprobatam
1277 2590 1303 2617 in
1319 2598 1349 2618 ea
1362 2595 1462 2618 rectam
1475 2592 1551 2620 ﬁdem
1568 2594 1710 2627 conﬁteri,
1731 2599 1759 2621 et
1772 2593 1872 2628 Ephesi-

1093 2641 1153 2661 uam
1162 2635 1273 2669 primam
1285 2641 1404 2664 sanctam
1412 2638 1543 2672 synodum
1552 2639 1702 2673 suscipere,
1717 2644 1745 2667 et
1759 2643 1873 2666 sanctum

1092 2679 1217 2714 Cyrillum
1227 2679 1330 2708 Patrem
1345 2686 1372 2709 et
1382 2682 1518 2710 doctorem
1530 2684 1665 2712 ascribere
1671 2686 1773 2719 qum,in
1784 2683 1873 2711 eadem

1091 2727 1171 2762 impia
1183 2729 1296 2763 epistola
1316 2730 1488 2764 injuriantur,
1507 2737 1535 2758 et
1549 2732 1702 2759 Nestorium
1715 2727 1874 2767 impiumque

1090 2772 1147 2806 ejus
1157 2773 1253 2807 dogma
1267 2775 1501 2809 anathematizare,
1512 2785 1571 2811 quae
1583 2782 1609 2804 et
1620 2777 1704 2812 impia
1714 2778 1824 2812 epistola
1830 2777 1872 2803 de-

1091 2818 1174 2846 fendit
1181 2824 1208 2846 et
1215 2820 1358 2847 collaudat.
1366 2821 1392 2848 Si
1402 2822 1480 2856 igitur
1486 2828 1514 2849 et
1520 2823 1577 2857 ipse
1583 2824 1646 2850 lhas
1653 2829 1765 2857 propter
1775 2823 1876 2856 impiam

1091 2864 1230 2899 epistolam
1241 2866 1337 2900 sepius
1351 2872 1503 2901 accusatus,
1517 2872 1624 2896 nonest
1640 2876 1724 2896 ausus
1738 2877 1797 2896 eam
1807 2875 1877 2895 suam
