4032 6190
501 336 610 391 S55

1883 331 2169 390 VltilLRJS
2209 332 2404 388 PAPA.

3637 326 3740 383 236

501 456 658 528 ριλλος
688 455 865 527 ὁμοίως
905 455 1300 524 ἀπεϐαλλόμενος
1333 460 1448 514 τοὺς
1471 474 1521 509 τε
1552 451 1642 508 δύο
1678 454 1819 513 υἱοὺς
1842 454 2071 524 εἰσάγον-

2195 465 2279 520 [ue
2306 449 2509 505 servari
2538 450 2628 504 uni
2667 457 2722 503 et
2744 464 2876 504 vero
2901 447 3058 514 Filio,
3088 458 3146 502 et
3172 463 3278 501 non
3308 445 3422 517 pati
3448 444 3736 501 secundum
3768 485 3802 542 ί

503 567 614 610 τας,
640 544 754 607 τοὺς
776 567 829 601 τε
851 550 968 615 μίαν
996 546 1143 619 φύσιν
1160 545 1395 615 λέγοντας
1415 544 1644 602 θεότητος
1667 547 1750 598 καὶ
1768 550 1858 601 τῆς
1885 543 2074 612 σαρκὸς

499 643 590 691 τοῦ
614 641 856 699 Χριστοῦ,
887 637 1066 709 γράφει
1084 634 1272 695 οὕτως·
1307 651 1324 683 t
1346 635 1417 687 Οὑ
1444 631 1718 708 διοριστέον
1756 629 1838 685 οὖν
1863 629 1963 702 ἄρα
1990 631 2075 685 τὸν

499 726 587 781 ἕνα
615 728 783 800 κὺριον
806 732 994 784 Ἰησοῦν
1015 724 1231 798 Χριστόν
1258 726 1329 784 είς
1356 720 1616 801 ἄνθρωπον
1655 721 1851 786 ἰδικῶς,
1884 724 1968 777 καὶ
2005 725 2077 780 εἰς

500 816 622 869 Θεὸν
649 814 815 876 ὶδικῶς
836 854 850 880 ,
881 814 987 868 ἀλλ’
1010 814 1095 868 ἕνα
1127 816 1321 868 καὶτὸν
1346 815 1497 868 αὑτὸν
1526 811 1724 873 Ἰησοῦν
1745 815 1962 887 Χριστὲν
1995 812 2080 865 κὺ-

501 907 606 980 ριόν
628 928 807 979 φαμεν.
839 912 929 964 τήν
956 912 1055 962 τῶν
1080 907 1274 977 φύσεων
1298 904 1484 983 εἰδότες
1507 903 1746 978 διαγορὰν
1761 943 1776 968 ,
1806 908 1889 956 ναὶ
1913 905 2079 974 ἀσυγ-

504 1001 684 1065 χὺτως
713 998 941 1055 ἀλλήλαις
968 1002 1236 1071 τηροῦντες
1268 997 1448 1055 αὑτάς.
1470 1013 1489 1047 ι
1522 996 1579 1047 Εἰ
1597 999 1789 1056 τοίνυν,
1816 994 1975 1052 καθὼς
2006 991 2081 1047 δι·-

505 1086 682 1143 δάσκει
724 1085 825 1141 ὃέν
868 1086 1025 1158 ἁγίοις
1064 1085 1331 1163 Κῖριλλος,
1374 1080 1444 1145 εἷς
1492 1087 1628 1139 ἐστιν
1674 1081 1700 1136 ὁ
1746 1082 1914 1159 κὺριος
1943 1084 2080 1153 ἡμῶν

500 1173 691 1236 Ἰησοῦς
714 1178 953 1252 Χριστὸς,
975 1177 1160 1237 τέλειος
1185 1178 1231 1228 ἐν
1252 1176 1465 1234 θςὸτητι.
1496 1177 1580 1228 καί
1599 1174 1781 1233 τέλειος
1810 1172 1834 1226 ὁ
1860 1173 2014 1230 αὑτὸς
2035 1173 2083 1223 ἔν

504 1263 885 1340 ἂνθρωπότητι,
920 1268 1006 1319 καὶ
1048 1267 1134 1319 οὑκ
1177 1264 1329 1319 ἔπαθε
1372 1273 1435 1338 τῇ
1477 1265 1585 1338 θείᾳ
1621 1264 1801 1337 φύσει,
1850 1262 1974 1316 ἀλλά
2019 1269 2082 1333 τῇ

504 1363 654 1431 χοΐκῇ
684 1353 827 1428 φύσει
847 1395 861 1419 ,
905 1350 1003 1409 οἶδε
1033 1352 1087 1409 δὲ
1128 1356 1211 1408 καὶ
1236 1360 1325 1412 τὴν
1350 1362 1450 1408 τῶν
1478 1355 1676 1424 φύσεων
1701 1345 1970 1429 διαφορᾶν,
2001 1354 2085 1405 καί

504 1447 563 1501 τὸ
588 1449 928 1518 ἀσυγχύτους
954 1446 1116 1507 αὑτὰς
1138 1445 1366 1505 ἀλλήλαις
1394 1446 1442 1497 ἐν
1470 1448 1562 1515 μιᾷ
1589 1442 1880 1499 ὑποστάσει
1899 1443 2083 1514 whit-

504 1539 700 1596 τεσθαι,
732 1536 876 1594 δῆλον
902 1534 981 1589 ὅτι
1012 1536 1093 1591 τὸν
1124 1535 1269 1589 αὑτὸν
1297 1537 1346 1588 ἔν
1474 1535 1583 1609 θείᾳ
1613 1536 1762 1606 φύσει
1794 1536 1873 1586 καὶ
1905 1539 1968 1606 τῇ
2008 1535 2088 1585 ἀνα

506 1629 725 1702 θρωπίνῃ
755 1624 885 1696 λείβει
914 1623 937 1678 ὅ
974 1630 1140 1697 πατὴρ
1169 1625 1523 1697 γνωρίζεσθαι,
1554 1624 1640 1676 καὶ
1667 1621 1908 1696 ἑκατέραν
1942 1624 2088 1692 φῦσιν

507 1718 556 1770 ἓν
581 1717 719 1788 αὑτῷ
747 1711 893 1779 εἶναι,
925 1716 975 1777 ἐξ
1010 1710 1074 1765 ὧν
1104 1717 1187 1767 καί
1225 1714 1480 1770 συνετέθη.
1513 1715 1603 1765 Καὶ
1638 1713 1725 1765 οὑκ
1752 1708 1814 1766 ἄν
1852 1730 1929 1770 τις
1956 1710 2088 1762 οὕτω

2177 541 2452 606 deitatem,
2484 549 2539 596 et
2565 540 2673 596 dici
2700 556 2918 611 passum
2947 556 3065 597 esse
3085 539 3333 595 eumdem
3362 537 3532 610 ipsum
3549 553 3738 593 secun—

2177 632 2303 686 dum
2348 632 2730 686 humanitatem
2764 652 2778 686 :
2810 633 2976 701 ipsius
3017 634 3157 686 enim
3204 645 3362 700 passa
3409 636 3494 683 est
3539 642 3725 683 caro.»

2180 724 2245 778 Et
2297 725 2349 778 in
2396 725 2763 778 tertiodecimo
2811 724 2986 792 capite
3031 723 3354 777 scboliorum
3386 721 3525 775 idem
3554 718 3611 773 S.
3642 719 3743 791 Οτι

2180 817 2333 870 rillus
2364 815 2613 870 similiter
2653 814 2895 883 rejiciens
2923 830 3017 870 eos
3054 815 3142 882 qui
3170 814 3304 867 duos
3335 811 3471 866 ﬁlios
3500 809 3734 864 introdu-

2181 913 2328 969 cunt,
2377 912 2432 960 et
2474 920 2569 960 eos
2598 904 2688 972 qui
2717 920 2878 958 uuam
2920 905 3105 958 dicunt
3140 910 3385 956 naturam
3433 900 3649 955 deitatis
3692 908 3749 955 et

2181 993 2360 1049 carnis
2376 991 2594 1061 Christi,
2615 994 2688 1047 ita
2710 995 2894 1048 scribit
2919 1010 2932 1046 :
2971 1011 2990 1044 ι
3012 993 3125 1047 Non
3146 989 3557 1047 discernendum
3584 1004 3747 1045 unum

2182 1078 2464 1138 Dominum
2486 1082 2664 1138 Jesum
2699 1082 2968 1138 Christum
3018 1083 3071 1137 in
3115 1083 3388 1137 hominem
3436 1082 3746 1150 separatim,

2181 1173 2317 1228 etin
2348 1173 2513 1228 Deum
2540 1173 2870 1242 separatim:
2917 1173 3012 1230 sed
3050 1187 3214 1226 unum
3261 1170 3620 1239 eumdemque
3650 1169 3754 1226 Dc-

2182 1264 2385 1318 minum
2413 1264 2592 1320 Iesum
2622 1261 2892 1320 Christum
2912 1265 3155 1330 dicimus,
3182 1271 3490 1318 naturarum
3518 1264 3754 1318 scientes

2183 1352 2562 1418 diﬂerentiam,
2593 1362 2647 1408 et
2690 1355 2995 1410 inconlusas
3034 1369 3126 1409 eas
3153 1353 3255 1408 sibi
3281 1353 3506 1407 invicem
3535 1367 3752 1407 conser-

2184 1456 2391 1503 vantes.
2424 1467 2440 1498 ι
2473 1447 2530 1501 Si
2561 1448 2721 1516 igitur
2749 1448 2931 1519 (prout
2951 1448 3108 1504 docet
3137 1462 3233 1502 nos
3258 1454 3476 1502 sanctus
3500 1444 3751 1517 Cyrillus)

2186 1554 2323 1594 unus
2362 1548 2444 1594 est
2475 1540 2730 1595 Dominus
2757 1549 2942 1597 noster
2982 1540 3141 1596 Jesus
3168 1539 3430 1605 Christus,
3485 1537 3758 1609 perfectus

2191 1629 2243 1682 in
2271 1629 2506 1695 deitate,
2543 1638 2597 1685 et
2627 1630 2895 1700 perfectus
2917 1631 3055 1686 idem
3085 1632 3204 1700 ipse
3237 1632 3290 1684 in
3316 1630 3669 1694 humanitate,
3700 1642 3756 1685 et

2190 1734 2295 1771 non
2321 1728 2401 1774 est
2422 1735 2608 1789 passus
2636 1720 2812 1775 divina
2844 1732 3048 1785 natura,
3079 1722 3171 1776 sed
3203 1729 3432 1785 terrena,
3456 1721 3558 1776 scit
3576 1730 3757 1775 autem

505 1809 712 1878 μανείη.
760 1809 828 1868 ὡς
870 1808 1029 1882 ὀρθῶς
1070 1808 1277 1871 νομίσαι
1315 1812 1504 1879 φρονεῖν
1539 1806 1658 1863 τοὺς
1696 1804 1930 1882 λέγοντας
1968 1804 2087 1867 μίαν

2195 1815 2244 1860 et
2273 1816 2582 1862 naturarum
2622 1808 3005 1873 differentiam,
3046 1808 3273 1878 etquod
3318 1810 3609 1865 inconfusaa
3652 1809 3755 1865 sibi

508 1894 630 1953 εἶναι
656 1899 820 1970 φύσιν,
846 1899 956 1957 ἤτοι
976 1899 1155 1952 οὑσίαν
1177 1898 1365 1973 σαρκὸς
1385 1899 1464 1949 γαί
1482 1893 1705 1954 θεότητος
1726 1893 1815 1948 di
1839 1897 2080 1965 Χριστοῦ.

508 1991 596 2045 τήν
624 1988 776 2046 αὑτὴν
804 1987 935 2040 θείαν
963 1988 1049 2040 καὶ
1073 1991 1276 2058 χοῖκήν,
1306 1988 1527 2044 παθητὴν
1553 1986 1637 2039 καὶ
1663 1985 1845 2042 ἀπαθῆ.

2195 1896 2423 1952 invicem
2468 1898 2518 1952 in
2552 1915 2651 1952 una
2694 1899 3033 1956 subsistentia
3076 1908 3498 1955 conservantur:
3547 1907 3758 1956 certum

2189 1994 2293 2050 est,
2321 1987 2464 2055 quod
2497 1986 2745 2042 eumdem
2775 1989 2946 2058 ipsum
2990 1989 3043 2043 in
3071 1989 3251 2043 divina
3281 1997 3471 2044 natura
3496 1997 3552 2045 et
3580 1990 3634 2044 in
3658 1990 3758 2045 hu-

2198 2091 2357 2131 mana
2384 2077 2514 2132 dicit
2536 2076 2695 2134 Pater
2722 2078 2991 2147 cognosci,
3022 2086 3077 2133 et
3115 2087 3394 2148 utramque
3418 2087 3666 2133 naturam
3705 2078 3759 2131 in

508 2167 625 2236 ipso
655 2182 792 2232 esse,
825 2182 892 2224 ex
921 2168 1114 2240 quibus
1142 2176 1197 2223 et
1223 2166 1554 2236 compositus
1581 2173 1680 2220 est.
1731 2163 1799 2218 Et
1843 2179 1949 2219 non
1993 2164 2187 2233 aliquis
2232 2166 2310 2221 sic
2359 2166 2606 2232 insaniat,
2659 2176 2716 2221 ut
2755 2168 3042 2225 arbitretur
3090 2182 3185 2223 eos
3230 2173 3378 2221 recte
3431 2181 3622 2236 sapere
3670 2166 3759 2237 qui

509 2258 695 2314 dicunt
740 2276 900 2314 unam
943 2273 1062 2315 esse
1107 2268 1352 2313 naturam
1397 2258 1509 2312 sive
1556 2256 1909 2312 substantiam
1950 2257 2128 2311 carnis
2177 2264 2232 2312 et
2277 2257 2492 2314 deitatis
2537 2258 2754 2326 Christi,
2812 2260 3054 2321 eamdem
3100 2267 3157 2315 et
3201 2259 3432 2314 divinam
3479 2265 3532 2314 et
3590 2267 3764 2315 terre—

510 2366 655 2417 nam,
687 2351 988 2422 passibilem
1016 2360 1071 2406 et
1099 2349 1501 2422 impassibilem.

583 2443 780 2505 Ἐπειδὴ
823 2444 877 2500 δὲ
918 2448 1004 2499 καί
1047 2446 1284 2519 ἑτέρωθεν
1311 2444 1717 2506 ·κατασκευάζειν
1767 2442 2095 2517 ἐπιχειροῦσί

513 2555 642 2595 rm;
669 2537 725 2591 τὸ
752 2538 866 2608 μίαν
907 2532 1031 2590 εἶναι
1055 2538 1215 2608 φύσιν
1228 2544 1317 2594 τῆς
1347 2532 1579 2594 θεότητος
1608 2535 1697 2586 καί
1716 2539 1805 2593 τῆς
1845 2529 2119 2615 ἀνθρωπόχ

514 2647 667 2686 raro;
693 2633 786 2684 τοῦ
818 2632 1039 2701 Χριστοῦ
1057 2668 1072 2691 ,
1102 2628 1159 2681 τὸ
1182 2632 1269 2680 τοῦ
1297 2626 1561 2700 ἀνθρώπου
1598 2621 1923 2699 παρὰδειγαα
1962 2640 2092 2695 προ·-

516 2717 839 2788 6αλ).ὁμενοι,
880 2718 966 2771 καί
1006 2716 1261 2789 λέγοντες,
1312 2717 1488 2793 ὥσπερ
1527 2715 1579 2778 ἒξ
1618 2715 1888 2792 ἕτεροφυῶν
1913 2710 2094 2782 ψυχῆς

2271 2439 2532 2510 Quoniam
2581 2450 2757 2499 autem
2797 2452 2853 2499 et
2894 2442 3001 2498 alio
3036 2443 3196 2498 modo
3233 2443 3447 2513 quidam
3475 2442 3765 2498 ostendere

2199 2540 2482 2599 conantur,
2506 2548 2664 2587 unam
2692 2549 2811 2589 esse
2837 2541 3079 2588 naturam
3109 2533 3322 2588 deitatis
3342 2542 3397 2589 et
3418 2533 3769 2588 humanitatis

2199 2618 2419 2688 Christi,
2449 2623 2750 2691 exemplum
2774 2623 3001 2677 hominis
3023 2631 3399 2691 proponentes,
3424 2632 3482 2677 et
3498 2622 3766 2687 dicentes,

2199 2711 2343 2778 quod
2387 2711 2525 2767 sicut
2571 2726 2639 2766 ex
2685 2712 2911 2767 diversis
2956 2714 3184 2778 naturis,
3230 2713 3407 2766 anima
3454 2720 3509 2766 et
3535 2727 3770 2781 corpore

516 2812 603 2864 καὶ
652 2812 888 2882 σώματος
918 2813 1171 2870 συνεστὼς
1201 2809 1226 2863 ὁ
1257 2806 1518 2884 ἅνθρωπος
1567 2810 1658 2879 μία
1703 2810 1852 2880 φὺσις
1876 2806 2090 2879 λέγεται,

2200 2808 2498 2864 consistens
2519 2806 2704 2872 homo,
2749 2823 2851 2862 una
2886 2817 3072 2862 natura
3100 2808 3311 2871 dicitur,
3342 2808 3421 2862 sic
3447 2815 3501 2861 et
3527 2823 3594 2861 ex
3628 2807 3766 2861 dna-

517 2900 650 2956 oi’rm
674 2903 758 2955 καί
784 2902 838 2955 ἐκ
864 2899 953 2956 δὺο
981 2902 1197 2973 φὺσεων.
1224 2902 1454 2962 θεότητος
1475 2902 1555 2956 ναὶ
1582 2900 1981 2976 ἆνθρωπὸτητος,
2010 2903 2096 2954 τὸν

517 2990 729 3066 Χριστὸν
755 2992 1009 3065 λέγοντες,
1041 2992 1288 3066 (ipsaeipse
1314 2994 1432 3061 μίαν
1466 2989 1614 3064 φύσιν
1641 2990 1720 3046 ἔπ’
1756 2992 1896 3064 αὑτῷ
1920 2991 2092 3063 λέγειν’

518 3084 676 3137 ἐκεῖνο
708 3084 832 3161 πρὸς
856 3086 1036 3144 αὑτοὺς
1069 3084 1122 3159 ἔρ
1141 3091 1276 3155 ,ὖμεν
1296 3127 1310 3149 ,
1349 3081 1425 3139 ὅτι
1466 3082 1491 3138 ὅ
1519 3086 1608 3155 μέν
1635 3081 1890 3157 ἄνθρωπος
1921 3078 2008 3153 κᾷν
2046 3084 2099 3136 ἐκ

516 3171 764 3248 δῑαφόρων
792 3176 1083 3233 συνέστηκε.
1108 3177 1345 3231 τουτέστι
1372 3174 1551 3246 ψυχῆς
1571 3176 1655 3229 καὶ
1681 3177 1938 3245 σώματος,
1963 3172 2097 3246 ὅμως

517 3264 602 3319 διὰ
630 3271 780 3320 τοῦτο
810 3268 909 3335 μία
932 3267 1077 3338 φύσις
1104 3266 1329 3339 λέγεται,
1370 3263 1539 3324 ἐπειδὴ
1567 3274 1737 3327 κοινῶς
1766 3265 1894 3320 κατά
1921 3272 2099 3321 πασῶν

524 3361 621 3410 τῶν
644 3355 1000 3421 ὑποστάσεων,
1028 3356 1177 3429 ἤγουν
1199 3357 1490 3431 προσώπων
1509 3363 1607 3411 τῶν
1628 3356 1804 3411 ὑπότό
1830 3355 1949 3411 αὑτό
1969 3351 2100 3415 εἶδος

519 3445 831 3517 ἀναγομένων
860 3454 1239 3521 κατηγορεῖται.
1269 3448 1325 3500 Εἰ
1350 3449 1433 3501 καὶ
1460 3450 1524 3503 τὰ
1549 3447 1766 3516 μάλιστα
1789 3449 1889 3520 γὰρ
1917 3447 2098 3505 ἑκάστη

522 3534 839 3597 ὑπόστασις,
871 3535 981 3593 ἤτοι
1026 3536 1325 3609 πρόσωπον
1372 3532 1473 3590 οἷον
1515 3537 1726 3613 Πέτρος,
1768 3539 1853 3591 καί
1887 3536 2098 3598 Παῦλος,

519 3630 625 3684 τοῖς
654 3622 920 3695 ἶδιὼμασιν
945 3625 1034 3680 ἀπ’
1062 3626 1278 3684 ἀλλήλων
1302 3622 1718 3701 διαχωρίζονται,
1749 3627 1853 3682 ἀλλ’
1878 3625 2017 3699 ὅμως
2039 3630 2099 3683 οὑ

518 3721 580 3772 τῆ
602 3714 748 3787 φύσει
767 3713 1077 3791 διαιροῦνται
1092 3732 1105 3745 ⁸
1129 3716 1401 3790 ἀμφότεροι
1420 3720 1522 3792 γὰρ
1547 3715 1796 3791 ἄνθρωποι
1815 3735 1827 3747 ·
1852 3721 1934 3771 καὶ
1953 3717 2100 3771 πάλιν

520 3802 637 3861 οὔτε
665 3804 817 3876 ψυχή
864 3809 1028 3880 χωρίς
1056 3809 1323 3876 σώματος,
1363 3805 1476 3863 οὔτε
1516 3814 1668 3880 σῶμα
1713 3809 1880 3881 χωρὶς
1919 3805 2102 3878 ψυχῆς

521 3893 801 3969 [ἅνθρωπός
842 3894 871 3949 ἕ
875 3892 1008 3967 στιν]
1035 3895 1433 3973 ἀνορωπᾶτητος,
1472 3897 1575 3952 ἀλλ’
1599 3897 1650 3951 ἐκ
1667 3903 1760 3953 τοῦ
1784 3902 1853 3967 μὴ
1875 3894 2012 3960 ὄντος
2032 3901 2104 3960 εἰς

521 3986 578 4041 τὸ
606 3984 731 4040 εἶναι
771 3989 825 4039 ἐκ
850 3988 1031 4057 ψυχῆς
1074 3991 1157 4041 καὶ
1207 3990 1444 4060 σώματος
1488 3986 1866 4062 ἔδημιουργήθη.
1910 3994 2010 4043 Πᾶν
2048 3987 2102 4044 δέ

523 4076 745 4144 κτίσμα,
776 4076 928 4129 εἶκαὶ
968 4077 1022 4129 ἐκ
1051 4073 1293 4150 δωγὸρων
1340 4077 1674 4135 συνέστηκεν,
1725 4075 1825 4131 ἀλλ’
1861 4072 1946 4130 οὑν
1985 4080 2102 4149 μίαν

526 4166 706 4223 ἐκεί-,ην
733 4163 876 4234 ἔχειν
903 4166 1100 4237 ὶέγεται
1124 4169 1303 4238 φύσιν,
1332 4167 1439 4221 καθ’
1458 4168 1514 4226 ἢν
1537 4170 1682 4242 παρὰ
1712 4173 1801 4223 τοῦ
1836 4174 1959 4223 Θεοῦ
1991 4166 2103 4227 ἐδη-

522 4258 815 4330 μιουργήθη.
861 4267 914 4310 '0
955 4254 1007 4310 δὲ
1052 4259 1268 4331 Χριστὸς
1309 4260 1414 4327 οὑχ
1454 4258 1647 4319 οξτως·
1691 4256 1805 4313 οὔτε
1842 4256 1941 4329 γὰρ
1983 4260 2101 4328 μίαν

524 4343 672 4418 φύσιν
692 4389 703 4399 .
735 4346 887 4417 ἤγουν
918 4347 1092 4400 οὑσίκν
1120 4345 1264 4402 δηλοῖ
1289 4354 1456 4406 κοινῶς
1496 4348 1624 4402 κατά
1649 4348 1840 4401 πολλῶν
1878 4347 2103 4402 ὑποστά-

528 4457 685 4501 σιων,
712 4436 821 4494 ἦτοι
847 4438 1129 4510 προσώπων
1157 4438 1594 4511 κατηγορουμένην
1612 4482 1624 4497 ,
1658 4439 1832 4512 ῶσπερ
1859 4436 1883 4491 ὁ
1913 4434 2103 4511 ἅνθρω-

528 4543 654 4586 πος⁴
684 4530 727 4580 εἰ
748 4531 848 4603 γαρ
875 4534 1024 4582 τοῦτο
1050 4525 1128 4589 ἧν,
1156 4529 1329 4583 πολλοὶ
1355 4532 1564 4602 Χριστοί
1590 4530 1966 4604 εὑρεθήσονται,
1994 4515 2106 4584 καθ’

526 4612 593 4671 ὧν
633 4618 689 4672 τὸ
716 4620 869 4671 κοινίν
895 4626 984 4679 τῆς
1023 4623 1219 4693 φύσεως
1256 4627 1623 4694 κατηγορῆται,
1663 4618 1789 4694 ὅπερ
1829 4625 1910 4675 καί
1948 4622 2104 4693 λέγειν

529 4708 662 4762 ἐστὶν
684 4710 893 4769 ἀσεϐές·
939 4710 1041 4762 id)?
1070 4709 1187 4764 οὔτε
1217 4710 1305 4764 ἀπ’
1333 4711 1507 4785 ἀρχῆς
1555 4713 1608 4765 ἐκ
1650 4712 1880 4771 θεότητος
1907 4715 1990 4765 καὶ
2017 4715 2104 4767 ἁν-

525 4798 867 4873 θρωττότητος,
895 4803 1066 4877 ὥσπερ
1095 4801 1119 4856 ὁ
1155 4799 1414 4873 ἄνθρωπος
1442 4800 1496 4856 ἐκ
1519 4802 1698 4872 ψυχῆς
1724 4807 1804 4856 καὶ
1843 4806 2103 4872 σώματος,

527 4887 554 4943 ὁ
574 4892 790 4963 Χριστὸς
818 4889 1200 4966 ἔδημιονργπθη,
1221 4894 1304 4945 ἶνα
1323 4897 1475 4947 τοῦτο
1498 4890 1528 4967 ᾖ
1552 4895 1700 4963 φύσις
1718 4900 1960 4965 Χριστοῦ’
1984 4895 2107 4949 ἀλλὰ

527 4979 652 5040 θεὸς
674 4976 739 5034 ὧν
766 4980 864 5039 πρὸ
886 4983 1076 5035 αἰώνων
1102 4980 1126 5034 ὁ
1155 4981 1317 5052 λόγος,
1349 4984 1432 5034 καὶ
1461 4989 1549 5039 τῆς
1574 4983 1733 5040 αὐτῆς·
1763 4984 1978 5053 φύσεως.
2000 4982 2107 5041 ἤτοι

529 5071 705 5134 οὐσίας
732 5072 985 5147 ὑπάρχων
1013 5079 1082 5141 τῷ
1111 5074 1289 5144 πατρὶ,
1320 5073 1398 5125 γαί
1421 5069 1723 5145 δημιουργὸς
1745 5071 2001 5136 ἁπάντων,
2025 5072 2104 5126 ἐπ’

529 5162 767 5230 ἐσχάτων
802 5170 898 5214 τῶν
929 5166 1122 5231 ἡμερῶν
1161 5164 1423 5235 άνῧρὼπου
1472 5160 1620 5232 φὺτιν
1665 5160 1774 5215 καθ’
1819 5164 2104 5217 ὑπόστασιν

528 5249 719 5311 iubeat;
749 5250 943 5322 ἐαυτῷ,
982 5252 1174 5322 γέγονεν
1211 5248 1469 5326 ἅνθρωπος
1488 5294 1504 5320 ,
1551 5259 1618 5322 μή
1660 5247 1842 5313 ἐκστάς
1873 5260 1956 5307 τοῦ
1985 5249 2105 5307 εἶναι

533 5339 676 5398 Θεός.

600 5427 775 5485 "Eat-Iv
807 5427 939 5487 οὗνὸ
967 5435 1182 5509 Χριστὸς
1210 5433 1300 5502 μία
1328 5433 1613 5495 ὑπόστασις
1634 5476 1644 5489 .
1675 5434 1785 5492 ἤτοι
1807 5436 2103 5507 πρόσωπον,

529 5530 614 5580 καί
643 5524 758 5595 ἔχει
783 5527 841 5579 τὸ
870 5528 1047 5582 τέλειον
1077 5530 1125 5580 ἐν
1163 5530 1326 5597 ἐαυτῷ
1366 5536 1455 5588 τῆς
1484 5548 1535 5582 τι
1582 5528 1712 5588 θείας
1749 5530 1834 5580 καί
1861 5528 2103 5583 ἀκτίστου

532 5621 730 5687 φύσεως
750 5660 762 5676 .
804 5621 884 5672 mi
908 5620 964 5674 τὸ
990 5620 1170 5675 τέλειον
1207 5629 1296 5681 τῆς
1333 5622 1637 5694 ἀνθρωπίνης
1672 5622 1754 5673 καί
1784 5627 1986 5677 πιστῆς
2011 5621 2107 5690 pii--

534 5733 677 5771 σιως.
712 5718 817 5771 Πῶς
840 5707 943 5773 οὖν,
968 5718 1015 5768 ἐν
1037 5711 1073 5783 ᾧ
1095 5712 1183 5767 δύο
1206 5711 1378 5785 φύσεις
1398 5717 1738 5789 γνωρίζονται,
1767 5711 2004 5773 ἂκτιστος
2029 5718 2110 5769 καί

536 5808 743 5867 πιστὰ,
776 5801 859 5857 επὶ
886 5805 1067 5858 τούτου
1097 5808 1216 5873 μίαν
1246 5807 1393 5875 φύσιν
1422 5806 1529 5863 ἦτοι
1550 5806 1977 5876 nudavit-3750001:
2016 5804 2104 5860 δυ-

2197 2897 2294 2952 bus
2318 2898 2518 2952 naturis
2541 2898 2755 2952 deitatis
2776 2905 2831 2952 et
2849 2898 3194 2953 humanitatis
3212 2895 3480 2954 Christum
3500 2897 3765 2962 dicentes,

2194 2988 2449 3044 debemus
2479 3005 2636 3043 unam
2668 2990 2834 3059 ipsius
2882 2989 3064 3044 dicere
3092 2997 3374 3043 naturam:
3410 2986 3536 3041 illud
3568 2987 3641 3039 ad
3671 3000 3767 3040 eos

2196 3077 2455 3142 dicemus,
2499 3077 2645 3147 quod
2676 3078 2837 3133 homo
2867 3078 3079 3147 quidem
3131 3079 3257 3133 licet
3283 3092 3347 3133 ex
3386 3076 3613 3132 diversis
3643 3091 3767 3131 con-

2196 3175 2320 3231 stet,
2352 3166 2402 3221 id
2430 3175 2530 3233 est,
2561 3167 2737 3222 anima
2763 3175 2819 3222 et
2845 3183 3092 3236 corpore,
3116 3173 3294 3221 tamen
3322 3166 3443 3220 ideo
3469 3182 3570 3219 una
3604 3177 3767 3219 natu-

2197 3273 2257 3312 ra
2303 3257 2517 3324 dlcitur,
2566 3260 2821 3328 quoniam
2868 3257 2935 3312 dc
2983 3257 3226 3311 omnibus
3266 3255 3629 3312 subsistentiis
3658 3257 3770 3311 sive

2198 3350 2464 3419 personis,
2489 3365 2605 3417 qua:
2628 3348 2724 3403 sub
2753 3349 2941 3403 eadem
2962 3347 3143 3418 specie
3170 3345 3485 3405 referuntur,
3520 3358 3768 3399 commu-

2197 3443 2339 3496 niter
2367 3440 2902 3511 praedicatur.‘Licet
2947 3440 3092 3495 enim
3121 3450 3448 3507 uuaquzeque
3477 3435 3772 3490 subsisten-

2200 3534 2274 3587 tia
2295 3533 2407 3597 sive
2429 3547 2683 3602 persona,
2711 3532 2849 3587 sicut
2878 3528 3069 3585 Petrus
3096 3538 3151 3583 et
3178 3526 3393 3588 Paulus,
3425 3524 3770 3595 proprietati-

2201 3624 2301 3679 bus
2332 3638 2362 3677 a
2397 3638 2456 3677 se
2484 3621 2710 3676 invicem
2740 3628 3074 3690 separentur,
3110 3617 3204 3674 sed
3233 3626 3408 3671 tamen
3441 3631 3548 3708 non
3574 3622 3769 3668 natura

2200 3713 2544 3769 dividuntur:
2589 3711 2745 3766 ambo
2786 3711 2929 3767 enim
2976 3709 3256 3774 homines;
3307 3715 3363 3762 et
3409 3707 3626 3771 iterum,
3673 3721 3772 3761 nec

2202 3806 2378 3859 anima
2416 3805 2534 3859 sine
2560 3818 2806 3873 corpore,
2857 3817 2957 3856 nec
2993 3815 3187 3870 corpus
3232 3800 3347 3855 sine
3387 3798 3563 3852 anima
3609 3796 3772 3851 homo

2203 3902 2304 3959 est,
2336 3892 2434 3949 sed
2463 3909 2528 3949 ex
2558 3909 2625 3949 eo
2653 3893 2797 3963 quod
2828 3907 2933 3946 non
2963 3898 3099 3955 erat,
3128 3889 3196 3944 ad
3238 3890 3341 3943 hoc
3370 3886 3511 3956 quod
3552 3895 3659 3950 est,
3707 3901 3771 3939 ex

2203 3986 2380 4040 anima
2422 3993 2475 4040 et
2520 3998 2746 4054 corpore
2792 3990 3007 4039 creatus
3053 3990 3153 4037 est.
3195 3978 3539 4048 Unaqumque
3588 3985 3773 4031 autem

2203 4083 2448 4132 creatura
2496 4076 2620 4130 licet
2647 4090 2712 4129 ex
2754 4072 2982 4128 diversis
3009 4078 3241 4133 constet,
3280 4068 3374 4123 sed
3398 4077 3574 4121 tamen
3608 4082 3772 4121 unam

2132 4201 2181 4261 Β
2208 4168 2350 4220 illam
2374 4166 2572 4220 habere
2596 4165 2786 4219 dicitur
2809 4172 3071 4225 naturam,
3104 4161 3391 4216 secundum
3420 4173 3580 4228 quam
3605 4174 3638 4212 a
3666 4156 3773 4210 Deo

2205 4266 2382 4315 creata
2414 4266 2514 4311 est.
2552 4255 2793 4310 Christus
2821 4263 2999 4307 autem
3035 4268 3139 4306 non
3164 4252 3277 4306 sic:
3315 4264 3415 4305 nec
3446 4247 3590 4303 enim
3604 4261 3773 4302 uuam

2206 4359 2448 4404 naturam
2477 4348 2589 4401 sive
2617 4346 2968 4401 substantiam
2997 4342 3280 4410 signiﬁcat,
3327 4355 3444 4409 qua:
3467 4337 3770 4394 communi-

2205 4447 2287 4493 ter
2311 4437 2375 4492 de
2403 4436 2641 4506 plurimis
2658 4433 3014 4489 subsistentiis
3035 4433 3147 4487 sive
3166 4431 3411 4501 personis
3429 4428 3774 4500 prmdicatur,

2205 4530 2343 4584 sicut
2363 4529 2545 4584 homo.
2585 4526 2641 4582 Si
2683 4527 2824 4580 enim
2853 4527 2957 4579 hoc
2979 4532 3141 4590 esset,
3171 4523 3322 4577 multi
3348 4522 3532 4576 cbristi
3560 4519 3774 4575 inveni-

2204 4628 2393 4675 rentur
2439 4619 2493 4672 in
2543 4613 2692 4691 [de]
2735 4615 2927 4687 quibus
2968 4606 3324 4671 communitas
3363 4610 3519 4666 unius
3566 4615 3776 4663 natura:

2210 4708 2625 4780 praedicabitur;
2672 4706 2816 4776 quod
2846 4714 2902 4760 et
2931 4704 3112 4760 dicere
3150 4702 3371 4771 impium
3400 4709 3499 4756 est.
3541 4698 3652 4753 Sed
3684 4712 3774 4751 ne-

2207 4815 2312 4870 que
2342 4799 2409 4853 ab
2437 4798 2589 4852 initio
2619 4812 2687 4852 ex
2734 4795 2937 4850 deitatc
2967 4803 3022 4848 et
3059 4792 3392 4848 humanitate
3438 4789 3577 4844 sicut
3609 4788 3774 4842 homo

2207 4905 2276 4945 ex
2305 4888 2480 4943 anima
2506 4896 2563 4942 et
2585 4901 2834 4956 corpore,
2866 4883 3110 4938 Christus
3135 4889 3350 4937 creatus
3373 4888 3470 4944 est,
3498 4888 3554 4933 ut
3583 4879 3691 4932 hoc
3710 4876 3779 4930 sit

2208 4989 2400 5035 natura
2441 4978 2638 5035 Christi
2674 4997 2687 5031 :
2730 4978 2825 5032 sed
2871 4991 2991 5030 cum
3039 4974 3179 5029 Deus
3220 4981 3365 5028 esset
3410 4980 3535 5026 ante
3581 4971 3779 5027 saecula

2210 5069 2466 5131 Verbum,
2516 5077 2573 5122 et
2619 5076 2765 5123 esset
2807 5065 3044 5134 ejusdem
3091 5074 3294 5117 natura:
3323 5056 3437 5116 sive
3464 5060 3779 5121 substantiae

2210 5174 2331 5215 cum
2374 5156 2557 5225 Patre,
2609 5164 2665 5211 et
2708 5162 2923 5210 creator
2969 5153 3228 5218 omnium,
3282 5152 3335 5206 in
3365 5150 3562 5205 ultimis
3588 5150 3781 5206 diebus

2209 5247 2441 5303 hominis
2459 5255 2702 5321 naturam
2724 5243 3014 5301 secundum
3033 5241 3429 5300 subsistentiam
3444 5241 3544 5296 sibi
3565 5241 3781 5307 uniens,

2209 5338 2382 5393 factus
2409 5345 2491 5392 est
2518 5336 2681 5392 homo
2710 5351 2934 5392 manens
2959 5336 3117 5390 Deus.

2283 5436 2379 5494 Est
2405 5437 2565 5506 igitur
2592 5433 2834 5492 Christus
2860 5450 2962 5490 una
2993 5434 3357 5500 subsistentia,
3383 5432 3496 5488 sive
3521 5445 3783 5502 persona,

2207 5538 2262 5584 et
2289 5528 2451 5583 habet
2480 5529 2530 5583 in
2556 5528 2843 5597 semetipso
2868 5525 3250 5596 perfectionem
3276 5524 3463 5579 divina:
3486 5532 3542 5578 et
3571 5523 3786 5576 increa-

2210 5621 2332 5675 bilis
2358 5633 2581 5687 naturm,
2612 5628 2667 5674 et
2707 5618 3090 5689 perfectionem
3137 5616 3382 5672 humanse
3430 5625 3485 5671 et
3531 5616 3786 5670 creabilis

2213 5720 2434 5765 natura).
2467 5709 2747 5776 Quomodo
2773 5709 2950 5776 igitur,
2984 5710 3035 5762 in
3061 5724 3168 5778 quo
3197 5708 3313 5764 dum
3350 5716 3549 5763 natura:
3575 5720 3788 5775 cogno-

2209 5811 2450 5869 scuntur,
2479 5800 2796 5867 increabilis,
2829 5809 2884 5856 et
2912 5800 3177 5867 creabilis,
3219 5799 3273 5855 in
3319 5813 3385 5855 eo
3414 5812 3572 5855 unam
3623 5808 3787 5853 natu-
