4032 6190
325 337 423 394 τω

1299 336 1676 396 ,ΙΠΒΤΙΝῘᾹΝΙ
1714 336 2086 395 CONFESSlO
2123 336 2372 394 ΒΕΕΤᾸΞ
2411 337 2607 393 FIDEI.

3457 343 3561 398 958

322 450 494 514 νατόνζ
545 454 597 504 Εἰ
639 454 739 527 γὰρ
783 457 868 508 καί
912 458 1005 524 μία
1050 456 1334 514 ὑπόστασις
1387 454 1501 513 ἦτοι
1546 453 1821 530 πρόσωπον
1872 450 1896 505 6

2013 465 2112 504 ram
2141 466 2254 505 sive
2275 451 2626 507 substantiam
2655 452 2755 508 diei
2797 452 3048 522 possibile
3075 459 3197 510 est?
3244 457 3393 513 Licet
3422 461 3562 513 enim

323 541 560 610 Χριστός,
589 542 694 597 ἀλλ’
718 542 985 614 όμοούσιος
1011 552 1085 617 τῷ
1122 549 1281 620 πατρί
1306 553 1417 614 Θεῷ
1442 584 1456 605 ,
1504 548 1587 598 καί
1629 544 1896 613 ὁμοούσιος

321 630 445 697 ἡμῖν
469 629 497 683 6
517 631 692 696 αὐτὸς,
723 634 778 685 οὐ
799 638 897 701 μήν
918 635 1042 688 κατά
1067 636 1187 702 μίαν
1210 637 1293 687 καί
1310 639 1399 692 τήν
1423 635 1574 691 αὐτὴν
1597 634 1764 703 φύσιν.
1786 633 1897 691 ἦτοι

320 719 501 771 οὐσίαν
518 733 535 747 ⁸
564 721 607 773 εί
635 718 689 774 δὲ
713 724 804 792 μία
824 724 974 791 φύσις
1014 723 1125 782 ἤτοι
1159 726 1306 778 οὐσία
1333 721 1391 782 ἦν
1417 724 1655 799 Χριστός,
1681 722 1712 782 ἦ
1741 720 1900 798 ἅσαρ·

321 824 408 865 κοε
434 803 504 860 ὧν
524 808 661 881 μόνῳ
684 816 760 882 τῷ
778 818 887 880 Θεῷ
915 814 1000 866 καί
1025 810 1202 887 [πατρί
1233 811 1292 866 L.
1326 812 1402 864 sic
1438 814 1540 881 leg.
1574 813 1623 866 in
1645 812 1899 868 chronica

318 892 507 968 Alex.]
526 899 776 969 πνεύματί
813 902 951 957 ἐστιν
986 902 1282 973 ὄμοούσιος,
1321 902 1491 963 ἐπειδὴ
1530 905 1621 975 μία
1660 912 1752 964 τῆς
1787 905 1900 958 θεό-

318 1008 472 1048 τητος
519 991 697 1054 οὐσία.
745 993 858 1051 ἤτοι
898 997 1077 1066 φύσις·
1124 996 1155 1055 ἦ
1387 994 1455 1052 ὢν
1496 994 1784 1071 ἅνθρωπος,
1810 997 1901 1067 μό-

317 1096 423 1137 νοις
459 1079 581 1147 ἡμῖν
618 1081 756 1136 ἔστιν
802 1082 1100 1155 ὁμοούσιος,
1150 1085 1324 1144 ἐπειδὴ
1353 1088 1446 1158 μία
1495 1087 1647 1155 φύσις
1680 1095 1767 1147 τῆς
1816 1089 1899 1141 ἀν·

319 1168 662 1240 βρωπᾶτητος⁹
698 1171 728 1230 ἦ
753 1183 1012 1246 τραπεῖσα
1048 1176 1259 1249 ἑκατέρα
1283 1178 1432 1250 φύσις
1457 1178 1723 1250 ίτεροφυής
1742 1178 1897 1230 ἐστιν.

317 1260 613 1315 ’Δπετίλεσε
636 1264 779 1336 παρὰ
806 1265 897 1324 τὰς
921 1267 1273 1333 συνελθούσας,
1315 1271 1398 1322 καί
1440 1265 1550 1324 κατ’
1577 1270 1758 1327 αὐτοὺς
1786 1265 1900 1321 οὔτε

321 1351 448 1409 Θεὸς
498 1348 686 1419 ἔμεινεν
705 1393 726 1422 ,Δ
763 1353 878 1410 οὔτε
922 1354 1178 1430 ἄνθρωπος
1212 1361 1410 1432 γέγονεν
1455 1360 1480 1414 6
1520 1358 1768 1434 Χριστάς⁶
1820 1364 1904 1415 καί

319 1435 409 1491 διὰ
448 1447 599 1494 τοῦτο
653 1440 770 1496 οὔτε
809 1452 883 1515 τῷ
941 1451 1129 1520 πατρί,
1172 1446 1288 1504 οὔτε
1336 1452 1451 1517 ἡμῖν
1504 1453 1641 1505 ἐστιν
1689 1449 1714 1503 ὁ
1755 1449 1901 1510 αὐτὸς

319 1526 612 1597 ὁμοοῦσιος.
644 1534 711 1586 Τὸ
739 1532 791 1587 δὲ
832 1534 967 1589 οὕτω
992 1546 1186 1613 φρονεῖν
1212 1541 1385 1599 πάσης
1421 1540 1744 1614 πεπλήρωται
1784 1541 1904 1595 ἀσε-

322 1622 489 1683 ϐείας.
518 1630 610 1680 Καὶ
637 1635 803 1684 ταῦτα
848 1631 1052 1703 λέγομεν
1078 1636 1163 1688 οὐκ
1205 1636 1525 1706 ἀγνοοῦντες,
1556 1635 1632 1691 ὅτι
1671 1642 1752 1691 καί
1777 1659 1905 1697 τινες

318 1721 426 1768 τῶν
451 1714 603 1788 ἁγίων
638 1721 871 1795 πατέρων
907 1730 981 1791 τῷ
1019 1729 1111 1778 τοῦ
1156 1726 1415 1800 ἀνθρώπου
1456 1725 1792 1797 ὑποδείγματι
1825 1728 1905 1781 ἐπὶ

1996 555 2099 594 una
2128 540 2468 596 subsistentia
2494 541 2609 597 sive
2635 557 2860 610 persona
2895 543 3139 601 Christus
3182 546 3273 612 sit,
3314 548 3408 601 sed
3432 563 3569 603 con-

1995 628 2357 682 substantialis
2403 628 2515 684 Deo
2566 627 2743 697 Patri,
2786 639 2841 685 et
2887 634 3356 691 consubstantialis
3412 639 3567 696 nobis

1998 716 2139 771 idem
2168 716 2282 786 ipse
2308 727 2412 785 est,
2438 733 2546 773 non
2570 727 2748 775 tamen
2792 721 3079 777 secundum
3109 738 3268 778 unam
3293 725 3567 783 eamdem-

1997 821 2102 876 que
2130 816 2393 874 naturam,
2423 823 2514 864 seu
2552 811 2922 867 substantiam.
2969 812 3061 867 Sin
3108 823 3286 870 autem
3330 832 3432 871 una
3471 836 3567 873 na-

1999 906 2117 951 tura
2157 897 2271 952 sive
2314 900 2611 954 substantia
2639 909 2781 956 esset
2818 900 3079 966 Christus,
3110 913 3204 958 aut
3247 906 3365 961 sine
3407 923 3568 964 carne

1999 997 2103 1053 est,
2132 995 2188 1042 et
2206 988 2305 1043 soli
2329 989 2440 1043 Deo
2467 988 2611 1044 Patri
2636 992 2714 1063 [et
2741 990 2960 1061 Spiritui
2999 994 3188 1066 Grca]
3218 1000 3571 1055 consubstan~

2003 1079 2159 1141 tialis,
2198 1080 2449 1148 quoniam
2487 1096 2592 1136 una
2621 1081 2836 1138 deitatis
2874 1085 3166 1142 substantia
3214 1089 3328 1145 sive
3379 1100 3568 1148 natura

2003 1175 2119 1222 est:
2153 1179 2245 1221 aut
2274 1183 2439 1237 purus
2460 1170 2622 1226 homo
2651 1175 2908 1238 existens,
2940 1175 3094 1231 nobis
3124 1186 3207 1232 est
3233 1180 3404 1235 solum
3439 1198 3570 1237 con-

2011 1260 2384 1325 .ubstantialis,
2416 1262 2667 1329 quoniam
2698 1280 2800 1318 una
2842 1273 3030 1320 natura
3068 1267 3408 1326 humanitatis
3436 1282 3522 1329 est
3550 1290 3567 1328 :

2006 1358 2097 1402 aut
2124 1350 2401 1405 immutata
2448 1359 2673 1421 utraque
2702 1363 2890 1409 natura
2931 1356 3151 1411 alteram
3199 1359 3373 1415 eﬁ‘ecit
3418 1372 3572 1417 natu-

2004 1455 2138 1504 ram,
2168 1451 2363 1511 prater
2390 1458 2483 1499 cas
2510 1459 2628 1512 qua:
2654 1455 3037 1510 convenerunt.
3061 1456 3116 1502 et
3136 1452 3427 1506 secundum
3453 1454 3570 1509 illos

2004 1547 2179 1600 neque
2208 1532 2350 1589 Deus
2374 1536 2587 1600 mansit,
2618 1549 2791 1604 neque
2819 1535 2980 1591 homo
3012 1534 3180 1592 factus
3201 1550 3281 1593 est
3307 1540 3569 1608 Christus,

2005 1628 2060 1675 et
2088 1619 2207 1674 ideo
2231 1636 2403 1690 neque
2428 1621 2591 1683 Patri,
2638 1638 2812 1690 neque
2849 1624 3004 1680 nobis
3038 1624 3176 1679 idem
3208 1627 3320 1695 ipse
3344 1630 3572 1684 consub-

2005 1711 2268 1765 stantialis
2313 1718 2412 1765 est.
2462 1710 2552 1766 Sic
2596 1721 2776 1766 autem
2824 1727 3012 1782 sapere
3055 1715 3198 1768 omni
3249 1718 3459 1784 plenum
3490 1729 3574 1774 est

317 1810 420 1857 τοῦ
465 1810 595 1864 κατά
634 1812 851 1885 Χριστὸν
890 1817 1174 1888 μυστηρίου
1217 1799 1529 1892 apricum-0'
1579 1819 1679 1871 ἀλλ’
1729 1821 1901 1873 ἐκεῖνοι

2013 1800 2299 1869 impietate.
2332 1799 2399 1853 Et
2428 1801 2527 1855 ista
2570 1801 2815 1868 dicimus,
2845 1817 2953 1857 non
2983 1803 3291 1871 ignorantes
3336 1808 3479 1874 quod
3518 1817 3575 1863 et

316 1899 437 1969 μὲν,
467 1900 552 1953 ἵνα
577 1898 822 1966 δείξωσιν.
850 1902 928 1959 ὅτι
949 1903 1176 1983 καθάπερ
1204 1907 1229 1962 6
1251 1906 1513 1982 ἄνθρωπος
1540 1910 1592 1963 ἐκ
1612 1910 1793 1981 ψυχῆς
1821 1916 1901 1965 καὶ

317 1993 570 2059 σώματος
594 1990 667 2052 εἷς
694 1996 1038 2060 ἀποτελεῖται,
1065 1999 1149 2052 καί
1188 1999 1312 2068 οὐχί
1337 1997 1428 2053 δύο
1469 1996 1742 2074 ἅνθρωποι,
1770 2001 1901 2055 οὕτω

318 2082 411 2134 καί
436 2079 464 2134 6
501 2083 717 2156 Χριστὸς
753 2085 805 2137 ἐκ
843 2084 1073 2146 θεότητος
1113 2090 1196 2141 καί
1235 2088 1614 2158 ἁνθρωπὸτητος
1652 2093 1902 2150 συντεθεὶς

321 2165 401 2228 εἷς
425 2170 566 2230 ἔστι,
597 2173 682 2224 καί
722 2171 812 2224 οὐκ
844 2172 914 2232 είς
940 2170 1033 2227 δύο
1056 2177 1309 2247 Χριστούς
1326 2215 1339 2235 .
1370 2175 1400 2234 ἧ
1428 2173 1521 2230 δύο
1545 2177 1685 2238 υἱοὺς
1712 2181 1903 2253 μερίζει

319 2279 435 2312 ται.
479 2252 629 2313 οὗτοι
658 2257 711 2313 δὲ
737 2269 809 2329 τῷ
836 2268 923 2315 τοῦ
945 2262 1208 2338 ἀνθρώπου
1247 2264 1584 2337 ὑποδείγματι
1611 2270 1901 2341 κέχρηνται,

318 2346 408 2400 ἶνα
434 2350 556 2417 μίαν
596 2350 744 2419 φύσιν
784 2350 893 2409 ἦτοι
919 2353 1097 2407 οὐσίαν
1134 2354 1358 2415 θεᾶτητος
1409 2360 1493 2412 καί
1524 2358 1908 2432 ἀνθρωπότητος

326 2443 422 2490 τοῦ
444 2444 672 2510 Χριστοῦ
695 2437 993 2510 εἰσάγωσιν,
1018 2439 1144 2513 ὅπερ
1165 2442 1490 2516 ἁπεδεξαμεν
1511 2448 1764 2521 ἀλλότριον
1785 2444 1910 2502 εἶναι

326 2535 423 2586 τῆς
446 2528 726 2588 εὐσεϐείας.
750 2528 892 2584 Ἀλλᾶ
914 2528 999 2587 διὰ
1020 2539 1170 2589 τοῦτο
1198 2533 1538 2606 ἐλεγχόμενοι,
1566 2540 1634 2597 ὡς
1658 2540 1801 2611 παρὰ
1820 2543 1909 2596 τήν

327 2617 481 2686 ὀρθὴν
503 2623 604 2670 τῶν
632 2618 866 2691 πατέρων
902 2618 1224 2678 διδασκαλίαν
1266 2626 1669 2682 ἀναπλάττουσιν
1710 2629 1760 2683 ἐν
1793 2628 1911 2684 ἑαυ-

328 2713 439 2764 τοῖς
617 2709 794 2779 φύσιν,
837 2708 947 2766 ἤτοι
990 2711 1168 2767 οὐσίαν
1204 2713 1435 2775 θεότητος
1478 2719 1561 2770 καί
1585 2717 1797 2794 σαρκὸς,
1840 2715 1908 2790 ἐφ’

330 2799 489 2874 ἔτερα
532 2800 896 2872 μεταϐαίνουσι
921 2803 1174 2876 λέγοντες,
1217 2811 1287 2879 μή
1331 2805 1437 2861 δεῖν
1475 2809 1680 2878 ἀριθμὸν
1718 2812 1910 2880 φύσεων

334 2890 425 2943 ἐπὶ
443 2898 668 2965 Χριστοῦ
689 2891 869 2963 λέγειν,
894 2896 959 2955 ὡς
986 2901 1075 2949 τοῦ
1098 2898 1309 2971 ἀριθμοῦ
1339 2895 1583 2973 διαίρεσιν
1610 2901 1908 2973 εἰσάγοντοςο

329 2976 586 3035 ἰστωσαν
614 2984 779 3036 τοίνυν
814 2980 893 3037 ὅτι
936 2982 963 3038 6
1003 2987 1214 3058 ἀριθμίς
1255 2985 1373 3043 ὅταν
1413 2991 1503 3060 μέν
1543 2991 1627 3045 ἐπί
1665 2989 1911 3065 διαφόρων

330 3073 659 3148 προσώπων.
687 3071 719 3131 ἦ
746 3074 1082 3130 ὑποστάσεων
1119 3076 1343 3147 λέγεται,
1372 3086 1474 3133 τῶν
1499 3082 1807 3156 πραγμάτων
1830 3081 1913 3134 αὖ·

2002 1888 2217 1958 quidam
2266 1896 2570 1943 sanctorum
2640 1889 2853 1943 Patrum
2915 1890 3148 1948 hominis
3210 1895 3457 1965 exeruplo
3519 1897 3572 1952 in

2004 1982 2256 2051 mysterio
2281 1980 2477 2035 Christi
2511 1982 2588 2035 usi
2618 1990 2742 2036 sunt
2771 1982 2819 2033 ίε
2853 1981 2947 2035 sed
2974 1982 3046 2035 illi
3069 1983 3283 2052 quidem
3317 1994 3374 2040 nt
3395 1995 3576 2043 osten-

2004 2073 2211 2140 derent,
2240 2074 2381 2142 quod
2430 2073 2567 2128 sicut
2596 2073 2756 2127 homo
2785 2089 2855 2129 ex
2880 2073 3058 2129 anima
3086 2084 3142 2129 et
3184 2092 3411 2145 corpore
3439 2095 3573 2135 unus

2005 2162 2254 2231 efﬁcitur,
2299 2173 2351 2218 et
2401 2180 2506 2220 non
2543 2165 2649 2221 duo
2680 2166 2945 2230 homines,
3002 2167 3079 2222 sic
3126 2176 3181 2222 et
3225 2168 3468 2235 Christus
3508 2187 3572 2226 ex

2006 2255 2205 2309 deitate
2228 2262 2283 2309 et
2304 2254 2632 2309 humanitate
2659 2256 3007 2327 compositus,
3040 2273 3175 2312 unus
3214 2267 3312 2326 est,
3364 2276 3470 2316 non
3520 2263 3575 2318 in

2006 2344 2140 2398 duos
2167 2343 2393 2399 'christos
2416 2344 2501 2399 vel
2524 2345 2575 2399 in
2607 2345 2744 2403 duos
2768 2344 2906 2402 ﬁlios
2932 2347 3261 2407 dividendus.
3285 2350 3376 2405 lsti
3398 2361 3576 2409 autem

2007 2432 2238 2487 hominis
2274 2433 2522 2502 exemplo
2565 2441 2804 2499 utuntur,
2862 2442 2922 2489 ut
2963 2453 3118 2490 unam
3168 2447 3410 2494 naturam
3464 2443 3578 2497 sive

2008 2523 2358 2578 substantiam
2388 2523 2602 2579 deitatis
2627 2532 2683 2578 et
2720 2524 3066 2583 humanitatis
3101 2526 3298 2585 Christi
3339 2522 3577 2586 introdu-

2008 2623 2171 2669 cant:
2204 2614 2347 2683 quod
2375 2612 2858 2672 demonstravimus
2898 2617 3132 2672 alienum
3178 2633 3298 2674 esse
3343 2620 3573 2689 pietatis.

2008 2701 2115 2757 Sed
2136 2717 2255 2758 cum
2279 2717 2375 2772 per
2401 2704 2517 2759 hmo
2553 2705 2960 2773 convincuntur,
2991 2690 3134 2776 quod
3163 2716 3359 2778 praeter
3378 2724 3578 2767 rectam

2008 2800 2225 2855 Patrum
2251 2800 2549 2857 doctrinam
2571 2802 2670 2858 sibi
2693 2801 3005 2873 conﬁngunt
3029 2820 3189 2860 unam
3219 2815 3464 2863 naturam
3483 2823 3581 2866 seu

2009 2890 2361 2945 substantiam
2389 2890 2603 2946 deitatis
2631 2900 2688 2947 et
2719 2894 2911 2960 carnis,
2946 2894 3010 2949 ad
3040 2895 3141 2949 alia
3176 2904 3470 2964 transeunt,
3499 2899 3583 2955 di-

2009 2990 2193 3039 centes
2217 2997 2323 3037 non
2354 2990 2608 3052 Oportere
2635 2998 2915 3039 numerum
2945 2993 3253 3041 naturarum
3282 2988 3337 3042 in
3365 2988 3580 3046 Christo

2010 3072 2211 3140 dicere,
2264 3080 2324 3126 ut
2372 3080 2501 3141 pote
2547 3087 2771 3128 numero
2818 3073 3133 3130 divisionem
3186 3075 3576 3134 introducente.

334 3168 437 3214 τῶν
463 3164 555 3220 τήν
593 3163 688 3217 ἀνὰ
728 3165 878 3238 μέρος
920 3162 1038 3235 ἔχει
1082 3164 1352 3243 διαίρεσιν,
1402 3165 1503 3223 οἷον
1542 3171 1609 3230 ὦς
1644 3172 1728 3224 ἐπὶ
1765 3169 1855 3225 δύο
1879 3168 1909 3230 ἦ

2013 3160 2195 3214 Sciant
2223 3159 2402 3230 igitur,
2426 3159 2568 3230 quod
2593 3174 2848 3214 numerus
2884 3164 3098 3232 quando
3126 3163 3180 3218 in
3211 3165 3436 3222 divorsis
3459 3182 3585 3236 per-

335 3252 575 3308 πλειὸνων
601 3255 870 3332 ἀνθρώπων
890 3273 904 3287 ⁸
943 3255 1061 3313 ὅταν
1099 3257 1152 3313 δὲ
1188 3260 1273 3314 ίπί
1298 3260 1553 3331 ἦνωμένων
1579 3263 1907 3336 πραγμάτων,

337 3349 615 3401 τηνικαῦτα
651 3347 787 3417 μόνῳ
831 3346 961 3420 λόγῳ
998 3351 1086 3402 καί
1130 3350 1342 3424 θεωρίᾳ,
1381 3353 1439 3403 οὐ
1481 3350 1577 3421 μὴν
1617 3355 1778 3408 αὐτῶν
1815 3362 1914 3409 τῶν

340 3436 656 3508 πραγμάτων
679 3434 802 3506 ἔχει
827 3446 914 3497 τιᾲν
937 3437 1192 3515 διαίρεσιν,
1216 3438 1315 3495 οἷον
1338 3443 1422 3497 ἐπί
1445 3448 1563 3513 μιᾶς
1582 3444 1913 3505 ὑποστάσεως

340 3526 606 3599 ἀνθρώπου
642 3526 695 3580 ἐκ
718 3526 900 3597 ψυχῆς
943 3533 1025 3583 καί
1052 3533 1286 3599 σώματος
1316 3535 1670 3592 συνεστώσης’
1701 3532 1791 3587 δύο
1815 3530 1914 3611 γὰρ

345 3618 426 3668 καί
453 3617 669 3670 ἐνταῦθα
689 3617 862 3687 φίσεις
907 3621 1235 3695 Θεωροῦνται,
1277 3622 1427 3697 ίτίρα
1463 3627 1555 3693 μέν
1588 3633 1678 3686 τῆς
1702 3624 1911 3698 ψυχῆς,

323 3709 424 3760 -καί
450 3698 601 3780 ίτέβα
629 3715 719 3762 τοῦ
757 3712 1010 3779 σώματος·
1042 3715 1127 3766 καί
1167 3711 1305 3783 ὅμως
1331 3717 1391 3768 οὐ
1425 3714 1508 3770 διὰ
1545 3724 1693 3771 τοῦτο
1721 3721 1789 3778 είς
1824 3718 1915 3773 δύο

344 3797 640 3872 ἀνθρώπους
670 3796 960 3872 διαιρεῖται,
991 3800 1095 3855 ἀλλ’
1120 3803 1208 3856 ἕνα
1228 3802 1372 3874 ἴσμεν
1393 3806 1480 3859 τόν
1503 3802 1765 3881 ἄνθρωπον
1780 3846 1795 3869 ,
1834 3808 1916 3860 καί

342 3887 460 3956 μίαν
487 3888 641 3940 αὐτοῦ
686 3893 775 3945 τήν
809 3890 1117 3945 ὑπόστασιν.
1160 3896 1253 3947 Καί
1293 3894 1376 3948 ἐπὶ
1416 3901 1507 3949 τοῦ
1535 3897 1665 3951 κατὰ
1704 3904 1917 3971 Χριστὸν

344 3978 506 4027 τοίνυν
530 3976 811 4049 μυστηρίου
834 3985 924 4037 τῆς
952 3979 1174 4041 ἐνὼσεως
1200 3985 1484 4054 γενομένης,
1516 3989 1561 4038 εί
1586 3990 1671 4039 καί
1708 3984 1918 4063 διάφορα

345 4067 608 4140 θεωρεῖται
644 4070 710 4122 τοὶ
740 4069 975 4126 ένωθέντα
995 4111 1010 4133 ,
1040 4072 1141 4126 ἀλλ’
1182 4070 1267 4128 οῦν
1310 4078 1366 4129 οὐ
1393 4086 1790 4150 πραγματικῶς,
1834 4085 1919 4134 καί

349 4157 442 4208 ἀνὰ
470 4156 622 4227 μέρος
651 4158 867 4216 ἁλλιιλων
903 4159 1185 4218 δι’στανται
1212 4167 1273 4218 τὰ
1314 4166 1365 4229 ἐξ
1405 4163 1470 4219 ὧν
1508 4167 1534 4222 ὁ
1573 4165 1742 4242 κύριος
1783 4171 1919 4239 ἡμῶν

347 4242 533 4305 Ἰησοῦς
572 4252 788 4321 Χριστὸς
831 4255 1087 4310 συνετέθη⁸
1119 4260 1208 4313 τήν
1236 4257 1324 4326 μέν
1364 4276 1444 4310 τοι
1485 4255 1726 4331 διαφορὰν
1762 4281 1917 4315 κατα·

348 4342 595 4402 νοοῦντες,
619 4341 704 4391 καί
722 4342 908 4396 ταύτην
928 4348 1151 4412 σημᾶναι
1170 4345 1475 4416 βουλόμενοι.
1494 4352 1577 4402 τὸν
1596 4352 1800 4423 ἀριθμόν
1821 4372 1918 4407 πα·

352 4426 752 4497 ραλαμίῖἁνομεν,
779 4434 861 4483 καί
882 4429 972 4484 δύο
993 4434 1081 4491 τὰς
1103 4434 1152 4487 ἐν
1175 4443 1379 4509 Χριστῷ
1398 4438 1571 4506 φύσεις
1596 4435 1720 4493 εἷναί
1739 4463 1915 4513 φαμεν,

2015 3258 2181 3322 Senis,
2209 3259 2322 3312 sive
2349 3257 2704 3313 subsistentiis
2740 3256 2952 3324 dicitur,
2991 3274 3169 3314 rerum
3207 3261 3442 3331 ipsarum
3485 3278 3585 3333 per

2016 3356 2195 3419 partes
2220 3348 2381 3403 habet
2419 3348 2752 3415 divisionem,
2783 3349 2921 3405 sicut
2965 3349 3021 3405 in
3058 3349 3266 3405 duobus
3303 3351 3386 3405 vel
3421 3354 3584 3407 etiam

2017 3436 2256 3505 pluribus
2284 3436 2620 3492 hominibus:
2652 3436 2863 3504 quando
2895 3446 3074 3493 autem
3110 3439 3161 3493 in
3189 3440 3349 3496 rebus
3399 3442 3583 3509 unitis,

2018 3535 2144 3580 tunc
2188 3526 2354 3581 verbo
2408 3525 2526 3582 solo
2571 3527 2801 3597 [ratione
2851 3525 2986 3594 sola]
3031 3536 3085 3581 et
3128 3528 3421 3592 intellectu,
3476 3547 3583 3591 non

2016 3624 2197 3671 tamen
2226 3616 2460 3685 ipsarum
2488 3611 2667 3670 rerum
2691 3615 2855 3669 habet
2875 3616 3214 3685 divisionem,
3243 3620 3379 3673 sicut
3407 3621 3459 3674 in
3481 3636 3586 3675 una

2017 3707 2358 3764 subsistentia
2384 3707 2615 3762 hominis
2634 3722 2701 3763 ex
2731 3708 2905 3762 anima
2933 3719 2990 3762 et
3015 3724 3243 3778 corpore
3272 3706 3580 3771 constituia.

2018 3798 2145 3852 Dure
2169 3796 2308 3851 enim
2336 3805 2394 3851 et
2420 3797 2507 3852 hic
2540 3806 2742 3852 naturae
2769 3796 3153 3866 intelliguntur,
3178 3799 3345 3854 altera
3373 3802 3583 3867 animm,

2018 3898 2074 3945 et
2104 3890 2272 3944 altera
2300 3890 2543 3959 corporis
2568 3906 2581 3942 :
2607 3898 2662 3944 et
2683 3897 2859 3942 tamen
2890 3905 2994 3943 non
3024 3900 3242 3959 propter
3261 3891 3363 3946 hoc
3381 3892 3432 3946 in
3453 3891 3589 3947 duos

2018 3988 2261 4042 homines
2283 3988 2557 4054 dividitur,
2590 3988 2681 4043 sed
2712 4002 2873 4042 unum
2915 3987 3114 4043 scimus
3151 3988 3420 4043 hominem
3445 4005 3583 4056 esse,

2021 4087 2075 4133 et
2115 4095 2273 4134 unam
2301 4080 2699 4136 subsistentiam
2749 4079 2885 4148 ejus.
2928 4078 2991 4133 Et
3032 4081 3083 4135 in
3131 4085 3384 4153 mysterio
3429 4085 3592 4153 igitur

2021 4170 2214 4225 Christi
2243 4171 2380 4225 facta
2405 4170 2667 4234 unitione,
2697 4170 2821 4223 licet
2846 4170 3053 4225 diversa
3086 4172 3445 4241 intelligantur
3468 4190 3590 4242 qua:

2022 4262 2168 4315 unita
2197 4271 2342 4328 sunt,
2373 4258 2471 4315 scd
2502 4277 2606 4314 non
2638 4261 2751 4331 ipsa
2781 4275 2840 4314 rc
2867 4271 2921 4314 et
2950 4277 3045 4331 per
3074 4274 3252 4331 partes
3285 4279 3315 4317 a
3355 4280 3414 4319 se
3450 4266 3588 4321 invi—

2020 4377 2138 4416 cem
2167 4368 2484 4429 separantur
2516 4375 2597 4420 ea,
2628 4374 2694 4413 ex
2722 4359 2916 4427 quibus
2940 4360 3189 4418 dominus
3220 4371 3401 4416 noster
3434 4362 3589 4420 Jesus

2022 4449 2267 4505 Christus
2293 4450 2624 4517 compositus
2654 4456 2754 4511 est,
2788 4448 3140 4504 ditl'erentiam
3188 4460 3366 4507 tamen
3411 4456 3611 4509 consi-t

352 4520 432 4571 καί
460 4522 517 4571 οὐ
540 4518 622 4574 διὰ
657 4529 808 4576 τοῦτο
833 4520 858 4575 6
886 4520 954 4583 εἷς
976 4527 1196 4598 Χριστὸς
1234 4530 1303 4586 εἰς
1328 4525 1420 4581 δύο
1458 4532 1709 4602 Χριστοῦς
1728 4572 1743 4597 ,
1773 4531 1803 4591 ἦ
1827 4531 1911 4587 δύο

2022 4540 2272 4595 derantes
2307 4548 2361 4594 et
2399 4539 2540 4592 hanc
2567 4536 2866 4605 signiﬁcare
2888 4541 3148 4605 volentes,
3181 4558 3458 4597 numerum
3498 4559 3588 4600 as-

352 4611 489 4672 υἱοὺς
520 4609 805 4685 διαιρεῖται*
853 4618 930 4668 καὶ
974 4624 1235 4690 μαρτυρεῖ
1258 4626 1363 4679 τοῖς
1391 4619 1516 4692 παρ’
1544 4622 1679 4690 ἡμῶν
1718 4623 1920 4695 εἰρημέ-

352 4723 447 4763 νοις
471 4702 496 4755 ὁ
519 4704 565 4756 ἐν
593 4704 750 4774 ἁγίοις
775 4708 1041 4781 Γρηγόριος
1079 4709 1104 4762 ὁ
1129 4710 1367 4781 Θεολόγος
1393 4714 1442 4765 ἓν
1474 4720 1548 4784 τῷ
1576 4714 1702 4787 πρὸς
1731 4714 1923 4774 Κληδό-

353 4813 451 4847 νιαν
470 4796 655 4868 πρώτῳ
673 4796 801 4866 λόγῳ
814 4800 1015 4871 γράφων
1035 4798 1214 4860 οὕτως·
1246 4818 1262 4851 t
1284 4800 1345 4855 Εἴ
1350 4824 1426 4862 τις
1449 4804 1552 4857 εἱσι
1563 4825 1638 4873 γει
1652 4804 1743 4859 δύο
1756 4808 1921 4871 υἱοὺς,

354 4885 439 4941 ἕνα
461 4889 551 4957 μέν
576 4889 663 4941 τὸν
692 4890 745 4942 ἐκ
772 4896 861 4944 τοῦ
888 4897 1011 4944 θεοῦ
1042 4895 1128 4945 καὶ
1156 4893 1381 4965 πατρὸς,
1411 4893 1644 4968 δεύτερον
1672 4896 1725 4951 δὲ
1756 4900 1807 4951 ἐκ
1833 4909 1924 4959 τῆς

354 4978 563 5050 μητρὸς.
592 4978 693 5031 ἀλλ’
712 4980 771 5031 οὐ
775 5002 816 5050 Α
822 4982 838 5032 ί
864 4981 951 5035 ἕνα
982 4985 1068 5035 καί
1094 4983 1176 5036 τόν
1204 4984 1372 5047 αὐτὸν,
1397 4994 1487 5045 τῆς
1510 4988 1758 5047 υἱοθεσίας
1781 4992 1925 5044 ἐκπέ-

357 5089 436 5122 σοι
463 5078 553 5129 τῆς
591 5070 954 5143 ἐπηγγελμένης
974 5081 1084 5135 τοῖς
1112 5076 1267 5149 ὀρθῶς
1291 5081 1612 5133 πιστεύουσι.
1645 5079 1821 5142 (δύσεις
1841 5088 1924 5151 μίν

2024 4630 2305 4692 sumimus,
2333 4636 2385 4683 et
2413 4627 2547 4682 duas
2586 4628 2636 4681 in
2668 4626 2878 4683 Christo
2907 4639 3119 4684 naturas
3157 4646 3277 4687 esse
3323 4631 3586 4690 dicimus:

2027 4741 2124 4782 nec
2154 4726 2274 4781 ideo
2302 4740 2439 4779 unus
2463 4724 2709 4778 Christus
2739 4724 2793 4778 in
2820 4724 2954 4780 duos
2981 4727 3231 4789 christos,
3265 4729 3349 4783 vel
3379 4731 3430 4783 in
3450 4729 3587 4786 duos

2028 4814 2166 4870 filios
2195 4814 2470 4869 dividitur.
2501 4812 2566 4867 Et
2594 4814 2952 4870 testimonium
2979 4827 3191 4886 praestat
3219 4819 3414 4873 nostris
3434 4819 3593 4875 dictis

2025 4914 2240 4961 sanctus
2261 4902 2549 4974 Gregorius
2575 4903 2898 4971 Theologus,
2924 4907 3163 4961 scribens
3189 4907 3240 4960 in
3263 4908 3433 4976 primo
3456 4908 3590 4964 libro

2029 4996 2096 5050 ad
2123 4992 2441 5049 Cledonium
2462 4994 2577 5048 sic:
2615 5012 2634 5045 ι
2665 4992 2722 5047 Si
2758 4994 2880 5063 quis
2920 4995 3208 5050 introducit
3256 4996 3389 5051 duos
3432 4997 3589 5064 ﬁlios,

2030 5099 2193 5139 unum
2217 5084 2431 5152 quidem
2460 5098 2526 5136 ex
2554 5081 2666 5137 Deo
2693 5091 2748 5138 et
2774 5081 2951 5150 Patre,
2993 5084 3283 5140 secundum
3314 5095 3493 5140 autem
3524 5102 3593 5142 ex

355 5158 451 5230 γὰρ
474 5155 589 5221 δύο,
613 5161 736 5218 Θεὸς
763 5163 848 5213 καί
873 5156 1155 5235 ἄνθρωπος,
1191 5166 1301 5219 ἐπεί
1337 5170 1419 5222 καί
1446 5159 1599 5237 ψυχὴ
1635 5174 1716 5225 καί
1745 5179 1925 5242 σῶμα’

295 5238 303 5245 ’
356 5250 450 5301 υόὶ
478 5248 531 5301 δὲ
551 5250 609 5301 οῦ
629 5247 740 5312 δύο,
763 5248 875 5303 οὐδε
900 5253 1018 5306 θεοί.
1044 5252 1167 5307 Οὐδὲ
1187 5255 1283 5329 γὰρ
1303 5257 1516 5311 ἐνταῦθα
1537 5257 1628 5314 δύο
1652 5257 1923 5334 ἄνθρωπον

357 5343 399 5393 εί
424 5344 507 5393 καί
545 5339 705 5400 οὕτως
748 5342 772 5394 6
804 5343 988 5404 Παῦλος
1029 5344 1086 5398 τὸ
1125 5344 1259 5405 ἐντὸς
1288 5352 1378 5401 τοῦ
1419 5349 1718 5423 ἀνθρώπου,
1747 5355 1832 5408 καί
1870 5357 1928 5409 τὸ

358 5432 442 5485 ίκτ
473 5450 499 5489 ς
539 5432 943 5507 τινροσιογόρευσι⁸
974 5438 1061 5488 καί
1084 5438 1130 5489 εἰ
1174 5434 1254 5491 δεῖ
1289 5439 1548 5507 συντόμως
1591 5445 1777 5509 εἰπεῖν,
1818 5443 1933 5499 ἄλλο

358 5522 446 5591 μὲν
466 5522 548 5573 καί
566 5517 684 5573 ἄλλο
707 5522 775 5576 τὰ
794 5522 846 5586 ἑξ
869 5520 936 5578 ὧν
962 5522 987 5578 6
1012 5530 1203 5600 σωτήρ.
1229 5524 1370 5593 εἴπερ
1391 5538 1461 5598 μή
1489 5532 1672 5584 ταυτὸν
1697 5534 1754 5586 τὸ
1779 5534 1934 5605 ἀόρα-

2030 5181 2219 5239 matre,
2246 5171 2343 5227 sed
2369 5188 2475 5226 non
2504 5187 2666 5225 unum
2695 5172 3071 5243 eumdemqne,
3098 5190 3164 5228 ex
3191 5174 3478 5243 adoptione
3503 5191 3596 5230 ca-

2028 5264 2139 5328 dat,
2186 5276 2303 5333 qua:
2348 5261 2610 5331 promissa
2653 5268 2737 5316 est
2784 5261 3123 5317 credentibus
3170 5270 3334 5321 recte.
3382 5263 3593 5320 Natura:

2033 5353 2175 5409 enim
2193 5351 2768 5418 dum,l)euscthomo,
2787 5348 3066 5418 quomodo
3082 5360 3137 5405 et
3155 5354 3329 5409 anima
3374 5363 3431 5411 et
3472 5370 3595 5409 cor-

2035 5460 2162 5515 pus;
2194 5457 2300 5496 nou
2335 5449 2514 5495 autem
2544 5452 2647 5493 uno
2685 5439 2797 5502 ﬁlii,
2840 5454 2941 5495 nec
2966 5440 3039 5493 dii
3075 5441 3202 5496 duo.
3235 5434 3599 5500 Neeenimhic

2036 5532 2144 5586 duo
2166 5529 2430 5592 homines,
2458 5529 2581 5584 licet
2603 5525 2797 5584 Paulus
2816 5528 2893 5582 sic
2912 5528 3481 5599 appellaveritUICor.
3521 5538 3595 5603 iv}

431 5783 448 5815 '
478 5780 537 5836 S.
592 5782 914 5839 Athanasius
960 5784 1014 5839 in
1067 5785 1309 5855 symbolo
1360 5789 1503 5857 quod
1547 5789 1662 5859 ejus
1700 5791 1919 5848 nomine
1955 5787 2279 5847 inscribitur.
