4032 6190
450 317 567 374 €39

1834 306 2125 362 V.ClLlUS
2162 307 2359 364 PAPA.

3600 298 3715 354 ato

460 455 550 489 τον
573 442 645 505 τῷ
674 434 857 504 ὁρατῷ.
884 432 965 486 καί
994 432 1051 485 τὸ
1078 427 1298 503 ἄχρονον
1323 437 1392 499 τῷ
1421 429 1520 484 ύπό
1552 427 1753 503 χρόνον,
1791 429 1874 481 ούκ
1896 424 2039 486 ἄλλος

2151 425 2284 495 quod
2313 432 2396 480 est
2422 424 2564 479 intus
2595 423 2847 491 hominis,
2891 428 2945 477 et
2972 419 3114 491 quod
3150 427 3233 475 est
3259 417 3627 475 extrinsecus:
3658 424 3717 472 et
3749 448 3753 450 ~

462 521 520 577 δέ
544 528 627 579 καί
651 522 815 587 ἄλλος,
839 527 908 592 μὴ
928 522 1131 593 γένοιτο.
1164 538 1181 571 t

2146 525 2206 569 ut
2247 514 2626 584 compendiose
2654 513 2911 577 dicamus,
2947 509 3089 564 aliud
3117 508 3331 579 quidem
3361 516 3416 560 et
3460 505 3603 560 al¥ud
3652 520 3721 561 ea

2141 620 2209 658 ex
2237 603 2426 672 quibus
2446 604 2689 660 Salvator
2710 610 2810 667 est,
2835 617 2952 655 cum
2982 596 3086 653 non
3119 600 3258 653 idem
3286 599 3357 652 sit
3382 597 3648 652 invisibile
3666 605 3733 652 ea

469 703 692 769 uisibile,
719 713 776 760 et
802 703 909 758 hoc
934 700 1076 771 quod
1097 700 1213 756 sine
1242 708 1483 770 tempore
1508 707 1613 765 est,
1653 707 1709 755 et
1757 699 1862 755 hoc
1890 697 2032 767 quod
2075 696 2174 751 sub
2203 703 2443 764 tempore
2468 712 2480 746 :
2517 710 2620 749 non
2649 702 2825 746 autem
2853 693 2988 746 alius
3014 700 3068 744 et
3088 690 3225 744 alius
3249 708 3264 743 :
3292 690 3452 743 absit.
3482 710 3501 742 ι

542 793 669 849 Ἰδού
713 791 795 848 διὰ
826 794 1019 848 τούτων
1046 798 1216 864 σαφῶς
1246 788 1476 845 διδάσκει
1517 787 1543 843 ό
1590 791 1641 842 ἓν
1670 789 1832 860 ἁγίοις
1855 787 2045 863 ι’ργλόο

462 906 597 961 prec,
623 885 705 941 ὅτι
725 887 807 940 ἐπί
827 890 917 939 τοῦ
939 884 1066 938 κατά
1087 882 1299 957 Χριστὸν
1320 884 1605 954 μυστηρίου
1623 879 1648 933 ό
1668 882 1758 950 μὲν
1782 881 1865 933 ἐπί
1886 898 2045 952 προσ-

469 981 620 1030 ώπων
648 976 730 1031 τὸν
760 973 963 1048 ἀριθμόν
999 972 1160 1043 ,λέγων
1177 1015 1190 1037 ,
1218 973 1285 1030 ὡς
1315 970 1505 1030 ἀσεϐὴς
1529 971 1908 1041 κατακρίνεται⁶
1941 966 1966 1021 ό
1992 966 2044 1021 δέ

469 1069 555 1122 ἐπί
599 1074 696 1122 τῶν
734 1068 929 1137 φύσεων
962 1063 1011 1127 ἐξ
1039 1060 1159 1116 ὧνὸ
1200 1058 1270 1121 εἷς
1315 1060 1551 1118 συνετέθη
1596 1060 1831 1132 Χριστός,
1870 1063 2047 1113 τοῦτον

472 1155 872 1231 παραλαμϐάνων
899 1154 1059 1228 ὀρθῶς
1079 1151 1309 1224 ὁμολογεῖ
1327 1167 1341 1181 ·
1367 1152 1435 1211 ὡς
1454 1154 1544 1209 τήν
1572 1150 1661 1219 μὲν
1688 1147 1919 1224 διαφορὰν
1946 1155 2046 1203 τῶν

471 1247 813 1301 συνελθουσῶν
850 1249 1040 1318 φύσεων
1070 1242 1152 1298 διὰ
1191 1245 1375 1299 τούτου
1405 1243 1682 1311 σημαίνων,
1710 1239 1951 1316 διαίρεσιν
1990 1238 2048 1294 δὲ

470 1344 560 1396 τήν
604 1339 696 1391 ἀνά
737 1337 886 1412 μέρος
924 1335 1035 1389 κατ’
1062 1333 1234 1389 οὐδένα
1270 1335 1455 1407 τρόπον
1495 1334 1814 1402 ποιούμενος.
1851 1329 2050 1406 Ὠσπερ

473 1428 574 1498 γὰρ
616 1426 763 1500 ἐτίρα
804 1425 952 1495 φύσις
981 1432 1072 1482 τῆς
1101 1423 1308 1495 ψυχῆς.
1356 1426 1438 1477 καί
1476 1422 1623 1494 ἑτέρα
1657 1423 1931 1490 σώματος,
1968 1423 2053 1474 καί

476 1518 616 1593 ὅμως
643 1516 713 1579 εἷς
755 1520 884 1573 κατὰ
928 1518 1159 1573 σύνῖεσιν
1197 1515 1459 1593 ἄνθρωπος
1503 1516 1842 1578 ἀποτελεῖται,
1874 1520 1957 1569 καί
1992 1518 2051 1570 ού

474 1607 566 1664 δύο
585 1624 598 1637 '
628 1608 762 1663 οὕτω
802 1611 885 1661 καί
913 1609 959 1661 ἕν
998 1615 1199 1682 Χριστῷ
1228 1611 1272 1661 εἰ
1298 1610 1382 1661 καί
1406 1604 1498 1661 δύο
1524 1606 1703 1679 φύσεις
1729 1608 2052 1681 θεωροῦνται,

474 1700 619 1773 ἕτέρκ
656 1702 747 1771 μέν
792 1707 882 1758 τῆς
931 1697 1187 1760 θεότητος,
1242 1698 1385 1772 ἑτέρα
1419 1695 1475 1752 δί
1519 1704 1610 1757 τῆς
1646 1697 2047 1771 ἀνθρωπότητος,

2216 781 2350 837 Ecce
2380 797 2474 850 per
2498 781 2612 835 haec
2640 782 2913 835 evidenter
2941 781 3097 834 docet
3139 787 3356 833 sanctus
3405 777 3722 846 Gregorius.

2145 872 2287 941 quod
2317 874 2370 926 in
2396 872 2649 942 mysterio
2674 869 2869 925 Christi
2900 871 2990 925 ille
3013 870 3225 938 quidem
3255 869 3347 936 qui
3386 869 3437 921 in
3477 869 3730 935 personis

2149 976 2428 1015 numerum
2457 960 2603 1025 dicit,
2633 969 2691 1015 ut
2728 960 2921 1029 impius
2949 959 3337 1019 condemnatur
3362 970 3376 1010 :
3421 957 3512 1011 ille
3542 968 3728 1010 autem

2147 1051 2237 1120 qui
2267 1051 2320 1104 in
2369 1050 2591 1115 naturis,
2622 1064 2690 1104 ex
2717 1049 2910 1117 quibus
2945 1063 3079 1101 unus
3122 1046 3365 1101 Christus
3393 1046 3731 1115 compositus

2151 1149 2254 1203 est.
2279 1154 2560 1193 numerum
2601 1138 2812 1207 accipit,
2864 1147 3012 1192 recte
3039 1135 3349 1200 conﬁtetur,
3378 1143 3438 1190 ut
3473 1144 3602 1205 pote
3625 1135 3734 1190 dif-

2155 1228 2433 1282 ferentiam
2460 1228 2676 1297 quidem
2705 1235 3012 1281 naturarum
3042 1240 3161 1295 quae.
3205 1233 3591 1289 convenerunt.
3630 1241 3735 1294 per

2158 1316 2260 1370 hoc
2279 1314 2582 1384 significans
2616 1333 2629 1368 :
2668 1314 2986 1369 divisionem
3022 1323 3224 1381 autem,
3253 1327 3372 1383 qua:
3400 1318 3496 1383 per
3518 1324 3731 1384 partem

2158 1415 2261 1468 est,
2314 1405 2460 1459 nullo
2508 1404 2668 1459 modo
2705 1402 2924 1457 faciens.
2954 1403 3103 1457 Sicut
3131 1404 3272 1457 enim
3318 1403 3487 1457 altera
3535 1412 3732 1458 natura

2153 1506 2234 1556 est
2263 1498 2468 1559 animm,
2500 1504 2555 1550 et
2583 1495 2751 1550 altera
2779 1494 3041 1564 corporis,
3072 1503 3127 1547 et
3156 1503 3336 1548 tamen
3365 1510 3502 1548 unus
3534 1509 3734 1549 secun-

2153 1587 2277 1640 dum
2302 1585 2748 1654 compositionem
2777 1584 2940 1639 homo
2978 1583 3226 1648 edicitur,
3255 1592 3311 1638 et
3345 1600 3449 1639 non
3478 1584 3584 1639 duo
3627 1585 3732 1639 ho-

2155 1680 2362 1741 mines;
2420 1677 2498 1732 sic
2550 1684 2604 1731 et
2655 1676 2707 1730 in
2758 1674 2973 1730 Christo
3026 1675 3153 1730 licet
3201 1676 3321 1756 duae
3367 1676 3735 1744 intelligantur

476 1789 582 1844 ἀλλ’
616 1791 674 1843 ού
714 1788 797 1844 διὰ
839 1795 990 1846 τοῦτο
1034 1786 1126 1843 δύο
1167 1786 1458 1862 Χριστοί,ἣ
1498 1786 1590 1843 δύο
1610 1788 1714 1842 υίοί
1742 1788 2047 1858 εἰσάγονται.

2157 1786 2376 1843 natura},
2405 1776 2573 1830 altera
2602 1775 2816 1846 quidem
2843 1775 3074 1839 deitatis,
3108 1775 3275 1830 altera
3304 1791 3433 1831 vero
3478 1777 3735 1831 humani-

474 1882 629 1939 Ὠστε
660 1886 746 1939 τὸν
774 1884 981 1955 ἀριθμὸν
1008 1890 1106 1937 τῶν
1132 1883 1182 1936 ἓν
1201 1888 1402 1954 Χριστῷ
1427 1881 1625 1954 φύσεων
1652 1881 1779 1936 κατά
1804 1881 1889 1935 τόν
1912 1881 2049 1954 εἰρη-

478 1979 619 2050 μένον
643 1977 825 2051 τρόπον
854 1976 1247 2051 παραιτούμενοι
1280 1973 1457 2043 λέγειν,
1490 1972 1626 2030 δῆλοί
1647 1972 1744 2027 είσι
1772 1978 1863 2029 τὴν
1885 1968 2056 2043 διαφο-

478 2071 572 2144 ράν
616 2069 808 2123 τούτων
848 2066 1157 2142 ἀρνούμενοι,
1184 2065 1266 2117 καί
1304 2064 1568 2134 σύγχυσιν
1610 2062 1966 2132 ἐπεισάγοντες
1993 2067 2054 2132 τῇ

479 2158 748 2230 οἰκονομίᾳ.
777 2157 831 2210 Εἰ
858 2153 911 2209 δὲ
939 2159 1030 2213 τὴν
1051 2152 1288 2227 διαφορὰν
1328 2152 1674 2223 ὁμολογοῦσιν,
1700 2152 1891 2223 ἀνάγκη
1928 2150 2056 2203 πάν-

477 2268 578 2307 τως
608 2249 691 2302 ἐπί
718 2248 880 2320 ταύτῃ
912 2246 1010 2298 καί·
1031 2244 1115 2299 τὸν
1156 2243 1363 2320 ἀριθμόν
1406 2248 1507 2296 τῶν
1536 2241 1854 2310 ἁσυγχύτως
1882 2238 2057 2292 συνελ-

477 2338 672 2392 θουσῶν
695 2338 891 2410 φύσεων
915 2337 988 2395 εἷς
1013 2336 1134 2405 μίαν
1164 2334 1454 2389 ὑπόστασιν
1477 2332 1635 2403 λέγειν
1662 2333 1866 2390 αύτούς.
1888 2327 2054 2384 Ὀπου

477 2428 578 2501 γὰρ
604 2424 815 2498 διαφορά
837 2425 1161 2497 φυλάττεται,
1182 2423 1345 2494 ταύτῃ
1368 2424 1569 2480 πάντως
1594 2423 1680 2475 καί
1707 2420 1911 2495 ἀριθμός
1937 2420 2057 2474 ἕπε-

478 2536 585 2572 ται.
606 2519 696 2576 Είς
723 2516 978 2570 σύστασιν
1007 2512 1059 2567 δὲ
1086 2521 1184 2567 τῶν
1210 2513 1332 2584 παρ’
1365 2512 1503 2581 ἡμῶν
1544 2512 1813 2583 εἰρημένων
1856 2517 1918 2584 τῇ
1956 2517 2056 2563 τῶν

479 2602 633 2675 ἁγίων
662 2605 894 2676 πατέρων
916 2605 1176 2676 μαρτυρίᾳ
1206 2603 1478 2671 χρώμενοι,
1508 2597 1730 2669 δείξομεν
1752 2600 1940 2658 αύτούς
1976 2598 2058 2654 lie

412 2728 413 2731 η
476 2712 609 2763 γειν,
643 2692 722 2749 ὅτι
749 2694 829 2747 ἐπί
873 2700 963 2747 τοῦ
1006 2694 1139 2746 κατά
1175 2693 1386 2768 Χριστόν
1417 2693 1700 2764 μυστηρίου
1737 2688 1785 2741 οί
1810 2690 1899 2756 μὲν
1925 2688 2058 2760 λόγοι

481 2782 796 2857 διαιροῦνται
825 2784 951 2837 κατά
971 2786 1060 2841 τήν
1085 2780 1321 2855 διαφορὰν
1347 2788 1445 2836 τῶν
1472 2782 1687 2852 φύσεων,
1719 2780 1952 2839 θεότητος
1977 2782 2058 2832 καί

479 2876 880 2950 ἀνθρωπότητος,
920 2876 969 2937 ἐξ
998 2872 1064 2927 ὧν
1099 2876 1179 2927 καί
1207 2873 1458 2936 συνετέθη,
1492 2872 1574 2926 καί
1609 2874 1692 2924 τόν
1724 2871 1933 2943 ἀριθμόν
1973 2870 2058 2923 ἐπί

478 2967 665 3020 τούτου
681 2965 1186 3039 παραλαμϐάνουσιν,
1210 2964 1268 3016 ού
1288 2968 1384 3031 μὴν
1408 2968 1770 3038 πραγματικῶς
1792 2963 1886 3016 ἀνά
1906 2961 2056 3035 μίρος

477 3061 567 3115 τήν
592 3063 692 3111 τῶν
719 3058 917 3128 φύσεων
943 3049 1203 3111 ποιεῦνται
1237 3053 1475 3131 διαίρεσιν
1504 3056 1577 3114 είς
1604 3052 1695 3110 δύο
1719 3053 2054 3118 ύποστὰσεις,

477 3148 587 3206 ἤτοι
609 3144 699 3202 δύο
722 3143 991 3208 πρόσωπα.

2155 1868 2299 1934 tatis,
2328 1867 2422 1922 sed
2457 1882 2564 1921 non
2596 1874 2815 1936 propter
2844 1867 2948 1921 hoc
2974 1866 3080 1920 duo
3131 1866 3348 1931 christi,
3381 1877 3474 1922 aut
3497 1868 3605 1923 duo
3632 1869 3733 1924 ﬁlii

2155 1959 2582 2012 introducuntur.
2615 1955 2755 2026 Ergo
2796 1957 2887 2025 qui
2926 1972 3206 2011 numerum
3254 1967 3569 2012 naturarum
3614 1974 3737 2029 qua:

2155 2051 2207 2104 in
2239 2049 2455 2104 Christo
2483 2057 2628 2115 sunt,
2649 2048 2940 2103 secundum
2971 2048 3283 2116 praedictum
3309 2048 3525 2102 modum
3550 2049 3740 2104 dicere

2154 2148 2421 2206 recusant,
2448 2138 2713 2194 manifesti
2744 2147 2875 2194 sunt
2892 2138 3249 2194 differentiam
3279 2148 3586 2194 naturarum
3631 2141 3738 2195 ab-

2156 2239 2431 2301 negantes,
2488 2239 2543 2285 et
2587 2230 2959 2286 confusionem
3011 2230 3414 2286 introducentes
3453 2231 3740 2301 dispensa-

2157 2322 2309 2376 tioni.
2357 2319 2413 2376 Si
2442 2336 2571 2376 vero
2609 2319 2962 2374 differentiam
2993 2318 3339 2385 conﬁtentur,
3388 2335 3607 2375 necesse
3648 2330 3740 2375 est

2155 2410 2461 2465 omnimodo
2488 2408 2555 2463 ad
2585 2424 2701 2463 eam
2728 2407 3149 2477 signiﬁcandam,
3178 2418 3231 2464 et
3251 2425 3529 2464 numerum
3551 2410 3737 2466 dicere

2159 2510 2464 2557 naturarum
2493 2516 2611 2570 qum
2635 2501 2751 2555 sine
2778 2501 3090 2573 confusione
3134 2501 3187 2554 in
3237 2517 3395 2555 unam
3435 2501 3738 2556 subsisten-

2156 2603 2282 2657 tiam
2311 2607 2696 2656 convenerunt.
2732 2597 2831 2653 Ubi
2861 2598 2999 2652 enim
3024 2596 3323 2653 differentia
3354 2608 3624 2666 servatur,
3654 2599 3732 2653 ibi

2159 2690 2304 2746 omni
2344 2689 2506 2745 modo
2536 2697 2591 2745 et
2630 2704 2883 2743 numerus
2926 2689 3185 2758 sequitur.
3235 2688 3318 2743 Ad
3364 2688 3735 2744 conﬁrmanda

2157 2789 2337 2834 autem
2367 2793 2429 2833 ea
2455 2793 2573 2848 quae
2609 2777 2858 2843 diximus,
2901 2786 3211 2833 sanctorum
3241 2787 3450 2847 patrum
3480 2780 3734 2835 testimo-

2158 2870 2246 2925 nio
2266 2877 2498 2934 utentes,
2526 2856 2866 2923 ostendemus
2903 2884 2997 2923 eos
3025 2868 3224 2936 dicere,
3256 2869 3397 2937 quod
3419 2870 3470 2923 in
3502 2869 3734 2943 [myste-

2157 2962 2236 3017 rio
2264 2958 2676 3030 Chrisﬁ,erc.]
2722 2974 2828 3013 uno
2859 2959 3085 3014 Domino
3126 2967 3310 3014 nostro
3345 2958 3473 3015 Jesu
3516 2960 3735 3017 Christo

2157 3052 2394 3107 rationes
2431 3051 2643 3121 quidem
2681 3049 2988 3104 dividuntur
3038 3050 3328 3105 secundum
3373 3048 3734 3106 differentiam

2088 3135 2138 3200 C
2168 3153 2476 3200 naturarum
2495 3142 2710 3197 deitatis
2736 3151 2792 3196 et
2815 3142 3161 3197 humanitatis
3196 3158 3263 3196 ex
3290 3143 3483 3211 quibus
3503 3156 3560 3198 et
3580 3159 3734 3198 com-

2159 3233 2369 3311 positus
2393 3241 2497 3299 est,
2522 3225 2873 3286 etnumerum
2899 3232 2949 3284 in
2980 3233 3083 3287 hoc
3103 3240 3396 3300 assumunt,
3419 3248 3525 3289 non
3548 3242 3733 3290 tamen

479 3326 596 3397 ipsa
635 3341 693 3382 re
736 3335 792 3383 et
847 3342 945 3397 per
987 3336 1166 3397 partes
1210 3334 1518 3381 naturarum
1563 3325 1765 3381 faciunt
1808 3325 2123 3381 divisionem
2161 3324 2213 3377 in
2239 3323 2370 3377 duas
2396 3323 2761 3379 subsistentias
2786 3323 2899 3377 sive
2935 3337 3193 3392 personas

554 3418 694 3487 Λέγει
735 3419 832 3492 γὰρ
874 3417 898 3469 ό
937 3418 984 3470 ἐν
1029 3419 1185 3489 ἁγίοις
1230 3416 1459 3492 Κύριλλος
1487 3418 1537 3469 ἐν
1581 3423 1643 3489 τῇ
1691 3416 1926 3491 ἑρμηνείᾳ
1960 3420 2049 3469 τοῦ

481 3513 742 3564 Δευιτικοῦ
777 3506 934 3566 οῗτως
959 3522 970 3536 ·
1011 3525 1029 3558 ε
1054 3506 1196 3561 Ὅλον
1225 3505 1286 3565 δὴ
1314 3507 1462 3561 πάλιν
1496 3507 1544 3560 ἐν
1570 3507 1768 3565 τούτοις
1792 3506 2051 3579 περιάθρει

479 3608 653 3672 σαφῶς
677 3606 769 3654 τοῦ
797 3607 1028 3670 σωτῆρος
1053 3602 1189 3668 ἡμῶν
1217 3600 1276 3653 τὸ
1305 3602 1607 3673 μυστήριον,
1644 3598 1829 3652 καὶτὸν
1851 3595 1935 3652 διά
1958 3604 2050 3651 τοῦ

480 3691 624 3764 ἁγίου
674 3693 1031 3762 βαπτίσματος
1081 3691 1407 3765 καθαρισμὸν.
1457 3693 1553 3745 Δύο
1600 3694 1691 3760 μὲν
1732 3692 1829 3764 γάρ
1869 3692 2052 3765 ὀρνίθια

476 3783 713 3854 ληφθῆναι
749 3783 933 3835 κελεύει
960 3787 1118 3845 ζῶντα
1146 3786 1227 3834 καί
1269 3783 1476 3854 καθαρὰ,
1507 3784 1589 3835 ἵνα
1628 3787 1811 3853 νοήσῃς
1843 3780 1926 3837 διὰ
1954 3790 2052 3837 τῶν

480 3879 716 3926 πετεινῶν
752 3874 837 3925 τόν
866 3873 1091 3945 οὐράνιον
1133 3869 1394 3944 ἄνθρωπόν
1420 3892 1475 3927 τε
1515 3870 1640 3943 όμοῦ
1689 3876 1772 3926 καί
1811 3874 1931 3927 Θεὸν
1981 3876 2052 3934 ε’ς

480 3959 570 4014 δύο
596 3964 790 4030 φύσεις,
826 3959 944 4015 ὅσιν
986 3960 1099 4023 ἧκεν
1141 3966 1212 4023 είς
1252 3964 1337 4017 τόν
1367 3963 1558 4037 ἑκάστῃ
1596 3965 1853 4039 πρέποντα
1884 3966 2047 4039 λόγον,

479 4046 823 4122 διαιρούμενον
840 4068 852 4081 ⁸
882 4051 1028 4120 λόγος
1050 4052 1143 4127 γὰρ
1165 4049 1221 4109 ἧν
1248 4050 1274 4106 ὃ
1302 4053 1356 4106 ἐκ
1384 4062 1511 4108 Θεοῦ
1539 4057 1736 4126 πατρός
1755 4056 2053 4129 ἀναλάμψας

480 4139 529 4190 ἐν
553 4142 704 4211 σαρκί
725 4148 786 4212 τῇ
814 4142 866 4194 ἐκ
890 4146 1140 4210 γυναικς,
1171 4143 1294 4200 πλὴν
1322 4145 1378 4196 ού
1402 4146 1721 4218 μεριζόμενος
1745 4161 1757 4174 °
1784 4143 1852 4207 εἷς
1881 4149 1975 4217 γὰρ
2002 4149 2053 4211 ἐξ

479 4229 663 4300 ἀμφοῖν
689 4228 715 4284 ό
747 4230 982 4305 Χριστός.
1008 4250 1027 4282 ι
1063 4236 1151 4287 καί
1175 4233 1313 4288 πάλιν
1335 4233 1360 4287 ό
1384 4234 1531 4295 αὐτὸς
1553 4235 1600 4288 ἒν
1622 4235 1783 4308 ἁγίοις
1816 4238 2052 4314 Κύριλλος

479 4318 530 4374 ἄν
663 4322 788 4399 πρὸς
827 4325 1094 4378 Σούκενσον
1135 4322 1348 4400 δευτέρᾳ
1384 4324 1625 4398 ἐπιστολῇ
1650 4332 1824 4402 γράφει
1851 4330 2009 4390 οὕτως
2036 4346 2049 4359 ⁸

484 4428 502 4459 ι
522 4410 644 4465 Ἀλλ’
674 4412 943 4485 ἠγνόησαν,
967 4413 1043 4468 ὄτι
1066 4413 1163 4470 ὅσα
1184 4419 1306 4471 κατὰ
1326 4418 1477 4487 μόνην
1495 4424 1582 4477 τήν
1601 4420 1811 4492 θεωρίαν
1840 4418 2051 4493 διαιρεῖ-

476 4504 590 4558 σθαι
617 4508 763 4576 φιλεῖ,
790 4512 954 4561 ταῦτα
992 4509 1048 4559 ού
1093 4511 1294 4567 πάντως
1323 4513 1402 4563 καὶ
1443 4512 1513 4569 εἰς
1542 4510 1816 4583 ἑτερότητα
1843 4518 1932 4571 τήν
1960 4515 2052 4567 ὀινά

477 4591 625 4663 μέρος
650 4590 929 4668 όλοτρόπως
970 4598 1049 4648 καί
1090 4586 1253 4656 ίδικῶς
1280 4599 1655 4665 ἀποφοτήσειεν
1698 4594 1758 4652 ἂν
1796 4601 1885 4654 ἀπ’
1907 4602 2049 4659 «una-

2225 3412 2361 3466 Dicit
2384 3413 2526 3467 enim
2554 3419 2775 3466 sanctus
2802 3410 3029 3482 Cyrillus
3056 3413 3111 3467 in
3143 3413 3358 3469 Levitici
3406 3416 3732 3486 interpreta-

2152 3503 2299 3557 tione
2326 3501 2512 3569 (Leuit.
2536 3500 2644 3570 xw)
2690 3501 2766 3557 sic
2790 3518 2803 3554 :
2843 3521 2860 3553 ε
2881 3501 3074 3556 Totum
3103 3504 3155 3558 in
3179 3505 3261 3561 his
3288 3506 3479 3560 iterum
3501 3509 3735 3563 circum-

2152 3593 2300 3662 spice
2328 3599 2512 3661 aperte
2536 3591 2829 3648 Salvatoris
2855 3594 3025 3649 nostri
3053 3596 3387 3664 mysterium,
3437 3606 3492 3652 et
3536 3613 3730 3653 emun-

2152 3681 2423 3736 dationem
2443 3696 2562 3751 qua:
2586 3696 2683 3750 per
2702 3692 2945 3737 sanctum
2974 3683 3235 3753 baptisma
3276 3685 3352 3739 ﬁt.
3402 3686 3544 3742 Duas
3580 3690 3728 3743 enim

2151 3772 2383 3827 aviculas
2410 3773 2547 3827 sumi
2565 3772 2715 3843 jubet
2741 3774 2890 3827 viras
2910 3783 2965 3829 et
2989 3776 3233 3841 mundas,
3264 3786 3323 3832 ut
3344 3778 3610 3848 intelligas
3634 3796 3727 3849 per

2151 3863 2389 3917 volatilia
2420 3863 2694 3918 caalestem
2725 3865 2997 3919 hominem
3023 3866 3176 3919 simul
3203 3875 3257 3920 et
3286 3867 3471 3933 Deum,
3502 3869 3555 3923 in
3597 3868 3728 3924 duas

2153 3961 2391 4019 naturas,
2434 3961 2690 4022 quantum
2742 3955 2975 4023 pertinet
3013 3954 3080 4010 ad
3110 3954 3393 4011 'rationem
3440 3958 3728 4026 unicuique

2151 4046 2582 4113 convenientem,
2607 4044 2967 4101 dividendum.
2995 4047 3132 4118 Deus
3159 4050 3300 4103 enim
3331 4050 3586 4117 Verbum,
3611 4053 3733 4123 quia

2153 4158 2221 4198 ex
2250 4143 2360 4198 Deo
2389 4141 2547 4200 Patre
2574 4152 2677 4208 est,
2708 4144 2975 4214 splenduit
2995 4146 3047 4199 in
3076 4161 3236 4201 carne
3260 4161 3377 4215 quae
3410 4163 3475 4201 ex
3504 4150 3728 4204 muliere

2152 4241 2254 4299 cst,
2299 4242 2666 4289 verumtamen
2717 4250 2825 4289 non
2874 4236 3244 4305 partendum;
3288 4252 3424 4291 unus
3468 4239 3612 4293 enim
3659 4253 3726 4294 et

2154 4324 2391 4393 utrisque
2412 4325 2673 4379 Christus.
2710 4344 2728 4377 ι
2765 4325 2832 4379 Et
2856 4327 3047 4381 iterum
3078 4326 3222 4382 idem
3251 4337 3466 4384 sanctus
3495 4328 3726 4400 Cyrillus

2154 4417 2205 4470 in
2252 4415 2482 4471 secunda
2516 4418 2583 4472 ad
2618 4415 2937 4473 Successum
2978 4418 3203 4490 epistola
3249 4420 3322 4473 ita
3364 4419 3529 4475 dicit:
3564 4440 3585 4474 ι
3619 4421 3726 4478 Sed

2155 4507 2533 4572 ignoraverunt
2558 4505 2699 4575 quod
2723 4522 2842 4576 qua:
2864 4525 2958 4577 per
2988 4511 3158 4565 solum
3186 4509 3529 4565 intellectum
3557 4512 3724 4568 dividi

2152 4597 2347 4660 solent,
2390 4612 2494 4650 non
2541 4597 2655 4652 haec
2710 4600 3011 4654 necessario
3066 4602 3226 4655 etiam
3282 4601 3336 4656 in
3382 4602 3723 4669 alteritatezn,

471 4679 591 4734 λων.
619 4700 636 4732 ι
656 4687 748 4737 Καί
773 4683 798 4736 ό
827 4684 875 4737 ἐν
897 4684 1054 4756 ἁγίοις
1076 4687 1326 4747 Βασίλειος
1347 4689 1393 4740 ἐν
1414 4696 1485 4758 τῷ
1507 4691 1735 4760 τετάρτῳ
1765 4692 1873 4745 κατ’
1904 4693 2047 4744 Εύνο·

2155 4699 2273 4751 qua:
2293 4694 2377 4739 est
2397 4700 2492 4753 per
2517 4692 2716 4754 partes,
2747 4689 3055 4743 omnimodo
3084 4699 3139 4744 ct
3165 4692 3468 4759 specialiter
3492 4708 3522 4746 a
3552 4707 3613 4748 se
3644 4694 3724 4747 in-

474 4776 591 4843 μίου
619 4774 744 4844 λόγῳ
764 4775 1044 4849 alamus...»
1071 4779 1378 4851 τὸ-ιίύριος
1403 4778 1565 4834 ε’κτισέ
1588 4801 1672 4852 με,
1704 4784 1785 4833 καί
1806 4782 1906 4855 πρό
1928 4786 2050 4835 πόν-

474 4885 576 4918 των
587 4864 779 4933 βοννῶν
798 4871 935 4937 γεννᾷ
955 4886 1013 4935 με
1032 4870 1281 4941 -γρὰφει
1303 4868 1484 4927 οὕτως’
1504 4887 1522 4918 ε
1547 4872 1769 4926 Ληπτέον
1789 4866 1874 4924 οὖν
1884 4873 1938 4924 τό
1958 4875 2048 4949 μέν

476 4955 826 5024 ἐγέννησεν,
854 4957 935 5009 ἐπὶ
963 4962 1054 5009 τοῦ
1077 4963 1201 5010 Θεοῦ
1227 4957 1353 5010 vim?
1378 4961 1435 5013 τό
1453 4957 1505 5012 δὲ
1536 4957 1820 5024 ἔκτισεν,
1847 4963 1929 5014 ἐπὶ
1957 4968 2045 5016 τοῦ

2154 4776 2323 4826 vicem
2364 4775 2772 4843 separabuntur.
2816 4796 2835 4828 ι
2888 4777 2994 4833 Sed
3038 4787 3093 4834 et
3135 4790 3351 4835 sanctus
3395 4780 3622 4836 Basilius
3669 4783 3725 4837 in

2153 4874 2342 4933 quarto
2364 4865 2499 4919 libro
2520 4867 3063 4935 contraEnnomium,
3080 4872 3431 4939 interpretans
3458 4872 3559 4927 hoc
3579 4873 3725 4943 quod

2151 4965 2233 5009 est
2259 4972 2270 5006 :
2303 4953 2554 5008 Dominus
2583 4958 2769 5009 crearit
2795 4974 2892 5020 me,
2926 4969 2975 5011 et
3008 4971 3126 5014 ante
3151 4977 3326 5015 omnes
3365 4963 3522 5017 colles
3547 4966 3724 5034 genuit

472 5054 563 5104 τήν
579 5052 768 5122 μορφήν
786 5054 875 5103 τοῦ
894 5047 1069 5102 δούλου
1087 5049 1344 5109 λαϐόντος.
1362 5046 1437 5102 Ἐν
1460 5056 1590 5105 πᾶσι
1606 5048 1657 5104 δέ
1677 5052 1871 5110 τούτοις
1887 5054 1944 5104 ού
1958 5050 2047 5106 δύο

2151 5062 2208 5102 ne
2229 5045 2410 5116 (Prae.
2433 5045 2646 5115 vni):ita
2667 5049 2850 5102 scribit
2872 5066 2885 5101 :
2916 5068 2934 5100 ι
2959 5050 3358 5120 Intelligendum
3382 5054 3487 5111 hoc
3508 5059 3719 5126 quidem

475 5137 694 5209 λέγομεν,
728 5139 848 5193 Θεὸν
875 5137 996 5205 ίδίᾳ,
1029 5143 1113 5194 καί
1140 5137 1402 5214 ἄνθρωπον
1428 5139 1530 5214 ἰδίᾳ
1552 5157 1564 5169 ⁸
1589 5138 1657 5200 εἷς
1676 5143 1773 5217 γὰρ
1812 5140 1870 5200 ἦν
1924 5143 2048 5197 ἀλλά

475 5228 581 5279 κατ’
610 5228 831 5283 ἕπίνοιαν
858 5234 946 5286 τὴν
985 5229 1198 5283 ἑκάστου
1224 5231 1374 5301 φύσιν
1410 5230 1735 5301 λογιζόμενοι.
1764 5250 1781 5281 ι
1816 5234 1899 5286 καί
1933 5230 1959 5286 ό
2002 5232 2051 5286 ἓν

475 5314 635 5387 ἁγίοις
662 5314 713 5368 δέ
745 5315 1014 5393 Γρηγόριος
1040 5318 1065 5371 ό
1096 5317 1314 5398 θεολόγοις
1339 5321 1388 5372 ἐν
1424 5327 1496 5385 τῷ
1531 5324 1649 5395 περὶ
1688 5323 1798 5374 υίοῦ
1830 5320 2049 5394 δευτέρῳ

475 5403 605 5472 λόγῳ
631 5400 877 5457 διδάσκων
904 5414 1033 5475 ημᾶς
1054 5446 1068 5469 ο
1096 5406 1234 5466 ὅπως
1278 5406 1356 5463 διί
1387 5413 1476 5469 τὰς
1524 5410 1571 5461 ἐν
1611 5418 1686 5482 τῷ
1729 5415 1884 5486 κυρίῳ
1911 5416 2049 5481 ἡμῶν
2102 5412 2103 5415 η

472 5484 637 5549 Ἰησοῦ
681 5502 881 5565 Χριστῷ
920 5499 1093 5564 φύσεις
1130 5499 1240 5552 κοτ’
1287 5500 1505 5554 ἐπινοιαν
1547 5499 1825 5575 διακρίνειν,
1875 5506 2050 5576 γράφει

474 5586 655 5644 ο·ἶ’τως⁶
692 5602 711 5634 ε
732 5582 897 5640 Ἦνίκα
920 5588 970 5640 αί
995 5590 1171 5657 φύσεις
1194 5589 1482 5647 διίστανται
1509 5598 1624 5650 ταῖς
1645 5592 1907 5653 ἐπινοίαις.
1936 5616 2053 5648 συν-

476 5672 741 5748 διαιρεῖται
785 5675 868 5727 καί
910 5677 975 5732 τά
1017 5676 1258 5748 ὀνόματα.
1294 5679 1488 5733 Παύλου
1526 5680 1755 5753 λέγοντος
1795 5679 2047 5736 ἄκουσον·

476 5760 687 5818 ...Ἰναό
702 5765 826 5823 Θεός
845 5771 933 5819 τοῦ
957 5768 1130 5843 κυρίου
1146 5769 1283 5836 ἡμῶν
1298 5767 1462 5827 Ἰησοῦ
1479 5778 1701 5844 Χριστοῦ
1726 5771 1937 5847 όπατήρ
1957 5784 2048 5837 τῆς
2070 5768 2071 5771 “

2149 5132 2296 5201 quod
2322 5134 2469 5201 dicit,
2499 5142 2706 5201 creavit,
2737 5138 2805 5192 de
2824 5153 2890 5195 eo
2917 5140 3008 5208 qui
3040 5140 3264 5197 formam
3308 5146 3447 5199 servi
3488 5149 3718 5217 accepit.

2151 5231 2207 5286 ln
2235 5233 2318 5288 his
2347 5242 2525 5288 autem
2553 5235 2801 5291 omnibus
2831 5253 2933 5292 non
2957 5239 3062 5294 duo
3089 5241 3334 5310 dicimus,
3368 5243 3531 5300 Deum
3559 5261 3722 5316 sepa-

2149 5329 2326 5386 ratim,
2373 5333 2429 5379 et
2472 5326 2741 5381 hominem
2768 5332 3075 5399 separatim,
3106 5349 3239 5387 unus
3268 5336 3409 5389 enim
3439 5345 3592 5391 erat:
3625 5339 3722 5393 sed

2150 5413 2441 5468 secundum
2496 5415 2847 5481 intellectum,
2907 5421 3181 5489 utriusque
3233 5431 3475 5479 naturam
3531 5427 3721 5482 existi-

2152 5512 2376 5557 mantes.
2403 5524 2420 5556 ι
2445 5503 2550 5559 Sed
2569 5515 2625 5560 et
2646 5517 2863 5563 sanctus
2881 5507 3167 5578 Gregorius
3189 5512 3488 5584 Theologus
3511 5516 3562 5570 in
3586 5518 3723 5572 libro

2149 5595 2386 5650 secundo
2419 5596 2486 5650 de
2513 5596 2669 5662 Filio,
2700 5600 2898 5656 docens
2944 5618 3043 5657 nos
3071 5606 3342 5674 quomodo
3388 5609 3442 5661 in
3490 5608 3723 5665 Domino

2151 5694 2336 5741 nostro
2355 5683 2481 5741 Jesu
2508 5686 2719 5743 Christo
2746 5700 2961 5761 oportet
2991 5703 3208 5750 naturas
3227 5711 3347 5766 quae
3394 5698 3446 5752 in
3476 5714 3545 5756 eo
3572 5710 3722 5768 sunt,

2147 5775 2439 5832 secundum
2461 5776 2788 5835 intellectum
2814 5781 3136 5854 discernere,
3165 5785 3238 5841 ita
3267 5788 3449 5843 scribit
3477 5806 3491 5842 :
3530 5808 3549 5840 ι
3582 5789 3721 5843 Cum
