4032 6190
280 237 372 293 2H

1259 241 1637 300 JUSl'lNlANl
1676 236 2048 296 CONFESSIO
2087 241 2176 295 RE
2209 239 2334 295 .TzE
2375 238 2565 296 FlDEl.

3432 246 3544 300 9.42

280 355 443 419 δόξης·
476 357 701 426 Χριστοῦ
729 354 818 423 μὲν
841 353 984 414 Θεὸς,
1015 364 1104 417 τῆς
1130 354 1184 412 δέ
1207 355 1349 420 δόξης
1379 359 1566 432 πατήρ.
1589 358 1646 408 Ei
1669 355 1766 427 γὰρ
1788 356 1868 407 καί

1983 361 2174 407 natura:
2206 353 2481 409 intellectu
2508 354 2728 423 distant,
2754 355 2910 410 simul
2938 355 3245 413 dividuntur
3268 358 3430 414 etiam
3455 376 3546 416 uo-

277 451 336 505 τὸ
354 447 722 521 συναμφότερον
742 444 810 505 ἓν.
838 446 1015 501 ἀλλὀὐ
1032 456 1093 523 τῇ
1109 451 1278 520 φύσῖι,
1306 457 1367 524 τῇ
1394 447 1447 503 δὲ
1476 447 1687 517 συνόδῳ.
1714 464 1733 498 ε
1767 449 1869 500 Καὶ

282 537 312 595 ὃ
343 539 393 593 ἓν
430 538 591 610 ἁγίοις
620 536 672 589 δέ
704 537 968 612 Γρηγὸριος
1000 538 1023 591 ό
1054 540 1256 599 Νὑσσης
1283 541 1555 597 ἐπίσκοπος
1579 540 1628 591 ἕν
1656 544 1728 609 τῷ
1753 547 1867 591 κατ’

279 630 515 702 Εὑνομίου
542 628 773 702 τετάρτῳ
796 626 930 699 λόγῳ
959 631 1024 683 τὰ
1063 632 1193 684 αὐτὰ
1221 633 1356 699 ἡμᾶς
1383 628 1648 688 διδάσκων,
1688 630 1868 701 γράφει

282 720 468 777 ο”τως⁶
506 735 524 766 ε
547 720 631 769 Καὶ
659 722 726 777 ὥς
750 713 808 771 ἂν
833 724 902 788 μή
928 741 1006 779 τις
1122 721 1355 797 άκηράτῳ
1381 721 1528 792 φύσει
1550 720 1604 773 τό
1631 722 1756 773 κατὰ
1780 721 1868 773 τὸν

294 807 521 880 σταυρόν
547 807 708 865 πάθος
733 808 1120 881 προστρίέοιτο,
1148 806 1211 863 δι’
1238 808 1420 883 ἑτέρων
1460 805 1758 884 τρανότερον
1781 813 1870 867 τήν

281 898 523 953 τοιαύτην
550 896 912 969 ἐπανορθοῦται
944 893 1153 957 πλάνην,
1202 900 1413 967 μεσίτην
1437 896 1588 951 αὑτὸν
1629 903 1755 950 Θεοῦ
1785 897 1872 950 καί

281 986 568 1058 ἀνθρώπου,
615 985 740 1039 Θεὸν
778 987 863 1038 καί
889 984 1148 1061 ἄνθρωπον
1190 987 1346 1041 αὑτὸν
1384 983 1661 1056 ὀνομάζων,
1688 987 1773 1040 ἵνα
1819 985 1871 1039 ἐκ

282 1088 370 1136 τοῦ
399 1077 580 1133 τάδύο
606 1081 723 1151 περὶ
748 1080 806 1133 τὸ
832 1077 883 1132 ἓν
909 1079 1137 1151 λέγεσθαι
1162 1081 1221 1133 τό
1247 1079 1533 1155 πρόσφορον
1557 1088 1720 1133 νοοῖτο
1753 1081 1872 1153 περὶ

281 1169 541 1248 ἑκάτερον,
570 1174 689 1244 περὶ
706 1173 796 1238 μέν
822 1172 881 1224 τὸ
908 1173 1034 1225 Θεῖον
1060 1172 1091 1229 ἡ
1117 1173 1357 1237 ἀπάθεια,
1378 1168 1569 1242 περίδέ
1594 1172 1653 1225 τὸ
1684 1171 1871 1244 ἀνθρώ-

280 1283 426 1318 πινον
452 1264 483 1320 ἡ
508 1267 639 1315 κατά
665 1262 723 1315 τό
750 1261 909 1322 πάθος
936 1262 1212 1327 οἰκονομία.
1242 1268 1342 1320 Τῆς
1379 1256 1463 1313 οὖν
1493 1260 1714 1319 ἐπινοίας
1740 1256 1873 1314 διαε-

280 1358 474 1429 ρθ’σης
508 1352 566 1406 τὸ
602 1353 728 1406 κατά
754 1352 1122 1424 φιλανθρωπίαν
1145 1354 1235 1427 μέν
1270 1351 1530 1422 ἡνωμένον,
1554 1357 1625 1423 τῷ
1653 1348 1705 1404 δέ
1741 1349 1872 1422 λόγῳ

280 1428 680 1515 διακρινόμενον,
723 1436 844 1493 ὅταν
885 1428 974 1510 μξέν
1008 1441 1066 1494 τὸ
1093 1440 1469 1516 ὑπερκείμενον,
1501 1443 1587 1493 καὶ
1616 1440 1875 1513 ὑπερέχον

280 1535 458 1586 πάντα
496 1537 613 1585 νοῦν
651 1528 923 1605 κηρύσσῃ,
968 1539 1076 1589 τοῖς
1110 1530 1441 1602 ὑψηλοτέροις
1478 1533 1729 1606 κέχρηται
1775 1539 1875 1586 τῶν

280 1622 558 1691 ὀνομάτων,
590 1622 674 1674 ἐπί
700 1626 897 1675 πάντων
917 1622 1059 1681 Θεὸν,
1089 1622 1172 1675 καί
1199 1623 1353 1693 μέγαν
1380 1623 1517 1680 Θεὸν,
1542 1627 1627 1677 καί
1653 1620 1870 1691 δύναμιν

1970 444 2130 497 mina.
2166 444 2385 500 Paulum
2408 445 2673 501 dicentem
2694 447 2816 501 audi
2841 466 2852 501 :
2889 448 2957 502 Ut
2988 449 3124 504 Deus
3148 450 3357 518 Domini
3384 456 3548 509 nostri

1966 532 2090 588 Jesu
2112 533 2326 603 Clu-isti,
2359 535 2514 590 Pater
2543 539 2723 608 gloria:
2750 538 2962 609 (Ephes.
2998 539 3037 609 ι)
3058 558 3077 593 1
3107 539 3304 597 Christi
3334 544 3550 612 quidem

1969 624 2130 691 Deus,
2159 626 2342 694 gloriae
2361 635 2541 682 autem
2571 626 2747 683 Pater.
2778 627 2909 683 Nam
2939 630 3040 686 etsi
3071 641 3355 702 utrumque
3385 651 3550 690 unum

1969 725 2070 783 est,
2100 726 2278 773 tamen
2303 734 2409 773 non
2431 728 2643 788 natura,
2666 719 2759 775 sed
2780 729 3068 777 conventu.
3094 741 3113 775 ε
3132 721 3201 778 Ει
3218 733 3443 781 sanctus
3455 742 3552 781 au-

1972 818 2079 864 tem
2108 809 2396 880 Gregorius
2423 810 2693 882 Nyssenus
2716 809 3033 883 [Episcopus
3061 812 3259 884 Nysae]
3282 814 3335 868 in
3359 827 3552 884 quarto

1972 901 2108 955 libro
2139 909 2326 956 contra
2357 900 2702 967 Eunomium,
2731 901 2921 957 eadem
2952 918 3049 957 nos
3082 903 3300 968 docens,
3327 904 3399 957 ita
3417 904 3554 959 scri-

1970 991 2050 1047 bit
2075 1009 2087 1044 :
2121 1012 2139 1043 ι
2176 991 2241 1045 Et
2272 1007 2339 1045 ne
2368 991 2559 1060 aliquis
2586 992 2974 1062 incorruptibili
3002 1000 3209 1048 natura:
3236 993 3410 1048 crucis
3431 1008 3555 1063 pas-

1973 1084 2178 1141 sionem
2206 1084 2518 1154 applicaret,
2554 1098 2650 1153 per
2675 1083 2778 1137 alia
2811 1083 3142 1140 manifestius
3175 1084 3334 1138 talem
3364 1098 3551 1138 emen-

1972 1175 2065 1230 dat
2114 1190 2375 1238 errorem,
2430 1174 2780 1229 mediatorem
2820 1174 2993 1242 ipsum
3041 1174 3134 1228 Dei
3182 1182 3236 1229 et
3276 1173 3555 1228 hominum

1974 1265 2030 1338 (1
2062 1266 2192 1319 Tim.
2228 1263 2309 1334 ιι),
2339 1273 2394 1319 et
2428 1264 2702 1319 hominem
2731 1274 2785 1320 et
2817 1264 2985 1319 Deum
3029 1267 3198 1335 ipsum
3229 1266 3551 1319 nominans:

1974 1366 2035 1425 ut
2061 1374 2181 1414 cum
2216 1357 2324 1412 duo
2362 1358 2427 1411 de
2456 1373 2562 1411 uno
2602 1357 2871 1424 dicantur,
2907 1371 3201 1425 congruum
3227 1356 3556 1425 intelligatur

1973 1448 2116 1503 circa
2138 1456 2439 1515 utrumque,
2458 1448 2599 1502 circa
2621 1447 2875 1500 deitatem
2899 1447 3113 1515 quidem
3141 1446 3554 1515 impassibilitas,

1975 1541 2118 1595 circa
2162 1539 2546 1594 humanitatem
2577 1547 2755 1593 autem
2796 1539 3121 1608 dispensatio
3152 1539 3432 1609 passionis.
3466 1538 3556 1592 ln-

1979 1631 2194 1686 tellectu
2227 1631 2386 1699 igitur
2410 1628 2681 1684 dividente
2709 1630 2812 1684 hoc
2839 1631 2983 1699 quod
3010 1647 3110 1701 per
3135 1631 3558 1687 misericordiam

281 1718 443 1775 Θεοῦ,
470 1714 558 1766 καί
606 1714 802 1785 copim,
832 1714 912 1765 καί
954 1715 1020 1765 τά
1058 1718 1270 1765 τοιαῦτα
1297 1712 1476 1765 καλῶν.
1505 1710 1663 1768 Ὀταν
1692 1711 1743 1767 δέ
1786 1720 1874 1771 τήν

1983 1720 2195 1789 quidem
2239 1720 2445 1774 unitum
2475 1727 2577 1784 est,
2609 1719 2821 1775 ratione
2849 1730 3028 1775 autem
3057 1721 3396 1786 discernitur,
3439 1737 3559 1776 cum

280 1807 568 1879 ἀναγκαίως
604 1802 689 1859 διὰ
732 1806 789 1857 τὸ
829 1805 1070 1877 ἡμέτερον
1114 1804 1316 1863 ἀσθενές
1354 1804 1868 1877 συμπαραληφθεῖσαν

277 1903 387 1951 τῶν
414 1896 728 1963 παθημάτων
756 1901 934 1967 πεῖραν
970 1897 1250 1968 περιγράςνῃ
1287 1901 1357 1964 τῷ
1384 1893 1539 1965 λόγῳ,
1561 1895 1613 1947 ἐκ
1634 1900 1722 1949 τοῦ
1749 1896 1873 1967 ἡμε-

278 1992 434 2070 τέρου
481 1992 806 2058 κατονομάζει
852 1988 909 2043 τό
952 1988 1362 2061 συναμφότερον,
1412 1984 1672 2061 ἄνθρωπον
1719 1987 1872 2042 αὑτὸν

280 2083 705 2158 προσαγορεύων,
737 2082 796 2133 οὑ
822 2086 1105 2135 καινοποιῶν
1134 2080 1264 2153 πρὸς
1288 2084 1377 2137 τήν
1413 2078 1588 2137 λοιπήν
1612 2083 1761 2153 φύσιν
1790 2079 1871 2136 διὰ

280 2186 378 2235 τῆς
420 2183 582 2247 φωνῆς
616 2175 701 2230 τόν
735 2172 1055 2244 δηλούμενον,
1086 2171 1189 2225 ἀλλ’
1228 2170 1360 2226 ὥστε
1386 2174 1506 2244 περὶ
1549 2171 1777 2249 ἑκάτερον
1816 2174 1871 2229 τὸ

283 2271 406 2322 εὑσε
413 2267 501 2326 εὶς
527 2266 854 2336 ςιυλαχθῆναι.
895 2278 917 2317 ι

356 2720 571 2775 τούτων
613 2718 775 2778 οέτως
815 2715 1238 2789 ἀποδεδειγμένων
1271 2718 1354 2774 διὰ
1379 2726 1471 2778 τῆς
1505 2723 1603 2770 τῶν
1645 2716 1880 2789 πατέρων

206 2828 207 2833 ‘
284 2810 647 2875 διδασκαλίας,
677 2811 1059 2864 παυσάσθωσαν
1103 2810 1148 2862 οἱ
1184 2810 1266 2864 τόν
1301 2809 1510 2883 ἀριθμῖν
1540 2816 1641 2863 τῶν
1668 2806 1718 2861 ἔν
1754 2817 1879 2882 Χρι-

285 2912 406 2977 στῷ
451 2905 649 2976 φύσεων
682 2903 932 2977 πρόξασιν
981 2911 1071 2961 τῆς
1114 2904 1301 2960 οἰκείας
1342 2901 1525 2960 πλάνης
1568 2900 1878 2971 ποιούμενοι,

285 2998 378 3050 καὶ
411 3001 489 3067 τῷ
521 2992 606 3048 διὰ
652 2991 844 3048 τούτου
870 2998 961 3051 τὴν
1007 2990 1246 3064 δωιφοράν
1293 2993 1573 3066 ἀρνεῖσθαι,
1615 2992 1880 3061 σύγχυσιν

288 3088 524 3158 εἰσάγειν
566 3087 966 3161 ἐπιχειροῦντες.
998 3090 1106 3143 Πῶς
1132 3086 1231 3158 γάρ
1260 3083 1347 3137 οὑκ
1384 3084 1657 3153 ἀναγκαῖος
1685 3080 1710 3136 ό
1740 3082 1874 3159 άριθ-
1904 3074 1950 3136 C

288 3181 413 3252 μὸς,
441 3173 485 3250 ᾧ
509 3180 595 3231 ἐπὶ
617 3179 849 3249 σημασίᾳ
868 3182 953 3236 τῆς
984 3172 1222 3248 διαφορᾶς
1246 3179 1345 3228 τῶν
1374 3172 1644 3226 ἔνωθεισῶν
1669 3174 1741 3231 εἰς
1763 3174 1882 3244 μίαν

287 3269 592 3325 ὑπόστασιν
635 3269 853 3340 φύσεων,
895 3268 975 3320 και
999 3268 1088 3318 οὑκ
1117 3265 1201 3319 ἐπί
1236 3272 1298 3335 τῇ
1326 3265 1422 3318 άνά
1447 3264 1597 3337 μέρος
1637 3261 1885 3337 διαιρέσει

291 3364 491 3421 αὐτῶν,
528 3358 573 3411 οί
617 3358 836 3429 πατέρες
870 3357 1199 3429 ἐχρήσαντο;
1240 3350 1677 3425 Ἀποδεδειγμένου
1719 3355 1886 3406 τοίνυν

291 3448 648 3521 πανταχόθεν,
679 3451 746 3508 ὡς
774 3447 952 3509 ἀσεϐές
986 3447 1093 3501 ἔστι
1129 3446 1190 3500 τὸ
1229 3445 1386 3516 λέγειν
1436 3445 1556 3514 μίαν
1584 3444 1749 3513 φύσιν,
1776 3442 1888 3501 ἤτοι

293 3542 481 3596 οὑσίαν
509 3538 747 3598 θεότητος
773 3540 858 3592 καί
900 3542 993 3599 τῆς
1041 3535 1234 3610 σαρκός
1270 3540 1362 3590 τοῦ
1405 3539 1647 3608 Χριστοῦ,
1695 3533 1887 3587 κάκεῖνο

293 3634 538 3712 Ξροῦμεν,
569 3633 636 3690 ὡς
669 3627 781 3684 οὐδὲ
820 3629 937 3683 καθὸ
963 3629 1080 3701 μίαν
1105 3624 1395 3686 ὑπόστασιν
1420 3625 1628 3696 λέγομεν
1655 3632 1746 3683 τῆς
1779 3622 1888 3677 θεό-

295 3743 477 3785 τητος,
505 3725 593 3775 καί
624 3727 716 3781 τῆς
755 3718 1137 3793 ἆνθρωπότητος
1160 3722 1247 3773 τοῦ
1288 3720 1530 3790 Χριστοῦ,
1564 3713 1697 3769 οὑτω
1735 3713 1886 3768 δυνα-

295 3814 383 3868 τόν
435 3815 521 3867 καὶ
567 3812 685 3882 μίαν
712 3810 863 3883 φύσιν
904 3809 1062 3882 λέγειν
1098 3813 1347 3883 Χριστοῦ.
1384 3804 1581 3865 Ἐπειδή
1608 3809 1677 3875 μή
1704 3805 1888 3860 ταυτὸν

297 3904 457 3974 φύσις
485 3922 540 3957 τε
581 3902 662 3955 καί
705 3898 1014 3957 ὑπόστασις.
1044 3899 1228 3958 Πάντες
1258 3898 1358 3973 γὰρ
1406 3896 1452 3950 οί
1493 3893 1627 3967 ἅγιοι
1670 3895 1889 3969 πατέρες

299 3996 592 4066 συμφώνως
618 3993 751 4062 ἡμᾶς
786 3987 1132 4050 διδάσκουσιν,
1173 3983 1290 4041 ἄλλο
1324 3981 1448 4040 εἶναι
1480 3980 1629 4056 φύσιν
1666 3983 1779 4043 ἤτοι
1804 3986 1887 4038 οὑ-

296 4088 440 4150 σίαν,
483 4085 575 4136 καί
602 4086 814 4155 μορφήν,
843 4081 925 4133 καί
965 4074 1082 4133 ἄλλο
1124 4076 1409 4132 ὑπόστασιν
1445 4075 1555 4134 ἤτοι
1587 4074 1887 4150 πρόσωπον

297 4179 381 4229 καί
425 4180 520 4233 τήν
548 4176 640 4244 μὲν
665 4175 834 4245 φύσιν,
864 4171 976 4230 ἦτοι
1004 4170 1177 4225 οὑσίαν
1202 4171 1286 4223 καί
1306 4172 1492 4242 μορφὴν
1517 4167 1574 4222 τὸ
1607 4169 1765 4221 κοινὸν
1794 4189 1889 4225 ση-

299 4274 519 4329 uatium,
549 4273 640 4328 τήν
669 4266 720 4322 δὲ
748 4265 1039 4321 ὑπόστασιν
1062 4263 1173 4323 ἤτοι
1200 4261 1501 4337 πρόσωπον,
1543 4262 1601 4314 τὸ
1631 4258 1784 4315 ἱδικόν
1802 4276 1812 4286 '
1845 4260 1890 4312 εί

293 4358 351 4415 δὲ
378 4358 592 4433 φήσωσί
617 4376 766 4419 τινες,
803 4354 879 4410 ὅτι
907 4356 1085 4429 ὥσπερ
1127 4354 1220 4425 μία
1247 4352 1537 4412 ὑπόστασις
1562 4352 1797 4409 σύνθετος
1819 4346 1889 4403 εἴ-

1977 1812 2081 1865 hoc
2108 1810 2342 1880 quidem,
2366 1809 2508 1881 quod
2537 1810 2934 1880 superpositum
2964 1819 3043 1865 est
3074 1820 3128 1864 et
3155 1812 3562 1879 supereminens

1975 1918 2190 1957 omnem
2221 1917 2457 1967 sensum,
2491 1902 2767 1971 prtedicat,
2796 1902 3075 1957 altioribus
3123 1904 3292 1957 utitur
3326 1904 3559 1959 nomini»

1977 1993 2095 2055 bus,
2123 2007 2286 2061 super
2310 1991 2489 2046 omnia
2511 1990 2705 2057 Deum,
2731 2000 2784 2045 ct
2814 2006 3064 2060 magnum
3093 1990 3281 2057 Deum,
3312 2001 3368 2046 et
3393 1993 3559 2046 virtu-

1979 2089 2087 2136 tem
2117 2080 2234 2145 Dei,
2266 2089 2322 2135 et
2342 2080 2666 2148 sapientiam
2708 2078 2889 2147 (Rom.
2936 2096 2998 2145 x;
3050 2078 3153 2133 Tit.
3184 2096 3253 2144 n;
3290 2079 3317 2132 Ι
3349 2079 3469 2134 Car.
3498 2080 3560 2149 ι),

1978 2180 2034 2227 et
2061 2172 2191 2225 talia
2222 2184 2458 2225 vocans:
2496 2186 2617 2225 cum
2650 2180 2829 2224 autem
2866 2171 3177 2239 "passionum
3219 2172 3561 2241 experimen-

1983 2271 2094 2315 tum
2136 2259 2442 2315 necessario
2475 2269 2693 2328 prepter
2721 2269 2957 2313 nostram
3002 2258 3366 2319 inﬁrmitatem
3410 2274 3564 2315 accc-

1981 2359 2130 2421 ptum
2150 2349 2327 2404 verbis
2347 2345 2629 2418 Signiﬁcat,
2654 2363 2720 2403 ex
2748 2358 2934 2404 nostro
2977 2350 3257 2403 nominans
3283 2357 3566 2418 utrumque

1987 2442 2258 2498 hominem
2286 2441 2458 2512 ipsum
2495 2440 2750 2511 appellat,
2783 2457 2889 2495 non
2918 2441 3317 2496 communicans
3344 2456 3441 2510 per
3472 2455 3565 2494 vo-

1986 2547 2115 2591 cem
2134 2531 2200 2586 ad
2249 2541 2500 2587 «etei-am
2548 2541 2793 2585 naturam
2825 2546 2945 2584 eum
2977 2531 3067 2600 qui
3099 2531 3445 2599 signiﬁcatur,
3472 2532 3566 2586 sed

1988 2632 2046 2678 ut
2071 2624 2212 2679 circa
2242 2630 2524 2691 utrumque
2551 2622 2723 2692 pietas
2752 2632 3117 2677 conservetur.
3158 2640 3180 2673 ι

2052 2714 2147 2769 llis
2172 2714 2244 2767 ita
2264 2712 2645 2767 demonstratis
2663 2726 2762 2782 per
2789 2718 3097 2766 sanctorum
3127 2710 3340 2766 Patrum
3364 2712 3565 2767 doctri-

1982 2820 2126 2868 nam,
2150 2811 2363 2859 Cessent
2387 2803 2479 2872 qui
2505 2818 2783 2858 numerum
2803 2810 3108 2855 naturarum
3134 2818 3253 2870 quze
3273 2802 3326 2857 in
3353 2800 3567 2857 Christo

1980 2904 2122 2958 sunt,
2153 2895 2494 2949 occasionem
2534 2894 2617 2947 sui
2645 2892 2843 2947 erroris
2876 2891 3098 2955 faciunt,
3125 2902 3181 2947 et
3205 2907 3388 2948 earum
3415 2893 3566 2948 diﬁ‘c-

1983 2984 2212 3040 rcntiam
2246 2984 2341 3056 [ob
2368 2983 2419 3037 id
2446 2980 2801 3037 diﬁ‘erentiam
2832 2982 3097 3048 negando,
3142 2978 3333 3052 Cncn]
3362 2983 3568 3037 numeri

1983 3073 2320 3128 recusatione
2368 3072 2636 3141 negando,
2673 3071 3044 3127 confusionem
3097 3072 3438 3129 introducere
3478 3091 3567 3129 eo-

1985 3171 2200 3231 nantur.
2226 3161 2509 3229 Quomodo
2538 3162 2681 3217 enim
2710 3178 2813 3217 non
2835 3171 2915 3217 est
2943 3164 3271 3218 necessarius
3293 3181 3567 3233 numerus,

1981 3280 2109 3334 quo,
2134 3263 2203 3320 ad
2230 3263 2632 3334 signiﬁcandam
2657 3263 3010 3320 diﬁcrentiam
3038 3273 3346 3320 naturarum
3369 3282 3486 3336 qua:
3516 3268 3568 3322 in

1985 3373 2144 3412 unam
2173 3357 2570 3412 subsistentiam
2591 3358 2751 3411 auitae
2778 3365 2919 3421 sunt,
2944 3367 3125 3412 etnon
3155 3359 3221 3413 ad
3251 3359 3567 3415 divisionem

1985 3463 2083 3518 per
2134 3455 2318 3518 partes
2370 3464 2575 3512 earum,
2627 3449 2707 3503 usi
2757 3456 2880 3502 sunt
2905 3448 3124 3503 Patres?
3184 3449 3567 3503 Demonstran

1988 3540 2152 3610 igitur
2179 3539 2432 3607 undique,
2460 3538 2604 3607 quod
2646 3537 2865 3607 impium
2895 3545 2979 3593 est
3012 3538 3194 3594 dicere
3222 3554 3384 3595 unam
3414 3547 3567 3594 natu-

1986 3645 2102 3685 ram
2159 3629 2273 3684 sive
2316 3628 2670 3683 substantiam
2711 3628 2925 3692 deitatis
2952 3636 3008 3683 et
3044 3628 3220 3683 carnis
3263 3626 3483 3693 Christi,
3515 3636 3574 3682 et

1988 3720 2118 3774 illud
2159 3719 2406 3785 dicimus,
2444 3719 2569 3788 quia
2611 3733 2711 3774 nec
2745 3718 3042 3773 secundum
3080 3717 3223 3789 quod
3252 3732 3410 3774 unam
3438 3719 3568 3774 sub-

1986 3809 2287 3865 sistentiam
2308 3809 2536 3864 dicimus
2567 3808 2781 3864 deitatis
2802 3816 2857 3863 et
2877 3809 3224 3864 humanitatis
3249 3809 3470 3877 Christi,
3491 3810 3569 3866 sic

1986 3900 2243 3971 possibile
2265 3908 2431 3955 estet
2459 3915 2621 3954 unam
2649 3910 2898 3954 naturam
2936 3898 3134 3954 Christi
3161 3899 3343 3956 dicere
3385 3918 3399 3953 :
3440 3915 3566 3970 quo-

1988 3991 2131 4044 niam
2176 4005 2284 4045 non
2326 3990 2471 4045 idem
2513 4000 2597 4045 est
2642 3998 2835 4044 natura
2862 3996 2918 4044 et
2962 3989 3327 4048 subsistentia.
3369 3988 3575 4045 Omnes

1989 4079 2130 4133 enim
2151 4078 2325 4135 sancti
2347 4077 2534 4134 Patres
2554 4088 2917 4135 consonanter
2938 4095 3037 4135 nos
3056 4080 3253 4135 docent
3277 4079 3422 4135 aliud
3450 4094 3567 4135 esse

1990 4178 2235 4225 naturam
2256 4171 2368 4227 sive
2397 4172 2752 4227 substantiam
2782 4180 2838 4227 et
2865 4174 3114 4237 formam,
3163 4181 3219 4229 et
3256 4173 3401 4227 aliud
3438 4174 3565 4228 sub-

1988 4267 2288 4322 sistentiam
2330 4269 2444 4324 sive
2487 4284 2804 4339 personam;
2845 4278 2903 4326 et
2945 4280 3191 4324 naturam
3221 4270 3435 4339 quidem
3483 4271 3569 4325 vel

1989 4358 2340 4412 substantiam
2380 4365 2437 4413 et
2472 4356 2723 4425 formam,
2787 4358 2895 4414 hoe
2959 4355 3105 4428 quod
3140 4367 3225 4413 est
3262 4374 3567 4425 commune,

294 4471 456 4528 ρηται
477 4452 566 4505 ἕπί
590 4453 835 4524 Χριστοῦ,
868 4446 1002 4501 οὕτω
1029 4445 1109 4500 δεῖ
1135 4446 1214 4499 καὶ
1246 4446 1365 4513 μίαν
1385 4443 1530 4513 φύσιν
1560 4439 1794 4496 σύνθετον
1814 4439 1881 4493 λέ·

1991 4444 2319 4513 signiﬁcare;
2345 4445 2742 4501 subsistentiam
2770 4455 2951 4502 autem
2982 4447 3096 4503 sive
3128 4463 3433 4517 personam,
3466 4450 3568 4506 hoe

294 4561 425 4611 γειν,
451 4537 780 4606 ἀποδείξομεν
802 4539 1058 4591 καὶτοῦτο
1079 4534 1157 4588 ἀλ)
1169 4534 1333 4605 ότριον
1355 4529 1477 4587 εἶναι
1498 4538 1587 4591 τῆς
1609 4530 1885 4590 εὑσεϐείας.

294 4636 423 4684 Μίαν
446 4633 553 4703 γὰρ
579 4631 730 4701 φύσιν
752 4629 1002 4688 θεότητος.
1036 4626 1147 4685 ἤτοι
1179 4627 1349 4681 οὑσίαν
1372 4626 1615 4698 λέγοντες.
1647 4632 1784 4699 τρεῖς
1813 4625 1889 4679 ἐπ’

297 4723 458 4781 αὑτῆς
504 4718 774 4791 δοξάζομεν
812 4719 1122 4777 ὑποστάσεις
1160 4720 1211 4772 ἐν
1242 4717 1432 4791 ἑκάστῃ
1476 4714 1763 4773 ὑποστάσει
1800 4721 1889 4783 τήν

296 4816 461 4872 αὑτήν
494 4814 661 4885 φύσιν,
700 4811 813 4869 ἤτοι
850 4811 1026 4864 οὑσίαν
1052 4812 1375 4884 γνωρίζοντες
1399 4824 1414 4838 ⁸
1443 4812 1529 4862 καὶ
1576 4809 1795 4868 εὐσεϐῶς
1838 4809 1889 4861 ἐκ

296 4912 404 4961 τῶν
451 4909 607 4977 τριῶν
648 4901 980 4957 ὑποστάσεων
1002 4901 1122 4971 μίαν
1160 4899 1450 4954 ὑπόστασιν
1484 4903 1574 4957 τήν
1611 4906 1704 4953 τοῦ
1731 4898 1883 4969 λόγου

297 4994 437 5069 πρὸς
482 4997 576 5051 τήν
615 4994 781 5064 σάρκα
822 4991 1164 5045 συντεθεῖσθαί
1191 5009 1364 5062 φαμεν.
1410 4987 1588 5047 Οὐδείς
1630 4986 1721 5066 γάρ
1758 5006 1883 5042 ποτε

296 5086 581 5155 help-armi
629 5084 679 5135 ἐν
834 5080 1059 5156 καθολικῇ
1109 5078 1347 5153 ἕκκλησίᾳ
1373 5081 1548 5144 εἰπεῖν,
1593 5100 1672 5134 οτι
1709 5080 1883 5155 ὥσπερ

297 5182 453 5249 τρεῖς
470 5172 821 5237 ὑποστάσεις,
851 5170 986 5226 οὑτω
1010 5171 1099 5223 καιί
1116 5177 1264 5244 τρεῖς
1286 5170 1460 5239 φύσεις
1489 5170 1593 5224 εἰσί
1617 5177 1709 5227 τῆς
1735 5167 1886 5238 ἁγίας

298 5263 533 5339 τριάδος,
560 5252 694 5318 ὥστε
733 5266 813 5317 καί
853 5261 1099 5317 δύνασθαι
1135 5259 1289 5332 λέγειν
1334 5262 1454 5331 μίαν
1499 5258 1650 5330 φύσιν
1693 5260 1747 5313 ἐκ
1787 5265 1885 5312 τῶν

297 5365 457 5434 τριῶν
484 5356 690 5429 φύσεων
730 5355 1075 5411 συντεθεῖσθαι
1103 5355 1233 5429 πρὶς
1257 5355 1425 5427 σάρκα
1449 5368 1463 5382 ⁸
1492 5360 1626 5430 τρεῖς
1662 5352 1759 5428 γάρ
1787 5352 1883 5424 φύ-

299 5468 417 5508 σεις
443 5449 532 5501 ἐπὶ
562 5454 656 5507 τῆς
684 5444 835 5519 ἅγίας
876 5444 1082 5513 τριάδος
1122 5442 1271 5518 μόνος
1296 5442 1492 5521 ’Δρειος
1521 5445 1776 5518 τολμήσας
1817 5443 1887 5496 εἰ·-

300 5548 425 5595 πεῖν
450 5541 521 5599 ὥς
549 5539 845 5610 βλάσφημος
870 5541 1148 5612 κατεκρίθὴ.
1180 5540 1270 5593 Διᾶ
1291 5544 1441 5592 τοῦτο
1467 5539 1625 5591 τοίνυν
1652 5536 1780 5589 κατά
1804 5537 1888 5589 τῖν

304 5632 455 5707 εροόν
479 5629 624 5699 λόγον
645 5626 738 5682 δύο
764 5629 960 5697 φύσεων
985 5627 1161 5682 ἕνωσιν
1180 5628 1401 5701 λέγομεν,
1426 5631 1506 5680 καί
1526 5630 1641 5699 μίαν
1666 5625 1888 5681 ὑπόστα-

308 5743 415 5777 σιν.
441 5717 646 5777 Ἐπευῗή
674 5717 698 5771 ὁ
726 5722 815 5773 τοῦ
841 5723 970 5772 Θεοῦ
999 5716 1107 5778 υίὸς
1135 5721 1261 5773 κατά
1287 5724 1375 5777 τήν
1404 5718 1688 5774 ὑπόστασιν
1715 5717 1886 5790 ἕτερος

1991 4535 2135 4604 quod
2165 4542 2246 4590 est
2285 4536 2538 4604 speciale.
2583 4536 2674 4590 Sin
2706 4553 2837 4592 vero
2875 4538 3108 4593 dixerint
3148 4537 3386 4608 quidam,
3425 4541 3575 4610 quod

1991 4627 2130 4682 sicut
2151 4642 2252 4686 una
2281 4626 2620 4682 subsistentia
2655 4630 2951 4699 composita
2984 4629 3182 4687 dicitur
3223 4631 3441 4700 Christi,
3491 4635 3567 4689 sic

1992 4726 2207 4788 oportet
2228 4729 2282 4774 et
2302 4734 2462 4774 unam
2486 4728 2729 4774 naturam
2758 4722 3112 4792 compositam
3147 4723 3325 4779 dicere
3350 4742 3362 4777 :
3386 4732 3566 4779 osten‘

1992 4809 2183 4866 demus
2208 4819 2264 4865 et
2291 4812 2392 4866 hoc
2418 4811 2648 4867 alienum
2684 4828 2803 4868 esse
2825 4828 2855 4867 a
2877 4814 3094 4884 pietate.
3124 4813 3291 4868 Unam
3314 4815 3455 4868 enim
3477 4830 3565 4868 na.

1989 4908 2163 4954 turam
2185 4902 2300 4957 sive
2324 4903 2677 4957 substantiam
2713 4902 2933 4959 deitatis
2960 4902 3224 4968 dicentes,
3255 4913 3363 4958 tres
3402 4904 3567 4972 ipsius

1986 4988 2305 5046 conﬁtemur
2358 4991 2755 5065 [gloriﬁcamus,
2804 4992 3005 5065 arma]
3052 4993 3444 5060 subsistentias,
3512 4994 3569 5047 in

1988 5094 2307 5150 unaquaque
2345 5081 2687 5136 subsistentia
2713 5083 2957 5138 eamdem
3007 5091 3250 5136 naturam
3290 5082 3404 5136 sive
3441 5083 3563 5138 sub-

1983 5168 2238 5223 stantiam
2268 5180 2670 5236 cognoscentes.
2699 5169 2764 5223 Et
2791 5179 2936 5225 recte
2964 5185 3032 5224 ex
3063 5170 3230 5226 tribus
3263 5170 3555 5227 subsisten-

1987 5255 2076 5310 tiis
2095 5271 2255 5310 unam
2283 5256 2677 5312 subsistentiam
2693 5257 2855 5312 Verbi
2884 5256 2950 5313 ad
2972 5273 3188 5312 carnem
3209 5260 3569 5328 compositam

1989 5362 2110 5404 esse
2135 5348 2379 5402 dicimus.
2410 5347 2578 5402 Nemo
2621 5348 2762 5403 enim
2809 5363 3044 5415 unquam
3081 5363 3243 5404 ausus
3269 5356 3357 5403 est
3385 5350 3438 5406 in
3468 5367 3539 5406 ca,

1988 5439 2182 5494 tholica
2204 5438 2441 5495 Ecclesia
2480 5439 2678 5504 dicere,
2720 5439 2869 5508 quod.
2884 5439 3021 5494 sicut
3047 5447 3158 5496 tres
3183 5441 3567 5509 subsistentia),

1984 5532 2063 5587 sic
2090 5541 2145 5584 et
2173 5540 2283 5585 tres
2323 5540 2526 5585 natura:
2565 5538 2688 5585 sunt
2726 5540 2923 5587 sanctae
2952 5530 3261 5587 Trinitatis:
3294 5543 3351 5587 ut
3391 5536 3569 5604 possit.

1986 5623 2092 5678 bile
2120 5623 2189 5679 sit
2214 5622 2416 5689 dicere,
2445 5638 2604 5677 unam
2629 5631 2874 5677 naturam
2904 5624 3161 5679 extribus
3182 5625 3387 5681 naturis
3411 5641 3559 5680 com-

1986 5714 2213 5786 poa'tam
2242 5729 2358 5773 esse
2380 5714 2444 5771 ad
2471 5729 2706 5771 carnem.
2733 5713 3035 5773 Tresenim
3056 5725 3273 5772 caunas
3300 5716 3354 5772 in
3375 5725 3568 5772 sancta.
