4032 6190
284 245 395 302 ω

1287 240 1659 300 JLSTINIANI
1694 240 2072 298 CONFESSM
2104 239 2357 301 RECTzE
2394 239 2595 297 FIDEI.

2940 194 2979 230 ο

3446 235 3552 291 Ξθϐ

282 362 652 435 συγχεόνων,
708 365 789 419 καί
840 363 1117 434 τεμνόντων
1163 362 1222 416 τό
1268 369 1358 422 τῆς
1406 361 1539 421 Θείας
1587 360 1872 430 οἰκονομίας

1980 355 2221 411 dividunt
2255 355 2456 410 divma:
2504 351 2917 425 dispensationis
2963 350 3308 424 mysterium,
3357 352 3553 405 merito

281 459 586 532 μυστήριον,
620 452 825 539 εἰκότως
853 454 1163 533 ἐγράψαμεν,
1197 457 1276 507 καί
1299 454 1353 507 οὐ
1383 461 1456 520 τῷ
1490 453 1775 521 σαφηνίζειν
1806 453 1872 503 τὰ

281 544 340 609 ἕξ
367 541 437 599 ὧν
459 546 586 609 ἐστι,
616 547 701 599 καί
728 537 779 599 ἐν
804 540 875 604 οἷς
898 548 1195 621 γνωρίζεται
1217 541 1244 597 ό
1274 542 1509 619 Χριστὸς,
1539 542 1804 611 σύγχυσιν
1841 537 1872 597 ἦ

283 634 532 710 διαίρεσιν
555 644 617 710 τῇ
640 637 749 711 θείᾳ
778 639 1034 710 οἰκονομίᾳ
1063 637 1347 708 εἰσάγομεν.
1378 633 1571 704 ’Δμέλει
1591 631 1873 701 δοξολιιγίαν

285 727 378 778 καί
405 726 491 782 τὸν
515 733 605 786 τῆς
629 725 851 787 ἒνὼσεως
880 725 1024 798 λόγον
1046 729 1402 800 προφέροντες,
1436 726 1524 779 ἕνα
1540 723 1767 798 ,Χριστόν
1792 725 1876 777 καί

284 818 394 871 υἱόν
438 821 523 872 καί
564 819 736 892 κύριον
781 821 869 874 τὸν
896 825 990 875 τοῦ
1022 826 1144 874 Θεοῦ
1173 819 1317 890 λογον
1349 817 1754 890 σεσαρκωμένον,
1794 818 1878 870 καί

285 910 746 983 ἔνανθρωπήσαντα
768 909 1101 985 ὁμολογοῦμέν
1136 931 1191 966 τε
1209 955 1221 969 ,
1255 915 1337 964 καὶ
1377 917 1757 985 προσκυνοῦμεν
1783 910 1879 963 σύν

286 1009 362 1070 τῷ
393 1004 556 1073 πατρί
578 1006 664 1056 καί
687 1011 758 1072 τῷ
784 1003 910 1075 ἁγίῳ
938 1006 1206 1073 πνεύματι.
1247 1005 1446 1059 Τούτων
1472 1003 1634 1063 οὕτως
1663 1004 1762 1059 ύπὸ
1789 1009 1879 1064 τῆς

284 1100 378 1148 τοῦ
410 1100 538 1149 Θεοῦ
563 1095 818 1156 καθολικῆς
845 1096 1107 1156 ἐκκλησίας
1137 1096 1543 1170 ὁμολογουμένων
1562 1139 1579 1165 ,
1622 1100 1879 1170 γινώσκειν

284 1185 575 1257 βουλόμεθα
600 1187 796 1246 πάντας
822 1189 942 1247 τοὺς
962 1189 1316 1262 Χριστιανούς,
1352 1185 1433 1242 ὅτι
1453 1189 1623 1264 ὧσπερ
1651 1187 1737 1242 ἕνα
1759 1188 1878 1240 Θεὸν

284 1277 373 1328 καί
398 1272 574 1349 κύριον
614 1272 824 1347 ἔχομεν,
857 1276 989 1329 οἷτω
1028 1280 1110 1330 καὶ
1135 1281 1254 1348 μίαν
1281 1280 1471 1332 πίστιν.
1510 1274 1587 1337 Εἰς
1615 1280 1715 1351 γάρ
1742 1279 1880 1333 ἐστιν

286 1362 410 1439 ὅρος
441 1368 696 1431 πίστεως,
725 1366 785 1420 τὸ
814 1364 1072 1438 ὁμολογεῖν
1110 1372 1193 1422 καί
1222 1369 1374 1441 ὀρθῶς
1399 1366 1619 1431 δοξάζειν
1656 1369 1878 1441 πατέρα,

286 1460 376 1511 καί
402 1458 622 1533 Χριστὸν
646 1459 732 1513 τόν
751 1459 854 1511 υἱόν
875 1464 967 1512 τοῦ
989 1464 1139 1519 Θεοῦ,
1165 1461 1252 1513 καί
1273 1458 1416 1533 ἅγιον
1441 1465 1661 1532 πνεῦμα.
1679 1460 1881 1517 Ταύτην

284 1552 377 1607 τήν
402 1548 669 1620 ὁμολογίαν
695 1547 1030 1620 φυλάττομεν,
1062 1551 1133 1608 ε³ς
1159 1550 1216 1608 ἣν
1245 1552 1331 1603 καί
1358 1549 1748 1618 ἐϐαπτίσθημεν,
1777 1546 1879 1602 δω-

284 1641 524 1715 ρηθεῐσαν
552 1641 642 1710 μὲν
670 1641 817 1714 παρὰ
851 1646 941 1694 τοῦ
967 1640 1188 1712 μεγάλου
1216 1645 1341 1695 Θεοῦ
1372 1641 1454 1695 καί
1486 1647 1717 1714 σωτῆρος
1745 1640 1882 1710 ἡμῶν

1973 447 2299 518 scripsimus,
2328 456 2384 502 et
2410 462 2519 501 non
2546 461 2613 501 eo
2642 445 2785 516 quod
2808 443 3149 523 declaramus
3183 458 3245 500 ea
3275 458 3342 498 ex
3366 441 3558 512 quibus

1974 548 2077 605 est,
2107 546 2163 594 et
2191 539 2243 592 in
2276 538 2469 609 quibus
2498 537 2843 605 cognoscitur
2874 534 3141 601 Christus,
3181 533 3554 590 confusionem

1974 629 2059 684 vel
2088 628 2403 683 divisionem
2432 627 2626 682 divinae
2664 624 3059 697 dispensationi
3088 623 3332 681 facimus.
3364 623 3558 692 Itaque

1974 719 2422 789 glorilicationem
2472 727 2526 773 et
2574 718 2833 774 unitiouis
2878 717 3147 772 rationem
3193 712 3555 786 proferentes.

1975 826 2138 866 unum
2160 809 2430 865 Christum
2458 817 2512 865 et
2540 807 2729 863 Filium
2762 815 2818 863 et
2842 807 3151 873 Dominum,
3194 806 3430 861 Verbum
3459 805 3557 859 Det
3588 850 3593 853 .

1977 900 2309 954 incarnatum
2341 908 2395 955 et
2433 899 2706 954 hominem
2737 897 2935 953 factum
2964 897 3286 953 conﬁtemur
3333 903 3391 950 et
3426 893 3593 949 ado-v-

1976 1008 2157 1048 ramus
2190 1008 2312 1048 cum
2341 991 2501 1047 Patre
2538 1000 2596 1047 et
2641 989 2845 1061 Spiritu
2890 998 3098 1045 sancto.
3142 986 3270 1042 Hmc
3315 986 3390 1041 ita
3437 1000 3597 1041 cum».

1978 1082 2265 1139 universali
2294 1080 2388 1135 Dei
2417 1080 2654 1136 Ecclesia
2695 1077 3013 1135 conﬁtentes
3054 1081 3095 1145 ‘,
3143 1079 3284 1133 scire
3314 1076 3577 1131 volumus

1979 1190 2168 1230 omnes
2195 1172 2549 1241 Christianos,
2581 1173 2725 1242 quod
2754 1174 2893 1227 sicut
2922 1189 3082 1226 unum
3109 1172 3277 1226 Deum
3300 1178 3356 1225 et
3384 1168 3563 1223 Domi-

1983 1281 2107 1319 num
2136 1263 2409 1327 habemus,
2455 1263 2528 1316 ita
2569 1272 2623 1316 et
2654 1279 2813 1316 unam
2848 1262 3024 1317 ﬁdem.
3060 1259 3178 1317 Una
3208 1261 3355 1317 enim
3376 1257 3567 1315 deﬁni-

1984 1358 2060 1411 tio
2086 1355 2208 1411 ﬁdei
2236 1364 2337 1421 est,
2371 1355 2616 1411 conﬁteri
2643 1364 2700 1410 et
2728 1364 2874 1410 recte
2905 1355 3208 1423 gloriﬁcare
3231 1353 3468 1420 Patrem,
3511 1361 3568 1408 et

1983 1447 2253 1504 Christum
2293 1446 2485 1500 Filium
2516 1446 2630 1510 Dei,
2684 1454 2739 1500 et
2768 1445 3030 1517 Spiritum
3080 1452 3345 1501 sanctum.
3402 1443 3566 1499 Istam

1984 1537 2375 1593 confessionem
2420 1553 2827 1605 conservamus,
2864 1536 2931 1590 in
2962 1552 3067 1607 qua
3117 1545 3172 1591 et
3200 1536 3457 1606 baptizati
3485 1550 3569 1589 su-

1984 1628 2385 1698 mus,donatam
2416 1628 2630 1699 quidem
2654 1646 2684 1684 a
2715 1644 2910 1698 magno
2930 1629 3045 1684 Deo
3075 1637 3130 1683 et
3157 1628 3436 1684 Salvatore
3465 1643 3567 1683 nc-

282 1726 459 1788 Ἰησοῦ
482 1737 708 1806 Χριστοῦ
734 1737 846 1791 τοῖς
875 1730 1034 1804 άγίοις
1064 1732 1217 1787 οώτοῦ
1250 1733 1503 1801 μαθηταῖς
1540 1733 1625 1785 καί
1651 1730 1873 1786 άποστό-

1987 1726 2099 1775 stro
2139 1718 2265 1776 Iesu
2293 1720 2508 1777 Christo
2537 1720 2739 1777 sanctis
2767 1721 2878 1776 suis
2905 1720 3182 1791 discipulis
3208 1729 3262 1775 et
3288 1719 3567 1790 apostolis,

282 1820 414 1885 λοες,
445 1822 568 1897 παρ’
591 1823 757 1878 αύτῶν
778 1820 831 1876 δὲ
855 1824 1204 1897 κηρυχθεῐσαν
1232 1819 1395 1890 ἐνὸλῳ
1421 1829 1494 1895 τῷ
1519 1822 1718 1893 κόσμῳ.
1743 1823 1803 1875 Oi
1826 1820 1881 1878 δέ

282 1914 576 1991 τριακόσιοι
611 1911 735 1968 δέκα
767 1916 852 1968 καί
886 1915 1015 1969 ὀκτώ
1042 1915 1261 1988 πατέρες
1296 1911 1426 1985 ἅγιοι
1459 1913 1505 1967 οἰ
1534 1913 1881 1983 συναχθέντες

280 2005 332 2057 ἒν
361 2007 545 2078 Neruis;
569 2005 700 2060 κατὰ
721 2008 935 2076 ’Δρείου,
969 2007 1050 2059 καί
1071 2009 1249 2059 τοῦτον
1275 2005 1407 2074 μετὰ
1434 2011 1524 2064 τῆς
1563 2004 1718 2058 αύτοῦ
1754 2004 1879 2058 ἀσε-

282 2095 429 2156 ϐείας
457 2094 914 2161 καταδικάσαντας,
946 2102 1034 2155 τήν
1059 2097 1217 2154 αὐτὴν
1246 2093 1507 2167 ὁμολογίαν
1526 2135 1540 2155 ,
1570 2093 1600 2154 ἢ
1629 2094 1881 2165 σύμϐολον

277 2192 363 2241 ἀἱ
396 2185 560 2259 [ἅγιον
604 2183 687 2257 lu]
725 2188 937 2257 μάθημα
973 2195 1064 2247 τῆς
1107 2189 1327 2245 πίστεως
1373 2183 1768 2259 παραδεδώκασι

277 2273 407 2348 ἆγίᾳ
430 2281 525 2329 τοῦ
555 2282 680 2329 Θεοῦ
710 2266 1096 2349 ἑκκλησίᾳ”καί
1117 2276 1227 2345 μετ’
1252 2275 1462 2334 ἐκείνους
1485 2276 1529 2327 οἱ
1561 2275 1735 2329 ἑκατόν
1754 2295 1877 2329 πεν-

278 2371 508 2425 τήκοντα
536 2366 668 2437 ἅγιοι
696 2367 915 2437 πατέρες
954 2365 999 2418 οἱ
1026 2366 1370 2435 συναχθέντες
1398 2366 1447 2418 ἐν
1480 2380 1882 2419 Κωνσταντινου-

276 2460 425 2514 πόλει
454 2461 589 2514 κατά
618 2458 924 2514 Μακεδονίου
949 2465 1041 2513 τοῦ
1068 2461 1507 2530 πνευματομάχου
1529 2502 1541 2524 ,
1573 2462 1656 2511 καί
1675 2459 1876 2530 Μάγνου

276 2555 372 2603 τοῦ
399 2546 846 2624 Ἀπολιναριστοῦ,
894 2554 980 2602 καί
1020 2549 1235 2607 τούτους
1273 2547 1702 2607 καταδικάσαντες
1750 2552 1878 2620 μετά

278 2646 378 2700 τῆς
416 2640 589 2694 αὐτῶν
632 2639 900 2701 άσεεείας,
938 2639 1320 2699 ἀκολουθοῦντές
1351 2659 1405 2693 τε
1434 2640 1562 2693 κατὰ
1598 2641 1763 2693 πάντα
1805 2646 1875 2710 τῷ

276 2733 426 2803 αὐτῷ
457 2730 615 2803 ἁγίων
640 2729 881 2802 συμϐόλῳ
905 2736 978 2802 τῷ
1002 2730 1144 2805 παρά
1171 2736 1269 2783 τῶν
1293 2734 1595 2805 τριακοσίων
1624 2728 1876 2786 δεκαοκτώ

276 2819 442 2892 ἁγίων
463 2822 697 2895 πατὲρων
720 2819 1051 2893 παραδοθέντι
1067 2863 1082 2886 ,
1107 2820 1389 2898 ἔτράνωσαν
1412 2823 1477 2874 τά
1506 2823 1622 2895 περὶ
1650 2830 1739 2880 τῆς
1768 2822 1878 2876 θεό-

274 2929 435 2970 τητος
476 2915 572 2964 τοῦ
620 2909 765 2982 ἁγίου
811 2912 1115 2980 πνεύματος.
1144 2905 1255 2963 ’Ἔτι
1292 2906 1346 2963 δὲ
1394 2912 1478 2966 καί
1524 2911 1568 2962 οἶ
1606 2909 1654 2962 ἐν
1689 2912 1875 2983 Ἐφέσῳ

274 3002 630 3073 σνυαχθίντες
658 3006 715 3058 τό
752 3004 995 3077 πρότερον
1026 3001 1160 3073 ἅγιοι
1195 3003 1408 3077 πατέρες
1447 3006 1579 3058 κατὲ
1606 3006 1874 3078 Νεστορίου

1988 1810 2056 1866 ab
2084 1810 2162 1865 eis
2192 1818 2370 1866 autem
2410 1811 2757 1881 praedicatam
2802 1810 2856 1865 in
2903 1819 3017 1865 toto
3049 1809 3270 1865 mundo.
3314 1808 3570 1865 Trecenti

1986 1911 2166 1958 autem
2196 1902 2382 1959 decem
2414 1913 2470 1959 et
2491 1912 2616 1960 octo
2642 1905 2813 1959 sancti
2844 1902 3038 1960 Patres
3068 1903 3281 1960 collecti
3311 1904 3362 1958 in
3394 1903 3573 1960 Nicaea

1986 1993 2239 2050 adversus
2266 1994 2473 2060 Arium,
2506 1995 2596 2049 illo
2620 2010 2740 2050 cum
2771 2010 2866 2051 sua
2890 1996 3165 2066 impietate
3188 1994 3587 2063 condemnato,

1987 2083 2232 2138 eamdem
2261 2083 2676 2150 confessionem,
2722 2082 2775 2139 id
2798 2093 2900 2151 at,
2945 2095 3186 2140 sanctum
3218 2086 3489 2142 mathema
3518 2096 3569 2142 et

1984 2173 2288 2244 symbolum
2318 2173 2446 2228 ﬁdei
2475 2174 2811 2229 tradiderunt
2837 2183 3038 2231 sancta:
3076 2174 3170 2230 Dei
3203 2175 3486 2244 Ecclesiae;
3518 2186 3589 2233 et

1982 2274 2107 2336 post
2154 2265 2296 2333 illos,
2343 2266 2969 2336 centuquuinquagiuta
3011 2268 3182 2322 sancti
3214 2266 3401 2323 Patres
3431 2266 3568 2324 Con-

1983 2354 2334 2425 stantinOpoli
2378 2355 2593 2410 collecti
2642 2356 2900 2413 adversus
2944 2356 3316 2413 Maccdonium
3377 2369 3569 2415 sancto

1984 2444 2207 2514 Spiritui
2251 2453 2661 2514 repugnantem,
2706 2456 2763 2501 et
2810 2442 3058 2515 Magnum
3107 2448 3570 2518 Apollinaristam,

1984 2532 2089 2586 illis
2117 2531 2488 2587 condemnatis
2516 2549 2636 2588 cum
2658 2550 2754 2589 sua
2784 2535 3031 2606 perﬁdia,
3063 2538 3233 2592 secuti
3260 2553 3359 2608 per
3386 2539 3571 2595 omnia

1983 2630 2125 2685 idem
2154 2640 2399 2687 sanctum
2428 2633 2729 2705 symbolum
2761 2635 3015 2690 traditum
3043 2652 3076 2691 a
3096 2637 3353 2693 trecentis
3381 2640 3573 2693 decem
3658 2705 3672 2721 .

1983 2737 2039 2783 et
2061 2737 2185 2784 octo
2214 2730 2413 2785 sanctis
2442 2727 2713 2801 Patribus,
2749 2733 3173 2803 explanaverunt
3198 2751 3317 2805 qua:
3346 2745 3472 2792 sunt
3500 2737 3579 2793 de

1984 2821 2185 2878 deitate
2226 2824 2393 2879 sancti
2443 2824 2675 2895 Spiritus
2722 2824 2860 2899 (Act.
2903 2825 2980 2897 5).
3021 2825 3245 2899 Insuper
3284 2838 3465 2885 autem
3512 2839 3571 2885 et

1984 2924 2074 2993 qui
2107 2924 2159 2977 in
2187 2922 2401 2994 Epheso
2443 2924 2591 2994 prius
2633 2925 2848 2981 collecti
2895 2936 3021 2982 sunt
3045 2928 3217 2983 sancti
3246 2925 3436 2985 Patres
3464 2930 3566 2984 ad-

1982 3032 2172 3072 versus
2226 3014 2533 3072 Nestorium
2580 3018 2836 3088 impium,
2886 3025 2942 3072 et
2980 3019 3071 3089 qui
3120 3020 3175 3075 in
3219 3018 3568 3079 Chalcedone

276 3101 373 3149 τοῦ
396 3093 722 3161 δυσσεϐοῦς,
762 3098 848 3150 καί
875 3097 920 3150 οί
949 3094 999 3149 ἔν
1027 3092 1305 3152 Χαλκηδόνι
1339 3093 1476 3165 ἅγιοι
1502 3098 1719 3171 πατέρες
1745 3098 1873 3151 κατὰ

1980 3115 2349 3162 convenerunt
2392 3108 2564 3164 sancti
2613 3106 2800 3164 Patres
2828 3109 3085 3165 adversus
3118 3109 3412 3183 Eutychem
3453 3113 3560 3168 im-

274 3188 561 3257 εὐτυχοῦς
589 3191 679 3240 τοῦ
709 3183 1028 3250 δυσσεϐοῦς,
1070 3185 1500 3246 ἀκολουθήσαντες
1544 3189 1672 3242 κατὰ
1707 3189 1873 3243 πάσα

274 3285 353 3350 τῷ
378 3277 627 3348 εἰρημένῳ
656 3276 782 3350 ἁγίῳ
814 3277 1077 3348 συμϐόλῳ,
1103 3276 1215 3335 ἤτοι
1233 3277 1488 3348 μαθήματι
1509 3281 1869 3343 τῆς,πίστεως,

273 3368 627 3426 κατεδίκασαν
666 3371 784 3430 τούς
834 3369 1229 3441 προειρημένους
1280 3368 1559 3445 elipeum);
1602 3371 1736 3438 μετὰ
1779 3377 1872 3430 τῆς

278 3462 453 3517 αὐτῶν
479 3460 748 3527 ἀσεϐείας,
776 3462 859 3514 καί
897 3468 997 3515 τῶν
1024 3457 1177 3531 ὅμοια
1217 3460 1384 3519 αὐτοῖς
1427 3460 1777 3533 φρονησάντων
1799 3500 1813 3524 ,
1839 3460 1870 3519 ἦ

279 3554 369 3608 καί
410 3552 746 3625 φρονούντων.
790 3554 889 3605 Καὶ
929 3553 1059 3624 πρὸς
1098 3552 1300 3610 τούτοις
1343 3551 1710 3620 ἀνεθεμάτισαν
1753 3553 1873 3612 τούς

281 3643 453 3717 ἕτερον
475 3641 596 3718 ὅρον
618 3644 839 3702 πίστεως
862 3642 971 3701 ἤτοι
999 3641 1250 3713 σύμϐολον
1295 3646 1372 3696 καὶ
1412 3640 1620 3713 μάθημα
1648 3640 1873 3718 παραδι-

284 3732 466 3794 δόντας
489 3741 597 3794 τοῖς
618 3738 890 3809 προσιοῦσι
911 3739 985 3806 τῷ
1007 3732 1133 3805 ἁγίῳ
1154 3732 1502 3804 βαπτίσματι,
1525 3731 1556 3792 ἧ
1583 3735 1634 3798 ἐξ
1667 3729 1877 3788 οίασδή-

282 3844 407 3879 ποτε
436 3824 681 3898 αἱρέσεως
710 3822 1067 3897 ἑπιστρέλιουσι
1100 3823 1243 3894 παρὰ
1264 3823 1350 3875 τόν
1386 3819 1762 3898 παραδοθέντα,
1804 3825 1872 3884 ὡς

286 3916 515 3988 ε’ρηται,
556 3914 656 3968 ύπό
683 3920 782 3969 τῶν
821 3915 1125 3985 τριακοσίων
1153 3911 1273 3967 δέκα
1301 3915 1387 3966 καί
1429 3914 1560 3969 ὀκτὼ
1588 3912 1743 3986 ἁγίων
1770 3936 1876 3968 παι

284 4009 463 4081 τέρων,
488 4008 576 4060 καί
594 4006 909 4081 τρανωθίντα
934 4004 1036 4058 ύπό
1058 4011 1158 4058 τῶν
1188 4003 1359 4058 ἰκατόν
1388 4010 1692 4064 πεντήκοντα
1719 4006 1872 4079 ἁγίων

282 4099 539 4171 πατέρων.
569 4099 772 4152 τούτων
811 4097 973 4158 οὕτως
1009 4096 1238 4168 ἐχόντων
1274 4096 1569 4170 συνείδομεν
1603 4104 1687 4154 καί
1732 4101 1877 4171 κεφά-

283 4190 398 4246 λαια
434 4191 687 4254 ὑποτάξαι
719 4195 812 4250 τήν
849 4211 903 4246 τε
948 4198 1041 4251 τῆς
1068 4193 1293 4251 πίστεως
1330 4193 1477 4265 ὀρθήν
1519 4191 1786 4264 ὁμολογίαν
1826 4194 1875 4246 ἐν

284 4284 550 4356 συντόμῳ,
574 4288 666 4341 τήν
682 4303 737 4338 τε
768 4291 868 4338 τῶν
888 4286 1154 4360 αἱρετικῶν
1181 4286 1476 4357 κατάκρισιν
1504 4286 1836 4356 περιέχοντα.

348 4373 416 4429 εἴ
451 4396 537 4436 τις
583 4375 689 4446 οὐχ
733 4372 970 4447 ὁμολογεῖ
1002 4376 1238 4449 πατέρα,
1288 4375 1375 4427 καί
1418 4375 1552 4438 υίόν,
1599 4376 1683 4427 καί
1728 4371 1867 4444 ἅγιον

1977 3200 2148 3269 pium,
2174 3202 2343 3257 secuti
2372 3217 2469 3273 per
2503 3202 2682 3258 omnia
2710 3204 3022 3273 pnedictum
3068 3215 3313 3261 sanctum
3343 3208 3562 3279 symbo-

1977 3291 2086 3346 lum
2114 3292 2228 3348 sive
2254 3295 2526 3350 mathema
2560 3294 2703 3359 ﬁdei,
2750 3295 3247 3353 condemnaverunt
3272 3300 3559 3368 praedictos

1974 3380 2263 3437 haereticos
2290 3397 2395 3437 una
2420 3397 2541 3438 cum
2571 3398 2759 3439 eorum
2800 3384 3099 3455 impietate,
3149 3396 3205 3442 et
3233 3388 3336 3444 hos
3366 3389 3457 3459 qui
3480 3389 3558 3444 si-

1975 3471 2122 3526 milia
2143 3471 2250 3526 illis
2278 3483 2592 3542 sapuerunt,
2618 3474 2706 3528 vel
2733 3474 2970 3543 sapiunt.
3016 3475 3085 3530 Et
3112 3493 3275 3547 super
3295 3478 3411 3534 haec
3430 3493 3564 3533 ana-

1975 3560 2461 3616 thematizavertmt
2508 3577 2604 3618 eos
2652 3561 2745 3631 qui
2792 3561 2953 3617 aliam
2994 3564 3364 3621 deﬁnitionem
3413 3567 3560 3635 fidei,

1973 3653 2088 3709 sive
2118 3652 2439 3724 symbolum,
2471 3652 2584 3708 sive
2613 3651 2885 3706 mathema
2927 3653 3147 3708 tradunt
3175 3656 3558 3712 accedentibus

1978 3744 2048 3798 ad
2073 3750 2315 3799 sanctum
2344 3743 2628 3812 baptisma,
2660 3742 2745 3798 vel
2779 3759 2848 3798 ex
2875 3760 3197 3815 quacunque
3226 3747 3414 3802 haeresi
3435 3764 3561 3803 con-

1978 3835 2166 3897 versis,
2199 3841 2396 3905 praeter
2423 3834 2682 3888 traditum
2713 3835 2876 3905 (sicut
2904 3836 3104 3891 dictum
3132 3838 3237 3905 est)
3285 3851 3314 3891 a
3346 3847 3557 3896 trecen-

1976 3924 2045 3980 tis
2072 3923 2257 3979 decem
2286 3931 2341 3979 et
2372 3931 2497 3979 octo
2524 3925 2728 3980 sanctis
2756 3922 3025 3991 Patribus,
3055 3935 3111 3981 et
3147 3928 3495 3998 explanatum
3526 3945 3559 3985 a

1974 4022 2188 4071 centum
2213 4014 2599 4085 quinquaginta
2627 4015 2829 4071 sanctis
2852 4013 3116 4071 Patribus.
3149 4015 3242 4073 His
3273 4019 3345 4073 ita
3375 4034 3435 4074 se
3463 4019 3560 4074 ha—

1971 4105 2244 4172 bentibus,
2279 4106 2652 4176 perspeximus
2677 4113 2732 4161 et
2759 4107 2992 4176 capitula
3010 4123 3332 4177 supponere,
3366 4110 3563 4179 quibus

1967 4206 2254 4254 tamrectze
2276 4197 2396 4253 ﬁdei
2421 4198 2805 4269 compendiosa
2822 4197 3115 4265 confessio,
3141 4216 3301 4269 quam
3332 4201 3554 4257 haereti-

1971 4302 2156 4346 corum
2183 4290 2559 4346 condemnatio
2590 4291 2917 4346 continetur.

2044 4377 2085 4434 I.
2127 4379 2184 4434 Si
2229 4379 2352 4448 quis
2404 4395 2512 4435 non
2552 4376 2842 4436 conﬁtetur
2883 4381 3120 4448 Patrem,
3168 4391 3225 4437 et
3253 4383 3471 4450 Filium,
3496 4393 3553 4442 et

281 4473 515 4537 πνεῦμα,
559 4464 744 4540 τριίδα
771 4464 1068 4536 όμοούσιον,
1110 4467 1231 4536 μίαν
1255 4463 1499 4523 θεότητα,
1539 4464 1693 4536 ἤγουν
1719 4467 1868 4537 φύσιν

1980 4469 2227 4540 Spiritum
2253 4477 2522 4533 sanctum,
2573 4478 2630 4525 et
2656 4470 2974 4526 Trinitatem
3018 4471 3557 4540 consubstantialem,

282 4560 362 4610 αλὶ
388 4558 601 4619 οὐσίαν,
628 4559 745 4629 μίαν
778 4578 835 4613 τε
861 4556 1074 4632 δύναμιν
1108 4563 1190 4613 καί
1217 4561 1448 4623 ἐξουσίαν
1477 4560 1525 4613 ἔν
1551 4561 1716 4633 τρισίν
1745 4560 1872 4615 ύπο·

283 4655 554 4717 στάσεσιν.
582 4654 734 4726 ἤγουν
766 4656 1063 4726 προσώποις
1090 4656 1558 4728 προσκυνουμένην,
1593 4652 1618 4708 ὁ
1644 4660 1871 4716 τοιοῦτος

282 4745 508 4808 ἀνάθεμα
537 4743 698 4800 ἴστω.

347 4833 413 4889 Εἴ
429 4855 511 4895 τις
551 4836 653 4905 οὐχ
690 4832 925 4909 ὁμολογεῖ
951 4836 1037 4889 τόν
1065 4834 1166 4909 πρὸ
1196 4837 1418 4896 αἰώνων,
1448 4837 1533 4889 καί
1556 4830 1792 4910 ἀχρόνως
1812 4834 1866 4887 ἐκ

281 4933 370 4982 τοῦ
395 4930 593 5002 πατρὸς
614 4928 906 5000 γεννηθέντα
933 4928 1054 4982 Θεὸν
1076 4927 1223 5001 λόγον
1248 4929 1325 4981 ἐπ’
1349 4928 1591 4998 ἐσχάτων
1617 4935 1718 4981 τῶν
1745 4928 1865 4996 ἡμε-

284 5026 381 5092 ρῶν
418 5018 743 5092 [κατελθόντα
770 5021 825 5072 ἑκ
851 5027 951 5074 τῶν
977 5008 1197 5096 οὐρανῶν
1224 5022 1306 5073 καί
1334 5015 1419 5089 Ι...]
1460 5018 1782 5094 σαρκωθέντα
1816 5020 1872 5073 εκ

284 5116 371 5170 τῆς
392 5108 546 5181 ἁγίας
568 5106 790 5179 [ἔνδοξον
812 5107 899 5180 [η]
925 5110 1158 5163 θεοτόκου
1183 5111 1266 5164 καί
1290 5111 1369 5164 ἀεί
1383 5111 1628 5185 παρθόνου
1651 5114 1864 5183 Μαρίας,

285 5201 367 5253 καὶ
402 5195 666 5273 ἄνθρωπον
707 5195 964 5272 γενόμενον
1005 5201 1293 5271 γεννηθέντα
1331 5201 1383 5264 ἐξ
1426 5202 1609 5266 αὐτῆς,
1657 5203 1737 5254 καὶ
1782 5198 1867 5255 διά

289 5300 439 5347 τοῦτο
453 5296 548 5344 τοῦ
575 5291 734 5344 αὐτοῦ
760 5296 889 5345 Θεοῦ
915 5289 1062 5362 λόγου
1091 5285 1218 5345 εἶναι
1237 5292 1332 5349 τάς
1360 5287 1451 5344 δύο
1476 5292 1753 5361 γεννήσεις,
1775 5295 1865 5348 τήν

286 5401 336 5437 τε
361 5381 459 5457 πρὸ
493 5381 690 5434 αἰώνων
730 5377 1052 5451 ἀσωμάτως,
1096 5382 1182 5433 καί
1221 5384 1311 5437 τήν
1354 5378 1435 5433 ἐπ’
1481 5379 1725 5449 ἐσχάτων
1764 5386 1865 5435 τῶν

289 5473 479 5546 ἀμερῶν
509 5473 643 5525 κατὰ
670 5472 862 5545 σάρκα,
889 5469 916 5523 ὁ
944 5476 1167 5531 τοιοῦτος
1190 5472 1405 5542 ἀνάθεμα
1428 5469 1461 5525 ἔ
1463 5493 1591 5526 στω.

346 5562 413 5617 ιςῖ
426 5583 506 5623 τις
525 5562 658 5635 λὶγει
679 5558 826 5617 ἄλλον
854 5557 985 5618 εἶναι
999 5564 1085 5619 τόν
1114 5562 1233 5618 Θεὸν
1259 5562 1401 5634 λόγον
1423 5564 1510 5618 τόν
1538 5565 1865 5640 θαυματουρ-

1975 4575 2134 4617 unam
2181 4559 2457 4627 deitatem,
2507 4575 2604 4616 seu
2651 4569 2920 4627 naturam,
2970 4570 3026 4616 et
3062 4564 3448 4632 substantiam,
3502 4573 3560 4621 et

1974 4666 2136 4706 unam
2176 4651 2429 4709 virtutem
2460 4659 2516 4706 et
2541 4659 2867 4722 potestatem
2898 4653 2950 4707 in
2982 4653 3152 4709 tribus
3197 4656 3560 4713 subsistentiis

1968 4758 2067 4798 seu
2093 4742 2337 4813 personis
2365 4742 2711 4807 adorandam,
2746 4742 2870 4798 talis
2893 4744 3179 4800 anathema
3205 4746 3295 4800 sit.

2040 4833 2106 4888 ll.
2147 4832 2203 4889 Si
2232 4834 2353 4903 quis
2381 4848 2489 4888 non
2518 4832 2808 4889 conﬁtetur
2836 4849 2977 4901 eum,
3008 4838 3101 4905 qui
3128 4846 3257 4892 ante
3284 4838 3479 4895 smcula
3501 4845 3558 4895 et

1974 4924 2091 4982 sine
2122 4935 2366 4996 tempore
2395 4940 2463 4980 ex
2508 4925 2668 4981 Patre
2696 4933 2855 4982 natus
2881 4934 2984 4994 est,
3025 4927 3192 4983 Deum
3222 4927 3456 4983 Verbum
3498 4929 3555 4981 in

1976 5018 2177 5073 ultimis
2206 5018 2396 5075 diebus
2423 5017 2767 5076 descendisse
2802 5019 2870 5076 de
2914 5020 3087 5089 caelis,
3134 5029 3191 5075 et
3217 5020 3554 5075 incarnatum

1974 5123 2094 5164 esse
2122 5108 2190 5163 de
2217 5117 2401 5164 sancta
2427 5109 2661 5177 gloriosa
2691 5109 2786 5165 Dei
2817 5111 3088 5166 Genitrice
3116 5119 3172 5166 et
3198 5125 3415 5180 semper
3444 5111 3554 5165 vir-

1970 5200 2094 5267 gine
2122 5198 2307 5264 Maria,
2338 5208 2393 5255 et
2419 5201 2692 5256 hominem
2718 5200 2937 5266 factum,
2971 5210 3155 5256 natum
3177 5216 3297 5256 esse
3323 5215 3391 5256 ex
3411 5201 3552 5272 ipsa,
3586 5196 3593 5203 ’

1972 5292 2025 5340 et
2047 5294 2270 5354 propter
2288 5285 2393 5341 hoc
2411 5286 2660 5356 ejusdem
2687 5285 2777 5341 Dei
2798 5285 2964 5340 Verbi
2986 5285 3124 5341 duas
3150 5301 3272 5342 esse
3297 5289 3557 5344 nativita-

1971 5381 2074 5438 lcs,
2096 5372 2308 5446 [SuppL
2340 5385 2601 5431 aeternam
2627 5377 2839 5433 scilicet
2859 5376 2937 5450 et]
2959 5389 3079 5432 eam
3102 5391 3222 5446 quae
3242 5386 3323 5432 est
3347 5378 3401 5432 in
3431 5379 3555 5432 ulti-

1971 5469 2076 5524 tnis
2104 5469 2298 5523 diebus
2323 5471 2625 5524 secundum
2654 5484 2897 5533 carnem,
2918 5470 3047 5524 talis
3067 5470 3354 5525 anathema
3387 5473 3476 5525 sit.

2038 5561 2125 5616 Ill.
2156 5561 2213 5616 Si
2239 5560 2358 5630 quis
2383 5558 2511 5613 dicit
2538 5558 2701 5613 alium
2724 5572 2843 5614 esse
2867 5557 3036 5616 Deum
3061 5561 3295 5621 Verbum
3325 5567 3418 5637 qui
3448 5567 3551 5621 mi.

348 5743 367 5773 '
415 5739 740 5797 Universalis
782 5738 849 5795 D.
896 5756 943 5795 e.
986 5743 1310 5812 conﬁteatur.
1350 5742 1521 5799 Graec.
1559 5743 1729 5812 Atque
1773 5744 1845 5798 ita
1889 5760 1993 5801 ms.
2051 5739 2221 5796 codex
2251 5734 2518 5793 Bobier't't.
