4032 6190
1080 178 1112 211 δ

515 269 612 326 2n
1891 258 2187 345 VlGlLlUS
2225 254 2422 311 nam.
3658 230 3750 312 sta

513 401 762 468 γήσαντα,
789 395 870 447 καί
891 390 1033 447 ἄλλον
1060 391 1145 446 τὸν
1171 388 1391 466 Χριστὸν
1415 388 1501 443 τὸν
1528 384 1780 442 παθόντα⁹
1810 382 1840 442 ἦ
1861 385 1944 438 τὸν
1971 384 2094 436 Θεὸν

2220 376 2376 431 acula
2408 385 2661 444 operatus
2685 381 2785 437 est,
2845 380 2899 434 et
2926 371 3087 428 alium
3130 371 3404 427 Christum
3453 373 3541 443 qui
3580 389 3750 444 passm

514 491 658 561 λόγον
699 492 923 541 συνεῖναι
949 490 1022 552 τῷ
1044 489 1248 556 Χριστῷ
1274 482 1403 553 λέγει
1433 480 1677 551 γενομένῳ
1702 479 1756 531 ἐκ
1781 475 2038 549 γυναικὸς,
2066 472 2097 531 ἦ

2220 474 2304 528 εει,
2356 472 2449 516 aut
2477 462 2607 517 dicit
2638 462 2802 515 Deum
2831 461 3064 516 Verbum
3096 476 3216 515 cum
3260 460 3476 516 Christo
3519 478 3631 519 esse
3665 482 3749 519 na-

515 555 800 634 t""
920 569 1090 628 'an
1178 568 1330 624 σ”λλ
1432 571 1522 624 ’λγ
1585 568 1718 622 ἠισ
1871 566 1957 585 ··
2060 565 2100 601 ’-

539 599 725 648 ναυτῳ
752 595 971 635 εεναεως
1092 593 1143 626 ον
1171 593 1274 627 ενα
1332 594 1392 642 ῳ,
1420 593 1452 624 α
1547 591 1652 640 ου’(
1693 589 1777 623 ενα
1801 590 1883 621 και
1907 587 1992 620 τον
2017 586 2079 620 an

2220 564 2386 612 lcente
2415 572 2478 610 ex
2511 556 2758 620 muliere,
2789 555 2873 609 vel
2896 555 2949 609 in
2978 555 3095 625 ipso
3123 570 3241 610 esse
3270 564 3521 623 tanquam
3548 556 3753 611 alterum

515 674 600 727 τὸν
631 671 799 744 κύριον
827 670 964 739 ἡμῶν
991 664 1182 724 Ἰησοῦν
1199 667 1418 735 Χριστὸν
1442 663 1525 718 τὸν
1551 669 1639 718 τοῦ
1662 667 1790 717 Θεοῦ
1812 662 1951 730 λόγον
1973 680 2099 724 σαρ-

2223 664 2256 702 η
2286 648 2479 713 altero,
2521 645 2613 700 sed
2644 660 2751 700 non
2782 660 2945 699 unum
2989 645 3341 712 eumdemque
3371 645 3647 699 Dominum
3669 662 3756 700 no-

518 761 770 821 κωθὲδτα,
799 760 884 810 καὶ
929 756 1415 830 ἐνανθρωπήσνηντα,
1456 755 1555 832 καί.
1569 758 1656 807 τοῦ
1687 753 1843 804 αὐτοῦ
1878 751 1943 802 τὰ
1972 747 2099 799 θαύ-

2220 747 2372 792 ;trum
2421 736 2605 791 Jesum
2633 734 2930 802 Christum,
2981 733 3148 788 Deum
3173 733 3409 788 Verbum
3442 734 3754 789 incarnatum

517 870 656 919 ματα
695 850 775 901 καί
809 846 875 900 τά
901 846 1068 909 πάθη,
1112 841 1246 918 ἅπερ
1288 843 1532 900 ἑκουσίως
1570 841 1801 911 ὑπέμεινε
1845 840 2031 912 σαρκί,
2075 835 2101 889 ὁ

2220 837 2260 884 ξι
2288 827 2558 881 hominem
2590 824 2814 888 factum,
2866 834 2922 878 et
2963 822 3202 893 ejusdem
3231 822 3398 892 ipsius
3426 824 3673 877 nirecula
3710 834 3759 879 et

518 945 750 996 τοιοῦτος
776 936 999 999 ἀνάθεμα
1028 931 1059 986 ἒ
1061 954 1186 987 στω.
1654 972 1655 975 η

2220 918 2506 987 passiones,
2534 930 2671 986 quas
2699 930 2861 970 carne
2887 922 3081 984 sponte
3108 912 3382 976 sustinuit,
3414 912 3533 968 talis
3556 914 3758 968 anathe-

2205 1024 2292 1063 ma
2322 1009 2412 1063 sit.

589 1117 652 1173 Εἴ
680 1138 758 1178 τις
799 1116 930 1187 λέγει
972 1116 1105 1170 κατά
1146 1115 1334 1190 χάριν,
1382 1112 1411 1171 ἦ
1450 1112 1559 1167 κατ’
1601 1112 1875 1187 ἐνέργειαν,
1913 1109 1945 1169 ἦ
1990 1108 2104 1164 κατ’

2250 1109 2369 1166 ιγ.
2410 1108 2467 1164 Si
2496 1107 2616 1178 quis
2644 1107 2795 1171 dicit,
2847 1104 3143 1165 secundum
3174 1102 3423 1172 gratiam,
3472 1101 3557 1155 vel
3585 1114 3761 1156 secun-

523 1210 689 1274 ἀξίαν,
712 1206 743 1267 ἦ
769 1205 883 1261 κατ’
901 1209 1175 1276 ἰσοτιμίαν,
1206 1204 1236 1263 ἦ
1262 1203 1374 1258 κατ’
1401 1203 1658 1257 αὐθεντίαν
1675 1241 1687 1264 ,
1711 1200 1741 1259 ἧ
1767 1200 2018 1273 ἀναφοράν
2035 1240 2049 1265 ,
2074 1197 2106 1257 ἦ

2220 1199 2335 1254 lum
2384 1196 2790 1266 operationem,
2840 1194 2924 1276 vel
2972 1191 3264 1248 secundum
3313 1190 3643 1257 dignitatem,
3688 1191 3762 1245 vel

524 1303 740 1373 σχέσιν,
767 1299 798 1358 ἦ
832 1298 1063 1370 δύναμιν,
1091 1303 1180 1357 την
1206 1297 1379 1350 ἕνωσιν
1416 1299 1506 1349 τοῦ
1536 1299 1664 1349 Θεοῦ
1687 1291 1834 1364 λόγου
1859 1291 1987 1361 πρὸς
2017 1286 2107 1343 ἆν-

2220 1288 2502 1344 tecundum
2527 1268 2888 1356 aequalitatem
2909 1283 3149 1346 honoris,
3173 1281 3257 1335 vel
3281 1279 3572 1335 secundum
3594 1288 3763 1335 aucto-

523 1396 724 1470 θρωπον
747 1391 1069 1464 γεγενῆσθαι,
1098 1388 1128 1447 ἦ
1167 1387 1271 1441 καθ’
1299 1386 1606 1459 ὁμωνυμίαν,
1642 1384 1751 1438 ἱιαθ’
1776 1383 1835 1441 ἣν
1856 1382 1903 1436 οῗ
1927 1392 2109 1436 Νεστο-

2220 1380 2446 1445 ritatem,
2474 1377 2559 1432 vel
2592 1376 2927 1438 relationem,
2971 1373 3058 1427 vel
3088 1371 3366 1434 allectum,
3398 1371 3483 1425 vel
3511 1371 3763 1438 virtutem,

522 1486 687 1560 ριανοί
712 1485 795 1536 καὶ
822 1482 906 1536 τὸν
928 1481 1047 1535 Θεὸν
1068 1478 1215 1550 λόγον
1237 1478 1454 1555 Χριστὸν
1477 1477 1742 1533 καλοῦντες
1758 1514 1772 1535 ,
1803 1474 1889 1527 κεί
1916 1471 2003 1526 τὸν
2030 1467 2111 1526 ἄν·

2220 1468 2508 1524 unitionem
2541 1465 2640 1520 Dei
2672 1463 2833 1519 Verbi
2864 1463 2930 1517 ad
2959 1461 3231 1517 hominem
3282 1458 3480 1514 iactam
3524 1474 3652 1524 esse,
3693 1461 3763 1515 vel

524 1550 724 1651 θρωπον
750 1570 1142 1647 κεχωρισμένως
1180 1550 1398 1643 Χριστὸν
1443 1565 1764 1635 ὀνομάζοντες
1803 1567 1930 1616 κατὰ
1959 1560 2111 1630 μόνην

2220 1558 2508 1615 secundum
2558 1552 2995 1626 homonymiam,
3048 1566 3351 1622 perquam
3406 1550 3690 1605 Nestoriani
3719 1558 3768 1605 et

524 1675 614 1727 τὴν
643 1664 982 1740 προσηγορίαν
1002 1661 1090 1715 ἕνα
1116 1658 1333 1732 Χριστὸν
1358 1657 1612 1728 λέγουσιν·
1632 1654 1662 1714 ἦ
1688 1652 1827 1712 εἴτις
1847 1652 1977 1725 λέγει
2000 1648 2111 1703 κατ’

2220 1652 2380 1705 Deum
2410 1649 2646 1704 Verbum
2676 1654 2933 1701 vocantes
2952 1641 3248 1706 Christum,
3268 1649 3331 1697 et
3355 1642 3619 1696 hominem
3639 1656 3769 1712 seps.

526 1757 757 1814 εὐδοκίαν
787 1761 878 1814 τὴν
903 1754 1080 1808 ἕνωσιν
1106 1750 1401 1823 γεγενῆσθαι
1419 1789 1432 1809 ,
1453 1750 1612 1807 καθὼς
1639 1743 1898 1816 Θειίδωρος
1923 1742 1948 1798 ὁ
1976 1743 2108 1817 αἱρε·

2220 1742 2370 1796 ratim
2416 1739 2688 1794 Christum
2735 1737 3095 1799 nominantes,
3144 1734 3263 1790 solo
3321 1733 3593 1789 vocabulo
3627 1749 3766 1787 unum

528 1853 665 1909 τσκὸς
692 1849 872 1905 αὐταῖς
900 1841 1063 1906 λέξεσι
1090 1842 1249 1912 λέγει,
1288 1842 1353 1900 ὡς
1384 1839 1681 1910 ἀρεσθὲντος
1708 1840 1801 1889 τοῦ
1827 1835 1941 1887 θεοῦ
1965 1833 2113 1905 λόγου

2220 1832 2485 1888 Christum
2515 1831 2703 1887 dicunt
2729 1848 2742 1883 :
2775 1826 2867 1883 aut
2895 1829 2939 1884 si
2967 1828 3087 1898 quis
3114 1841 3211 1897 per
3239 1827 3443 1880 bonam
3467 1824 3768 1879 voluntatem

527 1947 601 2011 τῷ
628 1938 877 2010 ἀνθρώπῳ
899 1933 1002 1988 άπὸ
1025 1937 1112 1986 τοῦ
1135 1925 1189 1985 εὖ
1219 1933 1301 1984 καί
1326 1929 1454 1983 καλά
1478 1926 1618 1991 δόξαι
1637 1928 1778 1997 αὐτῷ
1797 1927 1915 2001 περί
1934 1924 2113 1985 αὐτοῦ,

2220 1927 2344 1982 dicit
2371 1925 2665 1979 unitionem
2694 1921 2890 1979 factam
2920 1936 3059 1985 esse,
3104 1920 3242 1975 sicut
3270 1916 3589 1973 Theodorus
3625 1918 3768 1971 hatre-

525 2029 648 2097 οὐχὶ
689 2023 792 2078 καθ’
821 2023 1109 2079 ίπόστασιν
1149 2025 1242 2076 τοῦ
1279 2024 1404 2072 Θεοῦ
1428 2013 1595 2091 ⁶λόγου
1643 2019 1770 2089 πρὸς
1815 2021 1906 2073 τὴν
1953 2014 2118 2090 σάρκα

2225 2029 2346 2082 iens
2378 2026 2514 2097 ipsis
2544 2024 2729 2078 verbis
2764 2020 2932 2085 dicit,
2974 2015 3133 2086 quasi
3164 2011 3443 2084 placuerit
3476 2007 3582 2063 Deo
3618 2005 3773 2059 Verbo

528 2117 867 2187 ἰηρυχωμὲνην
895 2112 1047 2184 ψυχῇ
1073 2112 1245 2186 λογικῇ
1272 2112 1360 2165 καί
1387 2114 1532 2184 νοερᾷ
1552 2112 1641 2167 την
1667 2109 1845 2161 ἕνωσιν
1865 2104 2114 2175 ὁμολογεῖ,

2220 2136 2384 2184 ιυιιιο,
2415 2134 2480 2174 eo
2509 2117 2659 2189 quod
2695 2117 2831 2169 bene
2863 2113 3040 2166 visum
3073 2116 3157 2163 est
3202 2106 3251 2160 ei
3288 2102 3359 2160 de
3387 2103 3525 2172 ipso.
3560 2100 3647 2155 sed
3678 2112 3770 2153 non

529 2214 613 2266 καί
647 2210 730 2267 διὰ
769 2215 923 2266 τοῦτο
960 2211 1079 2278 μίαν
1109 2207 1264 2260 αὐτοῦ
1312 2209 1400 2263 την
1452 2202 1743 2258 ὑπόστασιν
1789 2201 2050 2259 σύνθετον,
2089 2195 2115 2249 ὁ

2220 2213 2503 2266 ιυιιυηιίιιηι
2529 2186 2954 2265 subsistentiam
2995 2201 3088 2255 Dei
3127 2196 3300 2252 Verbi
3329 2193 3397 2248 ad
3426 2186 3634 2248 carnem
3660 2190 3766 2243 ani-

535 2308 765 2363 τοιοῦτος·
788 2301 1010 2369 ἀνάθεμα
1041 2295 1198 2353 ἴστω.

2220 2313 2401 2358 natam
2451 2304 2634 2356 anima
2670 2298 2926 2354 rationali
2972 2304 3027 2350 et
3073 2291 3439 2348 intellectuali
3493 2289 3767 2344 unitionem

2201 2399 2523 2459 conlitetnr,
2562 2404 2616 2448 et
2658 2392 2781 2447 ideo
2817 2404 2981 2444 unam
3019 2386 3139 2456 ejus
3186 2381 3599 2437 SllllSislehlltltll
3637 2393 3769 2431 com-

2204 2493 2433 2558 pOsitam
2464 2502 2608 2548 esse,
2638 2484 2763 2538 talis
2793 2481 3080 2537 anathema
3114 2477 3207 2532 sit.

602 2593 756 2654 Εἷτις
784 2594 916 2647 κατὰ
937 2592 1205 2666 ἀναφοράν,
1230 2588 1260 2647 ἣ
1284 2593 1715 2660 καταχρηστικῶς
1743 2583 1962 2638 θεοτόιιον
1988 2582 2118 2654 λέγει

2293 2577 2351 2631 V.
2383 2576 2439 2631 Si
2482 2576 2601 2646 quis
2649 2591 2747 2646 per
2799 2576 3137 2641 relationem,
3173 2582 3267 2629 aut
3299 2573 3535 2639 abusive,
3575 2570 3662 2625 Dei
3687 2583 3769 2639 ge-

530 2694 620 2745 τὴν
649 2685 797 2754 ἁγίαν
824 2681 1019 2745 ἔνδοξον
1048 2681 1369 2755 ἁειπάρθενον
1397 2679 1590 2751 Μαρίαν
1607 2714 1621 2739 ,
1650 2674 1681 2733 ἦ
1709 2672 2111 2749 ἀνθρωποτόκον,

2221 2670 2469 2724 nitricem
2500 2668 2632 2723 dicit
2657 2674 2900 2722 sanctam
2946 2666 3235 2736 gloriosam
3291 2678 3502 2735 semper
3538 2662 3770 2730 virginem

531 2780 558 2837 ἧ
584 2775 938 2854 Χριστοτὸκον,
971 2776 1038 2833 ὡς
1067 2778 1159 2828 τοῦ
1190 2777 1416 2845 Χριστοῦ
1440 2775 1509 2841 μή
1536 2766 1677 2828 ὄντος
1704 2772 1861 2829 Θεοῦ,
1899 2765 2018 2819 ἀλλὰ
2046 2768 2116 2833 μὴ

2220 2762 2462 2827 Mariam,
2509 2769 2602 2815 aut
2630 2759 2865 2814 hominis
2892 2757 3227 2829 genitricem,
3282 2763 3383 2818 aut
3403 2752 3766 2818 Cbristotocoa,

530 2873 714 2946 κυρίως
743 2871 829 2923 καί
870 2866 983 2921 κατ’
1032 2866 1255 2923 ἀλήθειαν
1286 2863 1511 2918 θεοτόκον
1540 2863 1694 2918 αὐτὴν
1741 2858 1971 2928 ὁμολογεῖ
1985 2897 2000 2918 ,
2032 2855 2117 2911 διά

2220 2857 2470 2918 tanquam
2492 2847 2708 2904 Christo
2737 2848 2851 2903 Deo
2880 2863 2989 2902 non
3017 2846 3313 2911 existente,
3330 2844 3445 2911 sed
3458 2859 3558 2898 non
3578 2841 3767 2913 proprie

595 2930 604 2946 ,
698 2930 701 2931 ,

526 2968 585 3017 τὸ
611 2961 695 3016 τὸν
732 2959 833 3032 πρὸ
864 2958 1054 3011 αἰώνων
1082 2954 1136 3008 ἔκ
1161 2960 1249 3009 τοῦ
1280 2953 1473 3027 πατρὸς
1501 2952 1792 3023 γεννηθέντα
1831 2948 1952 3003 Θεὸν
1973 2947 2116 3019 λόγον

2220 2949 2272 2995 et
2307 2955 2432 2994 vere
2462 2940 2557 2995 Dei
2601 2940 2919 3009 genitricem
2960 2940 3131 3008 ipsam
3178 2934 3495 3005 conﬁtetur,
3540 2949 3602 2991 eo
3646 2930 3767 3002 quod

530 3052 608 3104 ἐπ’
633 3052 875 3123 ἰσχάτων
915 3055 1016 3103 τῶν
1049 3048 1250 3120 ἡμερῶν
1279 3045 1328 3109 ἐξ
1352 3047 1506 3104 αὐτῆς
1534 3041 1858 3117 σαρκωθῆναε
1884 3041 1969 3093 καί
1997 3056 2110 3110 γεν-

2220 3030 2332 3100 ipse
2380 3031 2472 3099 qui
2502 3040 2628 3085 ante
2672 3030 2868 3085 saecula
2897 3044 2963 3084 ex
2995 3027 3156 3083 Patre
3185 3034 3351 3081 natus
3393 3035 3474 3083 est
3504 3026 3635 3089 Deus
3658 3022 3766 3077 Ver—

528 3146 748 3207 νηθὴναε,
780 3141 807 3197 ὁ
826 3145 1054 3199 τοιοῦτος
1079 3138 1302 3206 ἀνάθεμα
1325 3134 1478 3189 ἔστω.

2220 3120 2364 3187 bum,
2410 3122 2463 3175 in
2494 3121 2698 3176 ultimis
2744 3121 2933 3177 diebus
2964 3137 3028 3177 ex
3060 3122 3173 3191 ipsa
3204 3121 3517 3175 incarnatus
3557 3126 3608 3171 et
3633 3125 3767 3170 natus

2220 3222 2325 3280 est,
2358 3213 2479 3268 talis
2504 3212 2790 3268 anathema
2820 3214 2911 3268 sit.

602 3342 663 3396 Εἴ
697 3364 776 3403 τις
814 3343 916 3412 οὐχ
946 3340 1180 3411 ὁμολογεῖ
1203 3339 1289 3392 τὸν
1333 3333 1714 3407 ἐσταυρωμένον
1755 3334 1908 3406 σαρκί
1945 3332 2113 3406 κύριον

2288 3320 2376 3376 Vl.
2427 3320 2485 3375 Si
2539 3321 2662 3390 quis
2709 3336 2816 3375 non
2866 3319 3155 3374 conﬁtetur
3211 3318 3499 3374 Dominum
3552 3326 3765 3372 nostrum

500 3441 670 3505 ἡμῶν
690 3434 882 3493 Ἰησοῦν
905 3433 1119 3505 Χριστὸν
1146 3430 1269 3485 Θεὸν
1295 3423 1418 3481 εἶναι
1448 3426 1689 3489 ἀληθινὸν,
1721 3427 1805 3477 καί
1832 3425 2001 3500 κύριον
2023 3432 2113 3481 τῆς

2220 3410 2397 3467 Jesum
2426 3410 2700 3466 Christum
2728 3410 2820 3480 qui
2849 3424 3011 3463 carne
3031 3408 3323 3463 cruciﬁxus
3351 3418 3452 3472 est,
3487 3408 3641 3461 Deum
3667 3419 3766 3461 esse

530 3528 708 3592 δόξης,
745 3528 826 3582 καὶ
852 3526 938 3580 ἕνα
975 3531 1066 3585 τῆς
1095 3523 1243 3595 ἁγίας
1288 3517 1524 3594 τριάδος,
1557 3517 1582 3572 ὅ
1624 3523 1851 3576 τοιοῦτος
1891 3515 2115 3586 ἀνάθεμα

2220 3515 2428 3565 verum,
2459 3508 2513 3553 et
2542 3498 2824 3552 Dominum
2854 3497 3056 3566 glorim,
3098 3505 3153 3550 et
3182 3514 3348 3551 unum
3378 3497 3444 3551 de
3470 3505 3643 3551 sancta
3668 3494 3766 3549 Tri-

808 3669 814 3675 _
1135 3587 1148 3595 ’
1319 3587 1332 3594 “
2221 3591 2413 3654 nitate,
2444 3588 2565 3643 talis
2593 3587 2880 3642 anathema
2908 3587 2998 3641 sit.

2292 3700 2403 3757 Vll.
2444 3699 2502 3756 Si
2529 3700 2649 3770 quis
2677 3700 2732 3753 in
2761 3699 2968 3753 duabus
2991 3698 3195 3753 naturis
3216 3698 3403 3753 dicens
3425 3714 3526 3751 non
3548 3705 3765 3766 tanquam

2220 3795 2274 3849 in
2304 3794 2505 3850 deitate
2553 3804 2607 3847 et
2635 3792 2971 3847 humanitate
3016 3806 3181 3845 unum
3228 3789 3512 3845 Dominum
3556 3797 3765 3853 nostrum

2220 3884 2402 3942 Jesum
2429 3882 2720 3949 Christum,
2753 3883 2920 3938 Deum
2951 3882 3184 3937 Verbum
3212 3865 3546 3938 incarnatum
3571 3881 3764 3937 conﬁte-

2226 3989 2332 4046 tur,
2382 3990 2482 4031 nec
2507 3974 2574 4030 ad
2614 3972 3018 4043 significandam
3065 3972 3427 4029 dilierentiam
3469 3981 3762 4033 naturarum,

2223 4085 2292 4125 ex
2334 4068 2527 4137 quibus
2570 4066 2905 4137 compositus
2953 4075 3072 4127 est,
3129 4065 3225 4120 sed
3275 4082 3374 4135 pro
3406 4065 3654 4121 divisione
3688 4073 3809 4135 per,

2228 4166 2463 4228 partem,
2516 4157 2679 4213 talem
2710 4157 2912 4226 exeipit
2955 4170 3145 4211 vocem
3191 4156 3246 4210 in
3293 4157 3545 4228 mysterio
3578 4152 3765 4216 Christi,

2224 4264 2379 4318 quasi
2427 4249 2716 4319 separatim
2767 4263 3086 4319 unaquaque
3138 4258 3331 4305 natura
3378 4265 3528 4305 suam
3571 4249 3768 4304 habente

592 3733 663 3812 Ἐἴ
693 3756 772 3795 τις
803 3736 855 3789 ἐν
882 3732 1001 3788 δυσί
1035 3734 1223 3801 φύσεσι
1261 3729 1415 3801 λέγων
1437 3732 1504 3799 μή
1536 3729 1599 3786 ὡς
1629 3726 1678 3780 ἐν
1709 3719 1929 3781 θεότητι.
1960 3727 2039 3777 καί
2068 3725 2117 3776 ἐν

532 3828 882 3903 ἀνδρωπὸτητι
925 3824 1012 3879 τὸν
1050 3823 1138 3877 ἕνα
1179 3823 1348 3896 κύριον
1381 3822 1520 3890 ἡμῶν
1549 3815 1745 3874 Ἰησοῦν
1782 3817 1994 3891 Χριστὸν
2038 3817 2119 3869 τίν

536 3926 617 3973 τοῦ
649 3922 775 3972 Θεοῦ
803 3916 944 3987 λόγον
967 3915 1291 3989 σαρκωθέντα
1321 3910 1573 3982 ὁμολογεῖ,
1600 3906 1725 3979 μηδὲ
1752 3910 1837 3962 ἐπὶ
1856 3915 1927 3976 τῷ
1950 3912 2119 3976 σημᾶο

533 4033 610 4063 ναι
638 4014 727 4066 τὴν
753 4005 992 4080 διαφοράν
1020 4012 1119 4059 τῶν
1158 4004 1353 4076 φύσεων
1373 4042 1387 4061 ,
1421 4002 1471 4064 ἐξ
1499 3999 1564 4054 ὧν
1595 4003 1679 4055 καί
1707 3999 1970 4063 συπτέθη,
2014 3998 2119 4052 ἀλλ’

534 4103 613 4154 in;
647 4097 893 4175 διαιρέσει
920 4104 981 4170 τῇ
1009 4096 1103 4148 ἀνά
1133 4095 1285 4167 μέρος
1308 4098 1398 4151 τήν
1427 4093 1664 4148 τοιαύτην
1690 4089 1937 4160 λαμϐάνει
1960 4096 2119 4160 φωνήν

539 4193 617 4243 ε’πί
654 4193 743 4243 τοῦ
779 4188 907 4240 κατά
930 4185 1143 4260 Χριστὸν
1176 4188 1490 4258 μυστηρίων
1532 4183 1599 4243 ὥς
1625 4181 2013 4253 κεχωρισμένας
2038 4181 2121 4233 καὶ

541 4279 962 4337 Ξὲιονποστάτους
992 4272 1118 4331 εἶναι
1160 4278 1256 4336 τάς
1298 4275 1506 4353 φύσεις,
1556 4273 1719 4332 καθὼς
1745 4269 2001 4342 Θεόδωρος
2038 4273 2121 4324 καί

535 4372 805 4448 Νεστόριος
829 4369 1237 4445 βλασφημοῦσιν,
1269 4365 1295 4420 ὁ
1316 4371 1546 4424 τοιοῦτος-
1567 4359 1792 4434 ἀνάθεμα
1813 4360 1966 4418 ἔστω.

2223 4341 2653 4407 subsistentiam,
2678 4341 2819 4397 sicut
2844 4340 3164 4397 Theodorus
3190 4351 3248 4397 et
3260 4341 3534 4398 Nestorius
3560 4337 3768 4408 blasphe-

2150 4482 2203 4541 Β
2226 4442 2531 4498 maverunt,
2558 4432 2681 4487 talis
2705 4432 2990 4487 anathema
3015 4433 3107 4488 sit.

608 4553 668 4606 Ei’
688 4571 768 4611 τις
794 4551 877 4604 in!
901 4555 990 4604 τοῦ
1016 4547 1120 4608 ἑνὸς
1140 4550 1320 4619 κυρίου
1343 4548 1483 4613 ἡμῶν
1500 4545 1667 4604 Ἰησοῦ
1690 4549 1914 4620 Χριστοῦ
1931 4586 1944 4609 ,
1973 4562 2119 4599 τουτ-

2300 4531 2432 4586 Vlll.
2463 4532 2520 4587 Si
2550 4532 2671 4603 quis
2695 4532 2748 4586 in
2776 4549 2884 4588 uno
2912 4531 3142 4588 Domino
3169 4531 3299 4588 Jesu
3327 4531 3557 4596 Christo,
3586 4530 3678 4585 hoc
3699 4533 3769 4582 est

536 4649 643 4700 ἐστι
688 4648 780 4698 τοῦ
820 4641 1162 4716 σαρκωθίντος
1197 4644 1325 4695 Θεοῦ
1352 4636 1500 4712 λόγου
1541 4639 1626 4693 τὸν
1665 4638 1876 4711 ἀριθμὸν
1902 4644 1999 4690 τῶν
2026 4637 2118 4708 φύ-

2228 4622 2340 4678 Deo
2356 4624 2536 4679 Verbo
2559 4624 2857 4689 incarnato,
2884 4640 3165 4682 numerum
3184 4625 3451 4682 conﬁtens
3470 4632 3765 4680 naturarum,

534 4758 661 4791 σίων
683 4732 933 4805 ὁμολογῶν
961 4737 1028 4802 μή
1057 4739 1120 4803 τῇ
1148 4733 1330 4805 θεωρίᾳ
1365 4735 1454 4789 τήν
1481 4728 1718 4799 διαγοράν
1742 4730 1953 4792 τούτων,
1978 4728 2026 4790 ἐξ
2053 4724 2118 4779 ὧν

2228 4730 2334 4768 non
2367 4714 2643 4771 intellectu
2669 4713 3026 4770 diﬂ‘erentiam
3051 4730 3257 4782 earum,
3281 4731 3347 4771 ex
3370 4716 3560 4786 quibus
3578 4722 3628 4767 et
3645 4723 3770 4765 com-

535 4832 615 4883 καὶ
644 4828 907 4889 συνετέθη,
938 4823 1214 4888 λαμϐάνει,
1251 4825 1320 4884 ὡς
1352 4824 1542 4884 ταύτης
1566 4824 1656 4877 οὐκ
1694 4823 2009 4897 ἀνῃρημένης
2036 4817 2119 4875 διά
2226 4805 2434 4875 Ροδίίυδ
2480 4813 2585 4872 θεῖν
2615 4805 2835 4875 excipit.
2886 4813 2945 4859 m
2973 4814 3101 4876 Ροίθ
3128 4821 3235 4860 non
3265 4806 3628 4874 interempta!“
3663 4812 3769 4869 Pm‘

532 4927 620 4979 τὴν
656 4923 828 4974 Ξνωτιν
845 4960 860 4985 ,
887 4919 990 4972 ἀλλ’
1019 4920 1100 4972 ἐπὶ
1125 4916 1372 4988 διαιρέσει
1409 4923 1474 4992 τῇ
1513 4917 1608 4970 άνά
1647 4914 1801 4990 μέρος
1826 4919 1899 4986 τῷ
1926 4914 2118 4987 ἀριθμῷ

2227 4906 2349 4968 pter
2376 4898 2659 4961 unitatem,
2691 4897 2788 4950 sed
2817 4911 2916 4965 pro
2935 4895 3199 4951 divisione
3225 4910 3324 4967 per
3347 4904 3551 4966 partem
3574 4902 3768 4947 numero

532 5013 814 5080 κέχρηται,
835 5009 860 5064 ὁ
887 5016 1113 5068 τοιοῦτος
1136 5010 1357 5079 ἀνάθεμα
1379 5005 1535 5062 ἴστω.

2230 4990 2412 5055 utitur,
2445 4988 2567 5043 talis
2594 4987 2879 5042 anathema
2904 4989 2992 5043 sit.

604 5110 665 5165 Εἴ
684 5132 764 5171 τις
805 5111 990 5182 λέγων,
1017 5114 1131 5179 μίαν
1160 5111 1311 5180 φύσιν
1342 5115 1430 5164 τοῦ
1458 5115 1585 5164 Θεοῦ
1611 5108 1758 5178 λόγου
1786 5108 2118 5179 σεσαρκωμέ-

2298 5098 2388 5154 ΙΧ.
2421 5099 2478 5154 Si
2509 5100 2627 5168 quis
2654 5098 2837 5153 dicens
2863 5112 3022 5152 unam
3055 5106 3300 5152 naturam
3329 5096 3425 5151 Dei
3450 5094 3602 5150 Verbi
3621 5092 3769 5146 incar—

536 5223 645 5264 νην.
676 5201 955 5276 οὖχοῦτως
984 5202 1112 5256 αὐτὸ
1158 5201 1490 5270 ἐκλαμϐάνει,
1540 5204 1606 5261 ὡς
1654 5198 1735 5253 ὅτι
1760 5200 1815 5252 ἐκ
1854 5207 1945 5258 τῆς
1984 5200 2119 5260 θείας

2230 5202 2431 5257 natam,
2465 5206 2569 5244 non
2597 5190 2675 5245 sic
2702 5189 2807 5244 hoc
2837 5183 3103 5257 intelligit,
3132 5188 3277 5257 quod
3309 5203 3376 5243 ex
3411 5187 3577 5241 divina
3605 5190 3767 5236 natura

540 5292 767 5359 θύσεως,
815 5296 897 5348 καί
941 5302 1032 5353 τῆς
1081 5295 1390 5368 ἀνθρωπίνης
1436 5289 1506 5352 εἷς
1549 5292 1768 5366 Χριστὸς
1809 5291 2118 5349 ἀπετελέσθη

2229 5292 2285 5337 et
2314 5283 2543 5335 humana
2574 5296 2709 5335 unus
2734 5278 2980 5333 Christus
3006 5278 3230 5334 eliectus
3252 5287 3354 5341 est,
3378 5270 3766 5334 consubstantia-

539 5382 809 5448 μεως-Ἴσιος
835 5390 903 5449 τῷ
949 5387 1110 5461 πατρὶ
1138 5384 1265 5436 κατά
1306 5386 1394 5440 τήν
1443 5382 1680 5441 θεὸτητα,
1727 5381 1814 5434 καὶ
1857 5379 2119 5451 ὁμοιύσιος

2229 5373 2296 5427 lis
2325 5370 2469 5425 Patri
2499 5370 2793 5425 secundum
2822 5369 3099 5435 deitatem,
3131 5378 3185 5423 et
3208 5364 3658 5423 consubstantialis
3681 5375 3766 5414 no-

540 5474 600 5538 ἐν
612 5477 655 5523 iv
685 5470 710 5525 ὁ
733 5472 884 5532 αὐτὸς
909 5476 1032 5527 κατά
1054 5478 1145 5532 τήν
1174 5473 1556 5546 άνθρωπότητα,
1592 5471 1696 5526 ἀλλ’
1723 5468 1801 5525 ὅτι
1826 5477 1917 5531 τῆς
1945 5469 2118 5527 θεότη-

2231 5463 2313 5516 his
2339 5461 2478 5515 idem
2509 5460 2622 5529 ipse
2652 5460 2949 5515 secundum
2978 5459 3387 5523 humanitatem,
3411 5456 3501 5512 sed
3524 5451 3655 5524 quod
3677 5449 3766 5503 dei-

541 5584 620 5623 τυς
638 5604 652 5628 ,
682 5565 763 5617 καί
789 5570 881 5623 τῆς
909 5564 1098 5639 σαρκὸς
1122 5571 1213 5619 τοῦ
1241 5571 1464 5641 Χριστοῦ
1494 5566 1588 5636 μία
1612 5565 1794 5636 φύσις,
1835 5562 1945 5621 ἤτοι
1974 5564 2119 5615 οὐσία

2229 5554 2354 5607 tatis
2390 5560 2448 5607 et
2487 5552 2666 5607 carnis
2711 5550 2911 5608 Christi
2960 5569 3065 5607 una
3119 5563 3306 5607 natura
3355 5551 3467 5606 sive
3502 5543 3763 5602 substantia

544 5652 868 5715 etudiner),
898 5655 1031 5707 κατά
1056 5659 1146 5712 τήν
1183 5653 1525 5728 ’Δπολιναρίου
1554 5656 1642 5709 καί
1674 5655 1950 5724 Εὐτυχοῦς
1976 5672 2119 5708 κακο-

2230 5647 2420 5702 ell‘ecta
2451 5655 2533 5701 est
2554 5646 2849 5702 secundum
2878 5647 3194 5717 Apollinarii
3232 5654 3287 5702 et
3343 5640 3636 5714 Eutychetis
3660 5650 3766 5707 pel"

548 5748 763 5804 ,η’στίαν,
798 5742 822 5797 ὁ
852 5749 1075 5804 τοιοῦτος
1102 5745 1322 5815 ἀνάθεμα
1351 5743 1511 5799 ἔστω.

2230 5738 2427 5803 iiJiam,
2456 5739 2577 5794 talis
2607 5739 2890 5794 anathema
2918 5739 3006 5793 sit.
