4032 6190
261 277 366 334 2t!

1242 242 1614 333 Ju'srmnm
1654 278 2035 337 eosrsssm
2064 278 2311 337 auem:
2352 280 2552 341 FIDE].

3416 278 3521 336 250

332 392 536 454 'Etriuu:
575 395 675 468 γάρ
712 387 805 452 ’καί
846 399 966 460 τοὺς
1014 400 1108 453 ἀνὰ
1149 401 1301 474 μέρος
1340 399 1689 476 διαιροῦντας,
1729 398 1842 456 ἦτοι

2018 391 2085 447 Χ.
2111 392 2414 462 Αῐιιιιιιιὶιοι·
2440 395 2585 449 enim
2613 402 2667 450 et
2689 409 2784 447 eos
2817 393 2905 463 qui
2930 408 3026 463 per
3052 401 3259 464 partem
3281 390 3526 450 incidunt

255 488 549 547 τέμνοντες.
578 492 662 542 καί
697 488 815 549 τοῦς
845 491 1167 561 συγχέοντας
1194 492 1252 547 τό
1277 499 1368 551 τῆς
1396 493 1532 552 θείας
1560 494 1840 559 οἰκονομίας

250 584 537 649 μυστήριον
574 585 665 632 τοῦ
692 590 915 654 Χριστοῦ
950 584 1351 658 ἀποστρέφεται,
1381 586 1469 639 καί
1498 583 1841 651 ἀναθεματίζει

253 672 288 729 ὖ
316 670 466 724 καθολ
486 677 546 730 κὴ
573 671 831 730 έκκλησία.
1786 670 1789 673 ’

324 760 389 815 Εἴ
404 783 482 815 τις
511 767 579 815 μή
608 764 958 815 ἆναθεαοιτίζει
980 762 1200 815 Ἀρειον.
1231 766 1487 815 Εὐνόμιον.
1516 762 1708 815 Μοικεδό

404 783 482 823 τις
509 767 579 833 μή
608 764 958 833 ἀναθεματίζει
980 762 1200 839 Ἀρειον,
1231 766 1487 837 Εὐνόμιον,
1516 762 1842 827 Μακεδόνων,
1902 818 1911 825 ,

252 854 948 931 ’Λπολινάριον,¹Νεττόριον,
980 860 1249 929 Εὗτυχέα,
1299 861 1383 913 καί
1422 860 1543 918 τοὺς
1581 860 1646 911 τά
1683 855 1835 926 ὅμοια

249 950 453 1008 τούτοις
482 953 803 1019 φρονοῦντας,
831 948 862 1008 ἣ
889 955 1250 1025 φρονήσαντας,
1274 949 1495 1019 ἀνάθεμα
1519 945 1552 1002 ἴ
1551 969 1680 1003 στω.

321 1128 387 1184 Εἴ
425 1153 504 1191 τις
548 1132 880 1187 ἀντιποιεῖται
925 1132 1187 1208 Θεοδώρου
1228 1139 1322 1189 τοῦ
1364 1132 1715 1206 Μοψουεστίας
1754 1134 1844 1184 τοῦ

247 1224 484 1284 εἰπόντος
501 1260 534 1288 ,.
573 1221 717 1278 ἄλλον
759 1220 888 1279 εἶναι
935 1227 1021 1280 τόν
1063 1227 1185 1281 Θεὸν
1226 1225 1395 1294 λόγον,
1444 1228 1528 1279 καί
1575 1221 1722 1278 ἄλλον
1762 1222 1847 1277 τόν

248 1318 503 1392 Χριστὸν.
531 1314 636 1369 ὑπὸ
665 1318 835 1369 παθῶν
875 1315 1058 1386 ψυχῆς
1102 1320 1184 1371 καί
1208 1323 1307 1371 τῶν
1343 1324 1433 1377 τῆς
1460 1316 1644 1388 σαρκός
1672 1315 1848 1367 imau-

249 1412 382 1474 μιῶν
409 1405 796 1477 ἐνοχλούμενον,
825 1407 986 1460 καί-ἔκ
1014 1416 1275 1483 προκοπῆς
1306 1406 1465 1482 ἔργων
1494 1407 1843 1476 βελτιωοέντα,

248 1500 336 1550 καί
365 1496 714 1567 βαπτισθέντα
755 1500 829 1559 εἰς
859 1493 1013 1568 ὄνομα
1048 1500 1246 1572 πατρὸς
1285 1501 1373 1553 καί
1412 1499 1531 1552 υίοῦ
1577 1500 1663 1551 καί
1700 1496 1846 1571 ἁγίου

245 1589 564 1658 πνεύματος,
589 1591 672 1642 καί
696 1586 781 1643 διὰ
800 1595 890 1643 τοῦ
916 1589 1274 1662 βαπτίσματοέ
1296 1595 1387 1648 τήν
1409 1591 1565 1662 χάριν
1586 1597 1675 1642 τοῦ
1700 1588 1846 1660 ἁγίου

246 1679 544 1747 πνεύματος
589 1678 789 1739 λαϐεῖν.
840 1681 927 1733 καί
973 1680 1233 1740 υἱοθεσίας
1278 1680 1570 1744 ἀξιωθῆναι,
1609 1682 1697 1733 καί
1740 1678 1847 1734 κατ’

1942 485 2025 540 vel
2056 484 2318 560 dividunt,
2348 494 2404 539 et
2429 500 2524 540 eos
2544 486 2636 555 qui
2664 484 2998 540 contundunt
3025 485 3220 540 di'vinte
3247 485 3526 555 dispensa-

1944 578 2106 630 tionis
2136 578 2449 643 mysterium
2480 576 2700 642 Christi,
2755 576 2927 646 rejicit
2973 589 3037 633 et.
3056 578 3381 634 condemnat
3406 578 3527 634 uni-

1944 666 2168 721 versalis
2189 665 2282 720 Dei
2314 666 2574 721 Ecclesia.

2015 759 2073 813 Si
2128 759 2248 828 quis
2285 775 2392 813 non
2435 759 2855 813 anathematizat
2912 760 3133 824 Arium,
3186 758 3526 828 Eunomium,

1946 848 2342 913 Macedoniam,
2376 847 2787 918 Apollinarium,
2831 849 3159 917 Nestorium,
3208 850 3528 923 Eutychen),

1946 950 2002 996 ct
2030 957 2126 996 eos
2152 940 2243 1009 qui
2270 937 2856 1008 similiacissapuerunt
2883 941 2964 995 vel
2993 943 3225 1012 sapiunt,
3253 943 3372 999 talis
3397 959 3530 999 ana-

1948 1033 2127 1087 thema
2157 1032 2247 1086 sit.

2019 1121 2108 1175 XI.
2128 1122 2185 1175 Si
2200 1122 2319 1191 quis
2341 1120 2579 1175 defendit
2599 1120 2936 1176 Theodorum
2964 1121 3419 1192 Mopsuestenum,
3436 1126 3531 1194 qui

1949 1212 2082 1270 dixit
2109 1212 2271 1267 alium
2302 1227 2420 1266 esse
2462 1211 2628 1267 Deum
2665 1211 2916 1275 Verbum,
2963 1222 3019 1267 et
3065 1214 3227 1268 alium
3257 1215 3530 1271 Christum

1949 1322 1978 1359 a
2008 1304 2348 1375 passionibus
2373 1304 2565 1357 anima:
2611 1312 2667 1357 et
2707 1303 2989 1359 desideriis
3037 1307 3214 1361 carnis
3259 1308 3534 1365 molestias

1952 1398 2266 1467 patientem,
2319 1404 2375 1450 et
2401 1411 2468 1450 ex
2500 1394 2743 1465 profectu
2789 1412 3014 1466 operum
3068 1399 3426 1466 melioratum,
3476 1409 3535 1457 et

1949 1490 2276 1560 baptizatum
2321 1490 2374 1543 in
2423 1490 2640 1543 nomine
2686 1487 2886 1553 Patris,
2939 1497 2994 1543 et
3032 1489 3173 1552 Filii,
3219 1500 3275 1545 et
3301 1491 3534 1561 Spiritus

1948 1584 2140 1649 sancti,
2171 1592 2227 1637 et
2249 1598 2346 1653 per
2371 1582 2636 1651 baptisma
2664 1582 2890 1650 gratiam
2922 1583 3093 1636 sancti
3122 1582 3351 1652 Spiritus
3377 1599 3534 1640 acce-

1950 1678 2118 1748 pisse,
2148 1685 2204 1733 ct
2232 1676 2600 1731 aﬂiliatiouem
2632 1677 2910 1740 meruisse,
2944 1684 2999 1729 et
3028 1673 3098 1729 ad
3127 1676 3532 1731 similitudinem

245 1770 467 1827 ἰσότητα
498 1770 767 1840 ﬂamini;
790 1771 979 1832 εἰκόνος
1005 1772 1075 1830 εἰς
1105 1769 1382 1844 πρόσωπον
1420 1776 1505 1824 τοῦ
1532 1776 1659 1825 Θεοῦ
1694 1769 1843 1842 λόγου

1956 1768 2245 1838 imperialis
2285 1767 2529 1835 imaginis
2574 1767 2626 1820 in
2675 1782 2962 1836 personam
2995 1766 3088 1822 Dei
3119 1767 3280 1822 Verbi
3317 1767 3532 1824 adorari

247 1862 692 1938 προσκυνούμενον
710 1902 726 1925 ,
757 1864 837 1915 καὶ
866 1864 995 1929 μετά
1028 1868 1118 1919 τήν
1148 1864 1425 1918 ἀνάστασιν
1454 1859 1705 1937 ἄτρεπτον
1737 1871 1846 1923 ταῖς

244 1954 490 2017 έννοίαις,
514 1957 603 2007 καί
620 1956 977 2027 ἀναμάρτητον
1002 1954 1258 2015 παντελῶς
1278 1954 1566 2027 γενόμενονο
1594 1956 1679 2009 καί
1697 1954 1846 2008 πάλιν

245 2044 517 2119 εἰρηκότος·
545 2049 637 2102 τὴν
665 2044 845 2099 ἕνωσιν
883 2051 970 2098 τοῦ
1001 2050 1127 2099 Θεοῦ
1169 2044 1314 2116 λ.γου
1353 2045 1479 2118 πρὸς
1517 2046 1604 2100 τὸν
1631 2045 1846 2119 Χριστὸν

249 2134 497 2190 τοιαύτην
521 2136 840 2205 γεγενῆσθαι,
875 2135 983 2188 οἷαν
1009 2130 1143 2187 εἶπεν
1172 2134 1197 2188 ό
1226 2137 1514 2196 ἀπόστολος
1554 2137 1636 2189 ἐπὶ
1663 2134 1847 2210 ἀνδρός

246 2229 334 2282 καί
364 2227 604 2297 γυναικός
621 2247 636 2263 ο
661 2244 678 2278 t
696 2222 941 2282 Ἔσονται
954 2226 999 2281 οί
1026 2224 1118 2281 δύο
1134 2228 1205 2287 εἰς
1223 2229 1395 2301 σάρκα
1415 2230 1553 2297 μίαν.
1577 2246 1595 2279 ι
1623 2228 1847 2302 Καὶπρός

245 2323 373 2374 ταῖς
395 2313 575 2376 ἄλλαις
595 2317 946 2393 ἀναριθμήτοις
966 2317 1119 2370 αὐτοῦ
1143 2316 1479 2389 βλασφημίαις
1504 2317 1847 2387 τολμήσαντος

246 2414 441 2474 εἰπεῖν,
474 2408 549 2465 ὅτι
580 2411 708 2479 μετὰ
734 2416 824 2469 τήν
851 2411 1125 2464 ἀνάστασιν
1150 2410 1454 2482 ἐμφυσήσας
1480 2409 1505 2464 ό
1534 2412 1705 2485 κύριος
1736 2419 1849 2472 τοῖς

245 2502 533 2569 μαθηταῖς,
565 2503 647 2555 καὶ
675 2505 849 2563 εἰπὼν,
881 2518 899 2550 ι
916 2500 1105 2555 Λάϐετε
1127 2506 1329 2569 πνεῦμα
1344 2499 1503 2571 ἅγιον,
1525 2517 1544 2550 ι
1566 2501 1622 2554 οῦ
1637 2498 1848 2556 δέδωκεν

246 2592 434 2650 αὐτοῖς
461 2597 667 2663 πνεῦμα
696 2589 839 2662 ἅγιον
857 2632 872 2654 ,
911 2591 1033 2644 ἀλλά
1069 2594 1307 2663 σχήματι
1333 2648 1337 2655 ,
1347 2591 1495 2662 μόνον
1524 2589 1847 2662 ένεφῦσησεν.

246 2676 415 2741 Οὗτος
445 2678 502 2735 δὶ
530 2683 616 2734 καί
640 2686 732 2739 τήν
760 2680 1019 2755 ὁμολογίαν
1046 2685 1227 2748 Θωμᾶ,
1258 2686 1346 2739 τήν
1372 2683 1456 2735 ἐπὶ
1478 2689 1539 2755 τῇ
1568 2681 1851 2751 timuerint

244 2779 352 2827 τῶν
385 2779 586 2845 χειρῶν
619 2774 704 2826 καί
740 2779 833 2832 τῆς
872 2771 1098 2843 πλευρᾶς
1126 2778 1216 2826 τοῦ
1246 2775 1419 2847 κυρίου
1448 2774 1578 2841 μετά
1614 2777 1704 2831 τήν
1732 2773 1850 2826 άνλ-

245 2884 465 2927 στασιν,
490 2864 642 2936 λέγων
668 2863 747 2930 τό,
774 2882 792 2916 t
821 2863 879 2921 Ὀ
897 2864 1065 2938 κύριός
1088 2886 1184 2923 μου
1206 2869 1289 2919 καὶ
1316 2865 1435 2925 Θεός
1457 2868 1577 2936 μους
1601 2884 1620 2917 ι
1645 2861 1751 2919 εἶπε
1777 2868 1850 2934 μή

246 2956 490 3030 εἰρῆσθαι
516 2960 753 3026 περὶτοῦ
794 2963 1018 3029 Χριστοῦ
1061 2957 1204 3028 παρὰ
1239 2963 1331 3012 τοῦ
1376 2963 1565 3026 Θωμᾶ,
1610 2955 1722 3011 οὐδὲ
1751 2959 1850 3031 γάρ

248 3045 381 3103 εἶναι
415 3048 555 3119 λέγει
583 3048 667 3103 τὸν
695 3051 867 3122 κύριον
896 3051 1015 3104 Θεὸν
1033 3091 1045 3111 ,
1094 3051 1196 3104 ἀλλ’
1236 3052 1319 3106 ἐπὶ
1356 3059 1429 3121 τῷ
1457 3049 1731 3124 παραδόξῳ
1760 3060 1852 3110 τῆς

247 3144 602 3201 ἀναστάσεως
647 3142 950 3214 ἐκπλαγέντα
994 3145 1078 3197 τόν
1126 3150 1312 3213 Θωμᾶν
1346 3146 1567 3213 ὑμνῆσαι
1605 3146 1689 3198 τόν
1732 3147 1852 3199 Θεὸν

249 3234 337 3288 τὸν
367 3235 641 3306 ἐγείραντα
668 3233 751 3287 τόν
775 3235 1009 3308 Χριστόν.
1037 3234 1106 3287 Τό
1135 3232 1186 3288 δέ
1228 3241 1441 3305 χεῖρον,
1489 3232 1570 3289 ὅτι
1603 3236 1684 3288 καί
1721 3234 1767 3287 ἐν
1794 3240 1856 3309 τῇ

251 3334 359 3380 τῶν
386 3326 629 3398 πράξεων
656 3331 755 3379 τῶν
787 3327 1085 3379 ἀποστόλων
1113 3329 1346 3398 γενονένῃ
1376 3326 1498 3396 παρ’
1524 3328 1684 3381 αὐτοῦ
1714 3324 1858 3385 δῆθεν

252 3415 500 3489 ἑρμηνείᾳ
532 3421 813 3491 συγκρίνων
841 3416 866 3469 ὁ
897 3417 1044 3476 αὐτὸς
1074 3415 1328 3493 Θεόδωρος
1352 3420 1437 3471 τόν
1473 3419 1690 3492 Χριστόν
1730 3416 1860 3471 Πλά-

255 3524 397 3572 τωνι,
433 3508 523 3560 καί
549 3510 840 3576 Μανιχαίῳ.
874 3511 952 3560 καί
978 3504 1275 3580 Ἐπικούρῳ.
1299 3510 1382 3560 καί
1408 3509 1677 3576 Μαρκίωνι,
1706 3507 1856 3577 λέγει,

255 3596 334 3653 ὅτι
364 3600 553 3672 ὥσπερ
584 3599 781 3653 ἐκείνων
807 3599 1022 3659 ἕκαστος
1054 3600 1324 3677 εὑράμενος
1352 3601 1527 3653 οἰκεῖον
1552 3596 1716 3670 δόγμα
1741 3600 1862 3658 τοὺς

413 3691 842 3761 μαθητεῦσαντας
866 3693 1102 3749 πεποίηκε
1121 3691 1376 3746 καλεῖσθαι
1399 3693 1749 3757 Πλατωνέκοῦς,
1776 3697 1863 3746 καὶ

263 3784 624 3851 ιιανιχαίους,
670 3785 755 3836 καί
782 3780 1155 3856 Ἐπικουρείους
1174 3826 1188 3847 ,
1220 3788 1303 3837 καί
1330 3788 1716 3856 Μαρκιωνιστάς
1735 3825 1749 3845 ,
1778 3786 1864 3838 τόν

261 3870 428 3943 ὅμοιον
452 3872 644 3947 τρόπον
673 3874 758 3926 καί
783 3880 872 3927 τοῦ
912 3878 1139 3947 Χριστοῦ
1180 3875 1458 3949 εὑραμένου
1486 3877 1544 3928 τό
1571 3872 1768 3945 δόγμα,
1811 3876 1862 3939 έξ

261 3967 419 4020 αὐτοῦ
461 3967 587 4025 τοῦς
621 3966 955 4033 Χριστιανοὺς
993 3966 1269 4020 καλεῖσθαι.
1314 3963 1376 4018 Εἴ
1408 3988 1484 4027 τις
1528 3969 1690 4020 τοίνυν
1725 3968 1865 4020 ἀντι-

263 4063 487 4110 ποιεῖται
507 4053 772 4130 Θεοδώρου
795 4061 886 4111 τοῦ
910 4058 976 4111 τά
999 4062 1210 4130 τοιαῦτα
1234 4056 1711 4130 βλασφημήσαντος,
1738 4057 1864 4112 ἀλλὰ

262 4154 332 4217 μή
360 4147 721 4216 έιναθεματίζει
745 4148 914 4212 αὐτὶν,
945 4149 1027 4201 καί
1051 4126 1129 4201 τά
1142 4148 1303 4201 αὐτοῦ
1332 4148 1736 4221 συγγράμματα,
1779 4149 1864 4201 καί

263 4243 386 4301 τώς
412 4241 482 4295 τά
528 4259 677 4306 ομοια
714 4240 857 4312 αὐτῷ
893 4246 1228 4313 φρονοῦντας,
1266 4238 1295 4298 ἦ
1333 4244 1703 4315 φρονήσαντας,
1747 4243 1867 4296 ἀνά-

262 4332 396 4402 Θεμα
426 4329 597 4387 ἵστω.

334 4514 405 4568 Εἴ
429 4536 513 4576 τις
550 4515 883 4572 ἀντιποιεῖται
921 4524 1021 4572 τῶν
1061 4513 1480 4592 πγγραμμῷτων
1515 4514 1859 4590 Θεοδωρίτου,

265 4603 401 4681 ἅπερ
430 4608 621 4671 ἐξέθετο
644 4607 775 4683 ὑπὲρ
797 4610 1076 4682 Νεστορίου
1096 4615 1186 4663 τοῦ
1208 4608 1490 4685 αἴρετικοῦ,
1515 4610 1596 4660 καί
1619 4608 1747 4662 κατὰ
1770 4615 1861 4666 τῆς

264 4696 417 4773 ὅρθῦς
446 4700 694 4765 πίστεως,
727 4701 816 4754 καί
842 4707 934 4759 τῆς
962 4701 1011 4753 έν
1038 4699 1225 4772 Ἐφέσῳ
1267 4702 1475 4772 πρώτης
1514 4703 1665 4770 ἁγίας
1704 4700 1860 4754 συνό-

262 4784 376 4849 δου,
408 4790 499 4841 καί
518 4792 614 4841 τοῦ
650 4788 698 4840 ἐν
725 4787 888 4860 ἁγίοις
919 4790 1201 4862 Κυρίλλου,
1238 4790 1326 4843 καί
1352 4795 1452 4843 τῶν
1478 4787 1542 4843 ιϐ’
1578 4791 1732 4843 αὐτοῦ
1776 4808 1859 4842 κε-

260 4882 502 4955 φαλαίων,
532 4882 581 4935 έν
610 4878 683 4942 οἷς
701 4882 914 4937 ἀσεϐέσι
939 4884 1309 4956 συγγράμμασι
1339 4886 1590 4953 σχετικὴν
1616 4882 1746 4955 λέγει
1773 4887 1864 4941 τήν

258 4974 444 5029 ἕνωσιν
484 4980 577 5028 τοῦ
606 4980 735 5029 Θεοῦ
764 4975 914 5047 λόγου
939 4980 1068 5050 πρίς
1097 4976 1183 5030 τόν
1208 4996 1323 5031 τινα
1347 4972 1627 5049 ἄνθρωπον
1659 4977 1778 5050 περὶ
1806 4972 1861 5027 οὗ

260 5067 580 5138 βλασφημῶν
610 5066 758 5137 λέγει,
789 5064 869 5122 ὅτι
895 5066 1180 5138 έψηλάφησε
1216 5074 1406 5138 Θωμᾶς
1433 5069 1521 5122 τόν
1550 5069 1857 5125 ἀναστάντα.

260 5162 349 5212 καί
388 5161 739 5232 προσεκύνησε
772 5159 856 5213 τόν
882 5159 1171 5229 ἐγείραντα,
1218 5162 1304 5212 καὶ
1347 5155 1430 5212 διὰ
1466 5164 1617 5213 τοῦτο
1655 5157 1864 5217 ἀσεϐεῖς

259 5251 407 5303 καλεῖ
422 5252 546 5310 τοῦς
567 5260 657 5310 τῆς
681 5251 947 5308 ἐκκλησίας
974 5247 1332 5313 διδασκάλους,
1356 5251 1476 5307 τοὺς
1500 5248 1605 5301 καθ’
1629 5244 1865 5303 ὑπόστα-

259 5361 346 5394 σιν
365 5346 459 5399 τήν
482 5341 665 5395 ἕνωσιν
686 5347 778 5396 τοῦ
801 5347 929 5395 Θεοῦ
953 5340 1097 5409 λόγου
1123 5342 1247 5414 πρὸς
1274 5346 1364 5397 τήν
1387 5342 1555 5411 σάρκα
1577 5337 1866 5410 ὁμολογοῦν-

258 5445 376 5490 τας’
409 5435 493 5485 καὶ
521 5432 650 5503 πρὸς
680 5432 880 5490 τούτοις
905 5430 1128 5484 (νεοτόκον
1162 5431 1458 5505 ἱιπαρνιίται
1495 5434 1584 5486 τήν
1612 5428 1758 5499 ἁγίαν
1781 5425 1860 5481 ἴν-

260 5518 405 5584 δοξον
433 5525 757 5595 ἁειπὰρϐενον
804 5524 1020 5593 Μαρίαν.
1076 5520 1134 5574 Ε”
1178 5540 1256 5579 τις
1308 5523 1473 5573 τοίνυν
1518 5521 1584 5573 τά
1631 5521 1866 5592 εἰρημένα

262 5614 655 5686 calvi-inata
677 5610 998 5683 Θεοδωρίτον
1022 5612 1237 5676 inatst,
1266 5611 1388 5663 ἀλλὰ
1416 5616 1483 5683 μή
1514 5611 1865 5680 ἀναθεματίζει

263 5707 429 5767 αὶτά,
470 5708 691 5777 ἀνάθεμα
732 5702 897 5758 ἴστω·
947 5701 1032 5757 διὰ
1065 5704 1259 5763 ταύτας
1284 5703 1383 5776 γάρ
1422 5704 1517 5761 τὰς
1542 5702 1866 5773 βλασφημίας

261 5810 351 5858 τῆς
383 5800 664 5859 ἐπισκοπῆς
692 5792 945 5863 ἐξεϐλήθη,
971 5797 1207 5866 καὶμετά
1237 5802 1401 5852 ταῦτα
1428 5796 1476 5848 ἰν
1598 5793 1717 5870 ἁγίᾳ
1747 5817 1859 5851 συν-

1951 1856 2315 1931 [aJoratum],
2364 1866 2420 1912 et
2465 1865 2588 1927 post
2628 1857 3082 1913 resurrectionem
3140 1858 3532 1913 immutabilem

1947 1949 2387 2019 cogitationibus,
2416 1959 2471 2005 et
2499 1950 2902 2019 impeecabilem
2931 1951 3151 2004 omnino
3178 1949 3376 2005 factum
3405 1951 3536 2006 tuis-

1948 2057 2046 2107 se;
2075 2049 2129 2095 et
2154 2042 2347 2097 iterum
2378 2041 2514 2096 dixit
2545 2043 2708 2096 talem
2738 2041 2934 2096 factam
2960 2058 3081 2097 esse
3112 2043 3407 2098 unitionem
3440 2045 3533 2100 Dei

1952 2129 2112 2185 Verbi
2143 2131 2212 2185 ad
2241 2130 2535 2194 Christum,
2589 2131 2803 2201 qualem
2834 2130 2971 2186 dixit
3002 2132 3292 2202 Apostolus
3322 2135 3390 2189 de
3420 2136 3534 2191 viro

1950 2234 2006 2278 et
2033 2223 2255 2277 muliere
2282 2241 2295 2276 :
2327 2222 2499 2277 Erunt
2525 2224 2626 2277 duo
2652 2224 2707 2277 in
2732 2240 2889 2296 carne
2916 2241 3020 2277 una
3043 2224 3204 2295 (Eph.
3238 2226 3292 2296 ν)
3320 2244 3333 2279 :
3365 2236 3419 2280 et
3443 2242 3537 2282 stt-

1952 2327 2049 2383 per
2078 2313 2211 2367 alias
2241 2328 2366 2368 suas
2396 2314 2815 2370 innumerabiles
2851 2314 3219 2383 blasphemias
3244 2331 3406 2371 ausus
3450 2324 3536 2372 est

1950 2403 2149 2468 dicere,
2197 2403 2343 2473 quod
2372 2413 2494 2474 post
2536 2406 2984 2459 resurrectionem
3036 2420 3158 2459 eum
3210 2406 3536 2462 insuiliasset

1952 2493 2211 2548 Dominus
2232 2492 2513 2563 discipulis
2538 2495 2673 2562 suis,
2713 2504 2772 2549 et
2800 2494 3062 2550 dixisset:
3107 2482 3337 2566 Accipite
3357 2497 3529 2566 Spiri-

1952 2592 2059 2637 tum
2097 2592 2332 2636 sanctum
2376 2582 2557 2655 (Joan.
2605 2590 2700 2650 xx)
2736 2601 2749 2636 :
2804 2599 2911 2639 non
2949 2584 3098 2638 dedit
3144 2585 3222 2639 eis
3274 2584 3535 2654 Spiritum

1952 2680 2197 2728 sanctum
2233 2713 2247 2735 ,
2313 2672 2407 2727 sed
2457 2670 2725 2743 ﬁguratim
2786 2673 3160 2727 tantummodo
3208 2672 3534 2729 insuﬂiavit:

1952 2763 2047 2818 sed
2089 2773 2144 2815 et
2184 2760 2305 2831 illic
2346 2771 2526 2817 autem
2557 2759 2882 2834 etiam,Gr.]
2918 2764 3330 2827 confessionem,
3375 2780 3537 2832 quam

1952 2852 2083 2908 fecit
2128 2852 2363 2907 Thomas
2391 2869 2511 2907 cum
2544 2853 2816 2923 palpasset
2854 2869 3046 2907 manus
3072 2863 3127 2909 et
3161 2855 3296 2908 latus
3327 2854 3536 2909 Domini

1953 2951 2077 3015 post
2108 2942 2577 3008 resurrectionem,
2616 2943 2802 2997 dicens
2826 2983 2842 3007 ,
2876 2942 3129 2997 Dominus
3159 2960 3301 2996 meus
3328 2953 3375 2996 et
3399 2943 3538 2997 Deus

1955 3050 2099 3090 meus
2130 3032 2401 3105 (Ibidem),
2452 3034 2621 3102 inquit
2652 3049 2756 3087 non
2801 3050 2921 3087 esse
2949 3034 3147 3088 dictam
3179 3051 3206 3088 a
3238 3034 3444 3089 Thema
3472 3036 3541 3091 de
3592 3037 3599 3043 ’

1882 3125 1930 3190 C
1958 3124 2176 3182 Christo
2211 3127 2335 3195 (nec
2364 3126 2505 3179 enim
2536 3126 2671 3180 dixit
2700 3126 3015 3180 Theodorus
3044 3127 3210 3180 Deum
3239 3143 3358 3181 esse
3386 3126 3543 3183 Chri-

1957 3215 2143 3287 stum),
2177 3216 2269 3271 sed
2295 3216 2362 3269 ad
2391 3216 2704 3269 miraculum
2736 3217 3148 3281 resurrectionis
3182 3216 3540 3285 stupefactum

1959 3308 2220 3363 Thomam
2246 3306 2577 3375 gloriiicasse
2609 3305 2794 3370 Deum,
2834 3308 2923 3377 qui
2950 3306 3220 3361 Christum
3253 3308 3543 3361 resuscita-

1957 3400 2034 3456 vit
2060 3418 2073 3453 :
2097 3408 2153 3454 et
2177 3398 2322 3467 quod
2350 3397 2501 3467 pejus
2523 3406 2627 3461 est,
2650 3398 2812 3452 etiam
2836 3398 2889 3450 iu
2916 3398 3362 3466 interpretatione
3382 3412 3543 3466 quam

1959 3493 2015 3547 in
2044 3492 2210 3545 Actus
2256 3490 2625 3559 apostolorum
2672 3490 2886 3558 scripsit
2934 3489 3271 3557 Theodorus,
3312 3491 3545 3545 similem

1962 3580 2089 3638 fecit
2113 3582 2387 3637 Christum
2428 3579 2665 3644 Platoni,
2699 3588 2754 3634 et
2785 3580 3098 3648 Manichmo,
3127 3591 3182 3635 et
3210 3581 3462 3650 Epicuro,
3491 3587 3547 3636 et

1963 3677 2242 3740 Marcioni,
2274 3677 2459 3731 dicens
2487 3674 2628 3744 quod
2673 3675 2809 3729 sicut
2842 3674 3052 3727 illorum
3080 3676 3443 3743 unusquisque
3472 3690 3541 3729 ex

1962 3771 2215 3840 dogmate
2243 3768 2385 3838 quod
2419 3767 2641 3834 invenit,
2692 3783 2818 3822 suos
2858 3766 3156 3834 discipulos
3207 3766 3330 3819 fecit
3362 3765 3545 3820 vocari

1963 3864 2291 3926 Platonicos,
2338 3870 2393 3917 et
2421 3861 2764 3925 Maniciueos,
2797 3871 2847 3913 et
2882 3860 3193 3928 Epicureos,
3242 3870 3295 3914 et
3322 3860 3542 3914 Marcio-

1965 3957 2156 4023 nistas,
2180 3954 2338 4009 simili
2370 3952 2531 4007 modo
2571 3961 2622 4006 et
2651 3967 2773 4006 cum
2805 3951 3053 4006 Christus
3078 3951 3271 4020 dogma
3313 3951 3541 4006 invenis-

1964 4052 2067 4109 set,
2098 4059 2165 4098 ex
2195 4044 2310 4113 ipso
2339 4041 2678 4097 Christianos
2708 4042 2907 4095 vocari.
2941 4042 2995 4096 Si
3024 4044 3145 4110 quis
3172 4042 3331 4109 igitur
3358 4040 3544 4098 defen-

1964 4134 2045 4189 dit
2073 4133 2320 4188 emndem
2351 4131 2715 4194 Theodorum,
2759 4131 2848 4200 qui
2874 4131 2999 4185 talia
3029 4130 3446 4201 blasphemavit,
3490 4139 3549 4186 et

1967 4240 2075 4278 non
2102 4223 2527 4278 anathematizat
2555 4237 2700 4286 eum,
2752 4230 2808 4276 et
2848 4220 2965 4290 ejus
2993 4222 3319 4291 conscripta,
3373 4232 3430 4275 et
3456 4237 3551 4278 eos

1966 4319 2061 4387 qui
2086 4317 2280 4372 similia
2309 4316 2385 4371 illi
2413 4323 2727 4387 sapuerunt,
2748 4307 3095 4383 vel'sapiunt,
3122 4312 3244 4367 talis
3271 4311 3551 4367 anathema

1968 4408 2057 4463 sit.

1896 4490 1947 4548 D
2041 4497 2156 4552 Xll.
2198 4495 2255 4552 Si
2299 4495 2420 4566 quis
2464 4493 2704 4550 defendit
2732 4494 3038 4563 conscripta
3065 4492 3391 4549 Theodoreti
3434 4507 3551 4563 qua

1966 4594 2217 4665 exposuit
2273 4610 2374 4664 pro
2415 4592 2666 4647 Nestorio
2728 4592 2984 4646 literetico
3039 4591 3299 4648 adversus
3344 4600 3551 4648 rectam

1968 4686 2150 4750 ﬁdem,
2194 4692 2250 4741 et
2290 4683 2615 4754 Ephesinam
2648 4683 2874 4753 primam
2906 4692 3149 4738 sanctam
3177 4683 3463 4755 synodum,
3496 4691 3552 4738 et

1966 4776 2026 4834 S.
2057 4777 2333 4848 Cyrillum,
2384 4785 2440 4832 et
2478 4776 2764 4830 duodecim
2801 4775 2917 4843 ejus
2958 4777 3215 4846 capitula,
3264 4777 3316 4830 in
3359 4776 3553 4845 quibus

1965 4868 2244 4925 sceleratis
2270 4868 2590 4938 conscriptis
2619 4867 2759 4922 idem
2804 4867 3180 4923 Theodoretus
3207 4867 3544 4922 ati’eetnalem

1966 4959 2096 5014 dicit
2142 4960 2402 5014 unitatem
2449 4958 2540 5012 Dei
2592 4958 2753 5013 Verbi
2802 4958 2867 5013 ad
2916 4960 3188 5014 hominem
3238 4960 3546 5029 quemdam,

1966 5049 2035 5104 de
2079 5066 2187 5119 quo
2231 5050 2610 5119 blaspliemans
2648 5049 2805 5114 dixit‘,
2850 5050 2995 5118 quod
3032 5049 3274 5121 palpavit
3314 5049 3553 5107 Thomas

1967 5156 2089 5195 eum
2111 5141 2202 5209 qui
2234 5140 2545 5209 resurrexit,
2573 5148 2628 5194 et
2648 5139 2891 5194 adoravit
2911 5154 3033 5194 eum
3057 5139 3149 5209 qui
3175 5141 3549 5207 resuscitavit;

1966 5241 2024 5287 et
2064 5242 2288 5302 propter
2315 5232 2418 5287 hoc
2463 5233 2658 5303 impios
2686 5241 2845 5287 vocat
2874 5233 3127 5287 doctores
3155 5231 3409 5287 Ecclesiae
3456 5235 3549 5303 qui

1968 5325 2228 5379 unitatem
2253 5324 2547 5379 secundum
2585 5324 2985 5380 subsistentiam
3018 5324 3110 5377 Dei
3143 5323 3300 5378 Verbi
3331 5325 3400 5380 ad
3430 5341 3549 5382 car-

1967 5433 2090 5472 nem
2113 5413 2437 5471 eontitentur
2466 5432 2480 5481 ;
2527 5424 2583 5471 et
2610 5431 2771 5484 super
2814 5416 2929 5469 haec
2961 5415 3052 5468 Dei
3093 5412 3424 5471 Genitricem
3454 5419 3550 5472 ab-

1969 5524 2133 5585 negat
2174 5522 2417 5570 sanetam
2465 5522 2521 5568 et
2561 5514 2849 5583 gloriosam
2897 5529 3113 5583 semper
3143 5515 3403 5584 virginem
3436 5517 3547 5569 Ma-

1969 5608 2121 5661 riam.
2149 5605 2206 5659 Si
2230 5606 2351 5673 quis
2380 5605 2543 5671 igitur
2570 5613 2865 5658 memorata
2887 5606 3193 5676 conscripta
3222 5605 3548 5663 Theodoreti

1967 5698 2227 5763 defendit,
2268 5706 2324 5751 et
2346 5712 2454 5751 non
2485 5695 2908 5750 anatheinatizat
2952 5712 3038 5764 ea,
3086 5705 3207 5753 tatis
3254 5698 3549 5754 anathema

1970 5792 2059 5847 sit.
2101 5790 2327 5863 Propter
2375 5788 2511 5845 tales
2558 5788 2704 5845 enim
2742 5788 3103 5861 blasphemias
3132 5789 3201 5850 ab
3230 5792 3543 5861 episcopatu
