2016 3095
260 129 308 156 εει

943 125 1088 154 VIGILIUS
1107 124 1205 152 PAPA.

1816 127 1860 154 εει

259 186 310 222 ὁδῳ
333 190 365 215 τῆ
384 186 410 213 ἐν
429 185 561 215 Χαλκηδόνι
580 185 708 213 συνωθήθη
724 185 807 212 πάντα
828 184 862 211 τὰ
884 184 982 212 ἐναντία
995 188 1046 214 τοῖς

1101 183 1222 217 dejectus
1233 186 1284 214 est,
1297 186 1324 209 et
1337 185 1431 216 postea
1445 189 1471 208 In
1486 184 1579 209 sancto
1590 181 1791 211 Chalcedonensi
1803 192 1861 213 eon-

258 235 460 268 μνημονευθεῖσιν
480 233 557 259 αὐτοῦ
583 231 768 268 συγγράμμασι
791 235 914 263 ποιῆσαι,
938 232 981 258 καί
1003 233 1049 260 τήν

259 280 332 317 ὀρθὴν
344 278 430 306 πίστιν
444 277 605 314 ὁμολογῆσαι.

295 324 326 353 Εἴ
335 335 373 355 τις
387 325 554 351 ἀντιποιεῖται
569 328 613 353 τῆς
622 323 733 352 ἀσεϐοῦς
745 322 877 352 ἐπιστολῆς
891 325 936 351 τῆς
948 321 1050 356 λεγομέ-

259 382 303 401 νης
318 371 389 409 παρὰ
401 369 458 397 Ἵϐα
467 370 606 406 γεγράφθαι
620 368 683 406 πρὸς
695 369 779 404 Μάριν
791 369 833 395 τὶν
847 368 945 404 Πέρσην
958 367 1000 394 τὸν
1011 368 1050 394 αἶ-

259 418 369 453 ρετικὸν,
394 421 439 447 τῆς
458 417 610 454 ἀρνουμένης
628 416 670 443 τὸν
693 415 754 442 Θεὸν
773 414 844 450 λόγον
858 413 986 450 ἄνθρωπον
1005 424 1047 449 γι-

259 465 388 499 Μσθαι,
408 464 448 490 καὶ
468 463 589 498 λεγούσης
605 464 638 496 μή
660 461 701 488 τὸν
720 461 779 488 Θεὸν
797 461 869 496 λόγον
883 461 908 487 ἐκ
927 465 972 490 τῆς
983 471 1048 498 παρ-

259 510 329 536 Θένου
351 508 513 545 σαρκωθέντα
526 508 682 542 γεννηθῆναι,
705 506 765 532 ἀλλὰ
781 505 854 540 ψιλὸν
873 505 1001 542 ὅνθρωπον
1021 506 1047 538 ἐξ

258 555 339 584 αὐτῆς
358 554 516 589 γεννηθῆναι,
534 551 560 579 ὃν
574 552 628 579 ναὸν
642 552 776 582 ἀποκαλεῖ,
798 552 831 580 ὡς
846 549 917 577 ἄλλον
931 548 991 577 εἶναι
1004 551 1048 577 τὸν

259 600 323 625 Θεὸν
341 599 421 634 λόγον,
442 600 483 625 καὶ
506 596 577 625 ἄλλον
596 598 638 624 τὸν
656 596 795 633 ἄνθρωπον·
815 596 877 633 πρὸς
900 597 1000 625 τούτοις
1019 595 1046 623 δὲ

260 645 440 682 mammam
462 646 506 673 τήν
524 644 547 670 ἐν
559 643 651 680 Ἐφέσῳ
671 645 773 680 πρώτην
786 642 904 672 σύνοδον,
917 644 951 672 ὡς
965 642 1047 678 χωρίς

261 691 390 721 ζητήσεως
404 690 446 715 καί
456 689 564 725 κρίσεως
578 688 710 723 Νιστόριον
721 687 936 718 καταδικασάσης,
949 688 991 713 καί
1004 687 1047 714 τὸν

262 736 286 761 ἐν
299 734 381 770 ἁγίοις
395 734 509 771 κύριλλον
522 735 645 771 αἶρετικὸν
657 734 848 765 ἀποκαλούσης.
863 734 906 760 καὶ
919 733 1000 762 ἀσεϐῆ
1014 733 1047 760 τά

260 780 293 807 ιϐ’
316 780 391 807 αὑτοῦ
404 780 536 815 κεφάλαια·
549 780 682 817 Νεστέριον
697 779 723 807 δέ
734 781 776 806 καί
785 778 911 814 Θεόδωρον
923 780 986 813 μετὰ
1000 781 1048 805 τῶν

260 826 340 852 αὐτοῦ
353 825 452 852 ἀσεϐῶν
468 826 672 861 συγγραμμάτων
693 826 860 857 ἐπαινούσης.
878 827 922 852 καὶ
935 824 1047 852 ἐκδικού-

260 881 320 900 σης.
335 869 366 897 εἴ
375 881 414 900 τις
427 871 512 898 τοίνυν
526 873 570 900 τήν
586 872 715 911 εἰρημένην
734 871 815 903 ἀσεϐῆ
844 874 962 903 ἐπιστολὴ
985 870 1050 901 ἐκδι-

261 919 314 947 κιῖ,
335 914 350 944 ἦ
364 915 436 955 ὀρθὴν
446 916 523 946 αὐτὴν
543 916 605 946 εἶναι
623 920 699 954 λέγει,
714 919 729 948 ἣ
743 919 818 956 μέρος
830 919 924 950 αὐτῆς,
938 919 1000 947 ἀλλά
1013 922 1047 954 μή

263 962 437 997 ἀναθεματίζει
449 964 536 993 αὐτὴν,
551 965 659 998 ἀνάθεμα
669 963 745 991 ἴστω.

299 1012 349 1036 τῆς
362 1008 480 1037 τοιαύτης
494 1009 575 1035 τοίνυν
588 1009 722 1039 ἐπιστολῆς
735 1008 834 1038 δικαίως
849 1008 1048 1044 ἀνοῶεματισθεί-

265 1063 314 1082 σης
332 1052 373 1079 διὰ
386 1054 432 1082 τὰς
451 1055 639 1089 περιεχομένας
653 1056 677 1080 ἐν
697 1055 759 1090 αὐτῇ
780 1054 954 1090 βλασφημίας,
976 1054 998 1080 oi
1016 1054 1048 1081 τὰ

262 1099 411 1135 Νεστορίου,
430 1097 445 1127 ἧ
459 1097 592 1135 Θεοδώρου
611 1099 709 1128 ἀσεϐῶς
729 1102 870 1135 φρονοῦντες
885 1100 1048 1136 ἐπιχειροῦσι

259 1143 352 1180 λὲγειν,
365 1145 460 1173 ταύτην
481 1144 598 1179 δεδέχθαι
619 1146 691 1182 παρά
713 1149 759 1174 τῆς
779 1144 851 1180 ἁγίας
870 1145 894 1171 ἂν
915 1144 1048 1173 Χαλκηδόνι

266 1189 383 1222 συνόδου,
399 1193 474 1216 τοῦτο
496 1189 522 1216 δέ
537 1190 639 1225 λέγουσι
651 1193 694 1219 τήν
704 1191 748 1225 μέν
763 1190 835 1226 ἁγίαν
850 1189 955 1217 σύνοδον
969 1200 1046 1216 συκο-

261 1237 419 1270 φαντοῦντες,
433 1238 467 1269 τῷ
482 1234 508 1260 δέ
520 1236 615 1264 ταύτης
627 1237 797 1273 προσχήματι
809 1234 993 1266 σπουδάζοντες
1002 1239 1047 1265 τῆς

261 1279 415 1314 ὀφειλομένης

261 1325 409 1362 Νεστόριον,
424 1327 466 1352 καὶ
480 1328 524 1354 τήν
535 1327 614 1355 ἀσεϐῆ
629 1326 772 1357 ἐπιστολὴν,
787 1329 846 1363 περὶ
859 1326 887 1356 ἧς
901 1326 970 1356 "mn:
984 1327 1046 1353 πολ-

262 1370 334 1399 λάκις
348 1371 523 1405 κατηγορηθεὶς
537 1371 580 1396 οὐκ
599 1370 732 1404 ἐτόλμησεν
750 1371 923 1397 οῗκιιώσασθαι
944 1370 987 1397 διὰ
1000 1371 1048 1399 τὰς

260 1415 445 1451 περιεχομένας
465 1414 490 1440 ἐν
507 1414 568 1451 αὐτῇ
583 1414 751 1449 βλασφημίας.
768 1416 811 1441 Καὶ
824 1418 905 1442 ταῦτα
918 1414 1047 1446 ἀποδείξο-

262 1470 308 1494 μιν
327 1460 354 1486 ἐκ
367 1462 415 1486 τῶν
437 1458 558 1495 διαφόρως
578 1461 637 1494 περὶ
650 1460 741 1486 τούτου
756 1461 926 1493 κεκινημένων.
939 1460 977 1486 Ἐν
997 1461 1047 1497 γὰρ

454 1281 624 1315 κατακρίσεως
656 1281 819 1319 ἐλευθερῶσαι
847 1281 974 1319 Θεόῗωρον
1006 1282 1047 1308 καί

261 1509 313 1534 τοῖς
326 1506 398 1541 παρὰ
409 1506 517 1538 Φωτίου,
530 1506 570 1531 καὶ
581 1506 717 1532 Εὖσταθίου
732 1506 919 1541 πεπραγμένοις
936 1507 961 1532 ἐν
975 1507 1047 1542 Τύρῳ

262 1560 476 1586 κατηγορουμενος
491 1550 501 1577 ἆ
518 1551 668 1587 προλεχθεὶς
681 1550 751 1580 Ἴϐκς
762 1553 820 1587 περὶ
832 1555 880 1578 τῶν
894 1551 991 1589 ὕϐρεων
1003 1556 1047 1579 τοῦ

1101 228 1164 256 cilio
1176 228 1328 263 compulsus
1342 232 1384 255 est
1397 228 1485 255 omnia
1500 227 1632 255 contraria
1647 230 1794 257 memoratis
1811 231 1860 260 suis

1101 274 1261 308 conscriptis
1272 273 1370 305 facere,
1381 277 1409 300 et
1422 277 1522 300 rectam
1532 272 1612 300 fidem
1626 273 1754 302 confiteri.

1137 318 1204 345 XIII.
1221 318 1249 345 Si
1269 317 1328 352 quis
1342 317 1459 344 defendit
1473 317 1580 352 impiam
1600 318 1736 352 epistolam
1749 326 1823 353 quam
1835 321 1865 349 ad

1102 363 1197 391 Marim
1224 358 1335 391 Persam.
1356 363 1511 390 bmretieum
1534 363 1594 390 Ibas
1617 364 1751 399 scripsisse
1770 365 1865 401 dicitur,

1101 417 1161 444 qum
1175 409 1290 442 abnegat
1313 409 1395 436 Deum
1408 408 1524 435 Verbum
1546 409 1678 436 hominem
1699 409 1791 437 factum
1804 419 1864 445 esse,

1104 459 1131 481 et
1143 454 1208 481 dicit
1229 461 1282 482 non
1297 454 1380 481 Deum
1394 453 1510 481 Verbum
1523 461 1557 481 ex
1579 453 1679 487 virgine
1704 454 1864 489 incarnatutn,

1101 504 1191 527 natum
1205 507 1274 532 esse,
1292 500 1339 527 sed
1352 507 1444 534 purum
1456 500 1589 526 hominem
1600 507 1632 526 ex
1644 500 1699 534 ipsa
1711 508 1766 528 esse
1777 506 1864 536 natum,

1099 552 1179 580 quem
1206 545 1334 580 templum
1359 549 1448 578 vocat,
1472 549 1501 572 ut
1523 545 1591 572 alius
1614 545 1648 572 sit
1671 544 1739 573 Deus
1752 546 1866 582 Verbum,

1099 594 1127 618 et
1149 590 1216 617 alius
1241 591 1342 623 homo;
1364 594 1391 617 et
1412 598 1492 624 super
1516 590 1572 618 hate
1592 590 1701 624 injuriat
1723 590 1866 626 Ephesinam

1099 634 1213 669 primam
1234 635 1377 670 synodum,
1400 635 1476 669 quasi
1490 635 1548 663 sine
1561 635 1731 669 inquisitione
1743 640 1770 663 et
1782 638 1867 665 emunt

1100 676 1257 707 natione’ab
1278 680 1335 715 ipsa
1356 680 1480 708 Nestorio
1505 680 1694 714 condemnato,
1716 686 1741 709 et
1760 688 1865 711 sanetum

1100 724 1227 759 Cyrillum
1241 730 1319 752 vocat
1333 726 1494 758 haereticum.
1510 730 1538 753 et
1551 726 1691 755 duodecim
1703 727 1757 763 ejus
1766 729 1866 765 capitula

1099 770 1181 805 impia
1205 769 1279 807 dicit,
1301 772 1458 801 Nestorium
1477 777 1566 802 autem
1590 780 1617 802 et
1639 775 1802 803 Theodorum
1815 785 1867 804 eum

1100 817 1189 855 impiis
1204 827 1296 847 eorum
1320 820 1479 854 conscriptis
1501 820 1637 848 collaudat
1658 825 1685 848 et
1705 821 1823 848 defendit.
1843 821 1867 848 Si

1100 867 1159 901 quis
1173 866 1263 900 igitur,
1286 867 1355 893 sicut
1370 865 1468 893 dictum
1483 869 1535 899 est,
1550 866 1673 893 eamdem
1688 866 1767 901 ipsam
1781 866 1866 901 episto-

1063 904 1083 931 Β
1100 911 1151 937 lam
1166 911 1293 943 vindicat,
1309 909 1350 937 vel
1366 915 1467 937 rectam
1481 917 1541 938 esse
1555 910 1620 938 dicit
1633 911 1716 945 ipsam
1729 911 1768 938 vel
1779 916 1866 946 partem

1098 956 1191 991 ipsius,
1206 956 1253 984 sed
1268 963 1320 983 non
1335 956 1544 983 anathematizat
1554 963 1628 989 eam,
1643 956 1781 983 anathema
1797 956 1836 983 sit.

1135 1002 1193 1029 Tali
1220 1009 1284 1036 ergo
1312 1002 1392 1036 impia
1421 1001 1534 1036 cpistola
1560 1000 1635 1035 jnste
1662 1001 1868 1028 anathematizata

1099 1054 1209 1083 propter
1223 1047 1336 1075 insertas
1349 1048 1372 1075 ei
1384 1048 1570 1082 blasphemias,
1587 1047 1722 1074 Theodori
1735 1052 1760 1075 et
1769 1047 1869 1074 Nestorii

1100 1096 1243 1130 impiorum
1256 1102 1386 1129 sequaces
1400 1099 1532 1122 conantur
1542 1094 1645 1125 dicere.
1661 1098 1806 1128 susceptam
1818 1100 1870 1120 esse

1099 1148 1160 1168 eam
1185 1148 1200 1167 a
1219 1144 1312 1168 sancto
1335 1139 1549 1168 Chalcedonensi
1570 1139 1698 1167 concilio.
1725 1138 1779 1166 Iloc
1792 1143 1869 1166 autem

1099 1188 1201 1219 dicunt,
1225 1191 1345 1215 sanctam
1359 1187 1467 1221 quidem
1481 1186 1730 1213 Chalcedonensem
1751 1185 1868 1220 synodum

1100 1233 1304 1266 calumniantes,
1321 1233 1427 1259 nomine
1443 1237 1532 1258 autem
1553 1231 1610 1264 ejus
1626 1231 1781 1258 festinantes
1793 1230 1870 1257 debila

1100 1277 1323 1304 condemnatione
1343 1278 1455 1304 liberare
1466 1276 1652 1308 Theodorum,
1679 1281 1706 1303 et
1725 1275 1868 1307 Nestorium,

1100 1326 1127 1347 et
1138 1321 1246 1355 impiam
1260 1321 1412 1356 epistolam,
1426 1329 1474 1355 pro
1488 1329 1539 1354 qua
1551 1321 1609 1347 Ibas
1624 1321 1723 1355 saepius
1735 1323 1869 1351 accusatus.

1102 1374 1154 1393 non
1168 1370 1207 1392 est
1222 1373 1301 1392 ausus
1315 1374 1373 1392 eam
1394 1374 1468 1392 suam
1482 1366 1571 1393 dicere
1594 1371 1706 1400 propter
1727 1365 1831 1392 insertas
1848 1363 1870 1390 ei

1099 1410 1288 1445 blasphemias.
1313 1410 1347 1437 Et
1372 1410 1429 1438 hrcc
1451 1411 1696 1438 demonstrabimus
1718 1418 1750 1438 ex
1770 1410 1807 1437 his
1819 1416 1869 1445 qua:

1100 1454 1203 1482 diverse
1225 1455 1259 1482 de
1283 1455 1334 1482 ista
1357 1463 1436 1482 causa
1451 1459 1523 1482 mota
1547 1460 1618 1481 sunt.
1648 1455 1676 1481 In
1691 1455 1730 1482 his
1743 1455 1808 1482 enim
1820 1461 1869 1488 quas

1100 1499 1169 1533 apud
1184 1498 1307 1526 Photium
1322 1504 1348 1526 et
1361 1499 1526 1527 Eustathium
1544 1500 1569 1535 [a
1585 1500 1684 1527 Photio
1698 1505 1725 1528 et
1736 1498 1869 1534 Eustatbio]

1100 1542 1161 1578 Tyri
1182 1548 1242 1570 aeta
1255 1548 1325 1576 sunt,
1350 1552 1410 1571 cum
1422 1550 1593 1572 accusaretur
1607 1546 1750 1579 praedictus
1770 1545 1823 1572 liras
1841 1545 1870 1571 de

263 1596 287 1622 ἐν
308 1595 388 1631 ἁγίοις
402 1595 520 1630 κυρίλ).ου
535 1599 644 1633 φανερῶς
666 1596 795 1627 κατέθετο,
817 1597 880 1631 μετά
893 1600 937 1625 τήν
959 1597 1046 1624 ἕνωσιν

1100 1587 1203 1621 injuriis
1218 1588 1246 1615 S.
1260 1587 1361 1623 Cyrilli,
1374 1588 1514 1616 manifeste
1528 1589 1669 1616 confessus
1682 1594 1731 1622 est,
1754 1594 1809 1623 post
1823 1589 1870 1615 uni-

260 1646 312 1669 τῶν
324 1643 474 1669 ἀνατολικῶν
484 1642 549 1679 πρὸς
561 1642 600 1669 τὸν
612 1642 635 1668 ἐν
647 1642 725 1677 ἁγίοις
739 1643 853 1679 κύριλλον
864 1642 939 1677 μηδὲν
951 1643 1048 1680 ὕϐρεως

265 1687 383 1722 ἐχόμενον
401 1687 524 1723 εἰρηκέναι
536 1688 594 1723 περὶ
615 1687 702 1713 αὐτοῦ·
718 1688 733 1715 ἠ
746 1686 772 1713 δὲ
793 1687 911 1716 ἐπιστολή
925 1688 940 1716 ἡ
954 1687 1046 1716 πεπλη-

247 1727 360 1765 ίρωμένη
371 1736 420 1759 τῶν
434 1733 567 1768 εἰρημένων
581 1732 758 1767 βλασφημιῶν,
774 1733 810 1768 ἐφ’
821 1730 860 1763 αἷς
874 1737 1049 1771 κατηγορεῖται

258 1778 346 1809 ἰϐας,
361 1778 455 1807 πολλὰς
469 1778 532 1805 κατὰ
552 1781 595 1804 τοῦ
609 1778 633 1804 ἔν
651 1778 731 1813 ἁγίοις
752 1778 868 1815 lupino»:
889 1779 1048 1814 περιέχουσα

260 1823 431 1859 παρίστησιν,
447 1820 488 1849 ὅτι
502 1823 567 1857 μετά
579 1825 623 1851 τήν
641 1823 728 1849 ἕνωσιν
742 1825 786 1851 τήν
803 1824 866 1860 πρὸς
880 1824 940 1852 τοὺς
958 1823 1046 1849 ἀνατο-

260 1869 343 1898 λικοὺς
353 1869 461 1904 γέγονεν,
474 1868 498 1899 ἐξ
510 1866 539 1894 οὗ
552 1867 677 1895 δείκνυται
700 1868 758 1897 Ιϐας
768 1868 975 1904 ἀπαρνησὰμενος
986 1869 1046 1895 ταύ-

260 1926 315 1943 την.
329 1914 401 1941 ὀθεν
417 1915 438 1940 οἱ
454 1914 661 1948 μνημονευθὲντες
681 1915 782 1944 Φώτιος,
798 1915 836 1939 καὶ
851 1914 990 1943 Εὖστιὶοιος
1003 1912 1045 1940 διὰ

260 1964 305 1990 τήν
315 1963 364 1988 τῶν
375 1960 543 1996 ἐγκαλούντων
553 1959 721 1996 πληροφορίαν
734 1960 861 1995 ἐγγράφως
873 1958 1043 1991 διετύπωσαν,

260 2015 303 2031 τον
313 2006 438 2042 εἰρημένον
447 2004 517 2032 ἰϐαν
530 2007 613 2032 πάντα
623 2007 655 2031 τὰ
665 2007 761 2032 ἐναντία
769 2009 800 2042 τῇ
812 2005 928 2041 ἐπιστολῇ
938 2006 1044 2041 πρᾶξαι,

259 2053 341 2081 καθὼς
355 2053 369 2080 ἦ
384 2054 443 2089 περὶ
455 2053 548 2079 τούτου
564 2052 665 2079 δοθεῖσα
677 2052 737 2089 παρ’
753 2053 836 2079 αὐτῶν
850 2052 973 2088 ἐπίκρισις
986 2052 1048 2079 δείκ-

265 2106 347 2123 νυσιν.
358 2096 430 2123 ’Δλλά
440 2099 474 2131 μὴ
487 2097 624 2133 πληρώσας
635 2095 705 2125 ’Ὶϐας
718 2098 751 2124 τὰ
766 2096 826 2131 παρ’
842 2097 938 2123 ἐκείνων
953 2097 1047 2134 ἐπικρι.

261 2142 334 2169 Θέντα
346 2142 457 2174 ἐξεϐλήθη
470 2146 515 2171 τῆς
538 2143 678 2171 ἐπισκοπῆς
698 2140 739 2168 διὰ
756 2143 802 2171 τὰς
822 2142 981 2177 βλασφημίας
1000 2145 1048 2171 τῆς

263 2187 389 2223 εἰρημένης
403 2187 545 2217 immotis.
557 2187 600 2213 καί
610 2187 696 2216 Νὸννος
708 2186 760 2213 ἀντ’
772 2188 848 2213 αὐτοῦ
860 2186 1045 2222 ἐχειροτονήθη,

260 2231 290 2262 ὃς
311 2233 351 2259 καί
371 2232 538 2261 σννεκαθὲσθη
550 2236 580 2269 τῇ
595 2232 656 2269 ἁγίᾳ
670 2233 694 2259 ἐν
709 2232 845 2261 Χαλκηδόνι
865 2232 971 2268 συνόδῳ.
987 2235 1045 2269 Περὶ
1059 2243 1085 2273 D

261 2280 311 2305 τῶν
324 2278 404 2305 αὐτῶν
416 2279 498 2305 τοίνυν
513 2279 556 2305 καὶ
569 2279 593 2305 ἐν
607 2277 742 2307 Χαλκηδόνι
760 2280 938 2315 κατηγορηθεὶς
958 2278 970 2306 ὁ
984 2290 1045 2314 μνη-

263 2324 388 2357 μονευθείς
401 2321 472 2353 ἰϐας
484 2325 550 2358 μετά
559 2326 604 2353 τήν
615 2324 753 2359 ἀνάγνωσιν
764 2329 809 2354 τῆς
823 2325 932 2354 ἀσεϐοῦς
946 2325 1045 2353 ἐπιστο-

266 2369 309 2397 λῆς
321 2368 364 2393 οὐκ
375 2367 494 2402 ίτόλμησε
506 2369 601 2397 ταύτην
612 2369 795 2401 οἰκειώσασθαι,
808 2369 858 2397 ἀλλ’
872 2371 945 2400 εὐθὺς
956 2371 1045 2401 αὐταῖς

263 2413 356 2445 λέξεσιν
366 2413 498 2449 ἐπήγαγεν,
509 2413 547 2441 ὅτι
561 2414 686 2452 ἀλλότριος
700 2418 752 2451 εἰμι
760 2420 809 2443 τῶν
821 2417 980 2453 ἐπαγομένων
990 2428 1043 2452 μοι.

263 2455 331 2485 ὀθεν
345 2459 361 2487 ἠ
374 2459 434 2495 ἆγία
447 2458 559 2490 σύνοδος,
575 2463 609 2495 μὴ
624 2461 774 2497 ἀρκεσθεῖσα
785 2465 816 2497 τῇ
827 2462 930 2498 ἀρνήσει
944 2460 1003 2489 ἰϐα
1015 2466 1045 2499 τῇ

261 2503 303 2530 ἐπὶ
316 2508 347 2540 τῇ
363 2504 453 2531 ἀσεϐεῖ
463 2505 581 2542 ἐπιστολῇ
594 2507 737 2535 συνώθησεν
749 2507 824 2534 αὐτὸν
837 2508 956 2535 τάναντῖα
964 2510 1044 2545 ταύτῃ

261 2550 369 2588 πρᾶξαι,
384 2551 503 2577 τουτέστι
516 2553 560 2579 τήν
580 2551 604 2576 ἐν
620 2551 683 2587 αὐτῇ
697 2552 859 2586 ἀθετουμένην
873 2554 958 2580 πίστιν
971 2554 1044 2589 ὀρθὴν

261 2594 427 2631 ὁμολογῆσαι,
447 2598 488 2622 καὶ
508 2599 552 2623 τήν
574 2596 647 2630 ἁγίαν
667 2597 692 2623 ἐν
711 2598 800 2633 Ἐφέσῳ
818 2600 919 2634 πρώτην
938 2599 1044 2626 σύνοδον

262 2637 385 2672 δέξασθαι,
402 2642 443 2667 καί
456 2642 497 2667 τὸν
512 2641 535 2666 ἐν
547 2641 626 2675 ἁγίοις
640 2642 754 2678 κύριλλιιν
764 2644 863 2679 πατέρα
874 2645 916 2670 καὶ
926 2643 1044 2672 διδάσκα-

260 2682 299 2709 λσν
311 2684 507 2721 ἐπιγράψασθαι,
521 2686 552 2713 τὰ
564 2686 588 2711 ἐν
600 2690 631 2722 τῇ
645 2687 736 2713 ἀσεϐεῖ
748 2687 868 2725 ἐπιστολῇ
881 2688 1040 2725 ὑϐριζόμενα·

260 2729 302 2754 καὶ
312 2729 450 2765 Νεστόριον
461 2732 504 2757 «αἱ
518 2730 546 2760 τὸ
560 2731 650 2761 ἀσεϐὲς
666 2732 742 2759 αὐτοῦ
756 2731 836 2767 δόγμα
849 2733 1040 2769 summm.

256 2771 337 2810 ’Δπερ
358 2774 373 2801 ἠ
387 2774 481 2804 ἀσεϐής
493 2775 610 2804 ἐπιστολή
629 2776 726 2803 ἐπαινεῖ
737 2778 780 2804 καὶ
799 2777 894 2805 ἐκδικεῖ.
915 2780 942 2806 Εἰ
960 2780 1042 2806 τοίνυν

255 2819 298 2845 καὶ
308 2818 381 2847 αὐτὸς
395 2815 466 2847 Ἴϐας
482 2817 606 2855 διαφόρως
619 2822 794 2858 κατηγορηθείς
804 2823 918 2858 περὶτῆς
931 2824 1042 2854 ἀσεϐοῦς

253 2862 404 2897 ἐπιστολῆς.
418 2864 461 2890 οὐκ
479 2863 615 2900 ἐτόλμησεν
626 2866 700 2896 αὐτὴν
719 2868 913 2903 οἰκειώσασθαι,
928 2870 987 2898 ἀλλὰ
1003 2873 1041 2898 καὶ

1098 1637 1180 1660 tatem
1195 1632 1379 1666 Orientalium,
1403 1641 1461 1668 qua:
1483 1634 1515 1661 ad
1530 1638 1633 1662 sanctie
1656 1635 1787 1661 memoria:
1800 1634 1870 1669 Cyril-

1098 1677 1151 1704 lum
1163 1676 1232 1704 facta
1244 1682 1295 1711 est,
1306 1678 1371 1705 nihil
1382 1678 1538 1712 injuriosum
1550 1678 1584 1705 de
1596 1687 1632 1706 eo
1644 1679 1750 1706 dixisse.
1765 1678 1869 1713 Eplsluia

1098 1727 1187 1749 autem
1202 1723 1279 1757 plena
1294 1722 1428 1757 praedictis
1441 1723 1625 1758 blasphemiis,
1641 1732 1691 1759 pro
1702 1725 1793 1758 quibus
1803 1732 1870 1751 accu-

1098 1770 1207 1797 sabatur
1219 1770 1288 1804 lbas,
1302 1771 1399 1798 multas
1410 1776 1504 1799 contra
1515 1772 1543 1800 S.
1558 1772 1691 1808 Cyrillum
1702 1773 1806 1807 injurias
1818 1779 1870 1798 con-

1099 1815 1196 1848 tinens,
1212 1815 1282 1843 facta
1296 1824 1355 1844 esse
1370 1817 1519 1844 ostenditur
1532 1821 1593 1852 post
1607 1819 1739 1845 unitatem
1752 1817 1783 1844 ad
1792 1817 1870 1843 Orien-

1100 1860 1165 1887 tales
1191 1861 1297 1893 l'actam,
1319 1869 1353 1888 ex
1366 1869 1420 1896 quo
1440 1862 1643 1890 demonstratur
1656 1863 1715 1890 lbas
1729 1871 1784 1890 eam
1798 1862 1869 1888 abne-

1097 1912 1183 1939 gasse.
1201 1905 1275 1934 Unde
1289 1908 1406 1942 prmdicti
1421 1907 1532 1936 Photius
1554 1912 1581 1936 et
1595 1908 1752 1937 Eustathius
1775 1906 1869 1936 satisfa-

1098 1950 1200 1977 cientes
1215 1952 1415 1980 accusatoribus
1439 1953 1465 1980 in
1490 1954 1595 1988 scriptis
1617 1953 1787 1984 deﬁnierunt,
1809 1959 1868 1987 pm-

1097 1995 1197 2023 dictum
1226 1997 1297 2024 Ibam
1324 1998 1413 2025 omnia
1439 2000 1573 2026 contraria
1598 2000 1722 2034 epistola:
1744 2005 1868 2034 peragere.

1097 2041 1167 2068 sicut
1178 2041 1306 2075 judicium
1318 2043 1351 2070 ab
1372 2044 1412 2071 eis
1425 2043 1458 2071 de
1480 2045 1531 2072 hoc
1553 2045 1646 2072 datum
1669 2045 1803 2079 significat.
1825 2042 1869 2070 Sed

1098 2094 1157 2114 cum
1172 2087 1231 2116 Ibas
1244 2096 1296 2116 non
1316 2089 1488 2124 adimplesset
1501 2097 1533 2118 ea
1546 2099 1605 2126 qua:
1628 2091 1667 2118 illi
1685 2091 1868 2125 iudicaverunt.

1099 2131 1198 2165 ejectus
1231 2138 1272 2160 est
1302 2134 1335 2160 ab
1372 2135 1528 2169 episcopatu
1562 2141 1676 2171 propter
1706 2134 1870 2171 blasphemias

1099 2176 1231 2211 pnedictte
1254 2177 1390 2212 epistolae,
1419 2184 1446 2206 et
1466 2180 1575 2207 Nonnus
1599 2188 1650 2215 pro
1677 2181 1723 2208 illo
1747 2180 1869 2208 ordinatus

1099 2225 1161 2252 εει,
1195 2222 1240 2256 qui
1274 2227 1301 2249 et
1332 2224 1452 2251 consedit
1484 2225 1509 2251 in
1543 2230 1638 2253 sancto
1673 2222 1869 2253 Chalcedonensi

1096 2271 1219 2299 concilio.
1262 2272 1300 2299 De
1339 2273 1439 2300 eisdem
1473 2274 1553 2308 igitur
1592 2276 1675 2302 etiam
1712 2273 1869 2301 Chalcedone

1097 2322 1236 2349 accusatus
1265 2325 1429 2350 memoratus
1455 2323 1534 2356 Ibas,
1569 2328 1632 2358 post
1659 2324 1799 2351 lectionem
1825 2322 1867 2347 ini-

1097 2370 1147 2405 pice
1170 2370 1290 2405 epistola:
1303 2379 1357 2398 non
1369 2375 1410 2399 est
1424 2379 1503 2399 ausus
1517 2380 1576 2400 cam
1592 2381 1668 2400 suam
1680 2381 1738 2401 esse
1749 2369 1869 2403 conﬁteri,

1097 2415 1144 2442 sed
1158 2415 1318 2450 statimipsis
1328 2416 1417 2444 verbis
1432 2417 1530 2451 intulit,
1546 2418 1663 2445 alienum
1679 2426 1708 2445 se
1720 2425 1778 2446 esse
1786 2422 1869 2444 eorum

1097 2466 1157 2493 quae
1171 2460 1196 2487 ei
1210 2460 1400 2493 inferebantur.
1427 2461 1503 2490 Unde
1516 2467 1605 2490 sancta
1619 2464 1754 2499 synodus,
1776 2469 1832 2490 cum
1850 2460 1870 2487 ei

1098 2511 1151 2531 non
1165 2504 1299 2533 sufﬁceret
1309 2506 1449 2540 abnegatio
1462 2506 1527 2540 Ihm,
1542 2515 1601 2542 qua:
1615 2508 1686 2536 facta
1700 2512 1740 2536 est
1758 2508 1790 2535 de
1800 2506 1870 2540 impia

1097 2549 1208 2583 epistola
1219 2569 1226 2581 .
1247 2551 1376 2586 compulit
1387 2558 1448 2578 eum
1460 2553 1594 2579 contraria
1606 2553 1631 2580 ei
1647 2560 1785 2588 peragere,
1801 2551 1823 2579 id
1837 2554 1870 2577 est

1097 2596 1266 2629 reprobatam
1281 2596 1307 2623 in
1322 2604 1353 2624 ea
1365 2601 1466 2624 rectam
1479 2597 1556 2625 ﬁdem
1572 2599 1712 2632 confiteri,
1733 2603 1760 2626 et
1773 2597 1870 2632 Ephesi-

1097 2648 1157 2668 nam
1166 2641 1277 2675 primam
1289 2647 1408 2669 sanctam
1416 2643 1547 2677 synodum
1556 2644 1705 2678 suscipere,
1720 2648 1747 2672 et
1761 2646 1871 2671 sanctum

1096 2685 1222 2720 Cyrillum
1231 2686 1335 2714 Patrem
1349 2692 1376 2714 et
1386 2687 1522 2715 doctorem
1534 2689 1774 2723 ascribercqumJn
1784 2687 1871 2715 eadem

1096 2734 1175 2768 impia
1188 2735 1300 2769 epistola
1320 2735 1493 2769 injuriantur,
1512 2741 1539 2764 et
1553 2737 1706 2764 Nestorium
1718 2731 1870 2771 impiumque

1094 2779 1152 2813 ejus
1162 2779 1258 2814 dogma
1272 2781 1505 2814 anathematizare,
1517 2790 1576 2816 quae
1587 2787 1613 2809 et
1624 2782 1706 2817 impia
1716 2781 1822 2817 epistola
1828 2780 1868 2807 de-

1095 2825 1179 2852 fendit
1185 2830 1213 2853 et
1220 2826 1362 2853 collaudat.
1370 2826 1397 2853 Si
1407 2827 1485 2861 igitur
1491 2832 1518 2854 et
1525 2828 1647 2862 ipsclbas
1655 2833 1764 2862 propter
1773 2827 1871 2860 impiam

1096 2871 1234 2906 epistolam
1245 2872 1342 2906 sepius
1356 2877 1507 2906 accusatus,
1522 2881 1575 2901 non
1585 2877 1626 2901 cst
1642 2881 1724 2900 ausus
1738 2881 1794 2900 eam
1804 2878 1872 2899 suam
