2016 3095
267 133 322 161 ῒ5

956 138 1101 166 VlGlLlUS
1122 139 1210 166 PAPA
1218 159 1224 166 .
1835 138 1876 166 ιω

271 192 331 221 σεϐῆ
350 192 447 220 τούτων
462 192 553 221 ἔννοιάν
575 204 602 220 τε
616 195 662 221 ’καί
687 195 803 229 ἐξήγησιν
824 195 885 232 πρὸς
909 198 952 224 τήν
969 196 1055 223 οἰκείαν

1112 199 1138 224 et
1162 194 1358 228 expositionem
1384 194 1416 221 ad
1445 201 1520 221 suam
1545 193 1706 227 impietatem
1727 191 1873 219 transferre:

268 239 413 275 μεταφέρειν
435 239 551 266 ἀσέϐειαν
563 247 570 254 ⁸
588 239 673 270 ἐπειδή
688 242 757 269 ἔστιν
777 240 817 267 ὅτε
836 241 862 268 αἰ
881 242 955 268 αὐταί
979 244 1054 277 φωναί

255 283 348 314 ,καλῶς
368 285 413 317 μὶν
426 284 596 319 ὶξηγούμιναι,
612 279 806 320 καίνοοῦμὲναι,
827 287 893 319 μετὰ
912 291 957 316 τῆς
979 288 1054 314 εὐσε-

269 329 338 358 ϐείας
352 330 409 362 εἰσὶ,
420 332 501 359 κακῶς
512 329 539 356 ὂὲ
549 330 620 362 παρὰ
633 333 681 357 τῶν
698 331 828 368 αἱρετικῶν
851 332 1052 368 ἐρμηνευόμεναι,

268 376 309 400 καὶ
322 375 505 411 προφερόμεναι
520 375 549 401 τὸ
571 375 662 408 ἀσεϐές
677 374 787 410 ἔχουσιν
799 383 805 389 ⁵
825 377 909 412 ἀμέλει
923 377 1054 414 Νεστόριον

267 419 370 454 εἰπόντα
392 420 437 454 μὲν
458 419 503 447 δύο
529 421 616 455 φύσεις
644 422 685 446 καὶ
705 420 729 447 ἓν
753 421 897 458 πρόσωπον,
911 424 946 457 μή
968 422 1054 456 ὁμο).οο

265 468 360 500 γοῦντα
374 464 399 492 δὲ
411 467 507 493 τούτων
519 469 563 495 τήν
575 466 627 493 καθ’
636 465 781 494 ὑπόστασιν
791 467 890 501 ἕνωσιν,
901 469 916 497 ἡ
928 469 953 494 ὲν
964 468 1054 504 Ἐφέσῳ

266 514 354 550 πρώτη
366 512 426 549 ἆγῖα
439 512 556 546 σύνοδος,
574 513 602 544 ἧς
619 515 726 551 ἐξῆρχον
753 515 895 547 Κελεστῐνος
915 518 957 543 καὶ
971 518 1054 554 Ιίύριλ-

266 558 307 588 λος
320 559 343 584 οἱ
356 559 379 585 ἐν
391 559 449 596 ὁσία
458 563 489 596 τῇ
499 562 591 596 μνήμῃ,
605 561 632 588 οὺ
643 560 821 596 προσεδέξατο,
833 562 894 589 ἀλλὰ
907 564 947 589 καί
959 562 1054 589 κατεδί-

266 615 352 631 κασεν.
368 603 453 639 ὐμεῖς
468 604 494 631 δέ
507 609 538 639 τῇ
560 608 610 632 τῶν
625 605 701 641 ἁγίων
721 607 837 643 πατέρων
850 606 1000 644 διδασκαλίᾳ
1014 607 1055 635 διὰ

265 650 366 677 πάντων
383 651 588 685 ὰκσουθοῦντες,
605 653 645 678 καὶ
657 655 702 681 -ιήν
719 656 768 680 τῶν
782 653 826 681 δύο
840 654 939 689 φύσεων
955 654 1054 687 ἕνωσιν,

264 695 291 726 ἕξ
306 694 339 722 ὦν
361 694 374 723 ὂ
396 696 480 733 κύριος
500 697 568 730 ἡμῶν
583 695 681 727 Ἰησοῦς
694 699 804 734 Χριστὸς
824 699 836 726 ὃ
856 697 891 729 εἷς
915 704 960 729 τῆς
982 700 1055 735 ἁγίας

264 741 378 778 τριάδος,
394 742 407 769 ὁ
423 744 484 773 Θεὸς
498 743 568 778 λὸγος
584 745 723 780 σαρκωθιὶς
742 746 870 777 συνετέθη,
885 748 926 773 καὶ
939 748 984 775 τήν
996 748 1056 773 τού-

264 799 314 815 των
331 788 450 827 διαφορὰν
468 790 512 816 οὐκ
525 790 680 826 ἀνῃρημένην
701 789 744 818 διὰ
768 793 812 820 τήν
832 791 920 818 ἕνωσιν
940 793 1056 830 ἀνωτέρω

265 835 420 872 σαφέστερον
433 835 607 871 ἀπεδείξαμεν.
626 839 669 864 Καὶ
684 837 755 875 ἤρκει
768 839 812 873 μὲν
823 839 855 865 τὰ
869 839 929 874 παρ’
943 840 1011 874 ἡμῶν
1024 841 1055 866 εἰ·

265 880 359 916 ρημένα
372 880 561 919 πληροφορῆσαι
580 882 640 911 τοὺς
661 885 695 917 μή
714 882 881 918 βουλομένους
904 884 1052 920 φιλονεικεῖν.

264 923 325 951 Ἀλλ’
337 925 423 956 ἔπειδή
434 927 499 964 πρὸς
514 928 628 954 ἀσέϐειαν
643 927 711 960 ἅπαξ
732 929 885 960 ἐκκλίναντες
903 932 944 957 καί
960 930 1054 968 ἑτέροις

265 970 443 1009 ἓπιχειροῦσιν
454 991 462 1003 ,
477 973 617 1009 ἀναγκαίως
631 975 702 1009 ἡμεῖς
716 976 757 1001 καὶ
774 976 820 1005 τὰς
834 977 953 1006 τοιαύτας
972 978 1054 1004 αὐτῶν

265 1018 404 1054 προφάσεις
424 1019 534 1052 ματαίας
555 1018 726 1054 ἀποδείξομεν.
749 1022 872 1058 Φασίγὰρ
886 1024 921 1056 μὴ
941 1021 991 1049 δεῖν
1003 1023 1053 1049 ὑπό

265 1062 360 1097 μέμψιν
380 1064 496 1098 γενέσθαι
513 1066 558 1092 τήν
572 1064 653 1093 ἀσεϐῆ
675 1065 805 1094 ἐπιστολήν
826 1065 868 1093 διὰ
891 1067 920 1093 τὸ
940 1067 1054 1104 φέρεσθαι

264 1108 289 1136 ἔν
299 1119 352 1135 τισι
364 1109 478 1145 βιϐλίοις.
490 1109 551 1136 Ἀλλ’
566 1112 589 1137 εἰ
607 1111 681 1139 τοῦτό
692 1121 731 1141 τις
745 1112 809 1139 κατὰ
821 1114 864 1140 τήν
878 1112 958 1138 αὐτῶν
972 1111 1054 1140 ἄνοιαν

264 1153 445 1192 προσδέξηται,
461 1154 500 1181 δεῖ
512 1157 554 1182 καὶ
569 1156 687 1190 Εὐτυχέα
711 1157 751 1183 καί
769 1157 904 1188 Νεστόριον
920 1156 1054 1191 δέχεσθαι,

263 1199 350 1229 ἐπειδὴ
361 1200 439 1227 πολλὰ
451 1202 492 1227 καί
507 1202 564 1237 περὶ
575 1201 669 1228 τούτων
682 1205 737 1231 τιῖς
748 1202 772 1228 ἐν
786 1205 816 1238 τῇ
830 1201 925 1237 συνόδῳ
939 1212 1056 1239 πεπραγ-

264 1245 345 1279 μένοις
356 1246 498 1284 ἐμφέρεται.
509 1245 570 1272 ¹Δλλ¹
583 1245 663 1276 οὐδεὶς
675 1250 725 1273 τῶν
739 1248 920 1283 ιὺφρονούντων
929 1241 981 1277 τοῖς
994 1249 1056 1285 παρ’

264 1291 346 1318 αὐτῶν
358 1291 499 1327 λεγομένοις
518 1293 636 1329 προσέξει
658 1293 699 1320 τὸν
720 1296 788 1319 νοῦν.
804 1294 841 1320 Τὰ
854 1295 903 1330 γὰρ
926 1296 985 1331 περί
1005 1298 1054 1321 τῶν

265 1337 397 1374 αἱρετικῶν
409 1338 434 1364 ἐν
448 1342 505 1367 ταῖς
524 1338 638 1369 συνόδοις
651 1339 838 1376 προφερόμενοι,
859 1341 899 1366 καὶ
914 1341 990 1377 μέρος
1006 1344 1055 1367 τῶν

264 1383 452 1418 ὑπομνημάτων
462 1382 575 1418 γινόμενα
587 1384 630 1409 οὐκ
643 1384 685 1410 ἐπὶ
698 1388 734 1420 τῷ
745 1384 944 1421 ἢευθερωθῆνκι,
957 1385 1009 1412 ἀλλ’
1019 1387 1057 1415 εἷς

265 1426 373 1463 ἔλεγχον
388 1428 480 1457 αὐτῶν.
493 1428 534 1454 καί
548 1428 589 1453 ἐπὶ
603 1429 696 1463 μείζονι
710 1429 853 1465 κατακρίσει
867 1430 948 1455 αὐτῶν
962 1440 999 1463 τε,
1013 1431 1056 1456 καί

264 1472 297 1499 τὰ
310 1471 385 1507 ὅμοια
402 1473 487 1501 αὐτοῖς
503 1474 654 1510 ᾳρονούντων
672 1473 909 1509 παραλαμϐάνεται.
922 1475 949 1500 Εἰ
963 1476 1002 1501 καί
1017 1473 1055 1502 ὅτι

264 1518 298 1545 τὰ
313 1522 359 1547 τῆς
374 1518 484 1548 ἀσεϐοῦς
497 1518 630 1548 ἐπιστολῆς
644 1519 766 1556 φερόμενα
779 1519 947 1554 ὑπομνήματα
961 1519 990 1547 ἕν
1003 1531 1056 1547 τισι

265 1563 310 1599 μὶν
321 1563 438 1598 βιϐλίοις,
451 1565 485 1594 ὡς
496 1563 601 1601 εἴρηται,
623 1565 776 1597 ἒντέτακται,
795 1566 819 1592 ἐν
833 1565 859 1593 δέ
875 1571 927 1596 τοῖς
943 1567 1056 1594 αὺθεντι-

265 1612 326 1641 κοῖς,
344 1610 368 1636 ἔν
383 1607 418 1639 οἷς
429 1610 580 1647 ὑπέγραψαν
590 1611 611 1636 οἷ
629 1609 762 1638 ὃσιὼτατοι
778 1612 921 1644 ἐπίσκοποι,
937 1611 1056 1649 οὐδαμῶς

265 1655 383 1691 ηὕρηται.
400 1655 461 1683 Πλὴν
472 1656 577 1690 κάκείνῳ
597 1654 637 1683 δεῖ
648 1657 789 1693 προσέχειν
803 1658 862 1687 τοὺς
880 1661 924 1687 τὴν
942 1658 1055 1687 ἀλήθειαν

267 1700 427 1736 ἐρευνῶντας·
443 1699 482 1727 ὅτι
494 1700 611 1730 πολλάκις
625 1702 679 1728 τινὰ
691 1701 714 1727 ἐν
733 1706 792 1731 ταῖς
806 1702 919 1732 συνόδοις
933 1704 1003 1740 παρὰ
1015 1714 1054 1730 τι-

265 1756 313 1772 νων
327 1746 353 1772 ἓν
366 1747 457 1775 αὑταῖς
467 1746 649 1783 εὖρισκομὲνων
664 1747 759 1783 λέγεται
771 1747 786 1777 ἧ
797 1748 861 1775 κατά
872 1750 1054 1785 προσπαθειαν,

267 1792 281 1822 ἧ
301 1793 353 1819 κατ’
366 1793 522 1824 ἐναντίωσιν,
545 1792 560 1822 ἢ
581 1793 634 1820 κατ’
649 1792 759 1829 ἄγνοναν,
782 1794 864 1824 οὐδεὶς
884 1794 910 1822 δέ
930 1796 1056 1832 προσέχει

266 1841 320 1867 τοῖς
333 1838 398 1865 κατὰ
409 1838 485 1875 μέρος
500 1838 570 1875 παρὰ
585 1848 658 1865 τινων
668 1838 818 1874 λεγομένοις,
834 1840 895 1866 ἀλλὰ
909 1840 991 1874 μόνοις
1000 1844 1056 1870 τοῖς

266 1884 332 1911 κατὰ
344 1885 425 1912 κοινήν
440 1884 580 1910 συναίνισιν
599 1885 670 1920 παρὰ
684 1885 784 1911 πάντων
796 1884 954 1920 ὁριζομένοις.
970 1887 998 1912 Εἰ
1008 1887 1055 1923 γὰρ

266 1928 322 1956 κατ’
347 1928 454 1957 ἔκεῦδους
477 1928 606 1962 βουληθείη
628 1939 667 1959 τις
689 1930 827 1967 προσέχειν
847 1934 904 1960 ταῖς
926 1932 1056 1961 τοιαύταις

266 1973 448 2003 ὶναντιώσεσιν,
468 1973 561 2001 ἑκάστη
587 1972 695 2003 σύνοδος
715 1974 861 2011 εὑρίσκεται
882 1975 974 2004 ἑαυτήν
995 1976 1056 2003 ἀναο

266 2019 410 2054 τρέπουσα.
431 2018 474 2044 Διὰ
494 2021 574 2045 ταῦτα
592 2020 675 2045 τοίνυν
694 2018 745 2046 ἔδει
766 2021 869 2051 αὐτοὺς,
886 2020 955 2059 εἴπερ
977 2021 1057 2056 ὀρθῶς

268 2062 387 2097 ἐδέχοντο
401 2066 445 2091 τὴν
466 2058 538 2098 ἁγίαν
553 2063 664 2096 σύνοδον,
683 2067 718 2100 μή
737 2065 855 2095 τοιαύτας
873 2066 935 2103 αὖτῇ
948 2066 1056 2102 μέμψεις

267 2109 426 2145 περιάπτειν,
439 2108 500 2135 ἀλλὰ
514 2108 677 2138 ἀκολουθῆσαι
688 2114 742 2140 τοῖς
753 2109 913 2140 διδασκάλοις
928 2115 972 2141 τῆς
986 2112 1057 2139 καθο-

1104 239 1238 272 siquidem
1261 236 1422 273 [interdum]
1446 237 1546 263 caulem
1572 245 1663 270 voces,
1690 237 1795 271 quando
1816 237 1877 265 bene

1104 288 1278 318 exponuntur
1303 289 1326 309 et
1357 284 1562 314 intelliguntur,
1590 291 1650 309 cum
1684 283 1780 316 pietate
1805 289 1877 316 sunt;

1107 328 1214 361 quando
1227 331 1317 354 autent
1329 327 1398 354 male
1408 327 1441 354 ab
1457 327 1589 354 bzereticis
1602 327 1782 361 intelliguntur
1791 333 1815 355 et
1827 337 1879 363 pro-

1107 371 1239 405 feruntur,
1256 373 1418 407 impietatem
1434 373 1542 400 habent.
1559 372 1650 407 Itaque
1662 373 1808 401 Nestorium
1823 375 1880 401 duas

1107 418 1215 453 quidem
1230 424 1338 446 naturas
1354 423 1380 445 et
1400 427 1481 446 unam
1502 427 1644 454 personam
1666 420 1811 453 dicentem,
1835 429 1880 449 non

1105 464 1277 491 conﬁtentem
1290 469 1380 491 autem
1395 472 1487 491 earum
1508 464 1636 491 unitatem
1651 465 1793 491 secundum
1804 466 1880 492 subsi-

1104 513 1243 545 stentiam,
1265 513 1398 548 Epltesina
1421 513 1505 547 prima
1519 513 1653 548 synodus,
1679 513 1753 546 cujus
1768 517 1880 541 auctora

1106 564 1183 587 erant
1199 559 1361 587 Calestinus
1374 563 1402 586 et
1416 558 1531 594 Cyrillus
1545 562 1645 586 sancte
1666 566 1812 590 memoriae,
1835 567 1880 586 non

1106 605 1243 639 suscepit,
1266 604 1313 632 sed
1334 604 1532 632 condemnavit.
1554 603 1609 631 Nos
1630 608 1720 630 autem
1742 608 1880 631 sanctorum

1107 650 1215 677 Patrum
1227 651 1376 678 doctrinam
1391 658 1439 684 per
1452 650 1540 676 omnia
1553 654 1709 683 sequentes,
1724 654 1751 676 et
1765 651 1880 677 unitatem

1106 696 1219 723 duarum
1234 699 1397 725 naturarum,
1413 703 1445 722 ex
1461 695 1557 729 quibus
1572 695 1701 722 Dominus
1716 700 1802 722 noster
1815 696 1881 724 Jestts

1106 741 1227 769 Christus
1236 749 1304 768 unus
1319 746 1417 768 sancta:
1432 740 1583 773 Trinitatis,
1595 740 1666 767 Deus
1680 740 1794 767 Verbum
1808 742 1880 769 incar-

1107 791 1194 818 natus,
1207 787 1372 821 compositus
1383 790 1432 817 est,
1446 790 1473 813 et
1489 785 1561 820 quod
1574 793 1670 813 earnm
1684 785 1825 813 dill'erentia
1836 796 1879 814 non

1107 833 1267 867 interempta
1286 837 1327 859 est
1350 836 1462 867 propter
1483 831 1613 858 unitatem
1627 851 1636 863 ,
1660 831 1687 857 in
1714 833 1879 866 superioribus

1107 879 1225 913 apertius
1252 877 1503 905 demenstravimus.
1533 877 1567 903 Et
1593 876 1762 905 sufﬁciebant
1787 879 1879 912 quidem

1106 932 1165 959 qua:
1185 925 1365 959 prmdiximns,
1380 923 1538 952 satisfacere
1559 924 1598 951 eis
1612 924 1660 958 qui
1678 924 1768 951 nolttnt
1782 930 1880 952 conten-

1106 970 1179 998 dere.
1194 970 1248 997 Sed
1265 970 1392 1004 quoniam
1408 969 1445 996 illi
1460 970 1504 1004 qui
1525 970 1607 997 semel
1621 969 1656 996 ad
1671 970 1828 1004 impietatem
1841 971 1880 997 de-

1106 1016 1290 1048 clinaverunt,
1305 1020 1332 1043 et
1347 1016 1398 1042 alia
1413 1023 1565 1051 proponere
1580 1020 1731 1049 conantur,
1744 1018 1880 1044 necessario

1107 1069 1156 1088 nos
1177 1065 1205 1088 et
1226 1061 1293 1088 tales
1316 1068 1409 1087 eorutn
1432 1060 1590 1087 occasiones
1613 1068 1700 1087 vanas
1714 1061 1878 1088 ostendemus.

1108 1106 1204 1133 Dicunt
1214 1105 1285 1133 enim
1298 1113 1351 1132 non
1365 1109 1492 1139 oportere
1507 1105 1662 1140 vituperare
1680 1105 1783 1140 impiam
1793 1106 1879 1140 episto-

1109 1152 1174 1185 lam,
1186 1159 1219 1178 eo
1229 1151 1300 1186 quod
1308 1151 1334 1178 in
1344 1151 1485 1185 aliquantis
1496 1151 1580 1179 fertur
1590 1151 1737 1179 codicibus.
1748 1152 1797 1179 Sed
1806 1152 1826 1179 si
1837 1152 1881 1180 hoc

1109 1200 1204 1234 aliquis
1212 1199 1357 1227 secundum
1365 1207 1457 1226 eorutn
1470 1199 1632 1227 dementiam
1643 1200 1755 1228 snfliciat
1766 1200 1802 1236 [Ε.
1809 1202 1882 1229 susci-

1108 1244 1185 1280 piat],
1197 1249 1302 1280 oportet
1312 1250 1340 1272 et
1349 1246 1497 1272 Nestorium
1510 1252 1535 1272 t'l
1549 1246 1697 1282 Eutychem
1710 1247 1810 1281 suscipi,
1823 1254 1881 1281 quo-

1110 1291 1181 1317 niam
1193 1291 1305 1324 plurima
1318 1295 1345 1317 et
1356 1291 1388 1317 de
1399 1291 1439 1317 his
1451 1291 1476 1317 in
1487 1292 1568 1325 gestis
1581 1292 1751 1319 continentur
1761 1293 1881 1327 quzcapud

1106 1335 1238 1371 synodum
1252 1340 1310 1363 acta
1332 1340 1402 1362 sunt.
1417 1336 1470 1363 Sed
1489 1344 1568 1363 nemo
1591 1337 1701 1371 sapiens
1711 1337 1786 1365 dictis
1799 1345 1880 1364 eorum

1107 1381 1223 1407 animum
1237 1381 1367 1408 intendet.
1382 1382 1445 1414 Qum
1457 1382 1526 1408 enim
1538 1382 1570 1408 de
1585 1383 1717 1410 haereticis
1726 1383 1881 1417 proferuntur

1107 1425 1133 1452 in
1148 1426 1258 1460 synodis
1272 1429 1299 1453 et
1311 1434 1373 1461 pars
1386 1431 1522 1460 gestorum
1539 1427 1619 1460 ﬁunt,
1645 1436 1699 1455 non
1713 1428 1746 1455 ad
1760 1429 1881 1456 liberatio-

1107 1479 1167 1498 nem
1189 1471 1363 1505 inseruntur,
1385 1473 1432 1500 sed
1447 1473 1480 1499 ad
1501 1473 1629 1507 majorem
1647 1474 1879 1502 condemnationem

1107 1524 1211 1549 eorum,
1231 1522 1258 1545 et
1272 1519 1317 1552 qui
1333 1519 1372 1546 eis
1386 1519 1483 1546 similia
1497 1520 1613 1554 sapiunt.
1639 1525 1648 1540 ι
1665 1520 1787 1554 Quamvis
1804 1526 1880 1548 autem

1107 1563 1270 1597 exemplaria
1290 1563 1377 1598 impiae
1392 1564 1511 1599 epistola:
1525 1573 1584 1600 quae
1608 1565 1840 1599 circumferuntur,
1859 1567 1881 1594 in

1107 1609 1239 1643 aliquibus
1251 1609 1435 1644 codicibus,ut
1448 1610 1548 1637 dictum
1556 1615 1605 1643 est,
1621 1611 1721 1639 inserta
1730 1613 1790 1643 sint,
1805 1616 1881 1639 tamen

1107 1655 1134 1682 in
1149 1655 1312 1682 authenticis
1327 1656 1354 1683 in
1366 1657 1463 1691 quibus
1476 1657 1637 1685 sanctissimi
1650 1658 1766 1693 episcopi
1780 1658 1881 1685 subscri-

1107 1708 1227 1738 pserunt,
1242 1704 1394 1731 nullatenus
1406 1705 1587 1732 inveniuntur.
1595 1704 1800 1740 Oportetautem
1812 1707 1880 1733 etiam

1108 1748 1173 1775 illud
1183 1749 1322 1775 attendere
1330 1756 1377 1776 eos
1387 1749 1431 1783 qui
1446 1750 1586 1776 veritatem
1599 1755 1807 1784 perscrutantur,
1820 1751 1880 1784 quod

1108 1792 1220 1820 forsitan
1237 1795 1262 1820 in
1278 1794 1400 1821 conciliis
1413 1795 1534 1828 quazdam
1545 1802 1560 1821 a
1573 1795 1657 1822 certis
1667 1795 1703 1822 ibi
1719 1795 1882 1823 convenienti-

1107 1843 1157 1870 bus
1169 1843 1301 1876 dicuntur,
1316 1848 1362 1870 aut
1376 1852 1423 1878 per
1437 1843 1572 1877 favorem,
1593 1848 1641 1871 aut
1656 1853 1705 1880 per
1719 1846 1880 1872 contrarieta-

1109 1893 1179 1922 tem,
1202 1893 1249 1916 aut
1263 1896 1310 1923 per
1322 1889 1513 1923 ignorantiam.
1535 1890 1621 1919 Nemo
1633 1896 1725 1918 autem
1741 1891 1844 1918 attendit
1855 1898 1881 1917 ea

1108 1941 1168 1968 qua:
1181 1940 1230 1968 per
1241 1938 1345 1969 partem
1359 1941 1374 1960 a
1387 1934 1548 1969 quibusdam
1561 1936 1686 1963 dicuntur
1702 1946 1708 1963 :
1724 1936 1769 1964 sed
1779 1936 1831 1964 sola
1843 1935 1879 1962 illa

1109 1986 1168 2013 qua:
1187 1979 1220 2006 ab
1239 1980 1363 2007 omnibus
1381 1981 1516 2007 communi
1530 1989 1664 2009 consensu
1678 1982 1841 2011 deliniuntnr.
1858 1980 1881 2007 Si

1109 2024 1180 2051 enim
1200 2024 1296 2058 aliquis
1310 2025 1455 2052 secundum
1470 2025 1530 2053 illos
1541 2027 1657 2054 voluerit
1673 2027 1807 2054 attendere
1819 2027 1880 2060 ejus-

1110 2070 1181 2097 modi
1196 2071 1412 2103 contrarietates,
1435 2079 1602 2106 unaqumque
1615 2074 1733 2108 synodus
1748 2073 1879 2100 invenietur

1110 2117 1281 2152 semetipsam
1296 2117 1446 2144 destruens.
1468 2117 1582 2152 Propter
1594 2119 1652 2146 haec
1666 2120 1745 2154 igitur
1757 2118 1881 2153 oportebat

266 2154 335 2184 λικῆς
350 2154 493 2184 ἐκκλησίας.
514 2156 555 2182 καί
567 2155 679 2189 μαλιστα
693 2159 729 2191 τῷ
743 2156 861 2192 ἐν“ὰγίοις
874 2158 1010 2193 Ἀθανασίῳ
1021 2162 1055 2194 τῷ

1110 2162 1198 2193 eos,'si
1212 2165 1332 2188 sanctum
1344 2163 1489 2189 concilium
1500 2168 1574 2189 recte
1584 2163 1758 2198 susciperent,
1771 2171 1817 2190 non
1827 2162 1881 2188 tales

267 2200 390 2236 γενομένῳ
402 2204 447 2230 τῆς
459 2199 633 2237 ’Δλεξανδρέων
645 2201 772 2231 ἐκκλησίας
788 2203 927 2238 ἐπισκόπῳ,
942 2204 983 2229 καί
997 2204 1058 2231 πολ-

267 2244 326 2274 λοὺς
345 2246 387 2271 καί
405 2245 529 2280 μεγάλους
549 2246 649 2281 ἀγῶνας
668 2245 839 2282 ἀναδεξαμένῳ
861 2248 925 2286 ὑπὲρ
948 2252 993 2278 τῆς
1008 2252 1057 2276 τῶν

268 2293 422 2323 Χριστιανῶν
446 2291 556 2320 πίστεως
579 2291 652 2327 ὀρθῆς
673 2292 737 2318 κατά
757 2293 841 2322 πάσης
861 2293 991 2331 αἱρέσεως,
1016 2294 1057 2320 καί

268 2334 382 2369 μάλιστα
403 2337 453 2361 τῶν
474 2335 650 2362 ἀσεϐεστάτων
671 2340 801 2373 ’Δρειανῶν
816 2346 819 2349 ’
836 2341 886 2365 τῶν
909 2338 957 2375 γὰρ
971 2339 1057 2365 αὐτῶν

268 2379 402 2417 Ἀρεία-λῶν
419 2380 482 2416 πρὸς
495 2380 591 2409 ἀπάτην
606 2384 654 2407 τῶν
667 2381 731 2408 λαῶν
744 2383 780 2411 εἰς
796 2385 841 2411 τὴν
856 2383 951 2410 ἑαυτῶν
964 2383 1056 2421 μερίδα

269 2425 451 2457 ὶπισπωμένων
465 2425 603 2456 Διονύσιον,
619 2427 668 2462 πρὸ
686 2427 781 2452 πολλῶν
797 2428 858 2453 ἐτῶν
872 2431 917 2454 τοῦ
932 2427 957 2454 ἐν
977 2428 1058 2463 ἁγίοις

272 2466 417 2496 ’Λθανασίου
440 2472 485 2498 τῆς
499 2468 679 2506 Ἀλεξανδρείας
700 2470 830 2505 γενόμενον
851 2472 996 2504 ἐπίσκοπον,
1017 2474 1059 2499 καί

269 2512 399 2549 λεγόντων,
415 2516 448 2544 ὡς
471 2516 512 2541 καὶ
536 2516 614 2545 αὐτὸς
635 2515 647 2542 ὁ
671 2517 799 2546 Διονύσιος
822 2518 853 2544 τὰ
878 2516 950 2552 ὅμοια
974 2520 1059 2549 αὐτοῖς

268 2559 411 2596 ἑφρόνησεν,
427 2559 570 2589 Ἀθανάσιος
585 2559 597 2587 ὁ
611 2562 691 2596 μέγας
706 2565 751 2591 τῆς
767 2562 896 2593 ἐκκλησίας
909 2562 1059 2595 διδάσκαλος

269 2605 366 2635 πολλοῖς
393 2606 498 2643 τρόποις
523 2606 652 2643 ἐγγράφως
674 2607 797 2639 ἀπέδειξε,
814 2611 858 2638 τήν
881 2610 953 2645 ὀρθήν
972 2612 1059 2638 πίστιν

269 2651 399 2677 Διονὺσιον
413 2652 436 2683 ἐξ
450 2652 537 2688 ἀρχῆς
550 2652 661 2689 κηρύξαι,
680 2654 721 2679 καὶ
734 2652 854 2688 μηδαμῶς
870 2655 1059 2684 ἐπικοινωνῆσαι

268 2700 300 2731 τῇ
316 2699 366 2722 τῶν
383 2695 510 2732 ’Δρξιανῶν
528 2698 643 2734 ἁσεϐείιι.
658 2696 737 2725 Οὖεοι
757 2698 783 2725 δὲ
803 2700 835 2726 τὰ
854 2703 903 2726 τῶν
925 2701 1058 2736 αἱρετικῶν

267 2745 416 2778 φρονοῦντες
430 2746 473 2771 τὴν
487 2745 577 2770 οἰκείαν
588 2744 704 2771 ἀσέϐειαν
718 2745 797 2781 ταύτῃ
811 2746 957 2781 περιάπτειν
972 2758 1056 2774 σπου-

266 2786 398 2819 δάζουσιν.
412 2792 512 2815 Ὀπλον
528 2788 554 2816 δέ
569 2791 623 2816 ἔστι
637 2791 790 2827 κατάκριμα,
809 2793 849 2817 καὶ
862 2793 921 2818 ποία
936 2793 1057 2820 ἐπίκειται

1110 2205 1289 2240 blasphemias
1303 2207 1328 2234 ei
1343 2208 1492 2242 applicare,
1515 2208 1561 2235 sed
1575 2209 1651 2242 sequi
1666 2209 1787 2236 doctores
1800 2208 1880 2235 catho-

1110 2251 1169 2278 lica:
1180 2250 1316 2283 Ecclesiae,
1334 2256 1361 2279 et
1374 2253 1489 2280 maxime
1502 2258 1624 2281 sanctum
1640 2254 1824 2285 Athanasium,
1843 2252 1880 2286 qui

1110 2296 1159 2323 fuit
1179 2297 1346 2325 Alexandria:
1361 2299 1523 2333 episcopus,
1547 2304 1574 2326 et
1595 2300 1724 2334 plurimos
1739 2305 1764 2327 et
1786 2305 1881 2332 magnos

1108 2342 1214 2370 labores
1228 2344 1346 2378 suscepit
1357 2352 1406 2379 pro
1419 2350 1493 2372 recta
1508 2345 1720 2373 Christianorum
1735 2346 1783 2373 title
1800 2345 1881 2371 adver-

1109 2395 1154 2415 sus
1168 2395 1275 2415 omnem
1288 2388 1401 2416 haeresin
1414 2410 1422 2423 ,
1437 2395 1465 2416 et
1486 2390 1603 2418 maxime
1618 2395 1712 2418 contra
1727 2391 1881 2426 impiissimos

1109 2432 1233 2460 Arianos.
1256 2433 1322 2467 lpsis
1337 2434 1407 2461 enim
1424 2434 1529 2462 Arianis
1550 2436 1582 2462 ad
1598 2436 1766 2471 decipiendos
1783 2434 1881 2469 populos

1109 2485 1158 2505 suo
1172 2478 1255 2504 errori
1272 2478 1494 2513 conjtttgentibus
1505 2480 1670 2516 Dionysium,
1691 2481 1736 2515 qui
1750 2485 1809 2507 ante
1822 2478 1879 2505 mul-

1110 2526 1152 2549 tos
1167 2530 1251 2554 annos
1271 2522 1410 2550 Athanasii
1429 2524 1530 2560 [multis
1544 2526 1622 2553 annis
1635 2529 1698 2552 ante
1713 2520 1880 2556 Athanasium}

1110 2567 1159 2594 fuit
1174 2567 1343 2595 Alexandria:
1356 2569 1508 2604 episcopus,
1520 2574 1548 2597 et
1558 2569 1708 2598 dicentibus
1716 2569 1784 2604 quod
1800 2573 1824 2595 et
1834 2568 1881 2601 ipse

1109 2614 1251 2648 Dionysius
1265 2614 1360 2641 similia
1376 2614 1415 2642 eis
1429 2615 1533 2649 sapuit,
1547 2616 1708 2643 Athanasius
1722 2621 1826 2648 magnus
1836 2612 1880 2638 Ec-

1109 2659 1197 2686 clesia:
1208 2660 1303 2686 doctor
1311 2660 1401 2687 multis
1412 2660 1498 2687 modis
1506 2660 1623 2688 ostendit
1633 2661 1658 2688 in
1674 2660 1881 2695 scriptis,rectatn

1109 2704 1187 2732 ﬁdem
1197 2705 1354 2741 Dionysium
1365 2706 1398 2733 ab
1409 2706 1486 2733 initio
1501 2706 1671 2741 prtedicasse,
1680 2706 1803 2739 nulloque
1812 2702 1880 2730 modfI

1109 2750 1270 2785 participem
1286 2750 1391 2777 Ariana:
1406 2750 1551 2785 impietatis
1564 2750 1654 2779 fuisse.
1679 2750 1723 2777 Isti
1739 2753 1821 2776 autem
1835 2747 1878 2774 ba?-

1108 2795 1192 2822 retica
1206 2796 1352 2830 sapientes,
1363 2803 1436 2823 suam
1451 2796 1615 2831 impietatem
1629 2797 1712 2825 eidem
1726 2795 1822 2831 synodo
1837 2800 1878 2826 att-

308 2879 315 2894 '
336 2877 398 2904 llam
412 2876 507 2903 absunt
521 2885 536 2903 a
556 2885 605 2904 ms.
622 2877 800 2911 Bohicriano,
827 2884 853 2906 et
875 2880 945 2915 apud
968 2880 1167 2912 Leunclaviutn.
