4032 6190
238 309 341 367 £57

1230 321 1606 383 JUSTINIANI
1642 329 2019 393 CONFESSIO
2060 337 2311 395 RECTIE
2349 338 2549 396 FiDEi.

3391 350 3494 421 258

228 425 334 496 διρᾶ
376 431 477 488 τοῖς
504 427 577 488 sic
604 432 826 506 πατέρας
860 431 1225 509 ἁμαρτάνουσι,
1260 438 1465 496 δίδασκε
1515 443 1648 513 ἧμας
1677 455 1757 495 καὶ

1887 492 1888 499 η
1919 443 2119 511 plicare
2159 444 2430 503 festinant.
2463 451 2646 516 Qualis
2675 461 2852 510 autem
2883 465 2962 512 est
2994 458 3407 534 condemnatio,
3438 474 3497 523 et

228 516 338 569 σείει
366 520 551 591 γραφή.
578 523 638 572 Ei
665 523 762 596 γὰρ
792 526 907 593 Χοὶμ
936 525 960 579 ὁ
992 528 1102 586 νεὸς
1127 535 1215 583 τοῦ
1246 538 1347 584 Νῶε
1378 533 1685 602 θεασάμενος
1711 556 1803 605 γυ-

224 607 349 675 μνὸν
371 607 456 662 τὸν
480 606 604 664 ἴδιον
628 614 849 687 πατέρα,
892 620 976 669 καί
1014 627 1083 689 μή
1107 620 1335 690 καλύψας
1372 630 1461 680 τήν
1495 630 1585 677 τοῦ
1615 625 1808 701 πατρὸς

226 708 525 773 σωματικήν
574 706 856 776 γύμνωσιν.
902 711 1102 775 ἐξελθών
1151 715 1408 788 ἐπήγγειλε
1466 722 1652 778 ταύτην
1700 729 1808 780 τοῖς

223 793 471 868 ἀδελφοῖς,
501 802 584 853 καὶ
614 801 790 857 iniam
819 804 1004 876 ίματίῳ
1027 805 1216 866 ταύτην
1244 813 1679 885 περιεσκέπασαν.
1711 817 1808 867 αὺ-

220 888 309 946 τός
341 887 395 943 δέ
421 891 536 959 Χᾶμ
558 895 642 946 καί
669 894 715 947 οί
746 897 797 959 ἐξ
821 898 978 952 αὐτοῦ
1015 902 1326 970 γεννηθέντες
1355 903 1454 957 ύπό
1481 905 1705 978 κατάραν
1728 925 1809 978 γε·

220 979 448 1049 γόνασιν,
478 984 525 1035 ei
548 980 602 1037 δὲ
625 990 977 1050 σκεπάσαντις
1005 992 1229 1061 calor/iac
1257 994 1476 1066 μεγάλης
1500 996 1803 1059 ἠξιώθησαν·

219 1069 385 1143 πολλῷ
404 1071 587 1138 μᾶλλον
610 1071 748 1131 οὗτοι
768 1081 990 1150 μείζονος
1013 1085 1098 1134 καί
1119 1080 1192 1136 ἔτι
1214 1083 1435 1144 πλείονος
1457 1089 1807 1162 κατακρίσεςέκ

220 1165 343 1215 εἰσιν
377 1159 531 1228 ἄξιοι.
560 1166 608 1220 οἱ
647 1164 737 1227 τήν
776 1169 1022 1243 μηδαμῶς
1043 1181 1341 1248 προσοῦσαν
1367 1177 1569 1247 ἀτιμίαν
1592 1186 1655 1253 τῇ
1680 1200 1804 1234 συν-

219 1249 314 1321 ὁδῳ
348 1253 728 1320 σπουδάζοντες
773 1257 856 1314 διὰ
894 1270 985 1320 τῆς
1011 1263 1249 1324 ἀσεϐείας
1290 1273 1381 1325 τῆς
1419 1267 1688 1329 ἐπιστολῆς
1722 1272 1803 1324 καί

220 1341 476 1412 Θεοδώρου
501 1350 800 1423 περιάπτειν
830 1354 981 1429 αὐτῇ.
1011 1352 1133 1408 Ἀλλ’
1158 1357 1215 1410 οὐ
1246 1354 1330 1411 διὰ
1354 1363 1503 1414 τοῦτο
1541 1361 1573 1418 ἦ
1610 1361 1801 1421 ἀσεϐής

220 1436 474 1500 ἐπιστολή,
497 1439 528 1497 ἧ
556 1442 602 1494 oi
620 1444 812 1503 ταύτης
833 1445 1234 1516 ἀντιποιούμενοι
1260 1450 1574 1522 ἐκφεύξονται
1601 1456 1691 1510 τήν
1716 1452 1800 1506 ἰπί

218 1537 273 1603 τῇ
492 1533 703 1610 ἀσεϐείᾳ
725 1526 1041 1613 κατάκρισιν.
1072 1538 1190 1594 Ἀλλ’
1212 1539 1326 1596 οὐδέ
1351 1539 1612 1613 Θεόδωρος
1632 1543 1658 1598 ὁ
1678 1541 1799 1598 Ἐλ-

217 1620 354 1682 huic
395 1643 451 1678 τε
502 1627 585 1679 καί
630 1624 905 1688 Ἰουδαίους
929 1633 1012 1683 καί
1055 1636 1250 1692 πάντας
1287 1633 1561 1705 αἱρετικούς
1590 1642 1652 1709 τῇ
1673 1637 1800 1690 ἀσε-

219 1709 319 1784 ειίᾳ
346 1712 801 1788 ὑπερϐαλλόμενος.
832 1713 997 1779 Οὗτος
1022 1722 1120 1794 γὰρ
1148 1721 1283 1793 πρὸς
1314 1730 1423 1782 ταῖς
1451 1719 1621 1784 ἄλλαις
1642 1726 1792 1780 αὐτοῦ

214 1801 553 1875 βλασφημίαις
577 1808 662 1860 οὐκ
683 1811 894 1882 ἠρκέσθη
921 1818 993 1882 τῷ
1019 1812 1148 1885 πρὸς
1167 1816 1256 1870 τὴν
1283 1810 1412 1867 ἰδίαν
1445 1812 1629 1873 πλάνην
1655 1835 1791 1891 παρ-

216 1900 521 1964 ερμηνεῦσαι
547 1897 606 1951 τὸ
642 1899 895 1972 σύμϐολον
935 1908 1035 1955 τῶν
1060 1907 1364 1977 τριακοσίων
1392 1903 1512 1960 δέκα
1554 1909 1637 1962 καί
1663 1908 1792 1964 ὀκτώ

213 1981 355 2054 ἆγίωω
399 1988 663 2059 πατέρων,
695 1989 818 2043 ἀλλὰ
859 1994 941 2045 καί
976 1999 1350 2067 περιφρονήσας
1391 1997 1575 2051 τούτου
1616 1996 1791 2072 ἕτερον

213 2075 463 2147 σύμϐολον
493 2079 679 2142 ἐξέθετο
718 2082 889 2143 πάσης
925 2085 1167 2146 ἀσεῆείας
1212 2087 1633 2163 πεπληρωμένον,
1675 2092 1726 2145 ἔν

208 2166 565 2237 ἆναθεματίσαι
600 2172 721 2230 τούς
768 2171 953 2247 ἑτέρως
1001 2181 1321 2249 φρονοῦντας,
1350 2179 1379 2236 ἦ
1418 2177 1791 2255 παραδιδόντας

206 2256 497 2329 ἐτόλμησεν*
526 2260 658 2314 ὥστε
701 2258 818 2316 ὅσον
853 2266 983 2319 κατά
1024 2271 1113 2324 τήν
1150 2268 1343 2321 ἐκείνων
1379 2274 1560 2339 μανίαν
1593 2272 1788 2335 πάντας

205 2351 312 2407 τούς
358 2347 542 2419 ἁγίους
580 2348 910 2416 ἀποστόλους,
959 2359 1044 2409 καὶ
1092 2360 1319 2431 πατέρας
1363 2365 1784 2437 κατακεκρίσθαι·

206 2444 338 2494 τοῦτο
386 2439 442 2494 δὲ
484 2442 541 2495 τὸ
584 2444 765 2505 ἀσεϐὲς
795 2445 1055 2520 Θεοδώρου
1094 2451 1347 2518 σύμϐολον
1391 2455 1471 2506 καί
1499 2455 1548 2507 ἰν
1587 2465 1647 2529 τῇ
1678 2457 1788 2511 κατ’

205 2524 404 2601 Ἐςεεσον
450 2535 631 2607 πρώτῃ
659 2534 856 2589 συνόδω
895 2541 1251 2610 προκομισθέν,
1300 2547 1386 2597 καὶ
1431 2546 1485 2599 λέν
1520 2545 1789 2605 Χαλκηδόνι

202 2624 512 2695 ἆναγδωσθέν
538 2627 618 2700 ὑφ’
645 2629 886 2707 ἑκατέρας
915 2632 1131 2688 συνόδου
1161 2638 1291 2705 μετὰ
1315 2643 1402 2690 τοῦ
1424 2639 1683 2709 ἐκθςμὲνευ
1706 2645 1788 2696 καὶ

201 2722 290 2769 τῶν
316 2714 601 2787 δεξαμένων
630 2722 751 2774 αὐτὶ
781 2726 1063 2795 κατεκρίθη.

260 2983 462 3044 Ἐπειδὴ
508 2984 563 3040 δέ
603 3010 731 3050 τινες
757 2991 842 3045 τὸν
870 2991 1002 3066 ὑπὲρ
1028 2993 1287 3068 Θεοδώρου
1316 2994 1459 3067 λόγον
1496 3001 1785 3069 ποιούμενοι

203 3080 573 3155 προφερομένων
597 3087 696 3135 τῶν
723 3082 924 3136 ἀσεϐῶν
945 3086 1100 3138 αὐτοῦ
1129 3090 1545 3159 συγγραμμάτων
1581 3087 1662 3144 διὰ
1694 3098 1784 3149 τήν

1912 717 2026 772 Noe
2071 719 2279 788 (Cenes.
2325 723 2400 794 ιιι)
2451 740 2571 779 cum
2605 728 2824 784 vidisset
2852 731 3051 786 nudum
3078 749 3232 789 suum
3262 745 3491 806 patrem,

1909 811 2160 878 quoniam
2188 828 2293 869 non
2317 817 2599 883 conperuit
2629 819 2792 887 patris
2813 823 3148 892 corporalem
3173 826 3490 893 nuditatem,

1909 900 2002 954 sed
2033 916 2282 969 egressus
2313 907 2577 960 nuntiavit
2605 924 2724 962 eam
2772 911 3056 980 fratribus,
3108 925 3165 972 et
3209 917 3281 972 illi
3323 922 3493 977 vesti-

1909 998 2090 1046 mento
2103 1006 2220 1045 eam
2239 1006 2654 1063 cooperuerunt,
2674 999 2788 1068 ipse
2800 1001 3015 1068 quidem
3031 1002 3220 1069 Cham,
3238 1015 3295 1061 et
3310 1007 3385 1062 illi
3395 1010 3489 1078 qui

1907 1098 1972 1138 ex
2004 1083 2121 1153 ipso
2148 1086 2258 1140 nati
2288 1093 2433 1153 sunt,
2482 1088 2581 1142 sub
2624 1090 3000 1149 maledictione
3030 1093 3153 1150 facti
3182 1106 3346 1166 sunt;
3395 1101 3488 1170 qui

1906 1179 2084 1227 autem
2106 1185 2520 1244 cooperuerunt,
2551 1193 2798 1247 magnam
2824 1181 3253 1241 benedictionem
3274 1202 3488 1244 merue-

1905 1273 2030 1318 runt
2077 1281 2090 1317 :
2134 1266 2304 1321 multo
2342 1268 2513 1337 magis
2556 1268 2643 1324 isti
2673 1269 2877 1339 majore
2916 1282 2973 1329 et
2998 1275 3260 1345 ampliore
3287 1279 3488 1335 conde-

1903 1358 2179 1413 mnatioae
2204 1359 2346 1428 digni
2388 1370 2532 1426 sunt,
2579 1363 2669 1431 qui
2697 1364 2763 1417 ad
2791 1367 3050 1435 synodum
3077 1370 3298 1426 minime
3320 1373 3488 1441 perti-

1905 1456 2120 1501 nentem
2144 1448 2436 1516 infamiam,
2457 1450 2710 1507 festinant
2737 1470 2834 1523 per
2860 1456 3189 1527 impietatem
3219 1462 3479 1531 epistolm,

1902 1548 1958 1594 et
2003 1538 2299 1608 Theodori,
2348 1544 2523 1599 eidem
2572 1556 2772 1601 sancta:
2803 1549 3007 1619 synodo
3036 1553 3324 1622 applicare.
3374 1554 3484 1610 Sed

1904 1644 2011 1683 non
2042 1630 2163 1684 ideo
2193 1633 2351 1701 impia
2376 1635 2632 1705 epistola,
2662 1638 2746 1691 vel
2777 1638 3130 1696 defendentes
3157 1658 3274 1698 eam
3293 1684 3309 1711 ,
3350 1660 3486 1699 conv

1901 1718 2298 1776 demnationem
2348 1740 2456 1779 sua:
2499 1727 2791 1796 impietatis
2832 1728 3087 1799 eliugient
3130 1748 3144 1785 :
3184 1733 3277 1788 sed
3309 1749 3483 1803 neque

1823 1818 1868 1880 Β
1900 1807 2245 1879 Theodorus,
2281 1815 2371 1883 qui
2415 1829 2651 1885 paganos
2679 1828 2731 1873 et
2760 1819 2989 1886 Judtcos,
3018 1830 3073 1876 et
3099 1837 3290 1879 omnes
3320 1825 3484 1881 hatre-

1896 1900 2033 1955 ticos
2075 1903 2352 1973 impietate
2390 1920 2633 1977 superat.
2679 1910 2848 1981 lmpio
2881 1915 3021 1968 enim
3060 1914 3347 1972 Theodoro
3373 1935 3480 1975 non

1894 1990 2107 2048 suffecit
2133 2010 2296 2065 super
2323 1997 2455 2053 alias
2491 1999 2609 2068 ejus
2645 2002 3006 2085 blasphemias
3043 2007 3109 2061 ad
3137 2024 3291 2063 suum
3328 2024 3476 2066 erro-

1896 2098 2009 2137 rem
2041 2085 2181 2141 male
2209 2087 2548 2158 interpretari
2570 2094 2871 2163 symbolum
2902 2106 3261 2154 trecentorum
3288 2100 3476 2158 decem

1892 2182 1946 2228 et
1967 2185 2090 2229 octo
2118 2188 2429 2233 sanctorum
2460 2179 2701 2247 Patrum,
2745 2184 2840 2239 sed
2866 2186 3025 2240 etiam
3048 2198 3360 2261 contempto
3382 2208 3468 2260 eo,

1891 2263 2035 2319 aliud
2064 2268 2366 2338 symbolum
2398 2274 2648 2339 exposuit
2676 2276 2821 2330 omni
2852 2277 3126 2347 impietate
3154 2282 3386 2351 plenum,
3421 2286 3474 2340 in

1889 2370 1998 2425 quo
2027 2359 2488 2415 anathematizare
2529 2378 2691 2418 ausus
2719 2375 2802 2421 est
2826 2381 2922 2423 eos
2962 2370 3054 2439 qui
3083 2372 3242 2426 aliter
3259 2376 3472 2445 sapiunt

1888 2451 1972 2506 vel
2006 2451 2240 2515 tradunt,
2269 2461 2347 2522 ut,
2378 2464 2637 2525 quantum
2660 2459 2727 2513 ad
2756 2461 2895 2515 illius
2924 2463 3185 2519 insaniam
3217 2469 3469 2538 pertinet,
3506 2517 3513 2525 .

1889 2556 2077 2597 omnes
2100 2545 2270 2599 sancti
2289 2547 2521 2615 apostoli
2546 2558 2600 2604 et
2617 2547 2804 2605 Patres
2826 2544 3333 2613 condemnarentur.
3358 2558 3476 2616 Hoc

1888 2639 2069 2687 autem
2100 2632 2368 2689 Theodori
2400 2637 2618 2707 impium
2652 2640 2952 2710 symbolum
2997 2654 3052 2698 et
3099 2646 3154 2699 in
3203 2645 3485 2718 Ephesina‘

1886 2721 2058 2791 prima
2099 2724 2308 2795 synodo
2334 2727 2625 2795 prolatum,
2658 2738 2713 2784 et
2744 2730 2795 2784 in
2824 2728 3252 2790 Chalct-tloncnsi
3281 2740 3477 2793 recita-

1887 2822 2022 2874 tum.
2053 2817 2119 2869 ab
2147 2826 2372 2887 utraque
2400 2821 2609 2892 synodo
2633 2838 2753 2876 cum
2781 2823 2896 2890 ejus
2924 2828 3266 2895 expositore,
3313 2842 3367 2885 et
3395 2834 3474 2889 eis

1887 2908 1977 2977 qui
2008 2908 2134 2961 illud
2165 2910 2496 2980 suscipiunt,
2527 2915 2939 2971 condemnatum
2971 2928 3069 2974 est.

1959 2997 2224 3063 Quoniam
2253 3010 2434 3056 autem
2464 3003 2711 3072 quidam,
2758 3008 2920 3061 verba
2952 3026 3052 3079 pro
3079 3010 3363 3071 Theodoro
3389 3018 3471 3072 fa-

1889 3086 2115 3154 cientes,
2139 3104 2258 3143 cum
2290 3089 2639 3160 proferuntur
2662 3094 2826 3165 impia
2856 3096 2972 3166 ejus
3000 3103 3326 3174 conscripta,
3353 3123 3474 3178 pro-

203 3166 401 3222 ἐνγσαν
457 3171 637 3231 αὐτοῖς
672 3173 989 3248 βλασφημίαν
1032 3184 1436 3249 προσποιοῦνται
1478 3183 1568 3251 μὲν
1599 3181 1780 3255 λέγειν,

1889 3188 2009 3247 pter
2054 3178 2311 3235 insertam
2350 3183 2431 3237 eis
2466 3183 2855 3253 blasphemiam
2903 3166 3231 3260 contingunt
3254 3166 3472 3264 quidem

203 3256 270 3312 ὅτι
294 3260 460 3318 ἀσεϐῆ
487 3268 659 3315 ταῦτα
700 3267 969 3335 τυγκίάνει.
999 3268 1144 3321 αὐτὸν
1184 3266 1237 3323 δέ
1276 3270 1362 3324 τὸν
1388 3272 1625 3331 τοιαύτην
1659 3275 1783 3327 ἀσί-

203 3349 328 3403 ϐίιαν
355 3352 670 3419 ἔξεμέσαντα
699 3363 1064 3429 παραιτοῦνται
1106 3360 1502 3430 ἀναθεματίζειν,
1526 3363 1782 3435 θαυμάζο-

201 3463 281 3511 μεν
304 3452 398 3504 τήν
428 3450 627 3501 τούτων
656 3445 845 3511 ἄνοιαν,
878 3449 955 3504 ὄτι
981 3459 1043 3525 τῇ
1069 3455 1175 3526 θεία
1209 3454 1459 3523 τολμῶσιν
1490 3457 1781 3512 ἐναντιοῦσ-

200 3539 271 3591 θαι
293 3547 464 3614 γραφῇ
488 3549 708 3614 οανερῶς
734 3546 974 3614 λεγούσῃ,
1000 3542 1079 3598 ὅτι
1105 3561 1123 3594 t
1148 3546 1196 3596 ἐν
1219 3543 1313 3616 ἴσῳ
1341 3548 1531 3617 μισητὰ
1558 3556 1665 3620 Θεῷ
1698 3553 1783 3603 ναὶ

199 3626 225 3681 ὅ
246 3630 444 3683 ἀσεϐῶν
465 3633 551 3685 καί
573 3634 603 3689 ἠ
626 3633 827 3686 ἀσέϐεια
849 3636 1004 3688 αὑτοῦ
1051 3653 1068 3685 ι
1104 3638 1190 3689 Καὶ
1218 3638 1315 3710 γὰρ
1342 3637 1401 3692 τὸ
1429 3639 1665 3711 πραχθέν
1690 3643 1783 3694 σὺν

200 3729 264 3789 τῷ
298 3722 551 3796 δράσαντι
589 3725 961 3780 κολασθιισεται.
998 3728 1053 3780 Ei
1082 3724 1134 3781 δὲ
1162 3726 1346 3799 ὁμοίως
1461 3732 1613 3784 αὐτοῦ
1654 3732 1777 3784 ἀσε-

203 3810 302 3886 ϐείᾳ
326 3815 544 3883 pta-1.76;
571 3822 678 3887 Θεῷ
706 3819 789 3869 καί
814 3816 839 3869 ὁ
868 3818 1091 3882 ἀσεϐῶν,
1128 3817 1376 3894 πρόδηλον
1405 3823 1473 3878 ὡς
1502 3820 1526 3873 ὁ
1552 3829 1779 3882 τοιοῦτος

201 3908 503 3979 κεχώρισται
525 3915 617 3962 τοῦ
642 3914 794 3971 Θεοῦ,
822 3912 905 3963 καὶ
932 3916 1005 3982 τῷ
1028 3910 1303 3981 ἀναθέματι
1329 3909 1534 3974 δικαίως
1562 3914 1799 3968 ύποϐἀλέ

198 3990 343 4051 λεται.
376 3998 445 4052 Τὸ
464 4002 564 4074 γὰρ
588 3999 812 4071 ἀνάθεμα
852 4000 991 4056 οὐδὲν
1019 4003 1191 4077 ἕτερον
1221 4008 1471 4074 σημαίνει.
1499 4005 1532 4064 ἦ
1566 4006 1651 4061 τὸν
1678 4007 1779 4061 ἀπὸ

197 4091 279 4139 τοῦ
299 4095 429 4142 Θεοῦ
458 4093 745 4166 χωρισμὸν,
779 4093 845 4151 ὡς
873 4094 923 4146 ἰν
964 4099 1027 4167 τῇ
1054 4093 1247 4166 παλαιᾷ
1270 4090 1357 4149 καί
1385 4104 1530 4167 καινῇ
1570 4094 1777 4172 διαθήκῃ

197 4176 249 4229 τὸ
275 4180 505 4254 περὶτοῦ
543 4181 852 4253 ἀναθέματος
888 4188 1051 4252 κρῖμα
1090 4179 1255 4240 δηλοῖ.
1277 4180 1392 4239 Ὀτι
1431 4183 1484 4240 δὲ
1531 4183 1558 4239 ὁ
1602 4187 1777 4263 κύριος

198 4271 307 4329 τοὺς
333 4276 407 4341 μή
437 4266 587 4331 ὄντας
622 4273 673 4326 ἐν
697 4279 771 4345 τῷ
794 4280 885 4334 τῆς
908 4273 1132 4335 ἀληθείας
1162 4276 1319 4329 αὐτοῦ
1344 4276 1498 4350 λίνῳ,
1524 4296 1777 4350 κεχωρισ-

196 4359 366 4431 μένους
413 4357 539 4418 εἶναι
586 4362 714 4435 λέγει
741 4372 831 4424 τῆς
879 4365 1159 4430 ἐκκλησίας,
1205 4366 1255 4419 ἕν
1292 4376 1364 4439 τῷ
1393 4370 1524 4423 κατὰ
1550 4367 1776 4429 Ἰωάννην

196 4452 459 4525 εὐαγγελίῳ
480 4455 611 4529 πρὸς
638 4458 759 4516 τοὺς
786 4454 1063 4518 Ἰουδαίους
1089 4455 1433 4531 διαλεγόμενος
1459 4460 1592 4515 οὕτω
1632 4466 1766 4534 φησί’

1888 3266 2068 3328 dicere
2092 3273 2238 3342 quod
2267 3274 2429 3345 impia
2458 3286 2611 3342 sunt,
2642 3277 2814 3348 ipsum
2844 3290 3022 3336 autem
3064 3285 3155 3353 qui
3185 3286 3343 3341 talem
3373 3288 3473 3342 im-

1887 3363 2142 3433 pietatem
2172 3367 2440 3433 evomuit,
2491 3373 3229 3431 recusantanathematizare
3261 3395 3274 3430 :
3308 3378 3473 3433 mira-

1887 3471 2007 3509 mur
2032 3470 2220 3510 eornm
2244 3456 2593 3522 dementiam,
2622 3460 2768 3528 quod
2794 3461 2987 3517 divina
3016 3465 3307 3536 Scriptura:
3334 3486 3469 3524 con-

1886 3545 2046 3600 traria
2079 3553 2263 3613 agunt,
2296 3546 2577 3602 evidenter
2604 3548 2822 3614 dicenti,
2856 3552 2981 3620 quia
3011 3557 3280 3624 arquatiter
3307 3559 3471 3614 horti—

1884 3635 2010 3690 bilia
2038 3646 2160 3689 sunt
2188 3636 2326 3707 apud
2358 3636 2534 3692 Deum
2561 3640 2750 3709 impius
2796 3652 2846 3696 et
2876 3645 3115 3712 impietas
3154 3648 3267 3717 ejus
3296 3650 3468 3722 (Sap.

1883 3730 2017 3796 xw).
2050 3726 2209 3783 Actio
2248 3728 2391 3783 enim
2431 3745 2553 3784 cum
2583 3741 2804 3788 auctore
2832 3732 3059 3807 [actore]
3102 3741 3389 3806 punietur:
3421 3742 3467 3797 si

1882 3830 2060 3877 autem
2087 3823 2334 3878 similiter
2357 3824 2615 3894 impietati
2645 3826 2915 3883 horribilis
2935 3838 3018 3884 est
3036 3830 3151 3887 Deo
3177 3840 3234 3887 et
3261 3833 3350 3888 ille
3371 3835 3466 3904 qui

1882 3915 2042 3984 impie
2072 3915 2200 3984 agit,
2229 3925 2378 3970 certe
2406 3926 2686 3986 separatus
2711 3929 2793 3974 est
2822 3920 2942 3976 talis
2962 3936 2991 3975 a
3015 3920 3145 3987 Deo,
3165 3931 3221 3977 et
3245 3926 3467 3981 anathe-

1880 4007 2008 4059 mati
2050 4007 2196 4075 juste
2238 4007 2538 4083 subjicitur.
2568 4008 2867 4065 Analhema
2897 4013 3038 4066 enim
3068 4016 3199 4070 nihil
3225 4017 3367 4073 aliud
3395 4020 3469 4074 si-

1879 4097 2125 4166 gnificat,
2161 4086 2259 4153 nisi
2288 4114 2316 4153 a
2351 4099 2459 4155 Deo
2488 4102 2887 4170 separationem
2908 4148 2922 4172 ,
2951 4106 3088 4160 sicut
3124 4107 3175 4161 in
3204 4108 3385 4164 Veteri
3411 4118 3468 4167 et

1878 4190 2029 4245 Novo
2055 4190 2401 4247 Testamento
2424 4191 2682 4261 judicium
2707 4194 2774 4249 de
2802 4197 3146 4255 anathemate
3173 4199 3461 4270 significat.

1878 4281 2031 4348 Quod
2062 4293 2243 4337 autem
2268 4290 2325 4336 et
2354 4282 2612 4339 Dominus
2639 4298 2737 4339 eos
2774 4285 2862 4356 qui
2895 4303 3002 4342 non
3043 4300 3364 4358 permanent
3409 4292 3464 4349 in

1875 4373 2042 4427 verbo
2072 4372 2313 4427 veritatis
2362 4372 2565 4441 ipsius,
2624 4383 2904 4443 separatos
2942 4391 3063 4431 esse
3110 4378 3179 4432 ab
3220 4377 3461 4436 Ecclesia

1875 4463 2027 4530 dicit,
2056 4464 2107 4518 in
2138 4461 2429 4531 Evangelia
2456 4464 2749 4519 secundum
2776 4462 3038 4520 Joannem
3067 4465 3281 4523 Judzcos
3320 4469 3460 4524 allo-

200 4558 221 4593 σ
240 4550 336 4607 Πᾶς
358 4544 553 4600 ὁποιῶν
579 4551 671 4605 τήν
691 4547 944 4618 ἁμαρτίαν
963 4546 1141 4609 δοῦλός
1167 4550 1280 4605 ἐστι
1306 4557 1398 4610 τῆς
1424 4549 1700 4624 ἁμαρτίας.
1723 4564 1778 4607 ‘0

1887 4570 2073 4624 quens,
2115 4555 2193 4609 sic
2213 4554 2289 4607 ait
2331 4570 2346 4604 :
2391 4553 2574 4615 Omnis
2600 4554 2687 4624 qui
2716 4554 2841 4626 facit
2867 4565 3150 4624 peccatum,
3181 4576 3355 4615 servus
3383 4573 3462 4618 est

198 4631 244 4689 δέ
268 4634 441 4697 δοῦλος
462 4642 520 4690 οὐ
548 4639 680 4704 μένει
700 4641 750 4693 ἐν
777 4648 839 4713 τῇ
859 4643 992 4714 οἰκίᾳ
1018 4643 1090 4702 εἰς
1116 4642 1199 4698 τὸν
1232 4645 1412 4707 αἰῶνα,
1437 4641 1463 4697 ὁ
1484 4641 1537 4698 δὲ
1557 4645 1665 4704 υίὸς
1690 4648 1773 4716 μέο

195 4746 261 4784 νει
285 4733 354 4789 εἰς
383 4732 466 4784 τὸν
486 4735 663 4785 αἰῶνα.
699 4750 716 4781 ι
744 4729 859 4787 Ὀτι
886 4730 940 4786 δέ
959 4737 1049 4792 τήν
1065 4731 1208 4807 τιαρᾶ
1229 4740 1318 4788 τοῦ
1341 4736 1518 4805 κυρίου
1537 4738 1772 4807 ὠνομασ-

195 4822 336 4889 μένην
376 4823 534 4876 οἰκίαν
575 4825 605 4881 ἠ
631 4824 737 4877 θεία
774 4829 938 4897 γραφὴ
959 4824 1221 4881 ἐκκλησίαν
1259 4833 1387 4879 Θεοῦ
1408 4830 1591 4890 Came;
1614 4829 1767 4890 καλεῖ,

195 4909 519 4973 ὁὰπόστολος
560 4923 816 4989 μαρτυρεῖ
850 4916 898 4968 ἑ)
929 4922 992 4990 τῇ
1026 4917 1156 4987 πρὸς
1190 4914 1431 4985 Τιμόθεον
1462 4920 1636 4995 πρώτῃ
1662 4919 1772 4974 ἐπι-

196 5003 361 5077 στολῇ.
918 5012 936 5021 ’

259 5097 316 5148 Εἰ
345 5092 398 5150 ὂέ
443 5096 647 5169 λέγουσί
692 5115 824 5156 τινις
859 5101 928 5168 μὴ
969 5093 1070 5151 δεῖν
1109 5094 1365 5171 Θεόδωρον
1395 5098 1525 5167 μετὰ
1562 5097 1770 5157 θάνατον

193 5187 653 5259 ἀναθεματίζεσθαι,
687 5189 916 5243 ἴστωσαν
944 5188 990 5242 oi
1019 5190 1101 5244 τὸν
1130 5196 1355 5244 τοιοῦτον
1396 5190 1643 5265 αἱρετικὸν
1684 5192 1766 5244 ix-

194 5276 460 5341 ὃικοῦντες,
516 5282 585 5339 ὡς
636 5284 742 5338 πᾶς
795 5280 1046 5354 αἰρετικὸς
1089 5282 1252 5353 μέχρι
1302 5281 1472 5341 τέλους
1510 5289 1573 5355 τῇ
1611 5283 1769 5356 οἰκείᾳ

194 5367 348 5443 πλάνη
383 5371 622 5438 ἐμμείνας
658 5366 969 5441 δικαιότερον
1011 5367 1227 5427 διηνεκεῖ
1273 5373 1655 5445 ἀναθεματισμῷ
1685 5376 1769 5428 καί

192 5466 315 5527 μετὰ
340 5463 546 5516 θάνατον
579 5461 937 5515 ὑποϐάλλεται.
981 5464 1077 5515 Καὶ
1098 5467 1251 5515 τοῦτο
1282 5461 1362 5514 ἐπὶ
1393 5461 1596 5522 πολλοῖς
1630 5464 1769 5535 γέγο-

195 5573 266 5608 νεν
292 5555 560 5630 αἱρετικοῐς
581 5556 943 5629 ἀρχαιοτέροις
967 5574 1022 5610 τε
1061 5558 1146 5608 καί
1187 5561 1289 5613 τοῖς
1314 5554 1595 5629 ἐγγυτέρω·
1622 5578 1767 5611 τουτ-

193 5647 298 5700 έστι
339 5647 621 5716 Βαλεντίνῳ,
658 5643 954 5717 Βασιλείδῃ,
999 5647 1294 5717 Μαρκίωνι,
1324 5647 1573 5718 Κηρίνθῳ,
1606 5657 1762 5701 Μανι-

193 5738 343 5805 χαίῳ,
370 5737 620 5809 Εὐνομίῳ,
646 5738 729 5790 καί
756 5734 977 5804 Βονόσῳ·
1000 5739 1152 5788 τοῦτο
1179 5732 1232 5789 δέ
1256 5736 1378 5789 αὐτὸ
1401 5738 1485 5790 καί
1525 5738 1610 5791 ἐπὶ
1638 5744 1763 5791 Θεο-

194 5820 335 5896 ὂῶρῳ
359 5826 521 5897 γέγονε
545 5828 628 5879 καί
653 5826 705 5878 ἐν
730 5828 833 5898 ζωῇ
863 5825 1269 5899 κατηγορηθέντι,
1294 5826 1376 5878 καί
1403 5828 1534 5895 μετά
1558 5827 1764 5883 θάνατον

1186 5963 1203 5986 \

1878 4645 2091 4714 peccati.
2126 4642 2314 4698 Servus
2333 4652 2503 4696 autem
2532 4659 2632 4697 non
2655 4652 2825 4697 manet
2846 4645 2900 4698 in
2930 4645 3080 4701 domo
3099 4648 3153 4702 in
3176 4658 3458 4720 aeternum;

1877 4736 2018 4806 ﬁlius
2047 4743 2214 4789 autem
2241 4744 2508 4802 permanet
2544 4736 2596 4788 in
2626 4744 2874 4789 azternum
2904 4738 2922 4806 (
2939 4736 3099 4792 Joan.
3129 4742 3272 4810 vm).
3304 4742 3457 4810 Quod

1876 4836 2078 4888 autem,
2108 4842 2269 4895 quam
2301 4827 2559 4884 Dominus
2590 4827 2831 4883 nominat
2851 4827 3094 4899 domum,
3118 4831 3293 4888 divina
3320 4834 3459 4890 Scri-

1877 4925 2031 4987 ptura
2083 4916 2371 4972 Ecclesiam
2419 4916 2515 4973 Dei
2545 4917 2650 4971 vivi
2695 4926 2883 4986 vocat,
2912 4908 3202 4990 Apostolus
3230 4930 3458 4979 testatur

1877 5007 1932 5063 in
1959 5007 2199 5079 Epistola
2226 5010 2395 5079 prima
2426 5010 2493 5065 ad
2521 5009 2859 5065 Timotheum
2893 5011 3045 5082 (Cap.
3071 5014 3175 5080 ιιι).

1942 5100 1999 5157 Si
2025 5116 2154 5156 vero
2183 5099 2398 5171 quidam
2422 5101 2636 5166 dicunt,
2688 5117 2795 5156 non
2822 5109 3080 5172 oportere
3109 5102 3451 5162 Theodorum

1871 5200 1995 5263 post
2013 5198 2244 5248 mortem
2270 5192 2744 5258 anathematizari,
2776 5193 2951 5249 sciant
2974 5194 3063 5264 qui
3096 5195 3255 5249 talem
3284 5197 3453 5254 hzere-

1870 5284 2033 5340 ticum
2061 5282 2394 5346 defendunt,
2444 5281 2588 5354 quod
2628 5284 2801 5337 omnis
2845 5284 3130 5340 btereticus
3177 5301 3343 5356 usque
3381 5290 3451 5344 ad

1873 5372 2033 5428 linem
2062 5374 2187 5428 vitae
2218 5373 2269 5427 in
2300 5388 2400 5429 suo
2431 5388 2617 5429 errore
2640 5388 2992 5443 permanens,
3018 5375 3164 5444 juste
3191 5389 3452 5448 perpetuo

1870 5464 2200 5519 anathemati
2250 5472 2306 5519 et
2352 5472 2475 5532 post
2511 5471 2741 5518 mortem
2770 5464 3074 5532 subjicitur.
3132 5464 3202 5520 Et
3247 5468 3352 5526 hoc
3399 5471 3453 5525 in

1869 5552 2051 5608 multis
2080 5552 2352 5613 hicreticis
2378 5563 2434 5607 et
2463 5550 2856 5620 antiquioribus
2884 5560 2941 5607 et
2986 5555 3328 5625 propioribus
3370 5558 3452 5612 fa-

1867 5653 2011 5700 ctum
2056 5650 2160 5708 est,
2206 5642 2262 5697 id
2291 5651 2374 5698 est
2402 5642 2717 5708 Valentino,
2749 5643 3003 5714 Basilide,
3030 5644 3320 5714 Marciane,
3348 5648 3455 5706 Ce-

1867 5734 2072 5799 rintho,
2105 5731 2425 5811 Manichmo,
2457 5732 2756 5802 Eunomia,
2784 5743 2841 5790 et
2867 5734 3102 5801 Bonoso.
3132 5737 3250 5795 Hoc
3269 5748 3450 5797 autem

1863 5826 2009 5882 idem
2038 5833 2095 5884 et
2118 5826 2174 5882 in
2204 5823 2492 5883 Theodoro
2512 5824 2721 5883 factum.
2742 5835 2844 5897 est,
2870 5836 2927 5884 et
2955 5829 3010 5885 in
3039 5829 3149 5886 vita
3170 5839 3445 5901 accusato,
