4032 6190
535 354 640 411 253

1905 328 2200 389 VlGlLlUS
2238 326 2431 383 PAPA.

3676 319 3768 374 9.ὺο

537 470 980 543 ἀναθεματισθέντι
1005 466 1107 521 ύπό
1133 470 1233 519 τῶν
1262 462 1416 534 ἀγίων
1436 460 1689 531 πατέρων.
1720 452 1804 515 Οἷς
1835 456 1878 509 εί
1906 456 1973 522 μή
2003 450 2118 523 βού-
2148 453 2175 508 Δ

2274 482 2279 496 .
2315 451 2438 512 post
2475 448 2701 494 mortem
2731 435 3184 495 anathematizato
3225 448 3254 486 a
3289 432 3488 487 sanctis
3526 430 3772 495 Panibus,

2300 535 2329 543 -.
2465 533 2478 543 ι
2617 530 2631 543 ι
2832 528 2845 543 I
2954 527 2965 538 ο
3012 535 3024 543 .
3098 535 3114 543 Α
3148 523 3381 543 I,___.-.!-1
3419 522 3524 543 At---
3552 521 3741 543 .l-l‘.__-

541 597 711 640 λονται
751 582 1011 638 πείθεσθαι
1033 582 1099 639 ὡς
1133 578 1374 652 αίρετικοί
1411 575 1456 629 oi
1483 575 1670 629 τούτου
1702 565 2121 637 ἀντιποιούμενοι,

544 680 763 749 17370171:
810 670 933 745 παρ’
979 671 1141 724 αὐτῶν
1186 665 1504 738 ἐκδικουμένη
1542 663 1723 719 ἀσεϐεῖ
1749 659 1992 731 ἒπιστολνρ
2037 679 2125 712 πι-

547 766 934 825 οτευσάτωσαν,
962 763 1073 821 ἧτις
1101 765 1145 814 εἱ
1179 761 1263 815 καὶ
1301 760 1363 814 τά
1390 758 1609 827 μάλιστα
1632 753 1884 828 Θεόδωρον
1914 749 2125 810 ἐκδεκεῖ,

543 857 681 931 ὅμως
718 862 940 931 φανερῶς
981 855 1130 927 λέγει,
1181 851 1259 910 ὅτι
1303 856 1385 907 καί
1428 853 1510 905 ἐπί
1534 849 1796 909 ἐκκλησίας
1822 847 1947 920 παρ’
1975 845 2128 913 ἀγῖων

551 951 782 1022 πατέρων
803 948 1186 1019 ἀνεθεματὶσθη,
1214 947 1296 997 καί
1320 945 1368 1007 ἐξ
1404 944 1595 996 ἑκείνου
1624 939 1775 998 πολλή
1812 943 2021 1001 ζήτησις
2047 935 2131 1004 γί-

549 1063 661 1114 γονε
692 1045 810 1115 περὶ
835 1046 931 1094 τῶν
957 1042 1114 1093 αὑτοῦ
1138 1039 1577 1111 συγγραμμάτων,
1604 1035 1672 1093 ὡς
1698 1031 1937 1090 ἀσεϐείας
1965 1028 2134 1088 δηλον-

554 1134 631 1188 ότι
661 1130 1092 1205 πεπληρωμένων·
1125 1135 1280 1184 τοῦτο
1321 1125 1373 1181 δὲ
1415 1126 1610 1179 ἐποίουν
1648 1128 1927 1181 τηνικαῦτα
1967 1120 2013 1173 ei.
2044 1128 2137 1179 τῆς

556 1223 808 1281 καθολικῑλς
835 1221 1119 1283 ἐκκλησίας,
1150 1216 1219 1289 ἐφ’
1243 1216 1281 1289 ᾧ
1309 1222 1379 1286 μὴ
1402 1219 1520 1277 τοὺς
1549 1215 1930 1288 ἁπλουστέρους
1960 1213 2136 1281 ἐντυγ-

560 1313 815 1382 χάνοντας
841 1318 946 1369 τοῖς
994 1310 1177 1362 ἐκείνου
1209 1308 1425 1362 ἀσεϐέσι
1452 1306 1824 1380 συγγράμμασι
1864 1312 1957 1364 τῆς
1995 1304 2141 1378 ὀρθῆς

561 1404 967 1478 παρατρέπεσθαι
1006 1401 1250 1460 πίστεως.
1274 1399 1389 1454 Ὀτι
1432 1398 1485 1454 δὲ
1528 1400 1573 1452 οἱ
1619 1400 1826 1458 ἀσεϐεῖς
1872 1399 1919 1451 εί
1963 1400 2045 1450 καί
2072 1400 2143 1467 μὴ

563 1499 698 1552 κατὰ
739 1496 1008 1570 πρόσωπον
1057 1496 1147 1563 μίν
1205 1494 1254 1547 ἐν
1300 1496 1402 1567 ζωῇ
1439 1492 1679 1555 δέξωνται
1723 1490 2141 1561 ἀναθεματισμὸν,

568 1586 704 1658 ὅμως
730 1590 811 1642 καὶ
836 1587 967 1657 μετά
986 1587 1198 1640 Θάνατον
1224 1585 1672 1652 ἀναθεματίζονται
1700 1581 1802 1635 ύπό
1835 1588 1927 1639 τῆς
1961 1578 2149 1633 καθολι-

568 1688 657 1739 κῆς
701 1678 986 1741 ἐκκλησίας,
1018 1675 1269 1733 δείκνυται
1295 1677 1345 1729 ἐκ
1372 1683 1470 1730 τῶν
1507 1674 1660 1748 ἀγίων
1702 1671 1946 1730 συνόδων.
1979 1682 2029 1725 ‘H
2058 1674 2160 1749 pia!

2224 535 2415 606 quibus
2435 533 2480 587 si
2508 530 2730 586 credere
2761 527 3031 596 noluerim
3060 535 3119 579 ut
3147 523 3381 579 haeretici
3413 522 3529 591 ejus
3546 521 3774 578 defenso—

2224 643 2331 692 res,
2363 625 2449 681 vel
2477 624 2652 693 impiae
2681 621 2940 691 epistolae,
2989 634 3150 689 quam
3181 616 3278 687 ipsi
3320 614 3641 680 defendunt,
3669 632 3776 669 cre-

2227 719 2375 774 dant.
2442 715 2572 782 Quae
2612 714 2740 768 licet
2781 710 3123 765 Theodorum
3178 705 3480 769 collaudct,
3522 704 3780 763 manifeste

2232 818 2409 860 tamen
2438 802 2586 867 dicit,
2618 800 2760 871 quod
2792 801 2844 853 in
2872 797 3109 852 Ecclesia
3137 812 3168 849 a
3189 795 3388 851 sanctis
3413 793 3651 848 Patribus
3670 810 3781 848 ana-

2230 895 2607 950 thematizatus
2636 900 2749 956 est,
2796 898 2855 945 et
2881 904 2951 944 ex
2992 887 3084 942 illo
3110 885 3337 956 plurima
3368 883 3636 953 inquisitio
3665 883 3783 940 facta

2234 993 2315 1041 est
2342 985 2408 1039 de
2436 983 2551 1053 ejus
2578 979 2918 1048 conscriptis,
2944 985 3001 1032 ut
3031 984 3156 1046 pote
3180 974 3352 1045 plenis
3380 974 3664 1043 impietate.
3687 973 3785 1028 lloc

2235 1084 2415 1131 autem
2447 1083 2573 1128 tunc
2600 1071 2867 1125 faciebant
2911 1066 3193 1122 catholica:
3240 1063 3498 1119 Ecclesire
3543 1064 3785 1128 doctores,

2237 1181 2307 1221 ne
2334 1164 2688 1234 simpliciores
2737 1160 2979 1227 legentes
3021 1157 3160 1211 illius
3204 1153 3367 1225 impia
3396 1156 3718 1223 conscripta,
3761 1170 3788 1208 a

2236 1265 2385 1312 recta
2414 1254 2517 1311 ﬁde
2543 1252 2896 1308 declinarent.
2947 1246 3099 1315 Quod
3124 1255 3306 1301 autem
3335 1244 3514 1314 impii,
3557 1243 3678 1300 licet
3695 1260 3789 1299 non

2216 1349 2294 1403 ’in
2319 1347 2429 1403 vita
2457 1347 2513 1401 in
2539 1359 2691 1400 suam
2722 1355 3011 1413 personam
3041 1338 3331 1392 anathema
3358 1337 3695 1406 susceperint,
3717 1346 3788 1390 ta-

2243 1454 2368 1495 men
2403 1446 2458 1492 et
2508 1443 2629 1508 post
2677 1441 2904 1488 mortem
2946 1427 3471 1483 anathematizentur
3498 1440 3527 1479 a
3554 1425 3786 1480 catholica

2246 1528 2484 1585 Ecclesia
2503 1569 2519 1595 ,
2548 1523 2851 1582 ostenditur
2878 1536 2909 1575 a
2936 1519 3137 1574 sanctis
3165 1516 3407 1589 synodis.
3438 1516 3641 1571 Nicatna
3668 1516 3786 1570 enim

2246 1619 2483 1692 synodus
2511 1631 2606 1672 eos
2629 1613 2725 1683 qui
2758 1611 2905 1682 impii
2952 1605 3213 1682 [impiam]
3245 1607 3361 1661 Arii
3389 1613 3587 1661 sectam
3613 1605 3789 1673 colant,

2249 1710 2366 1766 sine
2393 1709 2607 1763 nomine
2635 1698 3124 1758 anathematizavit.
3157 1696 3291 1764 Qum
3318 1703 3497 1750 autem
3524 1693 3791 1751 Constanti-

569 1773 670 1844 γὰρ
716 1772 767 1825 ἐν
802 1773 981 1844 Nimia:
1026 1772 1146 1830 τοὺς
1190 1770 1248 1822 τὸ
1290 1768 1475 1828 ἀσεϐὲς
1501 1765 1690 1841 ’Δρείου
1723 1766 1949 1841 φρόνημα
1988 1784 2148 1839 πρεσ-

2274 1799 2434 1870 iopoli
2464 1802 2787 1864 congregata
2811 1799 2926 1856 est,
2972 1788 3193 1860 impiam
3240 1785 3540 1842 Macedonii
3582 1785 3790 1840 haeresim

575 1864 817 1921 ϐεύοντας
843 1862 1111 1933 ἀνωνύμως
1149 1861 1543 1928 ἀνεθεμάτισαν..
1572 1870 1624 1913 Ἥ
1649 1857 1702 1919 δὲ
1735 1859 1786 1912 ίν
1826 1866 2147 1912 κωντταντι-

574 1952 808 2009 νουπόλει
849 1964 940 2009 τήν
989 1950 1295 2005 Μακεδονίου
1339 1951 1689 2007 ἀσεϐεστάτην
1736 1950 1928 2023 ατρεσιν
1971 1946 2153 2018 ὁμοίως

576 2043 929 2114 ἀνεθεμάτισεν
949 2058 961 2072 ·
996 2042 1102 2096 ἀλλ’
1131 2040 1265 2114 ὅμως
1299 2042 1330 2099 ἡ
1371 2040 1493 2113 ἀγία
1519 2047 1617 2095 τοῦ»
1639 2045 1761 2093 Θεοῦ
1804 2038 2040 2096 ἐκκλησία
2074 2040 2158 2091 καὶ

580 2137 710 2205 μετά
736 2136 949 2191 θάνατον
966 2130 1179 2211 Ἄρειον,
1208 2135 1291 2187 καί
1315 2131 1611 2189 Μακεδόνων
1639 2132 1885 2203 όνομαστῑ
1912 2131 2160 2201 ἀναθεμα-

579 2232 725 2294 τίζει.
755 2226 842 2283 Ἐκ
872 2225 1064 2282 πολλῶν
1106 2224 1160 2281 δὲ
1201 2232 1301 2283 τῶν
1350 2223 1653 2288 ἀποδείξεων
1704 2221 2046 2294 ἐλεγχόμενοι,
2093 2223 2162 2281 ὡς

582 2322 835 2379 ἀσεϐοῦσι
859 2318 1089 2381 διακενῆς
1116 2319 1161 2374 oi
1189 2317 1454 2395 Θεοδώρου
1494 2321 1577 2374 καί
1604 2326 1694 2380 τῆς
1724 2317 1961 2380 ἀσεϐείας
1998 2318 2162 2375 αὑτοῦ

584 2413 1007 2485 ἀντιποιούμενοι,
1062 2410 1143 2484 ἐφ’·
1160 2411 1335 2487 ἑτέραν
1374 2412 1599 2484 ματαίαν
1633 2412 1880 2488 πρόφασιν
1916 2413 2169 2483 aucupa};

586 2524 739 2578 γουσι
764 2504 1011 2578 λέγοντες,
1035 2510 1105 2576 μή
1132 2504 1235 2561 δεῖν
1262 2507 1420 2561 αὐτὸν
1447 2507 1901 2573 ἀναθεματισθῆναι
1926 2502 2011 2560 διὰ
2039 2504 2095 2558 τὸ
2117 2505 2167 2558 ἐν

588 2606 653 2673 τῇ
681 2601 911 2672 κοινωνίᾳ
939 2606 1039 2653 τῶν
1063 2598 1349 2653 ἐκκλησιῶν
1367 2598 1793 2655 τετελευτηκέναι.
1820 2593 1958 2651 ’Ἔδει
1991 2594 2049 2650 δὲ
2074 2598 2171 2648 αῦ-

592 2695 713 2750 τούς
741 2689 936 2745 εἰδέναι.
986 2692 1053 2750 ὠς
1096 2692 1272 2744 ἐκείνοι
1309 2689 1611 2745 τελευτῶσιν
1649 2691 1699 2742 ἐν
1726 2697 1790 2763 τῇ
1817 2690 2046 2760 κοινωνίᾳ
2071 2694 2171 2742 τῶν

594 2780 887 2845 ἐκκλησιῶν,
913 2782 959 2835 οί
995 2783 1053 2835 τὸ
1078 2781 1239 2836 κοινόν
1260 2787 1352 2840 τῆς
1394 2779 1656 2839 εὐσεϐείας
1683 2777 1848 2851 δόγμα
1876 2781 1933 2833 τὸ
1973 2778 2057 2832 ἐπί
2080 2786 2172 2837 τῆς

594 2872 851 2933 καθολικῖκ
896 2873 1161 2932 ἐκκλησίας
1208 2871 1573 2947 κηρυττόμενον
1621 2872 1784 2942 μέχρι
1820 2869 1995 2929 τέλους
2020 2869 2175 2939 φυλα-

596 2964 816 3036 ξάμενοι.
848 2961 1012 3026 Οὗτος
1046 2963 1100 3019 δέ
1141 2972 1204 3039 τῇ
1232 2966 1384 3037 οἰκείᾳ
1426 2963 1778 3022 ίντελευτησας
1820 2963 2032 3036 ἀσεϐείᾳ
2068 2963 2174 3017 ἀπὸ

598 3058 770 3118 πάσης
799 3058 1057 3118 ίκκλησίας
1087 3056 1333 3121 ἐξεϐλήθη.
1365 3054 1555 3130 ’Δμλει
1579 3077 1664 3110 τοι
1699 3059 1783 3110 καί
1820 3060 1925 3109 πᾶν
1952 3057 2010 3111 τὸ
2050 3055 2178 3114 πλὴο

2251 1890 2502 1946 similiter
2521 1883 2927 1948 condemnavit;
2950 1881 3047 1937 sed
3075 1888 3253 1934 tamen
3274 1884 3458 1934 sancta
3484 1876 3576 1931 Dei
3591 1874 3792 1931 Ecclesia

2253 1990 2309 2039 et
2336 1988 2458 2053 post
2497 1987 2728 2034 mortem
2764 1976 2948 2031 Arium
2993 1983 3049 2029 et
3091 1971 3470 2050 Macedonium
3516 1968 3796 2045 nominatim

2257 2069 2693 2129 anathematizat.
2740 2067 2876 2122 Cum
2903 2074 3082 2119 autem
3113 2078 3180 2118 ex
3209 2061 3398 2116 multis
3438 2059 3799 2130 probationibus

2258 2163 2679 2228 con-vincuntur,
2734 2157 2879 2227 quod
2908 2169 3239 2226 supervacue
3267 2162 3331 2208 et
3360 2153 3521 2221 impie
3558 2160 3705 2220 agunt
3726 2154 3802 2220 qui

2261 2252 2606 2313 Theodon
2650 2258 2706 2306 et
2730 2249 3061 2323 impietatem
3083 2245 3199 2318 ejus
3229 2244 3545 2309 delendum,
3583 2242 3643 2300 ad
3670 2242 3802 2298 aliam

2262 2365 2457 2405 vanam
2493 2346 2837 2404 occasionem
2881 2342 3222 2413 confugiunt,
3276 2339 3524 2395 dicentes
3550 2352 3650 2392 non
3671 2351 3806 2406 opor-

2264 2451 2381 2496 tere
2408 2455 2532 2495 eum
2557 2433 3004 2494 anathematizari
3024 2448 3090 2488 eo
3110 2430 3255 2503 quod
3276 2432 3337 2484 in
3358 2426 3805 2485 communicatione

2269 2530 2631 2586 Ecelesiarum
2660 2520 2904 2582 mortuu's
2928 2532 3029 2580 est.
3053 2521 3357 2593 Oportebat
3384 2530 3554 2575 autem
3583 2520 3707 2573 scire
3731 2531 3809 2571 eos

2269 2621 2411 2690 quod
2458 2620 2531 2673 illi
2585 2619 2885 2672 moriuntur
2934 2617 2986 2670 in
3039 2612 3530 2671 communicatione
3575 2608 3804 2664 Ecclesia-

2269 2728 2407 2777 ruin,
2437 2710 2528 2780 qui
2552 2724 2839 2764 commune
2867 2705 3084 2777 pietatis
3114 2705 3333 2772 dogma,
3378 2702 3521 2773 quod
3548 2703 3597 2757 in
3625 2703 3802 2755 Univer-

2273 2800 2622 2858 saliEcclesia
2645 2798 2983 2869 prmdicatur,
3014 2811 3181 2865 usque
3207 2794 3274 2850 ad
3294 2792 3458 2849 ﬁnem
3485 2798 3806 2848 servaverunt.

2274 2891 2381 2947 lste
2451 2900 2632 2946 autem
2681 2904 2852 2960 usque
2900 2889 2967 2942 ad
3018 2894 3247 2942 mortem
3296 2887 3355 2940 in
3393 2901 3486 2941 sua
3537 2892 3810 2955 permanens

2275 2983 2571 3053 impietate,
2619 2981 2688 3035 ab
2732 2979 2877 3035 omni
2920 2976 3156 3033 Ecclesia
3195 2974 3406 3047 ejectus
3443 2983 3540 3031 est.
3590 2975 3749 3042 Itaque
3769 2981 3813 3026 et

2279 3076 2453 3132 omnis
2517 3072 2792 3144 plenitudo
2836 3070 3226 3140 Mopsuestenze
3282 3068 3565 3131 Ecclesim,
3637 3068 3683 3120 in
3729 3079 3813 3134 qua

598 3168 747 3223 ρωμα
773 3156 863 3210 τῆς
891 3151 941 3202 ἐν
964 3149 1065 3217 Me;
1079 3150 1284 3221 ουεστίᾳ
1312 3147 1594 3212 ἐκκλησίας,
1628 3147 1676 3199 ἐν
1760 3147 1955 3219 λέγεται
1974 3148 2175 3201 ἐπίσκο-

2282 3167 2565 3237 episcopus
2591 3164 2786 3219 dicitur
2829 3160 2995 3217 fuisse
3038 3161 3299 3234 [propter
3357 3158 3688 3229 blasphemias
3710 3198 3723 3223 ,
3757 3154 3813 3208 ob

602 3264 699 3304 πος
726 3244 1039 3315 γεγενῆσθαι,
1065 3240 1151 3298 διά
1185 3243 1278 3303 τὰς
1306 3241 1646 3312 βλασφημίας,
1678 3238 1742 3295 δι’
1779 3239 1948 3315 ἇσπερ
1973 3236 2178 3299 ἐλλησί

603 3356 689 3398 τε,
718 3338 803 3391 καί
827 3334 1115 3397 Ἰουδαίοις,
1160 3337 1243 3389 καί
1269 3332 1562 3401 Σοδομίταις
1586 3334 1730 3391 παρά
1759 3339 1859 3388 τῶν
1900 3333 2054 3405 ἁγίων
2078 3354 2179 3387 πα-

600 3427 762 3501 τέρων
788 3428 1146 3500 συνηριθμήθη,
1189 3426 1471 3497 ἀπήλειψαν
1500 3426 1548 3490 ἔξ
1578 3427 1759 3480 ἐκείνου
1785 3432 1884 3482 τῶν
1914 3426 2057 3501 ἱερῶν
2089 3434 2182 3486 τῆς

604 3514 867 3577 ειν-λησίας
919 3512 1191 3586 διπτύχων
1240 3519 1329 3573 τήν
1371 3516 1554 3569 τούτου
1593 3517 1964 3591 προσηγορίαν,
2008 3516 2075 3574 ὡς
2113 3515 2184 3569 τά

605 3611 722 3684 περὶ
747 3612 928 3665 τούτου
970 3611 1243 3665 συστάντα
1266 3610 1400 3663 κατά
1443 3613 1534 3666 την
1564 3610 1722 3667 αὐτὴν
1761 3607 1903 3662 πόλιν
1940 3608 2081 3680 παρὰ

609 3698 804 3771 συνόδῳ
825 3708 916 3760 τῆς
941 3700 1203 3773 ἐπαρχίας
1225 3702 1565 3767 ὑπομνήματα
1587 3697 1826 3752 δείκνυσι.
1852 3699 2186 3767 Θαυμάζομεν

609 3795 776 3848 τοίνυν
813 3793 940 3852 τοὺς
969 3789 1280 3850 ίκδικοῦντας
1316 3788 1596 3863 Θεόδωρον,
1643 3790 2007 3855 οἰκειουμένους
2032 3790 2188 3843 αὐτόν

608 3905 663 3939 τε
690 3886 772 3937 καί
796 3888 886 3940 τὴν
912 3885 1074 3937 αὑτοῦ
1103 3879 1515 3949 ἀσέϐειανκὸπου
1542 3902 1598 3955 γε
1629 3884 1659 3939 ἡ
1688 3882 1942 3945 ἐκκλησίας
1974 3883 2022 3935 ἐν
2113 3884 2191 3955 γέ·

609 3995 749 4045 γον-ν
789 3974 1085 4036 ἐπίσκοπος,
1116 3973 1184 4030 ὡς
1226 3972 1472 4045 ατρετικόν
1499 3971 1552 4025 ἐκ
1605 3972 1797 4025 πολλῶδ
1845 3978 1945 4025 τῶν
1992 3971 2192 4048 χρόνον

611 4067 761 4119 αὐτὸν
785 4066 881 4118 ἀπε
892 4065 1080 4119 ϐάλετο.
1101 4062 1219 4120 Ὀτι
1235 4062 1289 4119 δέ
1314 4064 1396 4118 ἐπὶ
1418 4066 1710 4140 κατακρίσει
1735 4066 1889 4138 οἰκείᾳ
1902 4054 1997 4123 ’τήν
2017 4068 2192 4120 τοιαύ-

612 4180 703 4217 την
742 4158 1109 4231 προϐάλλονται
1152 4158 1407 4233 πρόφασιν
1444 4157 1487 4211 οί
1536 4157 1796 4229 Θεόδωρον
1843 4156 2152 4220 ἐκδικοῦντες
2178 4203 2193 4225 ,

611 4246 781 4313 ἔξεστι
813 4256 998 4323 γνῶναι
1020 4252 1103 4302 καί
1138 4249 1190 4312 ἐξ
1213 4249 1365 4304 αὐτοῦ
1394 4254 1486 4302 τοῦ
1510 4249 1596 4304 ἐπὶ
1621 4245 1789 4303 Ἰούδα
1816 4250 2080 4321 γενομένου
2107 4271 2195 4321 φο·

616 4340 768 4416 ϐερῦ
804 4343 1063 4415 κρίματος.
1089 4339 1296 4401 Ἐκεῖνος
1323 4343 1423 4413 γάρ
1449 4343 1662 4411 νομίσας
1702 4342 1951 4397 λανθάνειν
2000 4342 2087 4397 τόν
2127 4345 2197 4398 τά

616 4433 818 4506 κρυπτά
845 4440 945 4486 τῶν
969 4432 1247 4509 ἀνθρώπων
1273 4434 1601 4504 γινώσκοντα,
1630 4434 1918 4490 ἐκοινώνησε
1945 4441 2044 4488 τῶν
2071 4455 2199 4506 μυσ-

2279 3270 2413 3327 quas
2455 3252 2707 3326 paganis]
2756 3267 2876 3307 cum
2907 3252 3195 3306 invenisset
3221 3250 3374 3319 quod
3415 3249 3625 3320 paganis
3666 3255 3713 3302 et
3737 3244 3813 3299 Ju-

2281 3348 2412 3403 dreis
2456 3355 2512 3402 et
2555 3344 2921 3401 Sodomitanis
2957 3357 2988 3397 a
3019 3343 3221 3397 sanctis
3274 3339 3521 3394 Patribus
3562 3350 3813 3393 connume-

2282 3446 2432 3494 ratus
2477 3444 2560 3491 est
2584 3478 2598 3505 ,
2648 3434 2967 3491 deleverunt
3014 3433 3114 3505 ipsi
3158 3448 3226 3487 ex
3278 3431 3376 3487 illo
3423 3447 3453 3485 a
3489 3430 3645 3485 sacris
3675 3425 3818 3481 Eccle

2285 3531 2377 3584 sia:
2406 3526 2670 3598 diptychis
2699 3526 2815 3594 ejus
2846 3539 3069 3587 nomen,
3107 3524 3246 3579 sicut
3284 3532 3439 3591 gesta
3466 3522 3531 3577 de
3556 3521 3652 3575 hoc
3676 3519 3721 3572 in
3745 3531 3815 3572 ea-

2286 3621 2406 3676 dem
2435 3620 2654 3674 civitate
2680 3620 2822 3688 apud
2851 3616 3135 3673 concilium
3165 3616 3540 3686 episcoporum
3570 3614 3696 3668 illius
3717 3624 3818 3679 pro-

2288 3712 2476 3767 vinciae
2512 3709 2756 3766 confecta
2786 3709 3094 3765 ostendunt.
3131 3706 3392 3763 Miramur
3417 3708 3572 3775 igitur
3596 3699 3820 3758 Theodori

2290 3815 2568 3871 sequaces,
2598 3800 2690 3870 qui
2711 3814 2833 3854 eum
2862 3807 2917 3852 et
2947 3798 3275 3869 impietatem
3302 3798 3427 3866 ejus
3450 3804 3682 3866 tanquam
3700 3804 3820 3846 suam

2293 3890 2619 3957 defendunt,
2650 3905 2771 3945 cum
2812 3888 3049 3954 Ecclesia
3069 3931 3083 3953 ,
3118 3889 3170 3943 in
3201 3903 3305 3958 qua
3353 3888 3451 3943 fuit
3485 3887 3754 3956 episcopus.
3778 3886 3821 3933 ut

2294 3990 2420 4054 pote
2448 3982 2761 4037 haereticum
2789 3996 2856 4036 ex
2889 3980 3072 4035 multis
3102 3980 3438 4051 temporibus
3484 3992 3600 4033 eum
3625 3970 3819 4044 ejecerit.

2295 4074 2449 4142 Quod
2470 4082 2650 4128 autem
2676 4072 2743 4127 ad
2771 4071 3275 4128 condemnationem
3291 4087 3447 4128 suam
3471 4072 3621 4126 talem
3637 4064 3824 4123 occasio-

2297 4180 2420 4221 nem
2469 4162 2833 4237 [prtctextum]
2878 4171 3187 4234 proponunt
3224 4162 3539 4219 defensores
3581 4154 3824 4217 Theodori,

2296 4256 2437 4311 scire
2465 4256 2592 4310 licet
2614 4263 2669 4309 et
2697 4268 2763 4309 ex
2785 4254 2902 4323 ipso
2924 4253 3182 4308 adversus
3205 4251 3405 4308 Judam
3435 4250 3570 4306 facto
3596 4242 3826 4303 tremendo

2294 4345 2518 4416 judicio.
2552 4344 2647 4400 llle
2674 4345 2816 4398 enim
2853 4358 2976 4399 cum
3006 4351 3248 4413 putasset
3274 4343 3447 4398 latere
3491 4356 3606 4396 eum
3644 4336 3721 4407 qui
3753 4347 3827 4387 oc-

2300 4435 2445 4490 culta
2466 4435 2744 4490 hominum
2767 4434 3068 4501 cognoscit,
3098 4432 3451 4489 sacramentis
3473 4420 3828 4487 communicavit

618 4527 803 4599 τηρίων
830 4532 941 4585 τοῖς
985 4524 1299 4587 ἀποστόλοις,
1332 4523 1438 4578 ἀλλ’
1474 4520 1614 4590 ὅμως
1651 4522 1789 4577 οὐδὲν
1822 4524 1973 4580 αὐτόν
2013 4523 2173 4582 ὤνησε

2274 4541 2424 4595 ,οιιεῐι
2454 4526 2712 4597 apostolis
2744 4543 2757 4579 :
2790 4525 2884 4580 sed
2916 4533 3094 4580 tamen
3121 4524 3255 4579 nihil
3285 4525 3336 4579 ei
3367 4518 3713 4595 profuitquod
3732 4525 3827 4570 cum

620 4619 704 4671 καί
732 4620 764 4674 ἡ
787 4617 914 4686 μιτά
942 4617 1257 4691 ὑποκρίσεως
1284 4617 1534 4668 κοινωνία.
1564 4612 1705 4668 ’Δλλά
1732 4613 1844 4669 ούδέ
1871 4617 1956 4669 καί
1984 4617 2043 4670 τὸ
2069 4617 2203 4687 μετά

620 4708 835 4762 θάνατον
875 4707 1028 4761 αὐτοῦ
1074 4704 1264 4760 δὼδε..α
1310 4705 1647 4774 ὀνομασθῆναι
1688 4706 1809 4765 τοὺς
1843 4705 2091 4776 μαθητὰς,
2134 4706 2203 4764 ὥς

624 4817 770 4869 φησιν
789 4796 1013 4856 Ἰωάννης
1028 4793 1415 4866 όιύαγγελιστής
1429 4796 1605 4867 λέγων,
1619 4812 1637 4845 ι
1658 4799 1847 4867 Θωμᾶς
1873 4793 1971 4850 δὲό
1998 4791 2203 4867 λεγόμε-

621 4911 702 4951 νος
747 4886 981 4959 Δίδυμος,
1033 4883 1103 4948 εἷς
1145 4895 1248 4942 τῶν
1287 4886 1500 4952 δώδεκα,
1532 4889 1622 4941 οὐκ
1660 4886 1718 4946 ἧν
1753 4889 1861 4958 μετ’
1905 4891 2089 4955 αὐτῶν,
2119 4888 2202 4946 ὅτε

625 4978 768 5039 ἦλθεν
788 4979 814 5034 ὁ
836 4976 1058 5040 Ἰησοῦς,
1083 4996 1101 5027 I
1134 4976 1163 5034 ἦ
1192 4978 1378 5052 ἐξαίρει
1393 4978 1480 5031 τὸν
1502 4974 1693 5032 Ἰούδαν
1714 4986 1807 5038 τῆς
1834 4982 2199 5055 κατακρίσεως,

625 5069 1101 5143 ἣσυναριθμεῖσθαι
1126 5075 1261 5122 ποιεῖ
1282 5075 1387 5128 τοῖς
1413 5068 1736 5129 ἀποστόλοις.
1758 5067 1944 5140 ’Δμᾶει
1970 5091 2048 5126 τοι
2075 5075 2205 5143 μετά

626 5167 716 5221 τήν
735 5167 831 5218 τοῦ
868 5164 1047 5236 κυρίου
1076 5159 1327 5247 ’ἀνάληψιν
1369 5162 1415 5215 oi
1443 5161 1717 5216 ἀπόστολοι
1741 5162 1806 5218 δι’
1829 5165 2013 5225 οἰκείας
2039 5164 2206 5239 ψήφου

629 5253 712 5306 τόν
759 5252 906 5307 αὐτὸν
945 5249 1132 5306 Ἰούδαν
1176 5253 1261 5306 καί
1303 5252 1435 5323 μετά
1475 5252 1682 5307 θάνατον
1722 5253 2076 5321 κατεδίκασαν,
2123 5261 2211 5312 καί

630 5342 797 5414 ἕτερον
824 5343 1207 5415 ἀντεισήγαγον.
1235 5339 1349 5395 Ὀτι
1377 5339 1432 5396 δὲ
1458 5345 1677 5413 ματαίαν
1717 5345 1967 5421 πρόφασιν
1990 5347 2211 5423 προϐάλ-

631 5433 800 5489 λονται
845 5435 1083 5508 λίγοντις,
1116 5440 1186 5507 μὴ
1233 5433 1336 5490 δεῖν
1380 5436 1500 5496 τοὺς
1546 5435 1886 5497 τελευτῶντας
1929 5437 2213 5513 αἱρετικούς

633 5525 1099 5596 ἀναθεματίζεσθαι,
1126 5528 1210 5579 καί
1235 5525 1285 5589 ἐξ
1309 5526 1469 5578 αὐτῶν
1490 5530 1592 5579 τῶν
1624 5531 1714 5578 τοῦ
1757 5530 1937 5600 κυρίου
1977 5527 2214 5602 ῥημάτων

634 5613 982 5686 ἀποδείξομεν.
1010 5620 1137 5675 Tot);
1162 5620 1262 5691 γὰρ
1290 5616 1494 5677 ἀσεϐεῖς
1532 5612 1611 5669 καὶ
1653 5615 1727 5672 ἔτι
1774 5623 1967 5681 ζῶντας
2010 5624 2213 5696 νεκρούς

637 5712 867 5779 ὀνομάζει
888 5709 1060 5781 λέγων’
1083 5726 1100 5758 ι
1119 5705 1266 5779 ’Δφες
1284 5711 1404 5769 τοὺς
1419 5712 1623 5783 νεκρούς
1643 5709 1802 5781 ϐάψαι
1817 5715 1938 5772 τοὺς
1954 5733 1989 5766 ει
2001 5715 2120 5767 Ἁῶν
2138 5734 2213 5767 νε·

639 5802 811 5877 κρούς’
834 5817 853 5852 ε
880 5801 1053 5872 ὥσπερ
1075 5793 1161 5853 οὖν
1176 5800 1257 5854 καί
1280 5795 1401 5859 τοὺς
1419 5795 1647 5863 δικαίους
1665 5800 2066 5863 τελευτήσαντας
2090 5806 2215 5867 ζῶν,

2302 4615 2427 4670 dolo
2455 4615 2890 4674 communicavit.
2922 4614 3031 4670 Sed
3060 4615 3188 4671 licet
3215 4623 3341 4686 post
3369 4622 3591 4670 mortem
3609 4608 3710 4679 ejus
3726 4604 3829 4660 duo-

2302 4706 2478 4763 decim
2504 4707 2763 4762 nominati
2790 4708 2897 4762 sint
2919 4706 3162 4777 discipuli
3184 4749 3199 4775 ,
3229 4707 3368 4762 sicut
3394 4704 3619 4760 Joannes
3640 4708 3829 4763 evange-

2303 4798 2426 4853 lista
2448 4797 2577 4852 dicit
2609 4814 2622 4851 :
2655 4797 2878 4852 Thomas
2908 4807 3075 4851 autem
3099 4836 3115 4863 ,
3161 4798 3247 4869 qui
3298 4795 3546 4866 Didymus
3584 4788 3826 4844 dicebatur.

2303 4905 2437 4944 unus
2466 4904 2530 4943 ea:
2560 4888 2827 4943 duodecim
2846 4930 2859 4952 ,
2906 4905 3009 4942 non
3049 4896 3161 4941 erat
3189 4904 3303 4941 cum
3341 4887 3468 4956 ipsis
3511 4879 3700 4954 quando
3727 4873 3832 4928 venit

2306 4979 2458 5034 Iesus
2490 4979 2685 5051 (Joan.
2717 4979 2830 5050 xx)
2866 4998 2878 5032 :
2916 4987 3095 5034 tamen
3125 4980 3229 5033 hoc
3260 4992 3365 5032 non
3396 4976 3580 5030 liberat
3614 4968 3775 5025 ludam
3806 4974 3830 5012 ι

2309 5071 2777 5138 condemnatione,
2793 5079 2885 5126 aut
2899 5069 3277 5127 connumerari
3292 5067 3417 5123 facit
3437 5062 3694 5136 apostolis.
3710 5052 3833 5110 Unde

2310 5171 2434 5234 post
2456 5162 2825 5218 ascensionem
2858 5159 3092 5225 Domini,
3120 5157 3350 5228 apostoli
3379 5171 3476 5226 per
3501 5165 3639 5210 suam
3664 5152 3833 5202 senten-

2311 5255 2443 5310 tiam
2464 5250 2714 5308 eumdem
2741 5250 2933 5306 ludam
2971 5251 3134 5306 etiam
3163 5257 3288 5319 post
3314 5255 3539 5302 mortem
3566 5237 3836 5296 candetum-

2312 5352 2524 5410 verunt,
2547 5353 2603 5400 et
2622 5345 2784 5399 alium
2804 5358 2904 5414 pro
2924 5343 3016 5398 illo
3044 5341 3453 5397 introduxerunt
3472 5335 3597 5408 (Art.
3629 5330 3681 5399 l).
3708 5319 3830 5391 ρυοά

2315 5444 2493 5491 autem
2518 5450 2709 5490 vanam
2734 5435 3075 5491 occasionem
3120 5438 3444 5504 proponunt,
3491 5427 3709 5482 dicentes
3746 5424 3832 5467 non

2314 5537 2567 5599 oportere
2611 5528 2894 5584 htereticos
2922 5535 3167 5583 mortuos
3209 5514 3654 5582 anathematizari,
3696 5517 3744 5565 et
3776 5517 3829 5599 εἰ

2317 5595 2446 5688 ipsis
2473 5618 2685 5673 Domini
2712 5619 2890 5675 verbis
2917 5618 3284 5674 ostendemus.
3325 5614 3518 5684 impios
3544 5608 3672 5665 enim
3695 5610 3741 5657 et
3761 5595 3833 5650 atl-

2317 5713 2422 5768 huc
2451 5713 2617 5778 vivos,
2635 5723 2875 5768 mortuos
2903 5713 3164 5777 nominat,
3194 5711 3412 5766 dicens:
3437 5704 3633 5758 Dimitte
3651 5700 3831 5749 moram

2316 5802 2533 5873 sepelire
2555 5810 2782 5858 mortuos
2801 5818 2919 5858 ειιοε
2944 5801 3156 5875 (Matth.
3183 5799 3297 5873 vui)
3318 5816 3337 5853 :
3361 5797 3495 5856 sicut
3514 5800 3674 5866 justas
3689 5781 3833 5855 etjam
