4032 6190
269 337 378 395 ιω

1245 339 1624 401 JUSTINIANI
1664 344 2040 403 CUNFESSIO
2073 347 2331 403 RECTJ‘.
2378 349 2571 406 FIDEL

3441 366 3553 422 26?.

265 473 369 509 τας
415 451 678 507 ἀποκαλεῖ.
713 456 852 528 Λέγει
893 461 990 534 γὰρ
1035 465 1150 534 περ’
1193 459 1426 539 Ἁϐραάμ
1470 462 1735 517 καίίσαάκ
1776 486 1849 516 και

1970 446 2273 531 dehmctos,
2304 466 2454 521 vivos
2482 478 2740 523 nominat.
2778 470 2913 526 Dicit
2940 474 3080 528 enim
3110 476 3176 532 de
3195 477 3463 537 Abraham
3497 496 3554 538 et

265 542 479 610 Ἰακὼϐ,
517 542 595 601 ὅτι
644 544 670 601 ὃ
710 549 829 608 Θεὸς
869 551 955 605 οὐκ
1009 550 1128 607 ἔστι
1172 562 1378 631 νεκρῶν,
1420 555 1543 611 ἀλλά
1571 560 1785 621 ζώντων.
1814 559 1869 612 Εἰ

262 638 447 690 τοίνυν
471 637 603 692 κατᾶ
641 641 763 699 τούς
792 640 988 696 ἐκείνοιν
1011 643 1184 716 λόγους
1212 650 1271 700 οῦ
1302 653 1411 722 χρή
1435 650 1556 708 τούς
1582 650 1867 727 αἱρετικοὺς

265 726 617 788 τελευτῶντας
667 729 1116 802 ἀναθεματίζεσθαι
1141 776 1157 799 ,
1217 730 1331 791 οὐδὲ
1388 742 1569 802 ζῶντες
1621 726 1864 814 αἱρετικοί

263 818 829 887 ἀναθεματισοήσονται
856 863 870 885 ,
929 822 1018 885 οὖς
1054 830 1257 897 νεκροένς
1300 827 1324 881 ὁ
1374 829 1548 903 κύριος
1598 829 1860 894 ἀποκαλεῖ,

264 906 353 963 διὰ
368 911 426 965 τὸ
448 912 1121 999 ἀποκεχωρισμένουςιεῖναι.
1138 920 1295 974 αὐτοῦ
1309 921 1558 988 εἰπόντος,
1584 939 1602 972 ι
1619 919 1741 995 Ἐγὼ
1762 925 1864 994 εἶμι

258 1003 290 1058 ὀ
328 1004 458 1065 ζωὴ
481 1022 500 1053 ι
525 1006 605 1057 καὶ
633 1006 747 1060 κατ’
770 1008 956 1068 αὖτοὺς
984 1009 1152 1063 λοιπὸν
1175 1009 1289 1066 οὔτε
1316 1015 1518 1077 ζῶντες,
1550 1011 1665 1068 οὔτε
1694 1014 1835 1069 τελευ

259 1101 458 1156 τῶντες
504 1098 745 1171 αἱρετικοί
795 1102 1360 1172 άναθεματεσθήσονταυ
1413 1109 1494 1160 καὶ
1540 1107 1711 1178 μάτην
1753 1108 1862 1164 κατ’

260 1185 482 1248 ἐκείνους
526 1190 557 1247 ἠ
583 1189 894 1250 ἀποστολικὴ
938 1191 1242 1251 διδασκαλία
1286 1197 1642 1273 παραδέδωκεν
1685 1200 1859 1255 ἀναθε-

214 1324 217 1327 .
259 1280 570 1346 ματίξεσάι
594 1283 715 1343 τούς
756 1282 1128 1357 παραδιδόντας·
1156 1288 1278 1362 παρ’
1307 1284 1333 1342 ὃ
1359 1291 1730 1363 παρελάϐομεν
1760 1295 1862 1367 μά-

259 1391 355 1426 tm
382 1371 441 1424 αἱ
479 1371 619 1444 ἆγιαο
649 1372 850 1429 σύνοδοι
874 1378 996 1436 τούς
1032 1378 1318 1454 αἱρετικούς
1348 1383 1666 1457 κατέκριναν
1695 1387 1858 1455 μάτην

258 1463 344 1514 καί
372 1462 422 1515 οἱ
446 1460 580 1519 ὁλλοι
610 1464 744 1537 ἆγιοι
770 1468 987 1542 πατέρες
1011 1472 1097 1523 καί
1137 1468 1432 1527 διδάσκαλοι
1467 1484 1560 1534 τῆς
1595 1477 1859 1538 ἐκκλησίας

255 1553 383 1612 τούς
412 1553 703 1628 αἱρετικεύς
733 1558 1116 1628 ἀνεθεμάτισαν.
1164 1562 1482 1634 Μέμψωνται
1524 1563 1577 1621 δὲ
1609 1570 1693 1621 καί
1712 1575 1858 1640 Ἰερε⁴

254 1644 348 1715 μία
373 1653 451 1716 τῷ
469 1651 697 1721 προφήτῃ
720 1648 929 1719 λέγοντι,
956 1669 972 1701 ι
998 1649 1395 1729 Ἐπικατάρατος
1417 1655 1443 1710 ὁ
1464 1664 1617 1711 ποιῶν
1636 1661 1700 1713 τά
1725 1657 1856 1734 ἔργα

252 1740 544 1812 τοῦκυρίου
566 1742 780 1811 ἀμελῶς⁶
804 1762 822 1794 ι
842 1748 924 1799 καί
936 1745 1088 1802 Δαυίδ
1106 1756 1177 1821 τῷ
1200 1754 1429 1823 προφήτῃ
1448 1751 1656 1814 εἰπόντι,
1678 1770 1697 1804 ι
1712 1751 1855 1809 Ἐπι-

1971 554 2116 611 Isaac
2144 568 2195 612 et
2223 557 2409 624 Jacob,
2434 561 2576 628 quod
2608 561 2745 617 Deus
2774 581 2879 619 non
2909 578 2989 622 est
3016 567 3157 624 Deus
3187 583 3547 647 mortuorum,

1965 647 2061 702 sed
2091 648 2380 703 viventium
2400 650 2611 721 (Hau/2.
2630 665 2782 710 xxu'.
2815 655 2871 711 Si
2898 674 3026 729 ergo
3053 665 3346 719 secundum
3376 671 3540 726 verba

1966 737 2178 793 illorum
2204 756 2312 796 non
2349 753 2565 811 oportet
2594 746 2874 804 haereticos
2902 762 3145 810 mortuos
3185 759 3547 817 anathemati-

1966 830 2095 895 zari,
2120 845 2220 886 nec
2247 830 2610 893 vivihaerctici
2641 841 3255 916 anathematizabuntur,
3282 866 3420 921 quos
3442 852 3549 907 Do-

1964 922 2141 977 minus
2171 935 2414 981 mortuos
2444 938 2618 989 vocat,
2645 933 2768 999 quia
2799 939 3032 1005 separati
3059 950 3184 994 sunt
3213 944 3279 998 ab
3310 946 3426 1015 ipso
3456 949 3544 1016 qui

1963 1014 2098 1068 dixit
2126 1034 2138 1067 :
2174 1014 2284 1088 Ego
2316 1036 2427 1072 sum
2471 1022 2572 1074 vita
2601 1022 2791 1094 (Joan.
2823 1044 2873 1081 χι
2904 1039 2950 1081 et
2982 1031 3120 1103 xw),
3171 1043 3225 1088 et
3253 1014 3543 1097 secundum:

1963 1119 2057 1159 eos
2082 1104 2191 1173 jam
2222 1122 2322 1162 nec
2343 1109 2470 1174 vivi,
2503 1127 2603 1165 nec
2629 1115 2822 1168 mortui
2855 1117 3089 1174 hmretici
3120 1124 3546 1182 anathematiza-

1962 1196 2189 1263 huntur;
2212 1206 2268 1252 et
2297 1199 2413 1254 sine
2435 1216 2615 1268 causa,
2639 1206 2929 1261 secundum
2963 1210 3104 1279 illos,
3130 1215 3427 1282 apostolica
3455 1217 3527 1273 do

1961 1289 2132 1342 ctrina
2182 1288 2390 1361 (Galat.
2425 1292 2478 1362 1)
2528 1293 2696 1348 tradit
2719 1297 3283 1358 anathematizari'eos
3312 1305 3403 1374 qui
3432 1314 3544 1361 tra-

1962 1378 2099 1435 dunt
2127 1391 2322 1450 praeter
2345 1384 2489 1454 quod
2520 1388 2829 1456 accepimus
2862 1407 2874 1442 :
2910 1392 3027 1445 sine
3052 1408 3209 1447 causa
3236 1405 3435 1451 sancta:
3463 1414 3546 1471 sy-

1960 1471 2088 1525 nodi
2136 1471 2413 1529 hzereticos
2444 1475 2972 1547 condemnaverunt,
3006 1483 3122 1538 sine
3162 1502 3322 1541 causa
3369 1496 3423 1542 et
3452 1478 3551 1545 alii'

1960 1563 2131 1617 sancti
2159 1560 2346 1620 Patres
2375 1574 2431 1620 et
2451 1567 2703 1624 doctores
2729 1569 2981 1627 Ecclesim
3010 1574 3293 1633 hmreticos
3319 1582 3545 1636 anathe-

1960 1656 2364 1712 matizaverunt.
2401 1659 2681 1731 lnculpcnt
2709 1672 2890 1719 autem
2918 1674 2971 1720 et
3000 1666 3287 1723 Jeremiam
3320 1673 3543 1742 prophe-

1960 1754 2071 1801 tam
2096 1748 2362 1805 dicentem
2398 1771 2411 1805 :
2440 1751 2809 1810 Exsecrandus
2851 1759 2935 1828 qui
2962 1776 3117 1829 opera
3164 1759 3377 1817 Domini
3418 1765 3546 1835 facit

254 1828 547 1901 κατάρατοι
571 1832 617 1884 οί
647 1833 940 1897 ἐκκλίνοντες
960 1839 1060 1893 ἀπὸ
1080 1847 1180 1894 τῶν
1204 1839 1411 1895 ἐντολῶν
1435 1858 1555 1897 σου·
1577 1861 1594 1895 t
1624 1849 1708 1899 καί
1732 1868 1848 1901 συν-

1958 1843 2277 1915 negligenter
2298 1844 2430 1914 (Jer.
2466 1846 2651 1917 sum)
2677 1866 2692 1914 ;
2737 1859 2793 1904 et
2820 1828 3330 1923 Davidprophetam
3360 1828 3544 1912 dicen-

250 1916 430 1987 τὸμως
456 1923 634 1987 εἰπεῖν,
660 1927 801 1996 πάσῃ
828 1936 887 2003 τῇ
921 1932 1025 2004 Θεία
1052 1941 1217 2009 γραφῇ
1247 1934 1508 2006 πολλαχοῦ
1544 1940 1638 1998 τὰς
1680 1942 1855 1994 τοιαύ-

249 2030 348 2070 τας
376 2018 705 2089 κατακρίσεις
724 2018 985 2092 έπαγούσῃ
1008 2030 1115 2081 τοῖς
1143 2022 1403 2078 ἀσεϐέσιν,
1426 2028 1485 2079 Ei
1507 2025 1561 2081 δέ
1584 2028 1632 2082 οἱ
1658 2030 1854 2100 ἀμελῶς

248 2109 525 2164 ποιοῦντες
552 2107 615 2161 τὰ
658 2106 784 2184 ἔργα
806 2114 1013 2187 κυρίου,
1046 2117 1130 2167 καί
1169 2114 1544 2191 ἁμαρτάνοντες
1591 2124 1712 2196 περὶ
1761 2126 1854 2186 τάς

247 2194 425 2247 αὑτοῦ
473 2195 695 2261 ἐντολὰς,
739 2203 1004 2262 τοιαύταις
1051 2208 1412 2281 κατακρίσεσιν
1460 2209 1851 2279 ύποεῗάλλονται,

249 2284 412 2355 πόσῳ
449 2288 634 2356 μᾶλλον
672 2290 930 2368 Θεόδωρος
966 2293 992 2349 ὁ
1027 2297 1237 2363 ἀσεϐής,
1268 2297 1531 2356 ὁτοιαῦτα
1556 2306 1665 2360 κατ’
1696 2308 1853 2362 αὐτοῦ

247 2384 346 2432 τοῦ
395 2381 613 2452 μεγάλου
658 2391 784 2439 Θεοῦ
832 2390 914 2441 καὶ
963 2397 1193 2465 σωτῆρος
1248 2393 1385 2463 ἡμῶν
1430 2391 1594 2452 Ἰησοῦ
1631 2406 1851 2474 Χριστοῦ

250 2472 507 2545 ῥλασεηιι
540 2496 660 2542 σας,
701 2474 1005 2554 δικαιότερον
1032 2484 1409 2560 κατακέκριται,
1441 2489 1524 2540 καὶ
1551 2488 1857 2560 ἀναθεματί-

249 2567 439 2633 (ttat;

326 2749 423 2800 lteri
449 2748 589 2823 ἤρκει
608 2752 699 2823 μὲν
717 2758 883 2807 ταῦτα
906 2755 1035 2827 πρὸς
1059 2763 1179 2816 ταῖς
1206 2760 1600 2835 παρατεθείσαις
1615 2763 1849 2838 ἀνωτέρω

249 2860 332 2903 τε,
350 2843 437 2894 καί
458 2840 508 2893 έν
528 2842 712 2920 ἑτέροις
730 2847 867 2914 ἡμῶν
880 2846 1037 2920 λόγοις
1059 2846 1369 2914 ἀποδείξεσι,
1392 2854 1514 2922 περὶ
1533 2858 1622 2908 τοῦ
1644 2850 1753 2908 δεῖν
1768 2859 1854 2909 καὶ

244 2933 391 3003 μετά
418 2930 654 2992 τελευτήν
678 2936 798 2996 τούς
821 2937 1107 3013 αέρετικούς
1132 2943 1533 3016 κατακρίνεσθαι,
1560 2945 1852 3015 καταισχύ-

242 3044 355 3078 νειν
402 3024 522 3085 τούς
558 3024 813 3102 Θεοδώρου
862 3031 1355 3104 μεταποιουμένους,
1403 3036 1483 3087 καὶ
1533 3031 1715 3090 παύειν
1762 3044 1853 3097 τῆς

242 3114 503 3175 τοιαύτης
536 3115 794 3174 ἀσεϐείας.
839 3120 928 3173 Διά
971 3115 1024 3172 δέ
1063 3121 1122 3174 τὸ
1150 3120 1496 3191 ἔμφιλονείκως
1539 3138 1648 3184 τοῖς
1683 3125 1852 3187 αὐτοῖς

1959 1943 2065 1990 tem
2101 1953 2114 1989 :
2146 1934 2472 1993 Exsecrandi
2501 1941 2587 2012 qui
2615 1941 2879 1996 declinant
2897 1960 2928 1996 α
2955 1945 3216 2000 mandatis
3239 1949 3339 2001 tuis
3368 1948 3539 2018 (Ρεαι.

1955 2028 2140 2100 cxvm)
2164 2048 2180 2097 ;
2206 2039 2262 2085 et
2285 2038 2339 2085 nt
2365 2033 2749 2102 compendiose
2777 2035 3037 2103 dicamus,
3050 2030 3278 2092 ‘omnem
3306 2039 3540 2094 divinam

1955 2118 2288 2191 Scripturam
2339 2122 2392 2177 in
2431 2123 2656 2180 diversis
2702 2125 2836 2181 locis
2883 2126 3017 2182 tales
3060 2128 3541 2186 condemnationes

1955 2213 2133 2284 impiis
2180 2214 2523 2271 inferentem.
2580 2216 2673 2272 Sin
2723 2227 2903 2273 autem
2949 2219 3024 2274 illi
3068 2220 3160 2289 qui
3207 2221 3542 2291 negligenter

1954 2321 2120 2377 opera
2151 2305 2245 2361 Dei
2277 2304 2496 2371 faciunt,
2530 2316 2585 2361 et
2614 2317 2842 2378 peccant
2871 2310 2923 2364 in
2954 2310 3220 2366 mandatis
3249 2312 3395 2381 ejus,
3419 2314 3542 2369 tali-

1953 2395 2054 2450 bus
2101 2396 2641 2453 condemnationibus
2688 2398 3088 2469 subjiciuntur:
3121 2412 3324 2474 quanto
3369 2406 3540 2475 magis

1954 2487 2151 2558 impius
2168 2487 2506 2558 Theodorus,
2533 2490 2623 2559 qui
2649 2490 2774 2545 talia
2794 2492 3053 2549 adversus
3081 2493 3256 2565 ipsum
3284 2512 3537 2567 magnum

1953 2576 2123 2633 Deum
2163 2589 2220 2633 et
2259 2577 2593 2635 Salvatorem
2623 2590 2866 2636 nostrum
2894 2580 3077 2638 Jesum
3115 2583 3387 2641 Christum
3416 2587 3536 2643 bla-

1953 2670 2271 2740 sphemavit,
2286 2669 2429 2739 jnste
2450 2671 2845 2727 condemnatus
2856 2681 3003 2729 estet
3017 2677 3535 2735 anathematizatusl

2023 2759 2091 2813 Et
2121 2759 2235 2815 haec
2264 2761 2476 2831 quidem
2505 2761 2861 2830 sufﬁciebant,
2904 2780 3067 2835 super
3095 2765 3386 2839 [superius]
3424 2784 3537 2824 nie-

1954 2860 2194 2906 moratas
2222 2861 2277 2907 et
2306 2852 2425 2909 aliis
2464 2855 2663 2910 nostris
2704 2855 2855 2910 libris
2894 2857 3124 2913 insertas
3166 2859 3535 2929 probationes,

1951 2954 2086 3009 quas
2108 2940 2465 3010 protulimus,
2514 2944 2891 3010 ostendentes,
2939 2948 3083 3016 quod
3112 2957 3328 3019 oportet
3372 2950 3535 3005 etiam

1952 3042 2075 3102 post
2101 3042 2333 3088 mortem
2364 3035 2644 3091 haereticos
2670 3037 3051 3104 condemnari,
3082 3040 3412 3096 confundere
3439 3057 3536 3099 eos

1951 3124 2045 3194 Qui
2075 3123 2419 3181 Theodorum
2457 3126 2768 3193 defendunt,
2800 3136 2856 3183 et
2892 3144 3238 3198 compescere
3264 3146 3294 3184 a
3318 3131 3410 3185 tali
3432 3131 3535 3185 im-

245 3206 526 3275 ἓπῳένειν.
556 3209 638 3261 καί
665 3209 722 3262 τὸ
745 3207 890 3262 πλέον
916 3209 1154 3285 ἐροῦμεν,
1185 3208 1263 3266 ὅτι
1292 3215 1419 3272 τινὲς
1439 3219 1539 3267 τῶν
1566 3216 1849 3285 συναχθέν-

1955 3215 2173 3285 pietate.
2219 3213 2482 3282 Quoniam
2523 3225 2699 3272 autem
2729 3220 3062 3276 contentiose
3108 3220 3161 3274 in
3190 3220 3377 3276 iisdem
3406 3238 3534 3292 per-

243 3319 361 3352 των
390 3298 439 3350 ἓν
464 3306 524 3373 τῇ
553 3301 677 3355 κατὰ
705 3302 910 3358 Νίκαιαν
944 3302 1064 3378 ἁγίᾳ
1108 3303 1322 3376 συνόδῳ,
1355 3308 1848 3385 καὶδύπογράψαντες

243 3399 329 3461 τῷ
352 3393 605 3448 ὶκτεθέντι
624 3390 746 3472 παρ’
768 3396 930 3456 αὐτῆς
956 3393 1077 3471 ὅρῳ,
1101 3396 1210 3455 ἤτοι
1233 3397 1469 3471 συμϐόλῳ
1490 3407 1582 3459 τῆς
1602 3401 1843 3468 πίστεως,
1858 3450 1871 3461 ,

245 3478 437 3539 ἐπειδή
465 3480 596 3552 μετά
623 3491 790 3539 ταῦτα
813 3488 1016 3542 ἐναντία
1044 3492 1381 3564 φρονήἀντες
1404 3489 1669 3559 ἐφάνησαν,
1693 3492 1738 3545 οἱ
1758 3495 1848 3562 μὲν

246 3574 465 3633 ζῶντες.
499 3572 544 3623 οἱ
571 3569 622 3625 δέ
662 3576 789 3643 μετά
814 3573 1025 3629 θάνατον
1065 3577 1524 3647 ἀν;θεμαῖίσθησαν
1561 3583 1709 3654 παρὰ
1747 3595 1848 3637 Δα-

246 3666 428 3730 μάσου
473 3670 559 3717 τοῦ
608 3672 697 3724 τῆς
727 3665 871 3726 ὁσίας
916 3671 1112 3737 μνήμης
1156 3669 1308 3722 πάππα
1351 3676 1443 3729 τῆς
1486 3672 1848 3749 πρεσϐυτέρας

246 3750 474 3826 Ῥώμης,
503 3759 588 3810 καὶ
615 3765 705 3818 τῆς
731 3758 783 3812 έν
810 3756 1019 3835 Σαρδικῇ
1046 3757 1286 3826 συνόδου,
1316 3762 1447 3817 καθά
1484 3770 1740 3839 μαρτυρεῖ
1761 3770 1847 3821 καί

250 3842 281 3899 ὅ
335 3845 385 3898 έν
428 3845 587 3919 ἁγίοις
625 3850 933 3909 Ἀθανάσιος.
965 3848 1104 3905 Ἀλλά
1144 3854 1232 3907 καί
1273 3853 1304 3910 ἡ
1343 3853 1390 3905 ἐν
1427 3853 1698 3914 Χαλκηδόνι
1727 3854 1848 3929 ἁγία

252 3933 478 3997 σύνοδος
541 3937 720 4011 Δόμν.ν
763 3942 847 3994 τὸν
892 3940 1199 4014 ’Δντιοχείας
1263 3945 1524 4016 γενόμενον
1576 3948 1847 4004 ἐπίσκοπον

250 4030 392 4099 μετά
433 4031 641 4085 Θάνατον
680 4030 979 4088 κατεδίκασε
999 4073 1016 4101 ,
1061 4034 1387 4104 τολμήσαντα
1428 4037 1574 4106 μόνον
1614 4038 1841 4113 γράψαι,

235 4121 363 4177 ⁴δεῖν
398 4125 859 4198 παρασιωπηθῆναι
893 4128 959 4182 τά
994 4124 1190 4182 δώδεκα
1227 4130 1461 4198 κεφάλαια
1491 4136 1582 4185 τοῦ
1609 4132 1658 4185 ἐν
1685 4132 1847 4205 ἁγίοις

250 4211 520 4285 ιυρίλλςυ.

328 4299 527 4363 Ἐπειδή
554 4302 606 4360 δέ
630 4305 674 4359 oi
699 4307 962 4382 Θεοδώρου
983 4308 1383 4381 ἀντιποιούμενοι
1405 4309 1649 4383 α’ρετικοὶ
1674 4302 1845 4371 πάσης

249 4398 559 4471 προτάσεως
578 4391 670 4452 ’καί
711 4398 1056 4472 ἐγχειρήσεως
1085 4397 1463 4458 έκπεπτωκᾶτες
1501 4399 1845 4473 ἐπεχείρησαν

247 4486 413 4557 λέγειν
449 4487 578 4562 πρὸς
621 4490 818 4548 ἀπάτην
857 4498 958 4545 τῶν
987 4493 1329 4563 ἀγνοούντων,
1383 4494 1451 4551 ὡς
1495 4490 1521 4545 ὁ
1566 4499 1657 4551 τῆς
1701 4490 1843 4553 ὀπίας

1952 3316 2190 3373 manent,
2207 3307 2369 3362 etiam
2389 3307 2529 3376 quod
2556 3316 2638 3362 est
2661 3309 2888 3379 amplius
2922 3310 3292 3382 dicimus,quia
3314 3313 3533 3383 quidam

1951 3412 2018 3451 ex
2058 3397 2189 3467 ipsis
2229 3397 2321 3465 qui
2360 3396 2414 3452 in
2442 3397 2653 3453 Nicama
2692 3408 2876 3454 sancta
2904 3402 3112 3471 synodo
3140 3412 3531 3473 convenerunt,

1951 3494 2007 3540 et
2032 3487 2288 3554 exposita:
2309 3486 2377 3540 ab
2420 3501 2482 3540 ea
2525 3488 2646 3542 lidei
2675 3488 2975 3544 delinitioni
3022 3492 3107 3546 vel
3134 3494 3377 3564 symbolo
3404 3498 3532 3552 sub-

1950 3580 2298 3650 scripserunt,
2318 3580 2570 3648 quoniam
2584 3588 2768 3650 postea
2788 3583 3056 3636 contraria
3082 3585 3353 3652 sapientes
3365 3600 3534 3657 appa-

1950 3678 2191 3736 ruerunt,
2218 3669 2307 3725 alii
2321 3670 2538 3740 quidem
2558 3671 2682 3736 vivi,
2699 3670 2787 3725 alii
2811 3680 2992 3727 autem
3008 3681 3129 3743 post
3149 3682 3375 3728 mortem
3400 3691 3531 3729 ana-

1952 3761 2283 3821 thematizati
2305 3770 2430 3816 sunt
2441 3778 2471 3816 a
2495 3761 2723 3817 Damaso
2736 3770 2935 3817 sancta:
2955 3764 3227 3817 memoriae
3240 3779 3375 3833 papa
3389 3772 3528 3818 anlt-

1949 3853 2154 3924 quioris
2165 3852 2429 3919 Romae,et
2441 3854 2508 3908 ah
2521 3852 2813 3908 universali
2827 3853 3126 3908 Sardicensi
3136 3854 3534 3925 synodo,proct

1950 3950 2175 3997 testatur
2201 3951 2419 3999 sanctus
2446 3943 2794 3999 Athanasius.
2837 3940 2942 3998 Sed
2981 3950 3037 3997 et
3077 3941 3535 4000 Chalcedonensis

1948 4042 2137 4090 sancta
2153 4034 2388 4107 synodus
2400 4034 2662 4089 Domnum
2681 4034 2979 4089 Antiochiae
3004 4033 3201 4088 factum
3219 4034 3532 4104 episcopum

1948 4134 2072 4198 post
2096 4136 2323 4182 mortem
2339 4126 2733 4192 condemnavit,
2751 4124 2893 4195 quod
2907 4126 3083 4181 solum
3111 4141 3272 4180 ausus
3292 4134 3376 4181 est
3396 4124 3532 4181 scri-

1948 4216 2097 4281 bere,
2117 4224 2369 4285 oportere
2386 4215 2549 4270 taccri
2570 4214 2853 4270 duodecim
2875 4214 3107 4284 capitula
3120 4216 3289 4270 sancti
3319 4213 3526 4287 Cyrilli.

2021 4305 2284 4372 Quoniam
2341 4312 2520 4360 autem
2577 4303 2849 4359 Theodori
2904 4303 3214 4359 defensores
3269 4305 3531 4373 haeretici,

1948 4397 2095 4452 omni
2119 4395 2487 4466 propositione
2516 4403 2570 4450 et
2601 4404 2802 4450 conatu
2831 4394 3140 4449 excidentes
3158 4435 3173 4461 ,
3200 4403 3532 4464 prmsumunt

1950 4486 2128 4541 dicere
2158 4485 2223 4540 ad
2269 4484 2640 4554 deceptionem
2687 4485 3086 4553 ignorantium,
3138 4484 3283 4553 quod
3327 4492 3531 4539 sanctte

249 4581 456 4650 μνήμης
483 4579 715 4654 κύριλλος
736 4577 793 4634 ἕν
811 4603 906 4637 τινι
927 4582 1066 4659 μέρει
1087 4583 1355 4641 ἐπιστολῆς
1380 4586 1561 4637 τοῦτον
1588 4581 1844 4653 ἐπῄνεσεν

1954 4578 2224 4633 memoriae
2253 4576 2483 4648 Cyrillus
2506 4575 2558 4630 in
2589 4575 2769 4644 aliqua
2799 4582 2956 4644 parte
2982 4573 3224 4645 epistola:
3250 4574 3396 4629 illum
3423 4574 3533 4629 col-

249 4669 314 4721 ἐκ
352 4668 545 4722 πολλῶν
567 4666 951 4735 ἀποδείκνυται,
984 4667 1060 4726 ὅτι
1086 4672 1142 4725 οῦ
1169 4670 1439 4741 συμϐαίνει
1471 4670 1532 4725 τὸ
1567 4671 1732 4726 αὐτῶν
1761 4673 1847 4742 37-

250 4760 491 4833 χείρημα
519 4766 631 4821 τοῖς
668 4760 939 4837 εἰρημένοις·
962 4762 1107 4835 παρά
1131 4767 1223 4816 τοῦ
1251 4761 1301 4815 έν
1328 4760 1485 4833 ἁγίοις
1522 4759 1764 4836 Κυρίλλου
1794 4762 1845 4814 έν

252 4848 515 4923 δαᾳόροις
534 4852 687 4906 αὐτοῦ
708 4852 871 4925 λόγοις
898 4854 1022 4908 γατά
1048 4859 1137 4909 τοῦ
1168 4850 1454 4912 δυσσεϐοῦς
1485 4850 1763 4930 Θεοδώρου,
1795 4852 1846 4905 έν

242 4935 329 4999 οἷς
354 4940 694 5019 ἀσεϐεστερον
719 4944 864 4997 αὐτὸν
887 4948 1091 4998 πάντων
1115 4950 1215 4999 τῶν
1243 4940 1399 4997 ἄλλων
1426 4943 1686 5017 αίρετικῶν
1710 4943 1844 4998 ἀπο-

242 5028 422 5094 δεξας
447 5026 572 5084 εἶναι
589 5071 602 5095 ,
648 5033 734 5085 οὐκ
759 5033 969 5106 ἐνεγκὼν
1009 5034 1068 5088 τὸ
1113 5031 1298 5092 πλῆθός
1323 5027 1416 5093 τί,
1444 5034 1525 5085 καί
1552 5031 1611 5086 τὸ
1636 5031 1840 5102 μέγεθος

242 5132 350 5179 τῶν
384 5127 538 5180 αὐτοῦ
574 5124 898 5201 βλασφημιῶν
924 5134 1021 5181 τῶν
1049 5128 1315 5203 εἰρημένων
1353 5126 1479 5181 κατά
1502 5132 1590 5182 τοῦ
1618 5126 1839 5197 μεγάλου

243 5223 383 5272 Θεοῦ
411 5221 492 5272 καί
520 5226 746 5292 σωτῆρος
781 5222 920 5290 ἡμῶν
947 5217 1117 5278 Ἰησοῦ
1139 5225 1361 5294 Χριστοῦ
1389 5220 1729 5293 ἀπεφθέγξατο
1755 5220 1842 5275 οῦ-

240 5330 350 5370 ft»:
373 5311 552 5363 εἰπὼν
583 5329 601 5360 ι
620 5310 824 5374 Ἐξέστη
851 5310 1097 5385 ὁούρανὸς
1119 5314 1199 5367 ίπί
1223 5311 1411 5382 τούτῳ,
1431 5313 1514 5364 καί
1542 5308 1736 5385 ἔφριξεν
1758 5312 1840 5365 ἐπὶ

239 5400 404 5454 πλείω
426 5398 644 5478 σφόδρα,
683 5402 811 5473 λέγει
844 5398 1040 5478 κύριος.
1072 5402 1136 5455 ’n
1159 5407 1248 5461 τῆς
1270 5400 1558 5477 ἀπορρήτου
1589 5401 1834 5459 σκαιότη-

240 5511 355 5553 τος.
390 5489 432 5544 ὢ
456 5491 694 5563 γλώσσης
721 5493 968 5554 λαλούσης
994 5491 1188 5548 ἀδικίαν
1216 5494 1346 5547 κατά
1369 5497 1461 5547 τοῦ
1493 5497 1641 5555 Θεοῦ,
1673 5493 1756 5545 καί
1776 5492 1835 5548 τὸ

240 5582 403 5655 κέρας
412 5582 680 5655 αἰρούσης.
696 5599 715 5632 ι
732 5584 834 5636 Καὶ
848 5582 995 5637 πάλιν
1034 5599 1052 5632 ι
1071 5579 1285 5644 Ἐπίθες,
1300 5578 1553 5655 ἄνθρωπε.
1568 5587 1628 5655 τῇ
1643 5586 1834 5635 σαυτοῦ

239 5664 448 5747 γλώττῃ
472 5671 629 5750 Θύραν
670 5676 754 5730 καί
802 5672 1013 5744 μοχλὸν.
1060 5680 1262 5728 Παῦσαι
1300 5674 1359 5729 τὸ
1401 5672 1548 5748 κέρας
1591 5672 1661 5734 εἷς
1706 5671 1836 5741 ίῲος

239 5768 488 5843 ἐπαίρων,
516 5769 600 5821 καί
624 5766 779 5822 λαλῶν
806 5764 1000 5821 ἀδικίαν
1033 5767 1161 5821 κατά
1189 5769 1279 5820 τοῦ
1310 5770 1459 5819 Θεοῦ.
1501 5763 1681 5838 Μέχρι
1706 5763 1838 5823 τίνος

238 5855 502 5932 ἕπιπηδᾷς
529 5859 900 5923 ἀνεξικακοῦντι
918 5863 1151 5932 Χριστῷς
1178 5858 1247 5917 εἰς
1266 5862 1380 5909 νοῦν
1405 5852 1498 5925 ἔχε
1526 5858 1583 5909 τὸ
1605 5872 1835 5926 γεγραμ-

1948 4670 2222 4735 laudavit;
2271 4685 2339 4724 ex
2372 4667 2550 4722 multis
2579 4666 2910 4731 ostenditur,
2955 4667 3100 4737 quod
3129 4683 3239 4723 non
3279 4668 3533 4723 convenit

1948 4776 2136 4816 eorum
2167 4775 2432 4815 conamen
2477 4758 2631 4813 dictis
2673 4773 2703 4812 a
2732 4756 2791 4813 S.
2823 4757 3022 4830 Cyrillo
3061 4759 3115 4813 in
3161 4759 3387 4815 diversis
3415 4758 3533 4827 ejus

1946 4850 2097 4906 libris
2144 4858 2332 4923 contra
2380 4849 2603 4919 impium
2646 4846 3007 4915 Theodorum,
3057 4850 3110 4903 in
3138 4849 3332 4919 quibus
3360 4849 3531 4916 magis

1946 4941 2167 5013 impium
2192 4940 2439 4995 omnibus
2456 4939 2574 4994 aliis
2590 4938 2857 4995 haereticis
2875 4955 2998 4995 eum
3014 4941 3324 5003 ostendens,
3337 4938 3531 4995 deinde

1951 5047 2058 5088 non
2081 5031 2350 5087 sustinens
2371 5029 2628 5099 plurimas
2657 5036 2714 5084 et
2742 5030 3004 5083 maximas
3033 5028 3148 5100 ejus
3169 5028 3531 5097 blasphemias

1949 5130 2138 5179 contra
2168 5135 2418 5191 magnum
2433 5116 2601 5174 Deum
2630 5127 2688 5174 et
2714 5118 3049 5174 Salvatorem
3080 5124 3322 5174 nostrum
3344 5115 3531 5177 Jesmu

1948 5212 2217 5269 Christum
2240 5211 2428 5275 dictas,
2452 5208 2795 5272 exclamavit,
2812 5208 2885 5263 ita
2905 5208 3115 5263 dicens:
3140 5226 3157 5258 ι
3180 5204 3532 5277 Expavitcm~

1946 5304 2056 5360 lum
2084 5317 2246 5375 super
2273 5302 2401 5369 hoc,
2425 5308 2480 5356 et
2503 5301 2714 5356 horruit
2742 5299 2970 5371 amplius
2999 5300 3370 5365 vehementer,
3398 5298 3529 5354 dicit

1946 5394 2226 5451 Dominus.
2276 5391 2322 5447 Ο
2350 5391 2741 5448 intolerabilem
2769 5390 3187 5458 malignitatem,
3234 5405 3267 5443 ο
3294 5389 3527 5459 tinguant

1939 5486 2251 5556 loquentem
2280 5483 2616 5553 iniquitatem
2641 5489 2828 5536 contra
2858 5480 3026 5535 Deum
3049 5518 3065 5545 ,
3107 5487 3162 5535 et
3201 5478 3256 5533 in
3284 5479 3525 5535 altitudi-

1939 5592 2062 5632 nem
2079 5590 2247 5631 cornu
2261 5576 2605 5630 extollentem
2622 5572 2634 5625 !
2663 5592 2681 5623 ›
2701 5571 2791 5642 (Et
2803 5572 2992 5626 iterum
3014 5588 3027 5624 :
3048 5591 3068 5622 ι
3087 5569 3324 5640 impone,
3341 5570 3525 5635 homo,

1941 5674 2047 5721 tuae
2073 5666 2266 5734 linguae
2301 5664 2494 5719 ostium
2519 5671 2576 5718 et
2600 5676 2797 5727 seram,
2828 5675 2979 5715 cessa
3005 5676 3172 5716 cornu
3204 5661 3254 5712 in
3285 5658 3524 5713 altitudi-

1941 5772 2067 5813 nem
2083 5754 2366 5821 cxtollens,
2388 5760 2443 5810 et
2459 5752 2688 5823 loquens
2705 5752 3039 5821 iniquitatem
3056 5750 3313 5807 adversus
3328 5751 3516 5805 Deum.

1942 5847 2233 5919 Quousque
2254 5845 2480 5904 insultas
2507 5844 2729 5916 patienti
2759 5842 3019 5901 Christo?
3065 5843 3124 5902 in
3159 5850 3341 5900 mente
3379 5842 3523 5899 habe
