4032 6190
497 340 601 394 2:5
1116 386 1126 392 ,
1894 312 2189 370 Vlcuws
2229 313 2426 369 eam.
3668 319 3770 375 εδ,

496 446 555 511 μέ
566 462 639 493 νον
658 434 795 509 παρὰ
815 436 904 486 τοῦ
925 431 1198 485 Θεσπεσίου
1212 428 1427 483 Παύλου·
1446 459 1512 469 -
1529 429 1679 483 Οὕτω
1702 427 1755 483 δὲ
1777 428 2071 504 ἁμαρτάνον-

2186 427 2442 495 scriptum
2470 440 2498 479 a
2529 426 2709 479 divino
2735 425 2901 480 Paulo
2934 444 2946 479 :
2986 426 3075 480 Sic
3104 436 3273 480 autem
3298 434 3564 497 peccantes
3589 427 3642 480 in
3667 427 3761 493 Im.

495 540 584 580 τες
605 525 675 582 εἰς·
700 526 821 581 τοὺς
847 520 1109 592 ἀδελφοὺς,
1138 525 1223 575 καί
1247 522 1552 580 πλήττοντες
1576 521 1742 574 αὐτῶν
1768 520 2080 573 ἀσθενοῦσαν

494 622 584 672 τήν
610 611 889 670 συνείδησιν
909 615 979 672 εἷς
1002 622 1165 685 Χριστ
1181 635 1216 663 .ν
1237 612 1569 685 ἁμαρτάνετε.
1583 640 1652 650 -
1670 611 1851 664 Καίῖνα
1867 631 1915 664 τι
1935 612 2018 664 καί
2032 610 2083 663 ἐκ

495 712 814 777 προφητικῶν
841 703 1116 776 φθέγξωμαι
1158 704 1385 774 βιίλίων,
1416 732 1484 741 --
1502 700 1785 759 Ἐδικαιὼθη
1806 700 2001 772 Σόδομα
2029 702 2082 753 ἐκ

493 799 609 846 σοῦ.
639 822 707 831 -
733 796 994 852 Νενίκηκας
1033 795 1125 853 τὰς
1163 800 1262 847 τῶν
1300 792 1539 851 Ἑλλήνων
1580 794 1975 867 ἀθυροστομίας,
2021 790 2083 850 ὃς

496 884 796 943 ἐποιήσαντο
829 888 957 939 κατὰ
996 890 1222 958 Χριστοῦ
1244 925 1259 948 ,
1289 890 1482 954 μωρίαν
1512 885 1778 954 ἡγούμενοι
1806 883 1889 936 τὸν
1916 897 2082 936 σταυέ

494 976 602 1050 ρόν.
617 975 773 1031 Οὐδὲν
793 974 909 1031 ὄντα
926 973 1167 1040 διέδειξας
1188 978 1252 1031 τά
1271 984 1360 1034 τῆς
1372 974 1642 1033 ’1ουῖαζκῆς
1658 975 1896 1033 ἀπονοίας
1912 973 2072 1042 5711:5-

493 1088 653 1136 ματα.
679 1084 694 1114 ι
727 1068 930 1119 Τούτων
949 1068 1112 1120 τ’ίνυν
1131 1066 1293 1125 οἷ’-τως
1320 1066 1402 1119 ἐπὶ
1429 1067 1727 1141 κατακρίσει
1745 1069 1834 1119 τοῦ
1864 1064 2083 1123 ἀσεϐοῦς

494 1158 758 1230 Θεοῗῶρου
788 1158 891 1211 ὑπὸ
915 1164 1008 1212 τοῦ
1050 1158 1096 1209 ἐν
1122 1156 1234 1225 ἀίίο
1259 1178 1284 1216 ς
1323 1157 1569 1232 Κυρίλλου
1600 1156 1899 1231 εἰρημένων,
1932 1157 1975 1207 εί
2002 1156 2081 1207 καί

494 1247 603 1307 δοίη
624 1269 702 1308 τις
722 1251 850 1302 κατά
876 1251 994 1307 τοὺς
1035 1249 1229 1302 ἐκείνων
1256 1248 1432 1320 λόγους
1464 1254 1546 1301 τίιν
1575 1248 1623 1299 ἐν
1653 1245 1813 1320 ἀγρίοις
1855 1245 2081 1322 κύριλλον

494 1343 743 1416 εἰρηκέναι
770 1363 820 1395 τι
841 1342 971 1416 ὑπὲρ
1001 1339 1285 1415 Θεοδώρου,
1315 1339 1431 1394 οὐδὲ
1459 1347 1609 1393 τοζτο
1634 1340 1902 1412 ἓξαιρεῐται
1931 1338 2082 1391 αὐτόν

490 1440 582 1492 τῆς
611 1435 981 1506 κατακρίσεως.
1012 1432 1320 1503 Εὐρίσκομεν
1346 1432 1468 1503 σιὰρ,
1501 1432 1568 1489 ὡς
1593 1428 1767 1483 πολλοὶ
1801 1435 1901 1482 τῶν
1925 1427 2080 1499 ἁγίων

492 1527 728 1598 πατέρων
770 1526 910 1583 τινάς
939 1531 1039 1578 τῶν
1076 1523 1337 1595 αἶρετικῶν
1378 1520 1701 1585 ἀπεδέξαντο,
1735 1521 1913 1594 ὥσπερ
1944 1517 2078 1572 καὶὸ

492 1615 546 1670 εὖ
568 1615 726 1688 ἁγίοις
754 1617 1002 1685 Δάμασος,
1037 1616 1124 1667 καί
1150 1616 1457 1675 nitu-26mm,
1487 1615 1571 1664 καὶ
1598 1609 1850 1669 Βασίλειος
1879 1606 2077 1663 ’Λπολι-

490 1706 692 1780 νάρ..ον,
736 1692 820 1759 καί
857 1708 989 1759 Λέων
1016 1704 1068 1759 δέ
1098 1704 1123 1758 ὁ
1152 1711 1243 1764 τῆς
1272 1703 1421 1776 ἁγίας·
1458 1706 1653 1773 μνήμης
1698 1701 1957 1770 Εὐτυχέα.
1991 1701 2080 1751 καί

2188 524 2317 571 (res.
2352 525 2399 567 et
2426 516 2763 578 percuticntes
2791 533 2963 570 comm
2993 517 3257 585 infirmam
3287 517 3685 580 conscientiam,
3714 518 3767 571 in

2187 603 2443 659 Christum
2472 607 2694 674 peccatis
2718 605 2773 678 (Ι
2803 605 2924 659 Cor.
2953 609 3086 674 vui).
3117 605 3183 658 Et
3208 614 3266 660 ut
3290 607 3488 676 aliquid
3513 607 3674 661 etiam
3701 624 3766 662 ex

2187 695 2517 765 prepheticis
2546 696 2737 765 loquar
2764 697 3036 752 codicibus
3070 716 3082 749 :
3111 697 3411 767 Jusliﬁcata
3439 708 3516 753 est
3541 698 3768 755 Sodoma

2183 804 2248 841 ea:
2277 796 2325 840 te
2349 785 2560 859 (Ezech.
2591 787 2719 858 xvi),
2750 789 3015 858 superasti
3042 803 3366 859 paganorum
3398 791 3767 855 verbositatcs,

2183 893 2317 948 quas
2341 888 2529 933 contra
2552 878 2821 935 Christum
2858 880 3120 948 fecerunt,
3151 883 3431 937 stultitiam
3461 885 3772 940 existiman-

2193 979 2276 1025 tes
2298 987 2512 1026 crucem
2544 972 2600 1043 (Ι
2626 973 2745 1028 Cor.
2765 974 2897 1045 vui),
2931 976 3063 1030 nihil
3086 991 3210 1031 esse
3236 976 3516 1032 ostendisti
3538 978 3773 1034 Judaicze

2182 1064 2447 1130 superbiae
2476 1065 2720 1118 crimina.
2752 1085 2771 1116 ε
2808 1064 2901 1120 His
2951 1067 3112 1136 igitur
3152 1068 3217 1119 ad
3266 1068 3772 1125 condemnationem

2187 1151 2459 1208 Theodori
2486 1155 2564 1209 sic
2585 1170 2612 1208 a
2635 1166 2822 1210 sancto
2843 1156 3043 1228 Cyrillo
3071 1157 3246 1226 dictis,
3278 1158 3403 1213 licet
3430 1155 3623 1230 aliquis
3643 1175 3773 1216 con-

2182 1247 2376 1311 cedat,
2430 1249 2723 1303 secundum
2774 1249 2985 1303 illorum
3025 1251 3190 1305 verba
3236 1261 3480 1307 sanctum
3511 1252 3773 1324 Cyrillum

2182 1336 2380 1407 aliquid
2404 1353 2502 1407 pro
2526 1336 2812 1392 Theodoro
2833 1339 3051 1401 dixisse,
3086 1355 3259 1409 neque
3281 1340 3384 1396 hoc
3405 1341 3597 1395 liberat
3622 1341 3771 1397 illum

2182 1441 2214 1481 a
2243 1427 2709 1483 condemnatione.
2742 1427 3046 1484 Invenimus
3075 1429 3241 1494 enim,
3285 1430 3431 1500 quod
3462 1431 3616 1485 multi
3644 1447 3772 1486 san-

2182 1524 2393 1571 ctorum
2424 1515 2644 1570 Patrum
2673 1518 2934 1585 quosdam
2975 1517 3260 1574 haereticos
3306 1518 3770 1588 collaudaverum,

2181 1609 2322 1664 sicut
2361 1618 2417 1664 et
2456 1609 2626 1664 sancti
2672 1609 2933 1665 Damasus
2977 1619 3033 1665 et
3077 1609 3402 1666 Athanasius
3442 1620 3498 1667 et
3544 1610 3773 1668 Basilius

2183 1704 2594 1775 Apollinarium,
2622 1713 2677 1759 et
2704 1714 2922 1768 sanctus
2943 1704 3166 1779 [sancte
3194 1705 3492 1778 memorias}
3520 1706 3629 1762 Leo
3660 1706 3771 1761 Eu-

490 1797 628 1869 ὅμως
657 1795 828 1857 ἔπειδή
855 1800 1040 1869 φανερά
1073 1797 1266 1867 γέγονεν
1293 1797 1324 1852 η
1362 1796 1551 1848 τούτων
1576 1794 1809 1856 ἀσέίῗεια,
1853 1793 1938 1844 οὐκ
1974 1791 2071 1854 ἐξέ-

2185 1795 2376 1866 tychen
2405 1812 2418 1849 :
2445 1802 2503 1850 et
2523 1803 2705 1850 tamen
2727 1796 2942 1863 cognita
2973 1811 3161 1850 eorum
3196 1796 3493 1867 impietate,
3516 1813 3621 1852 non
3646 1814 3771 1868 pro-

488 1912 641 1963 tpu'yov
687 1889 769 1945 διὰ
805 1896 895 1948 τήν
939 1892 1179 1946 τοιαύτην
1230 1886 1498 1958 ἀποδοχήν
1537 1885 1782 1960 αξρετικοὶ
1818 1888 1907 1942 την
1950 1882 2079 1954 μετὰ

488 1988 654 2037 ταῦτα
680 1983 751 2040 εἰς
780 1983 956 2033 οἰκεῖον
983 1980 1259 2054 πρόσωπον
1286 1982 1369 2032 καί
1402 1985 1490 2035 τήν
1532 1979 1699 2030 αὐτῶν
1728 1976 1967 2029 ἀσέϐειαν
1995 1994 2079 2045 γε·

487 2074 694 2143 νομένην
728 2076 1024 2145 κατάκρισιν
1064 2091 1115 2126 τε
1161 2074 1243 2125 καί
1279 2071 1701 2141 ἀναθεματισμόν.
1747 2070 1977 2126 Τοσαύτη
2023 2066 2077 2123 δέ

487 2165 624 2220 ἐστιν
651 2167 680 2222 ἡ
715 2167 868 2233 μανία
904 2170 1002 2216 τῶν
1033 2161 1296 2232 Θεόδωρον
1326 2162 1679 2223 ἐκδικούιτων,
1734 2159 1814 2213 ὅτι
1855 2162 2079 2227 τολμῶσι

486 2252 902 2325 καταψεύδεσθαι
925 2257 1007 2307 καί
1042 2255 1313 2329 Γρηγορίου
1343 2259 1433 2308 τοῦ
1460 2252 1689 2324 θεολόγον
1707 2296 1718 2317 ,
1746 2253 1828 2304 καί
1856 2250 2076 2304 Ἰωάννου

488 2356 580 2403 τοῦ
637 2348 1245 2415 Κωνσταντινουπόλεως,
1299 2348 1367 2405 ὡς
1430 2344 1704 2403 ἐπιστολάς
1750 2343 1875 2420 πρὸς
1927 2342 2076 2396 αὐτόν

485 2437 743 2510 Θεόδωρον
781 2440 1184 2493 ἀποστειλάντων
1224 2438 1625 2512 πεπληρωμένας
1668 2436 1908 2491 ἐπαὶνου“
1951 2431 2075 2507 ὅπερ

486 2528 709 2601 ψεύδους
740 2532 851 2583 ἐστὶ
894 2531 1098 2599 μεστόν.
1132 2531 1409 2603 Γρηγόριος
1447 2531 1536 2601 μὲν
1561 2534 1681 2603 γίςρ,
1715 2527 1798 2583 ὅτε
1828 2528 1958 2603 ὑπὲρ
1987 2537 2077 2587 τὴς

483 2624 715 2682 ἀληθείας
755 2624 805 2675 ἰν
848 2622 1366 2675 Κωνσταντενουπόλει
1402 2623 1806 2692 ἀγωνισάμενος,
1842 2622 2070 2679 καὶτοὺς

487 2712 639 2772 λαοὺς
680 2712 780 2765 ἀπὸ
806 2718 898 2770 τῆς
932 2718 1033 2763 τῶν
1069 2709 1335 2786 ’Δρειανῶν
1377 2710 1562 2769 πλάνος
1592 2711 1661 2768 είς
1701 2715 1790 2766 τήν
1819 2709 1857 2783 ὁ,
1879 2707 2075 2772 Θόδοξον

486 2809 664 2862 πίστιν
710 2802 1026 2878 ἐπιστρέψας
1067 2806 1140 2863 είς
1174 2808 1264 2862 τήν
1301 2803 1485 2857 οἰκείαν
1534 2802 1776 2860 ἐπανῆλθε
1824 2800 2071 2876 πατρίδα,

484 2899 580 2956 τάς
607 2897 751 2964 ποιρά
779 2900 877 2950 τῶν
920 2894 1179 2971 αἱρετικῶν
1218 2896 1508 2966 κακοόργως
1546 2892 1920 2967 προφερομένας
1959 2890 2073 2947 ἔπι-

486 2987 670 3047 στολάς
696 2986 754 3039 οὐ
783 2987 908 3061 πρὸς
932 2983 1184 3060 Θεόδωρον
1205 2986 1287 3039 τὸν
1314 2984 1663 3055 Maximum-ria;
1688 2982 1929 3058 ἔγραψεν,
1954 2984 2075 3038 ἀλλὰ

485 3078 612 3153 πρὸς
638 3074 894 3150 Θεόδωρον
922 3077 1202 3131 ἐπίσκοπον
1226 3080 1453 3141 Τυάνων,
1484 3078 1598 3137 ἥτις
1634 3077 1745 3139 ἐστὶ
1784 3084 1872 3135 τῆς
1902 3073 2072 3130 δευτέ-

2181 1895 2302 1956 pter
2328 1886 2432 1941 hoc
2453 1894 2741 1940 evaserunt
2771 1886 3007 1941 hmretici
3028 1886 3533 1943 condemnationem
3564 1896 3618 1942 et
3642 1904 3772 1941 ana-

2183 1976 2402 2039 thema,
2458 1976 2601 2045 quod
2654 1985 2841 2046 postea
2887 1985 3078 2031 contra
3131 1962 3335 2032 eorum
3376 1994 3665 2049 personam
3720 1988 3773 2034 et

2181 2067 2508 2137 impietatem
2539 2064 2736 2122 factum
2778 2076 2878 2121 est.
2928 2067 3133 2123 Tantus
3165 2077 3343 2123 autem
3372 2078 3455 2124 est
3484 2068 3633 2124 furor
3676 2070 3773 2125 dc-

2180 2159 2512 2214 fendentium
2554 2158 2934 2231 Theodorum,
2981 2160 3103 2229 quia
3136 2169 3467 2230 praesumunt
3511 2160 3774 2215 adversus

2177 2249 2494 2318 Gregorium
2539 2249 2872 2318 theologum,
2903 2257 2956 2303 et
2984 2249 3247 2304 Joannem
3274 2250 3777 2321 ConstantinOpoli-

2181 2349 2363 2394 tanum
2392 2339 2630 2403 mentiri,
2662 2339 2905 2395 dicentes
2934 2341 3191 2410 epistolas
3219 2340 3287 2394 ad
3314 2342 3561 2396 eumdem
3588 2341 3775 2397 Theo-

2177 2432 2367 2486 dorum
2389 2431 2579 2502 plenas
2606 2430 2782 2486 laudis
2811 2446 2908 2487 eos
2937 2431 3198 2487 direxisse
3225 2450 3238 2484 :
3269 2432 3412 2503 quod
3441 2433 3634 2487 falsum
3667 2442 3773 2489 est.

2177 2521 2470 2593 Gregorius
2494 2524 2661 2589 enim,
2689 2538 2811 2580 eum
2841 2524 2896 2578 in
2916 2523 3386 2594 Constantinopoli
3416 2540 3513 2594 pro
3536 2527 3778 2581 veritate

2178 2613 2466 2678 laborans,
2515 2614 2793 2670 conversis
2834 2630 2931 2685 per
2972 2629 3094 2669 eum
3135 2614 3204 2669 ab
3232 2616 3430 2670 Ariana
3459 2616 3670 2671 insania
3709 2618 3775 2673 ad

2176 2705 2497 2760 catholicam
2527 2706 2683 2761 ﬁdem
2716 2706 2961 2777 populis,
2989 2707 3056 2763 ad
3082 2722 3233 2763 suam
3263 2708 3491 2778 patriam
3519 2724 3776 2779 reversus

2176 2807 2279 2863 est,
2311 2799 2567 2868 epistolas
2595 2815 2730 2869 quas
2760 2801 2994 2855 hazrctici
3017 2800 3205 2857 dolose
3228 2799 3524 2871 proferunt,
3559 2818 3672 2856 non
3708 2802 3773 2856 ad

2177 2891 2519 2947 Theodorum
2549 2892 2987 2962 Mopsuestcnum
3017 2894 3262 2963 scripsit,
3294 2894 3388 2948 sed
3419 2894 3487 2948 ad
3516 2892 3773 2950 Theodo-

2177 2998 2293 3038 rum
2317 2986 2631 3055 episcopum
2657 2984 3018 3057 Tyanensem,
3038 3001 3157 3054 qua:
3186 2995 3267 3041 est
3287 2986 3535 3041 secunda:
3559 2984 3773 3057 Cappa-

2176 3077 2357 3133 docire-
2375 3077 2709 3147 metropolis.
2740 3075 2991 3146 Ejusdem
3021 3080 3201 3132 autem
3235 3076 3522 3147 provincia:
3554 3086 3690 3134 sunt
3719 3084 3774 3131 et

487 3187 584 3240 ρας
613 3164 968 3244 Καππαδόκων
990 3166 1320 3241 μητρόπολις.
1344 3171 1448 3226 Τῆς
1472 3164 1525 3221 δὲ
1546 3167 1703 3226 αὐτῆς
1726 3168 1908 3241 χώρας
1935 3167 2071 3220 ὶστίν

2176 3166 2473 3223 Nazianzus
2491 3168 2701 3234 civitas,
2724 3169 2875 3238 cujus
2898 3168 3070 3223 fuerat
3099 3168 3380 3239 episcopus
3401 3169 3540 3223 idem
3561 3178 3772 3224 sancta:

486 3260 517 3317 ἠ
555 3259 859 3323 Ναζιαιζός,
909 3256 967 3318 ἧς
1013 3260 1207 3332 ⁶γέγονεν
1253 3258 1534 3318 ίπισκοπος
1574 3257 1599 3311 ὁ
1637 3260 1785 3318 αὐτὸς
1813 3262 1862 3311 ὲν
1909 3259 2070 3330 ἁγίοις

483 3346 777 3423 Γρηγόριος,
811 3350 890 3401 καί
912 3348 1161 3422 ’Δριανζός
1188 3349 1246 3403 τὸ
1280 3351 1489 3420 χωρίον.
1524 3345 1631 3402 ὅθεν
1657 3350 1882 3421 ὡρμᾶτο.
1909 3356 2070 3405 Τοῦτο

484 3441 584 3514 γάρ
612 3441 699 3492 καί
726 3440 877 3494 αὐταί
902 3446 1074 3511 σαφῶς
1104 3437 1338 3497 δηλοῦσιν
1361 3440 1411 3492 αί
1440 3440 1734 3505 ἐπιστολαί,
1763 3443 2070 3513 μεμνημέναι

483 3529 666 3592 ἕθνῶν,
711 3531 794 3582 καί
818 3527 1070 3593 συνόδων,
1102 3533 1186 3583 καί
1223 3535 1312 3584 τοῦ
1360 3531 1519 3583 αὐτοῦ
1567 3532 1762 3607 χωρίου
1789 3528 2067 3607 Ἃριανζοῦ,

481 3624 570 3675 καί
598 3620 781 3695 ἐτέρων
809 3625 1015 3696 χωρίων
1058 3630 1150 3681 τῆς
1188 3625 1342 3684 αὐτῆς
1389 3624 1682 3695 ἐπαρχίας.
1714 3627 1800 3678 καί
1827 3625 1981 3696 μηνὸς
2009 3634 2070 3700 τῇ

484 3710 752 3786 ἕπεχωρίῳ
816 3709 1059 3783 διαλέκτῳ
1118 3710 1463 3766 Καππαδόκων
1532 3715 1932 3783 ὠνομασμένων,
1987 3718 2072 3769 καί

484 3803 762 3877 Βοσπορίου
790 3801 1064 3855 ἐπισκόπου
1104 3802 1192 3857 ὑπ’
1226 3802 1380 3856 αὐτὸν
1407 3801 1671 3863 τελοῦντος
1701 3803 1953 3865 Κολωνίας
1978 3816 2070 3867 τῆς

481 3892 694 3953 πόλεως,
720 3894 807 3946 καί
833 3892 1017 3967 ίτέρων
1047 3892 1359 3957 ἐπισκόπων,
1388 3898 1474 3947 καί
1502 3895 1915 3969 χωρεπισκόπων
1934 3939 1948 3962 ,
1990 3905 2070 3956 καὶ

480 3985 831 4057 μοναστηρίων
861 3984 961 4037 ὑπὸ
996 3985 1079 4039 τόν
1103 3985 1255 4038 αὑτὸν
1281 3985 1557 4040 τελούντων
1583 3985 1837 4062 Θεόδωρον
1875 4011 2066 4062 μνημο-

479 4075 748 4130 νεύουσαι.
778 4070 842 4125 ὧν
875 4077 958 4127 καὶ
1000 4075 1164 4148 μέχρι
1191 4081 1276 4128 νῦν
1316 4079 1536 4140 σώζεται
1578 4079 1644 4132 τά
1675 4078 1911 4149 ὀνόματα.
1945 4085 2066 4138 Ποία

479 4160 534 4217 δί
559 4166 807 4233 μετουσία
839 4163 1209 4226 Καππαδόκαις
1247 4168 1377 4241 πρὸς
1406 4169 1523 4228 τούς
1551 4177 1641 4229 τῆς
1669 4167 1912 4245 δευτέρας
1940 4172 2065 4228 Κιλι-

480 4258 594 4316 κίας
621 4255 652 4316 ἦ
678 4258 792 4312 τότε
841 4258 870 4316 ἢ
908 4264 997 4311 νῦν
1032 4259 1298 4330 ὑπάρχει,
1340 4259 1795 4339 διαμεμερισμένης
1831 4275 1924 4327 τῆς
1967 4275 2066 4321 τῶν

480 4348 752 4419 ἕπαρχιῶν
787 4350 978 4404 τούτων
1012 4348 1328 4415 Bromia-twn
1360 4351 1391 4411 ἦ
1418 4357 1605 4414 ποίους
1643 4356 1953 4418 ἐπισκόπους
1982 4358 2064 4432 ὑφ’

481 4440 659 4495 ἑαυτὸν
684 4438 828 4512 ἔχειν
850 4440 1068 4500 ἠδύνατο
1109 4441 1134 4496 ό
1174 4443 1535 4514 Μοψουεστίας
1563 4446 1869 4517 ἐπίσκοπος,
1911 4451 2065 4511 αὐτὸς

2176 3260 2450 3315 memoria:
2474 3258 2787 3327 Gregorius,
2832 3267 2887 3314 et
2914 3259 3174 3314 Arianzus
3203 3258 3476 3329 pnedium,
3503 3258 3651 3313 unde
3680 3274 3772 3313 or-

2176 3361 2261 3407 tus
2291 3352 2484 3408 fuerat.
2514 3350 2632 3407 Hoc
2656 3353 2800 3407 enim
2831 3361 2886 3408 et
2914 3353 3044 3421 ipsa:
3073 3352 3317 3422 epistola:
3342 3360 3532 3421 aperte
3551 3352 3767 3421 signiﬁ-

2172 3453 2327 3510 cant,
2375 3444 2692 3499 memoriam
2735 3442 2999 3499 facientes
3036 3443 3481 3499 consuetudinum
3511 3452 3566 3498 et
3591 3444 3769 3498 colle—

2172 3535 2433 3600 ctionum,
2463 3542 2519 3589 et
2544 3533 2783 3604 ejusdem
2809 3533 2994 3604 prtedii
3019 3534 3252 3599 Arianzi,
3287 3543 3342 3589 et
3362 3534 3588 3589 aliorum
3625 3550 3769 3605 pra:-

2177 3628 2392 3683 diorum
2438 3626 2682 3697 ejusdem
2732 3628 3061 3698 provincire,
3117 3636 3173 3682 et
3219 3628 3419 3683 mensis
3466 3627 3762 3682 vernacula

2178 3717 2358 3787 lingua
2381 3717 2758 3788 Cappadocum
2790 3718 3068 3783 nominati,
3091 3728 3146 3773 et
3173 3712 3458 3787 Bosphorii
3481 3716 3763 3791 [Bospori]

2173 3806 2413 3877 epiScopi
2461 3809 2563 3863 sub
2590 3806 2779 3862 eodem
2810 3805 3100 3861 Theodoro
3128 3807 3443 3873 constituti,
3490 3806 3582 3875 qui
3629 3816 3763 3865 tunc

2172 3898 2429 3968 temporis
2449 3896 2688 3953 Coloniae
2715 3897 2947 3953 civitatis
2973 3897 3211 3971 ejusdem
3239 3898 3526 3968 provincia:
3546 3899 3763 3968 episco-

2169 4004 2271 4060 pus
2298 3997 2447 4055 erat,
2479 3998 2535 4046 et
2563 3989 2791 4045 aliorum
2822 3991 3220 4061 episcoporum,
3251 3998 3307 4045 et
3334 3990 3758 4061 chorepisc0po-

2168 4095 2287 4136 nun
2311 4118 2327 4144 ,
2375 4089 2430 4147 et
2477 4083 2960 4148 monasteriorum,
3008 4096 3128 4151 qua:
3155 4082 3255 4137 sub
3285 4080 3554 4136 Theodori
3592 4081 3761 4150 juris-

2167 4170 2405 4226 dictione
2432 4179 2624 4238 erant,
2671 4186 2901 4241 quorum
2933 4187 3101 4242 usque
3131 4187 3272 4227 nunc
3312 4172 3499 4227 eadem
3531 4175 3754 4227 nomina

2168 4270 2467 4317 servantur.
2499 4261 2684 4329 Qualis
2709 4277 2872 4333 porro
2905 4265 3213 4321 communio
3247 4264 3665 4335 Cappadocibus
3689 4265 3759 4320 ad

2166 4351 2459 4407 secundam
2485 4352 2748 4420 Ciliciam,
2774 4355 2858 4420 vel
2886 4363 3034 4423 tunc,
3065 4356 3149 4412 vel
3188 4355 3351 4412 modo
3378 4356 3547 4410 divisa
3567 4370 3755 4412 earum

2167 4442 2566 4513 provinciarum
2593 4444 2981 4513 gubernatione
3003 4448 3029 4502 ἲ
3076 4447 3143 4503 Et
3169 4462 3304 4518 quos
3333 4448 3618 4519 episcopos
3654 4451 3756 4506 sub

480 4528 584 4582 ὑπὸ
600 4531 685 4583 τὸν
703 4539 794 4590 τῆς
813 4531 965 4590 αὐτῆς
995 4530 1237 4606 δευτέρας
1260 4534 1473 4595 Κιλικίας
1492 4538 1865 4608 μητροπολίτην
1884 4541 2064 4606 τελῶνς

2175 4552 2231 4592 se
2260 4537 2461 4593 habere
2481 4547 2694 4608 poterat
2721 4538 3131 4610 Mepsuestenus
3152 4541 3460 4611 episcopus,
3492 4557 3614 4596 cum
3638 4541 3755 4612 ipse

481 4620 708 4682 Ἰωάννης
750 4620 803 4676 δέ
847 4621 873 4676 ό
917 4624 1486 4688 κωνσταντινουπολιως
1531 4626 1753 4702 ἔγραψεν
1798 4630 2069 4691 ἐπιστολὴν

480 4712 606 4788 πρὸς
635 4711 891 4787 Θεόδωρον
930 4718 1016 4768 τὸν
1046 4716 1439 4787 Μοψουεστέας,
1466 4720 1556 4772 οὐκ
1581 4720 1795 4775 ἐπαίνων
1823 4720 1876 4776 δὲ
1896 4765 1911 4789 ,
1943 4724 2068 4779 ἀλλά

453 4803 716 4874 ’μέμψεων
738 4811 821 4858 καὶ
858 4806 1197 4872 ἐπιτιμήσεων
1224 4802 1388 4862 οὖσαν
1415 4816 1625 4879 μεστήν,
1662 4814 1730 4871 ὡς
1767 4813 2067 4877 ἐκπεσόντος

475 4896 629 4950 αὐτοῦ
665 4902 757 4955 τῆς
782 4894 1091 4967 οεοσεβείας.
1129 4902 1450 4960 Συνασκόσας
1476 4902 1576 4976 γάρ
1602 4903 1737 4972 αὐτῷ
1763 4902 1846 4957 τὸν
1875 4910 2065 4982 μονήρη

476 4987 588 5058 βίον
616 4987 664 5041 ἓν
689 4987 760 5041 ἐνί
786 4989 964 5059 καὶτῷ
991 4988 1132 5057 αὑτῷ
1159 4993 1506 5065 μοναστηρίῳ,
1535 5002 1625 5054 τῆς
1655 4994 1819 5049 ἐκεῖσε
1852 4996 2062 5054 συνδια-

473 5086 643 5152 you-ﬁ};
669 5074 1030 5152 ἀναμιμνήσκει
1055 5082 1226 5135 αὐτόν.
1261 5086 1348 5135 Καὶ
1373 5089 1540 5138 ταῦτα
1568 5095 1822 5161 μαρτυρεῖ
1842 5089 2059 5159 Σωζόμε-

473 5191 574 5236 νος,
601 5174 684 5225 καί
702 5170 971 5242 Ἠσυχιος.
1002 5174 1088 5226 καί
1109 5177 1405 5244 Σωκράτης,
1434 5180 1521 5229 καί
1547 5176 1859 5254 Θεοδὼριτος
1883 5179 1909 5234 ὁ
1936 5183 2061 5236 πολ-

474 5261 586 5321 λοὺς
617 5263 748 5337 ὑπὲρ
785 5261 1044 5334 Θεοδώρου
1074 5262 1250 5335 λόγους
1273 5285 1322 5319 τε
1352 5268 1437 5319 καί
1464 5267 1698 5329 ίπαίνους
1730 5266 1969 5330 ἐκτείνας.
2004 5275 2062 5325 Εἰ

473 5351 529 5407 δέ
566 5356 875 5427 προφέρουσι
914 5357 1203 5430 μαρτυρίας
1224 5354 1446 5410 Ἰωάννου
1495 5364 1588 5412 τοῦ
1628 5356 1941 5431 ’Δντιοχείας
1979 5368 2061 5419 καί

474 5451 568 5503 τῆς
590 5445 664 5498 ὑπ
703 5447 857 5500 αὐτὸν
897 5448 1188 5508 ἀνατολικῆς
1227 5447 1476 5514 συνόδου,
1526 5450 1659 5522 ὑπὲρ
1688 5450 1949 5527 Θεοδώρου
1979 5459 2063 5509 καὶ

471 5544 566 5596 τῆς
593 5537 745 5590 αὐτοῦ
774 5537 1007 5597 ἀσεϐείας
1054 5540 1351 5608 γενομένης.
1399 5536 1587 5610 ἀνάγκη
1627 5542 1809 5601 αὐτοὺς
1856 5544 2061 5597 κάιεῖνα

472 5628 737 5693 δέξασθαι,
768 5627 900 5703 ἅπερ
931 5628 1049 5685 ὅσον
1077 5632 1133 5685 τό
1152 5653 1207 5703 ’γε
1245 5632 1325 5685 ἐπ’
1347 5634 1525 5692 αὐτοῖς
1554 5634 1624 5692 εἰς
1651 5638 1942 5710 κατάκρισιν
1971 5644 2059 5692 τοῦ

470 5720 523 5774 ἄν
547 5717 711 5790 ἁγίοις
741 5720 979 5794 Κυρίλλου
1004 5758 1019 5783 ,
1054 5725 1137 5774 καί
1163 5721 1401 5780 ἀθέτησιν
1441 5732 1532 5783 τῆς
1562 5724 1711 5800 ὀρθῆς
1756 5730 1983 5787 πίστεως
2011 5729 2058 5780 οἱ

476 5810 590 5885 περί
619 5806 841 5869 Ἰωάννην
866 5810 1165 5879 ὶτόλμησαν
1197 5813 1284 5864 καί
1312 5810 1444 5887 ἅπερ
1487 5810 1743 5889 ἔγραψαν,
1786 5816 2056 5890 Νεστόριον

2172 4631 2271 4686 sub
2293 4632 2708 4702 metropolitano
2733 4635 2985 4691 secundae
3007 4635 3207 4690 Cilicia:
3230 4637 3554 4692 constitutus
3572 4637 3757 4691 esset?

2167 4720 2404 4778 Joannes
2432 4732 2612 4778 autem
2637 4722 3266 4796 ConstantinOpolitanus
3292 4728 3505 4799 scripsit
3534 4728 3753 4798 quidem

2168 4815 2452 4883 epistolam
2480 4815 2548 4871 ad
2576 4814 2919 4873 Theodorum
2941 4818 3395 4890 Mopsuestenum,
3432 4838 3537 4875 non
3569 4829 3753 4876 tamen

2168 4903 2437 4974 laudibus,
2459 4907 2553 4962 sed
2580 4910 2931 4977 querimoniis
2959 4921 3015 4966 et
3039 4914 3493 4983 increpationibus
3516 4915 3751 4982 plenam,

2169 5008 2229 5054 ut
2272 5008 2399 5069 pote
2446 5001 2538 5055 illo
2584 5017 2614 5055 a
2646 5002 2786 5057 bona
2827 5006 3242 5060 conversatione
3287 5006 3531 5077 [pietate]
3576 5008 3748 5077 lapso.

2168 5089 2431 5156 Quoniam
2480 5091 2623 5145 enim
2675 5108 2793 5147 cum
2840 5109 2906 5147 eo
2946 5094 3314 5149 monachicam
3348 5097 3510 5152 vitam
3560 5098 3610 5151 in
3640 5114 3754 5151 uno

2169 5180 2467 5260 eodemque
2508 5184 2838 5236 monasterio
2870 5185 3148 5251 exercuit,
3197 5189 3625 5243 conversationis
3677 5189 3752 5243 ibi

2171 5270 2322 5326 “actm
2350 5287 2472 5329 eum
2521 5272 2802 5329 admonuit
2829 5294 2842 5328 :
2874 5285 2928 5330 et
2961 5290 3062 5346 pro
3092 5277 3176 5332 his
3223 5279 3580 5334 testimonium
3611 5295 3755 5349 pra:-

2168 5362 2297 5417 hent
2322 5362 2675 5431 Snzomenus,
2698 5375 2753 5421 et
2780 5365 3095 5438 Hesychius,
3124 5377 3179 5424 et
3203 5367 3473 5435 Socrates,
3497 5379 3551 5425 et
3571 5369 3753 5425 Theo-

2164 5455 2406 5520 doretus,
2429 5459 2520 5528 qui
2549 5460 2744 5515 multas
2767 5477 2864 5533 pro
2878 5460 3167 5519 Theodoro
3196 5464 3471 5520 orationes
3490 5474 3544 5518 et
3564 5463 3757 5522 laudes

2162 5546 2310 5604 fecit.
2356 5550 2412 5606 Si
2444 5561 2622 5609 autem
2668 5555 2974 5610 testimonia
3004 5555 3286 5624 proferunt
3311 5555 3534 5611 Joannis
3562 5556 3756 5611 Antio-

2164 5638 2347 5706 ebeni,
2380 5650 2436 5696 et
2464 5643 2752 5699 Orientalis
2786 5644 3002 5700 concilii
3029 5647 3129 5700 sub
3158 5660 3225 5702 eo
3251 5647 3564 5713 constituti,
3605 5645 3754 5702 facta

2163 5743 2263 5797 pro
2286 5729 2594 5797 Theodoro,
2625 5743 2680 5788 et
2708 5734 2825 5803 ejus
2855 5734 3153 5805 impietate.
3187 5752 3411 5791 necesse
3438 5746 3522 5791 est
3547 5752 3640 5791 eos
3696 5748 3755 5792 et

2162 5817 2253 5872 illa
2295 5822 2567 5892 suscipere
2590 5864 2605 5891 ,
2654 5840 2774 5896 qua:
2820 5833 3112 5895 tquantum
3141 5826 3209 5880 ad
3236 5827 3358 5882 illos
3379 5826 3646 5900 pertinet)
3681 5833 3758 5880 ad
