4032 6190
251 337 361 394 965

1286 321 1666 379 ιυετιΝιΑΝι
1708 319 2087 375 ΟΠΝΡΕΞΞῘΟ
2122 318 2375 375 ΒΕΟΤἉΕ
2414 317 2647 373 Ι⁴“ΙΙ)ΕΙ.’

3396 322 3504 380 Ξϐϐ

240 435 326 488 καί
348 433 436 489 fit:
461 426 625 487 αὗτοῦ
651 429 939 498 κακοδοξίαν
966 435 1051 490 ἐπί
1077 437 1321 492 πλεῖστον
1360 438 1550 508 χρόνον
1577 435 1823 492 ἐκδικοῦν-

1939 437 2434 494 condemnationem
2481 438 2654 494 sancti
2693 438 2882 510 "Cyrilli
2906 478 2922 504 ,
2974 448 3031 494 et
3068 439 3506 510 reprobationem

243 542 351 584 τις.
377 524 468 576 καί
494 531 646 579 τοῦτο
667 522 926 580 δείκνυται
946 527 999 579 έκ
1023 525 1272 601 διαφόρων
1296 529 1457 582 αὐτῶν
1483 527 1641 599 λόγων
1665 547 1719 583 τε
1739 529 1823 582 καί

239 614 524 670 ἐπιστολῶν
555 616 682 688 πρὸς
707 615 976 673 θεοδόσιον
1003 619 1087 673 τὸν
1112 627 1205 680 τῆς
1230 618 1472 679 εὐσεϐοῦς
1495 618 1680 684 λήξεως
1697 657 1712 684 ,
1743 619 1827 672 καί

240 707 449 777 έτέρους
473 705 746 782 διαφόρους
769 717 1076 782 γραῖνεισῶν.

1928 537 2092 583 recta:
2137 527 2257 584 ﬁdet
2301 528 2545 585 fecerunt
2581 528 2816 585 Joannes
2840 537 2896 584 et
2920 529 3012 599 qui
3034 544 3164 585 cum
3202 530 3296 585 illo
3323 540 3504 598 erant,

1935 633 2034 674 nec
2061 633 2170 673 non
2198 619 2365 674 etiam
2401 633 2523 688 quae
2564 619 2915 688 scripserunt.
2964 617 3266 674 Nestorium
3294 626 3351 675 et
3389 619 3508 690 ejus

1935 706 2214 775 perlidiam
2243 707 2446 764 diutius
2469 707 2839 765 defendentes.
2887 707 2954 761 Et
2980 708 3084 763 hoc
3111 708 3410 767 ostenditur
3437 726 3509 768 ex

1933 801 2162 856 diversis
2181 815 2369 856 eorum
2398 800 2548 857 libris
2592 795 2648 855 et
2685 800 2958 870 epistolis,
2993 815 3138 870 quas
3157 800 3226 855 ad
3254 799 3507 860 Theodo-

240 889 378 944 sium
405 888 510 957 piae
537 888 929 946 recordationis
951 931 967 955 ,
1019 897 1076 946 et
1122 891 1190 946 ad
1237 892 1374 948 alios
1414 892 1655 950 diversos
1690 893 2040 964 scripserunt.

313 985 405 1034 ιαί
434 989 604 1038 ταῦτα
631 983 720 1053 μίν
747 982 929 1042 οὕτως’
957 985 1041 1039 ἵνα
1069 983 1123 1040 δέ
1151 981 1302 1057 μηδέν
1327 994 1419 1047 τῆς
1441 985 1700 1061 ἀκριϐείας
1726 1009 1828 1041 πα·

242 1072 565 1147 ραλείψωμεν
585 1112 600 1134 ,
650 1075 920 1146 ἀναγκαῖον
962 1076 1265 1145 ένομίσαμεν
1302 1079 1577 1147 μνησθῆναι
1612 1081 1697 1133 καί
1731 1084 1828 1132 τῶν

243 1165 530 1236 γραφέντων
552 1168 696 1237 παρά
726 1167 1058 1238 Λῦγουστίνου
1086 1173 1180 1223 τοῦ
1207 1177 1298 1228 τῆς
1321 1168 1466 1230 όσίας
1487 1174 1685 1239 μνήμης
1713 1171 1825 1225 ἐπι-

244 1259 442 1312 σκόπου
481 1259 532 1311 έν
556 1267 756 1333 ’Δφρικῇ
783 1261 1065 1332 γενομένου.
1107 1265 1371 1324 Ζητήσεως
1406 1261 1506 1340 γάρ
1544 1285 1674 1325 τινος
1707 1269 1827 1340 περὶ

247 1350 558 1404 ιααιλιανοῦ
587 1351 714 1419 μετά
739 1352 950 1406 θάνατον
977 1354 1133 1407 αὐτοῦ
1177 1356 1482 1420 κινηθείσης,
1531 1359 1600 1416 ὡς
1631 1366 1720 1416 τῆς
1749 1358 1826 1409 ἐκρ

248 1439 604 1499 κλησιαστικῆς
630 1441 1046 1517 παρατραπέντος
1071 1441 1422 1520 παραδόσεως,
1448 1445 1533 1500 καί
1553 1467 1695 1499 τινων
1719 1447 1830 1502 τού-

252 1549 339 1583 του
369 1526 532 1604 χάριν
572 1533 908 1603 χωρισάντων
943 1531 1154 1592 ἑαυτοὺς
1193 1533 1296 1587 ἀπὸ
1335 1541 1427 1594 τῆς
1455 1535 1712 1596 καθολικῆς
1750 1536 1832 1588 ἐκ·

247 1621 488 1682 nimiae.
529 1619 708 1696 γράφει
768 1624 896 1698 πρὸς
937 1629 1222 1694 Βονιφάτιον
1274 1624 1302 1679 ό
1349 1626 1500 1686 αὐτὸς
1543 1634 1637 1686 τῆς
1682 1625 1832 1688 ὁσίας

249 1713 448 1780 ανήμης
475 1713 839 1782 Δὺγουστῖνος,
870 1712 937 1770 ὡς
963 1712 1054 1763 οὐκ
1081 1709 1188 1766 ἔδει
1214 1713 1354 1772 τινάς
1381 1712 1464 1768 διά
1492 1720 1643 1768 τοῦτο
1666 1717 1834 1790 χωρί-

2004 981 2068 1036 Ει
2093 983 2207 1038 huic
2227 981 2442 1051 quidem
2469 981 2549 1036 sic
2573 995 2634 1036 se
2659 979 2879 1036 habent.
2915 978 2983 1034 Ut
3009 989 3188 1036 autem
3219 978 3349 1038 nihil
3375 985 3507 1038 sub-

1933 1075 2142 1129 tilitatis
2153 1072 2642 1143 praetermittamus,
2675 1071 3033 1126 necessarium
3059 1073 3366 1142 putavimus
3393 1090 3507 1131 me-

1933 1179 2147 1221 morare
2185 1164 2350 1219 etiam
2367 1161 2453 1214 illa
2467 1175 2590 1231 quae
2602 1160 2672 1215 ab
2688 1159 2989 1230 Augustino
3005 1172 3204 1219 sanctte
3230 1167 3506 1222 memoria:

1934 1255 2183 1310 Africano
2207 1253 2464 1324 episcopo
2508 1254 2707 1322 scripta
2734 1261 2878 1307 sunt.
2909 1253 3214 1319 Quaestione
3241 1256 3384 1311 enim
3401 1257 3508 1313 ali-

1932 1359 2036 1413 qua
2060 1351 2184 1413 post
2209 1350 2438 1398 mortem
2483 1341 2751 1397 Caeciliani
2778 1341 2846 1396 de
2873 1356 2941 1397 eo
2964 1350 3128 1408 mota,
3156 1344 3298 1413 quod
3319 1345 3388 1400 ab
3413 1361 3510 1401 ec-

1931 1436 2229 1493 clesiastica
2257 1433 2548 1490 traditione
2569 1433 2864 1488 declinasse
2887 1433 3182 1501 dicebatur,
3208 1444 3266 1490 et
3283 1447 3511 1507 propter

1933 1527 2036 1582 hoc
2060 1525 2376 1595 quibusdam
2396 1539 2427 1580 a
2456 1524 2721 1581 catholica
2747 1522 2987 1581 Ecclesia
3015 1527 3293 1597 separatis,
3323 1527 3513 1584 scribit

1933 1619 2001 1674 ad
2029 1618 2360 1674 Bonifacium
2415 1617 2563 1672 idem.
2602 1625 2820 1672 sanctus
2846 1617 3191 1686 Augustinus,
3223 1617 3369 1686 quod
3400 1632 3512 1674 non

1933 1712 2219 1782 oportebat
2259 1710 2468 1780 aliquos
2495 1709 2614 1764 ideo
2642 1724 2894 1780 separare
2917 1724 3037 1765 sese
3064 1724 3095 1763 a
3123 1709 3389 1765 catholica
3414 1707 3514 1764 Ec-

246 1821 339 1854 σαι
389 1801 607 1860 έαυτοὺς
647 1807 740 1860 τῆς
787 1801 1050 1863 καθολικῆς
1098 1802 1378 1863 ἐκκλησίας.
1431 1805 1488 1856 Εἰ
1527 1806 1626 1880 γὰρ
1676 1805 1829 1866 ἀληθῆ

1939 1802 2115 1858 clesia.
2142 1799 2201 1854 Si
2239 1802 2382 1856 enim
2411 1815 2535 1856 vera
2557 1809 2739 1857 essent
2762 1815 2827 1856 ea
2854 1815 2974 1871 qua:
3001 1800 3288 1858 Caeciliano
3315 1801 3512 1858 iniere-

247 1889 463 1960 ὑπῆρχε
484 1890 550 1943 τὰ
579 1889 862 1961 ἔπαγόμενα
882 1891 1196 1960 Καικιλιανῷ.
1228 1894 1310 1945 καί
1337 1893 1617 1967 ἐφανερώθη
1636 1896 1833 1950 ἐναντία

246 1985 513 2056 φρονήσας
539 1989 630 2040 τῆς
658 1981 917 2044 καθολικῆς
944 1983 1328 2045 καταστάσεως,
1368 1986 1452 2037 καί
1473 1987 1602 2056 μετά
1627 1986 1836 2041 θάνατον

245 2071 305 2126 ἂν
348 2078 536 2128 τοῦτον
577 2074 843 2145 ἀναθέματι
892 2073 1167 2128 ὑπέϐαλον.
1222 2072 1363 2128 Ἀλλά
1407 2077 1494 2130 καί
1537 2079 1698 2130 κανὼν
1741 2085 1836 2136 τῆς

243 2164 403 2235 ἆγίας
429 2166 483 2217 έν
506 2163 703 2238 ’Δφρικῇ
745 2161 960 2219 συνόδου
1004 2162 1285 2237 διαγορεύει
1327 2166 1446 2226 τοὺς
1491 2165 1831 2235 έπισκόπους,

243 2262 375 2317 τοὺς
411 2264 506 2317 τήν
532 2262 713 2312 οἰκείαν
740 2256 771 2316 ἦ
813 2260 863 2310 ἓν
891 2255 1123 2330 διαθήκῃ,
1152 2256 1182 2316 ἦ
1217 2257 1268 2320 έξ
1301 2255 1560 2312 ἀδιαθέτου
1596 2259 1835 2332 αἱρετικῷ

241 2350 699 2423 παραπέμποντας
747 2355 937 2422 χρῆναι
980 2350 1068 2403 καί
1103 2349 1233 2417 μετά
1273 2346 1492 2404 θάνατον
1531 2349 1835 2419 ἀναθεματί-

244 2445 452 2506 ζεσθαι.
487 2443 615 2516 Πρός
642 2442 841 2501 τούτοις
867 2440 921 2496 δέ
965 2441 1130 2496 ἅπασι
1151 2482 1166 2507 ,
1211 2442 1293 2504 τίς
1333 2443 1504 2514 ἀγνοεῖ
1539 2441 1604 2495 τὰ
1645 2441 1696 2495 έν
1723 2448 1836 2500 τοῖς

243 2536 516 2608 ἡμετέροις
573 2533 772 2609 χρόνοις
825 2533 875 2586 έν
923 2539 988 2606 τῇ
1039 2531 1274 2607 ἐκκλησίᾳ
1339 2539 1432 2592 τῆς
1480 2531 1837 2606 πρεσϐυτέρας

244 2623 450 2697 Ῥώμης
480 2625 722 2698 γενόμενα
761 2624 891 2680 κατὰ
938 2624 1235 2697 Διοσκόρου;
1275 2621 1330 2684 ὃς
1369 2621 1510 2679 οὐδέν
1535 2625 1620 2678 έπί
1659 2625 1837 2680 πίστιν

244 2719 590 2790 ἡμαρτηκὼς,
623 2714 706 2770 διὰ
738 2715 889 2787 μόνην
914 2715 1328 2774 έκκλησιαστικὴν
1359 2715 1680 2771 κατάστασιν
1705 2717 1837 2784 μετά

243 2808 471 2861 θάνατον
493 2808 617 2883 παρ’
644 2811 803 2868 αὐτῆς
837 2815 928 2868 τῆς
967 2809 1097 2864 κατά
1119 2805 1307 2878 Ῥώμην
1342 2803 1630 2879 ἁγιωτάτης
1662 2807 1837 2866 ἔκκλη-

245 2901 382 2958 σίας
426 2901 809 2970 ἀνιθεματὶσθη.
840 2903 896 2954 Εἰ
921 2903 1082 2956 τοίνυν
1109 2901 1156 2955 οἱ
1184 2899 1337 2972 μηδὲν
1364 2904 1438 2962 είς
1472 2904 1647 2957 πίστιν
1681 2902 1836 2957 πταί-

245 3012 445 3051 σαντες
490 2994 754 3047 ἐπίσκοποι
793 2989 878 3048 διά
919 2995 1230 3050 κατάστασιν
1273 2992 1708 3060 έκκλησιαστεκὴν,
1756 2995 1838 3048 καί

245 3079 341 3137 διὰ
375 3087 700 3156 χρηματικήν
722 3083 886 3138 αἰτίαν
913 3083 1182 3154 ἀναθίματι
1207 3084 1291 3138 καὶ
1319 3083 1447 3154 μετά
1471 3084 1680 3139 θάνατον
1702 3083 1835 3137 ὐπο-

1934 1893 2150 1960 bantur,
2181 1900 2238 1948 et
2276 1893 2650 1948 manil'estatus
2677 1900 2818 1948 esset
2843 1895 3170 1948 contrarium
3197 1893 3397 1963 aliquid
3421 1909 3514 1950 ec-

1935 1987 2236 2043 clesiastico
2277 1987 2440 2042 statui
2489 1987 2750 2057 sapuisse,
2781 1987 2942 2041 etiam
2983 1995 3104 2056 post
3132 1996 3361 2043 mortem
3387 2003 3514 2044 eum

1935 2077 2260 2132 anathema-ti
2290 2076 2630 2146 subjicerem.
2662 2075 2769 2132 Sed
2797 2085 2852 2132 et
2883 2076 3066 2146 regula
3092 2085 3292 2134 sanctae
3319 2079 3513 2149 synodi

1936 2167 2197 2223 Africanas
2222 2169 2429 2233 statuit,
2459 2166 2743 2236 episcopos
2768 2166 2860 2235 qui
2880 2180 3004 2220 suas
3033 2166 3318 2222 facultates
3347 2169 3401 2222 in
3434 2177 3515 2222 te-

1935 2267 2224 2324 stamento,
2244 2257 2332 2314 vel
2351 2273 2420 2314 ex
2447 2258 2702 2314 intestato
2721 2257 2975 2314 haeretico
2999 2259 3328 2329 relinquunt,
3351 2273 3516 2330 opor—

1936 2363 2052 2408 tere
2087 2359 2145 2407 et
2170 2361 2294 2421 post
2319 2357 2549 2406 mortem
2587 2350 3046 2405 anathematizari.
3075 2350 3254 2421 Super
3278 2352 3391 2407 haec
3415 2365 3514 2407 au-

1937 2454 2044 2500 tem
2072 2444 2273 2508 omnia,
2299 2443 2420 2516 quis
2465 2442 2676 2511 ignorat
2717 2457 2782 2497 ea
2809 2458 2928 2512 qua:
2960 2443 3158 2499 nostris
3187 2442 3514 2513 temporibus

1937 2535 1991 2590 in
2014 2534 2250 2591 Ecclesia
2276 2533 2593 2604 antiquioris
2619 2532 2805 2588 Romae
2831 2543 3022 2589 contra
3050 2533 3366 2589 Dioscorum
3390 2546 3513 2590 acta

1937 2627 2096 2683 sunt?
2123 2625 2226 2693 Qui
2253 2641 2374 2682 cum
2395 2624 2526 2680 nihil
2555 2623 2608 2678 in
2635 2621 2794 2679 ﬁdem
2815 2634 3114 2694 peccasset,
3141 2631 3318 2680 tamen
3343 2639 3512 2695 prop-

1938 2726 2023 2773 ter
2059 2719 2232 2774 solum
2261 2717 2683 2774 ecclesiasticum
2731 2716 2974 2772 ordinem
3019 2725 3143 2786 post
3188 2724 3414 2772 mortem
3443 2719 3513 2773 ab

1937 2809 2126 2865 eadem
2159 2816 2347 2865 sancta
2374 2806 2610 2862 Ecclesia
2631 2805 2880 2862 Romana
2906 2807 3382 2862 anathematizatus
3407 2817 3510 2864 est.

1938 2898 1996 2955 Si
2024 2899 2183 2969 igitur
2221 2898 2352 2952 nihil
2395 2898 2448 2952 in
2497 2895 2652 2951 tidem
2681 2904 2966 2966 peccantes
3004 2895 3263 2966 episcopi,
3291 2905 3513 2968 propter

1938 2990 2111 3047 solum
2160 2989 2582 3045 ecclesiasticum
2629 2988 2894 3055 ordinem,
2942 2996 2998 3043 et
3045 2996 3266 3059 propter
3293 3004 3510 3046 causam

1939 3082 2304 3154 pecuniariam
2326 3081 2655 3136 anathemati
2676 3090 2732 3135 et
2746 3087 2869 3150 post
2887 3089 3116 3135 mortem
3137 3081 3480 3150 subjiciuntur
3493 3120 3510 3146 ,

245 3176 559 3247 ϐάλλονται,
589 3179 738 3248 πόσῳ
781 3177 966 3248 μᾶλλον
991 3176 1249 3252 Θεόδωρος
1273 3176 1299 3233 ό
1326 3178 1400 3238 είς
1433 3177 1580 3233 αὐτόν
1601 3177 1686 3232 τὸν
1714 3176 1837 3232 Θεὸν

1939 3180 2142 3240 quanto
2161 3171 2331 3238 magis
2358 3169 2696 3238 Theodorus,
2723 3170 2815 3240 qui
2844 3171 2897 3225 in
2927 3169 3098 3240 ipsum
3123 3171 3288 3227 Deum
3315 3186 3513 3243 pecca-

243 3268 557 3332 ἀσεϐιήσαςς
584 3265 705 3322 ὅσον
748 3266 802 3323 δέ
831 3267 957 3343 πρὸς
994 3273 1085 3326 τήν
1119 3265 1292 3323 ἄνοιαν
1331 3274 1433 3323 τῶν
1468 3267 1727 3338 λεγόντων,
1765 3271 1835 3338 μὴ

248 3358 369 3414 δεῖν
407 3361 856 3432 ἀναθεματίζεσθαι
900 3362 1030 3433 μετά
1074 3361 1286 3416 θάνατον
1332 3362 1453 3420 τοὺς
1487 3361 1536 3412 έν
1571 3368 1634 3436 τῇ
1681 3360 1838 3436 οἰκείᾳ

250 3449 480 3523 ἀσεϐείᾳ
501 3448 856 3513 τελευτῶντας,
884 3450 943 3504 οὐ
982 3447 1064 3504 δεῖ
1081 3447 1206 3521 μηδέ
1230 3452 1352 3509 τοὺς
1377 3447 1565 3510 ἀδίκως
1602 3469 1837 3522 κατακρι·

251 3543 442 3597 θέντας
461 3540 694 3616 πατέρας
719 3541 848 3612 μετά
883 3541 1093 3596 θάνατον
1128 3539 1514 3602 ἀνακαλεῖσθαι,
1544 3536 1669 3614 ὅπερ
1697 3560 1834 3610 συμ-

251 3631 447 3688 ϐέϐηκε
480 3631 564 3685 καί
597 3633 682 3686 ίπί
705 3628 907 3704 ἰωάννῃ
934 3638 1006 3701 τῷ
1043 3631 1091 3684 έν
1123 3629 1240 3702 όσίᾳ
1282 3638 1344 3704 τῇ
1373 3633 1538 3703 μνήμῃ
1582 3631 1838 3703 ima-attingi

253 3722 510 3796 γενομένῳ
538 3721 1111 3780 κωνσταντινουπόλεως
1135 3721 1238 3775 ὗπό
1263 3727 1354 3779 τῆς
1381 3719 1644 3780 καθολικῆς
1665 3720 1836 3778 ἔκκλη-

260 3818 386 3876 σίας
415 3818 542 3886 μετά
564 3814 778 3871 θάνατον
798 3816 1131 3873 ὼακληθέντι·
1155 3813 1240 3869 καί
1265 3816 1350 3868 ἐπί
1373 3814 1628 3884 Φλαυιανῷ
1649 3821 1721 3883 τῷ
1747 3821 1840 3874 τῆς

258 3904 412 3964 ὁσίας
451 3909 646 3976 μνήμης
679 3907 760 3958 καί
803 3907 944 3976 αὐτῷ
981 3904 1557 3964 Κωνσταντινουπόλεως
1594 3905 1839 3975 γενομένῳ

258 3993 524 4066 έπισκόπῳ
544 4035 560 4056 ,
587 3992 773 4056 ἀδίκως
801 3998 890 4067 μέν
921 3995 970 4048 έν
1009 3999 1108 4071 ζωῇ
1137 3995 1508 4071 κατακριθέντι,
1555 3993 1757 4054 δικαίως
1784 3992 1838 4048 δέ

259 4086 398 4152 μετά
423 4086 626 4139 θάνατον
668 4085 983 4142 ἀνακληθέιτι
1008 4085 1112 4139 ὑπό
1141 4091 1312 4139 τε-τοῦ
1350 4093 1441 4144 τῆς
1465 4083 1614 4144 ὁσίας
1643 4089 1838 4155 μνήμης

259 4175 414 4228 Πάπα
445 4175 667 4234 Λέοντος.
695 4176 778 4228 καί
803 4183 895 4234 τῆς
929 4177 979 4229 ἐν
1003 4175 1272 4234 Χαλκηδόνι
1297 4174 1446 4247 ἁγίας
1475 4174 1714 4230 συνόδου.
1741 4185 1838 4229 Ἐν·

258 4263 438 4316 τεῦθεν
455 4260 508 4317 δὲ
535 4263 803 4334 συμϐαίνει
826 4266 959 4320 κατά
989 4267 1112 4325 τοὺς
1137 4265 1186 4318 έκ
1214 4266 1329 4319 ίνων
1359 4266 1537 4337 λόγους
1554 4306 1569 4328 ,
1605 4269 1724 4326 τοὺς
1749 4268 1839 4336 μέν

259 4355 551 4430 cipe-ruat}:
576 4362 680 4413 τοῖς
707 4353 870 4426 ἁγίοις
898 4357 1121 4432 πατράσι
1144 4357 1570 4430 συναριθμεῖσθαι,
1599 4353 1680 4412 οἷα
1707 4357 1842 4410 ἕλευ-

255 4447 446 4518 θέρονς
469 4446 760 4516 ἀφιεμένους
783 4454 875 4505 τῆς
903 4446 1213 4517 ὀφειλομένης
1253 4447 1429 4506 αὐτοῖς
1464 4450 1838 4518 κατακρίσεως·

1937 3264 2049 3320 vit?
2077 3263 2347 3331 Quantum
2375 3271 2553 3320 autem
2603 3263 2668 3318 ad
2697 3263 3057 3334 insipientiam
3087 3263 3376 3320 dicentium
3403 3280 3512 3322 non

1939 3375 2192 3434 oportere
2219 3360 2659 3417 anathematizari
2689 3367 2813 3430 post
2835 3367 3065 3415 mortem
3093 3374 3192 3416 eos
3217 3361 3308 3431 qui
3335 3361 3390 3416 iu
3412 3375 3511 3417 sua

1938 3453 2213 3524 impietate
2237 3451 2432 3507 mortui
2459 3459 2584 3505 sunt
2615 3469 2628 3503 :
2658 3450 2942 3519 oportebat
2966 3464 3065 3506 nec
3087 3465 3182 3507 eos
3202 3451 3293 3521 qui
3320 3451 3517 3521 injuste

1938 3542 2281 3601 condemnati
2303 3550 2430 3596 sunt
2452 3539 2642 3596 Patres
2664 3547 2789 3609 post
2807 3549 3036 3596 mortem
3056 3543 3322 3610 revocari,
3349 3543 3512 3612 quale

1938 3635 2164 3705 contigit
2209 3634 2262 3688 in
2311 3632 2518 3689 Joanne
2568 3638 2771 3687 sancta:
2813 3629 3206 3686 recordationis
3252 3633 3510 3704 episcopo

1936 3725 2542 3795 Constantinopolitanm
2565 3723 2814 3786 civitatis,
2863 3721 2931 3776 ab
2957 3721 3246 3777 universali
3274 3721 3515 3779 Ecclesia

1937 3826 2060 3891 post
2086 3825 2318 3874 mortem
2346 3822 2621 3879 revocato,
2650 3819 2704 3868 et
2725 3814 2780 3868 in
2808 3812 3064 3867 Flaviano
3092 3820 3291 3868 sanctae
3317 3827 3516 3869 memo-

1939 3908 2032 3963 ria:
2060 3919 2114 3963 et
2143 3908 2259 3977 ipso
2275 3906 2553 3976 episcopo
2599 3902 3208 3973 Constantinopolitana:
3258 3903 3514 3969 civitatis,

1939 3998 2139 4068 injuste
2160 3996 2375 4066 quidem
2393 3997 2453 4051 in
2478 3995 2589 4050 vita
2609 3995 2988 4058 condemnato,
3015 3993 3160 4062 juste
3185 4001 3366 4048 autem
3394 4002 3518 4064 post

1939 4077 2172 4145 mortem
2216 4093 2473 4143 revocato
2495 4123 2513 4149 ,
2572 4093 2683 4139 tam
2729 4099 2761 4138 a
2805 4091 3004 4139 sancta:
3053 4083 3331 4139 memor-ias
3378 4099 3518 4156 papa

1940 4180 2123 4236 Leone
2143 4193 2304 4248 quam
2323 4193 2354 4232 a
2379 4185 2565 4233 sancta
2593 4175 3018 4231 Chalcedonensi
3047 4174 3273 4245 synodo.
3308 4174 3388 4231 Ex
3414 4177 3520 4232 hoc

1942 4279 2121 4326 autem
2150 4269 2413 4338 contingit
2452 4267 2746 4324 secundum
2772 4267 2984 4322 illorum
3005 4266 3190 4330 verba,
3239 4267 3521 4324 haereticos

1941 4361 2162 4431 quidem
2190 4360 2390 4415 sanctis
2436 4357 2686 4414 Patribus
2711 4358 3112 4420 connumerari,
3140 4366 3200 4411 ut
3224 4365 3352 4427 pote
3379 4357 3520 4412 lihe-

1944 4461 2092 4509 ratos
2109 4451 2288 4508 debita
2309 4449 2388 4505 eis
2407 4449 2876 4510 condemnatione,
2891 4454 3110 4503 sanctos
3129 4455 3307 4504 autem
3330 4446 3517 4504 Patres

261 4537 388 4595 τοὺς
431 4532 483 4588 δέ
525 4533 698 4605 ἁγίους
735 4536 962 4611 πατέρας
1005 4533 1194 4595 ἀδίκως
1238 4532 1693 4596 καταδικασθέντας
1735 4545 1837 4596 τοῖς

1942 4551 2138 4620 injuste
2163 4547 2568 4613 condemnatos,
2592 4543 2856 4598 haereticis
2874 4542 3144 4611 conjungi,
3169 4552 3227 4598 ut
3255 4552 3383 4613 pote
3407 4560 3516 4599 non

262 4631 539 4705 ειίρετικοῖς
566 4635 947 4696 συνάπτεσθαι,
980 4631 1060 4688 οἷα
1089 4637 1156 4703 μή
1181 4633 1424 4704 λυομένης
1449 4640 1538 4693 τῆς
1573 4633 1649 4685 ἐπ’
1673 4635 1842 4694 αὐτοῖς

262 4719 444 4776 ἀδίκου
472 4725 840 4796 κατακρίσεως.
857 4721 1278 4798 Ἀξιοπιστότερος
1307 4722 1360 4779 δέ
1383 4724 1584 4778 πάντων
1612 4725 1725 4778 ἐστὶ
1765 4722 1832 4778 δι-

263 4811 519 4872 δάσκαλος
547 4817 572 4866 ὅ
612 4815 777 4889 κύριος
815 4816 899 4866 καί
925 4812 1046 4871 Θεὸς
1071 4814 1208 4881 ἡμῶν
1246 4811 1435 4872 Ἰησοῦς
1462 4814 1681 4887 Χριστὸς
1725 4815 1844 4884 περὶ

264 4905 459 4958 ἑαυτοῦ
691 4922 709 4954 ε
737 4904 885 4960 Οὕτω
909 4905 1009 4977 γὰρ
1033 4903 1290 4974 ἠγάπησεν
1319 4902 1344 4957 ὁ
1372 4905 1492 4963 Θεός
1522 4906 1606 4959 τὸν
1628 4904 1838 4971 κόσμον,

265 4997 405 5050 ὥστε
425 4997 509 5050 τὸν
535 4996 642 5049 υἱὸν
667 4997 820 5050 αὑτοῦ
851 4995 937 5050 τόν
970 5002 1202 5064 μονογενῆ
1232 4991 1429 5056 ἔδωκεν,
1461 4994 1542 5045 ἵνα
1569 4999 1671 5050 πᾶς
1701 4993 1727 5046 ὁ
1756 5013 1844 5047 π.-

267 5087 471 5140 στεύων
496 5089 566 5146 εἰς
607 5087 760 5140 αὐτὸν
789 5090 858 5156 μὴ
885 5085 1128 5142 ἀπόληται
1147 5127 1161 5152 ,
1203 5083 1306 5138 ἀλλ’
1335 5081 1437 5154 ἔχῃ
1477 5087 1604 5146 ζωὴν
1629 5086 1843 5137 αἰώνιον.

264 5179 339 5231 Οὐ
359 5179 461 5250 γὰρ
491 5177 782 5232 ἀπέστειλεν
803 5175 830 5230 ό
866 5176 987 5236 Θεὸς
1014 5174 1099 5227 τόν
1116 5173 1232 5228 ὐἱὸν
1259 5174 1412 5227 αὐτοῦ
1437 5177 1508 5231 εἰς
1537 5175 1617 5226 τὸν
1640 5173 1846 5242 κόσμον,

261 5269 352 5321 ἵνα.
376 5270 518 5342 apum
544 5269 631 5322 τόν
658 5268 861 5339 κόσμον,
889 5266 994 5322 ἀλλ’
1019 5267 1103 5318 ἵνα
1141 5265 1278 5337 σωθῇ
1303 5263 1328 5317 ό
1356 5265 1548 5332 κόσμοις
1576 5261 1641 5318 δι’
1663 5266 1844 5319 αὑτοῦ.

263 5370 323 5412 ⁸0
353 5359 616 5412 πιστεύων
646 5361 715 5418 εἷς
737 5360 882 5413 αὐτὸν
909 5359 967 5412 οὐ
999 5358 1245 5432 κρίνεται·
1273 5355 1299 5410 ό
1321 5353 1376 5410 δέ
1499 5359 1754 5410 πιστεύων
1777 5358 1849 5417 εἰς

263 5450 428 5503 αὐτὸν
455 5447 548 5507 ἤδη
575 5450 816 5522 κέκριται,
843 5447 921 5502 ὅτι
947 5453 1018 5519 μὴ
1040 5449 1380 5503 πεπίστευκεν
1403 5451 1475 5506 είς
1497 5449 1555 5501 τὸ
1582 5443 1737 5517 ὄνομα
1757 5456 1847 5502 τοῦ

267 5546 570 5611 μονογενοῦς
606 5541 721 5593 υίοῦ
750 5547 842 5594 τοῦ
873 5545 1020 5596 Θεοῦ.
1048 5558 1066 5590 ι
1092 5543 1192 5594 Καὶ
1215 5540 1272 5594 τὸ
1294 5545 1492 5612 πνεῦμα
1519 5539 1577 5593 τὸ
1607 5538 1745 5611 ἆγιον
1769 5538 1851 5594 5:6:

267 5642 364 5689 τοῦ
390 5638 649 5710 προφήτου
673 5634 824 5690 Δαυίδ
843 5637 996 5706 λέγει,
1016 5638 1136 5696 τοὺς
1158 5636 1363 5695 ἀσεϐεῖς
1383 5641 1450 5706 μὴ
1471 5637 1850 5694 ἀναστήσεσθαι

269 5729 322 5780 έν
353 5730 537 5798 κρίσει.
576 5735 676 5785 Τῆς
709 5721 793 5778 οὖν
819 5728 1059 5785 τοιαύτης
1089 5732 1176 5780 τοῦ
1207 5728 1380 5798 κυρίου
1407 5728 1708 5797 ἀποφάσεως
1747 5729 1850 5790 ἕξις

268 5823 542 5890 νεχθῖίσης
561 5821 691 5872 κο.τά
712 5820 900 5878 παντὸς
929 5819 1165 5884 ἀσεϐοῦς,
1187 5822 1269 5872 καί
1290 5817 1441 5888 μηδὲν
1462 5817 1853 5880 ὃιαστελλοῦσης

519 5912 788 5974 Panos.
837 5909 1071 5971 LXIX.

1946 4644 2121 4698 soluta
2145 4648 2334 4696 contra
2361 4653 2458 4694 eos
2489 4636 2628 4693 facta
2658 4637 2837 4705 iniqua
2863 4635 3226 4692 damnatione.
3264 4635 3522 4694 Omnibus

1946 4740 2126 4788 autem
2157 4729 2326 4800 magis
2354 4727 2652 4784 credendus
2673 4725 2814 4799 [ﬁde
2837 4724 3048 4798 dignus]
3078 4736 3164 4782 est
3190 4726 3390 4783 Doctor
3411 4728 3523 4782 Do-

1945 4823 2120 4875 minus
2164 4828 2220 4874 ct
2246 4819 2386 4874 Deus
2429 4824 2615 4873 noster
2637 4816 2792 4881 Jesus
2818 4817 3080 4882 Christus,
3111 4818 3180 4873 de
3205 4833 3267 4873 se
3293 4819 3474 4874 dicens
3505 4838 3518 4873 :

1947 4911 2036 4966 Sic
2058 4913 2194 4964 enim
2221 4909 2400 4963 dilexit
2427 4907 2564 4963 Deus
2610 4908 2874 4970 mundum,
2907 4919 2962 4962 ut
3001 4907 3049 4961 F
3054 4909 3201 4963 ilium
3239 4924 3388 4962 suum
3413 4913 3523 4963 rmi-

1949 5003 2168 5073 genitum
2194 5001 2360 5062 daret,
2384 5010 2440 5054 ut
2463 5003 2629 5055 omnis
2653 5003 2737 5070 qui
2769 5001 2930 5054 credit
2958 5001 3009 5053 in
3032 5017 3166 5067 eum,
3190 5015 3294 5054 non
3322 5013 3522 5069 pereat,

1945 5093 2034 5146 sed
2065 5092 2249 5146 habeat
2287 5095 2445 5147 vitam
2485 5101 2751 5147 azternam.
2776 5091 2901 5146 Non
2939 5093 3075 5145 enim
3101 5091 3240 5144 misit
3272 5090 3406 5145 Deus
3433 5090 3522 5145 Fi-

1947 5183 2074 5236 lium
2093 5197 2240 5234 suum
2259 5181 2313 5234 in
2345 5181 2593 5236 mundum
2617 5190 2676 5236 ut
2693 5181 2891 5250 judicet
2915 5180 3183 5240 mundum,
3218 5179 3309 5234 sed
3336 5187 3394 5232 ut
3417 5180 3523 5234 sal-

1948 5283 2089 5326 vetur
2113 5272 2334 5326 mundus
2357 5288 2448 5342 per
2473 5274 2662 5340 ipsum.
2694 5272 2792 5335 Qui
2820 5270 2984 5324 credit
3009 5272 3065 5324 in
3093 5285 3227 5330 cum,
3258 5284 3360 5322 non
3373 5269 3521 5339 judi-

1951 5372 2097 5416 catur
2125 5379 2141 5416 :
2187 5363 2274 5430 qui
2316 5371 2486 5415 autem
2531 5375 2635 5414 non
2656 5360 2834 5423 credit,
2854 5361 2969 5429 jam
2997 5359 3263 5428 judicatus
3283 5368 3378 5421 eu,
3405 5363 3522 5429 quia

1949 5469 2051 5506 non
2079 5453 2239 5506 credit
2260 5454 2315 5505 in
2337 5451 2543 5505 nomine
2568 5451 2818 5521 unigeniti
2841 5448 2947 5502 Fili
2992 5447 3297 5520 Deii(.loan.
3326 5449 3426 5516 ιιι).
3463 5447 3521 5500 Et

1950 5544 2180 5612 Spiritus
2225 5551 2402 5597 autem
2454 5549 2671 5597 sanctus
2699 5556 2797 5609 per
2833 5540 3151 5610 prophetam
3201 5539 3366 5594 David
3395 5538 3520 5594 dicit

1949 5637 2120 5706 (Psai.
2153 5635 2220 5698 ι),
2254 5635 2446 5704 impios
2491 5649 2598 5689 non
2640 5640 3041 5701 resurrecturos
3083 5633 3135 5686 in
3160 5631 3384 5701 judicio.
3410 5629 3529 5684 Tali

1954 5728 2112 5794 igitur
2141 5725 2351 5779 Domini
2376 5725 2641 5780 sententia
2665 5724 2872 5794 prolata
2903 5723 3161 5778 adversus
3189 5735 3403 5778 omnem
3432 5735 3528 5773 nn-

1953 5817 2122 5890 pium,
2152 5815 2348 5871 etnihil
2369 5815 2706 5871 discernente
2741 5815 2879 5871 inter
2898 5815 3050 5870 vivos
3079 5822 3134 5870 ct
3154 5819 3398 5868 mortuos
3419 5809 3525 5874 hab,-

2981 5905 3021 5967 9
