4032 6190
305 291 410 346 969

1427 292 1805 353 JUSTlNlANl
1848 298 2178 357 EPISTOLA
2225 301 2310 358 DE
2349 306 2600 364 THEOD.

3448 324 3552 382 270

276 421 423 473 σθαι.
453 421 541 474 Καὶ
574 417 635 479 δή
663 423 922 494 γενομένης
949 424 1189 500 ἀκριϐοῦς
1223 423 1501 492 ἐξετάσεως
1539 424 1847 488 κατεδίκασα·

1979 433 2151 504 ipsum
2211 434 2514 502 Nestorium
2547 436 2759 506 adesse,
2791 447 2845 494 et
2883 439 3142 509 judicium
3173 443 3240 500 de
3283 459 3351 502 oo
3401 448 3514 503 tieri
3547 471 3560 504 :

275 511 558 582 ’Νεστόριον
578 553 592 576 .
632 514 1087 584 ἀναθεματίσαντες
1111 520 1206 574 σύν
1242 530 1347 582 τοῖς
1377 523 1668 599 ὁμόφροσιν,
1693 529 1866 583 αὐτοῦ.

270 603 481 679 Τούτων
510 599 562 657 δέ
594 602 728 657 οὕτω
756 606 1124 677 προελθόντων,
1157 611 1529 675 ἐπαναστάντες
1552 617 1771 690 Κυρίλλῳ
1798 626 1872 694 τῷ
1911 627 1920 632 “

276 691 649 762 πανοσιωτὰτῳ
671 692 717 746 oi
741 701 833 753 τῆς
855 695 1122 772 ἐξαγίστου
1143 702 1419 774 Νεστορίου
1446 702 1663 781 μερίδος,
1689 706 1872 761 ἐσπού-

271 779 474 844 δασαν,
517 783 574 838 τό
598 803 655 856 γε
697 778 775 836 ἐπ’
799 787 987 850 αὐτοῖς,
1016 789 1293 862 ἀνατρέψαι
1321 798 1410 851 τήν
1436 798 1569 850 κατά
1596 802 1868 873 Neo-copim)

269 875 606 946 γεγενημένην
650 877 831 953 κρίσιν.
859 875 980 932 Ἀλλ’
1024 872 1108 932 οῦν
1149 901 1204 952 γε
1257 880 1578 945 Θεοδᾷσςοςό
1627 887 1870 950 βασιλεὺς

269 968 765 1037 ἀντιλαμϐανόμενος
793 976 891 1024 τῶν
933 967 1085 1033 ὄντως
1122 973 1279 1046 ὀρθῶς
1316 978 1446 1030 κατὰ
1486 981 1754 1054 Νεστορίου
1785 985 1868 1037 καὶ

268 1066 385 1114 τῶν·
419 1068 646 1137 πονηρῶν
675 1061 850 1115 αὐτοῦ
892 1059 1156 1134 δογμάτων
1183 1065 1475 1141 κριθέντων,
1512 1072 1868 1143 παρεσκεύασε

269 1158 484 1222 κρατεῖν
535 1148 772 1223 γενναίως
812 1150 1053 1223 [Latinus
1099 1153 1361 1222 interpres
1401 1156 1527 1224 legit
1561 1157 1745 1231 οὕτως]
1779 1167 1870 1224 τήν

268 1242 351 1298 ἔπ’
407 1246 550 1316 αύτῷ
604 1245 933 1315 γεγενημένην
984 1246 1168 1318 κρίσιν.
1225 1249 1316 1300 καί
1374 1249 1475 1322 γὰρ
1541 1244 1672 1324 πρὸς
1740 1252 1864 1306 τού-

267 1360 379 1399 τοις
425 1343 514 1394 καί
575 1337 700 1397 ἄλλα
752 1332 866 1396 τινὰ
919 1342 1048 1394 κατὰ
1095 1347 1183 1400 τοῦ
1207 1342 1364 1396 θείου
1418 1343 1654 1422 ιζυρίλλου
1707 1367 1868 1402 κατα·-

267 1429 702 1502 Ῠλυαρησάντων,
766 1432 944 1512 γράφει
1005 1435 1136 1509 πρὸς
1197 1436 1285 1489 τόν
1347 1435 1561 1505 βασιλέα
1627 1435 1866 1513 Κύριλλος

263 1531 505 1580 τοιαῦτα·
539 1542 557 1575 ι
574 1523 874 1601 Ἐπειδήπερ
896 1525 1165 1599 ἐπυθόμην,
1193 1522 1233 1579 ὦ
1261 1526 1609 1605 εὐσεϐέστατεη
1625 1529 1860 1602 βασιλεῦ,

263 1626 367 1671 τῶν
393 1619 666 1691 φιλολογεῖν
705 1618 944 1672 εἰωθότων
969 1620 1108 1679 τινάς
1152 1621 1336 1696 ἀγρίων
1369 1614 1569 1692 σφηκῶν
1607 1619 1747 1680 δίκην
1771 1643 1866 1678 πε-

259 1708 534 1784 ριϐομϐεῦδ
551 1750 564 1770 ,
599 1712 684 1764 καὶ
722 1711 1021 1784 μοχθηρούς
1047 1711 1336 1781 ἔρεύγεσθαι
1374 1711 1484 1766 κατ’
1510 1713 1632 1782 ἐμοῦ
1658 1713 1858 1786 λόγους,

1975 525 2327 598 diligi-utique
2374 529 2780 600 examinatione
2808 526 2965 598 facta,
2998 535 3324 596 damnarunt
3349 548 3405 597 et
3431 555 3561 597 ana-

1976 609 2396 672 thematizarunt
2424 617 2730 676 Nestorium
2761 635 2864 678 una
2887 640 3011 680 cum
3034 618 3392 688 sectatoribus
3419 634 3563 706 ejus.

1975 708 2068 765 His
2089 717 2268 764 autem
2298 710 2370 764 ita
2400 711 2717 778 subsecutis,
2749 730 2892 788 cum,
2919 716 3333 778 insurrexissent
3368 735 3558 783 contra

1971 801 2367 866 sanctissimum
2425 799 2683 886 Cyrillum
2739 814 3037 864 sectatores
3091 811 3240 882 impii
3289 813 3554 887 Nestorii,

1968 891 2149 946 conati
2169 899 2298 946 sunt
2319 882 2597 962 (quantum
2629 895 2681 950 in
2709 897 2838 968 ipsis
2856 899 2978 973 fuit)
3005 903 3311 982 rescindere
3331 882 3549 965 scntens

1971 982 2099 1036 tiam
2128 991 2317 1038 contra
2346 983 2649 1065 Nestorium
2673 987 2855 1043 latam.
2881 990 2988 1047 Sed
3019 993 3354 1053 Theodosius
3379 1001 3553 1070 impe-

1969 1083 2136 1138 rator,
2171 1073 2466 1132 defendens
2491 1093 2556 1132 ea
2586 1094 2705 1148 qua:
2741 1081 2810 1135 ita
2837 1092 2994 1139 recte
3025 1096 3214 1142 contra
3243 1089 3611 1148 Nestorium"

1968 1173 2025 1220 et
2053 1166 2212 1236 impia
2243 1167 2360 1237 ejus
2382 1169 2636 1239 dogmata
2666 1158 2878 1229 fuerant
2901 1175 3162 1246 judicata,
3192 1181 3552 1243 damnationis

1967 1259 2288 1313 sententiam
2324 1259 2377 1314 in
2409 1275 2531 1318 eum
2562 1260 2756 1318 factam
2787 1274 2961 1321 ratam
2992 1262 3179 1325 haberi
3209 1275 3434 1331 curavit.
3465 1273 3554 1332 ln-

1966 1364 2130 1421 super
2158 1353 2351 1407 autem‘
2370 1369 2491 1408 cum
2513 1363 2568 1409 et
2595 1356 2838 1430 quaedam
2864 1359 2969 1414 alia
2991 1362 3218 1419 crimina
3243 1365 3426 1423 divino
3445 1366 3552 1440 Cy-

1965 1439 2089 1494 rillo
2127 1441 2269 1511 apud
2298 1443 2695 1514 imperatorem
2746 1450 3025 1516 nugaciter
3069 1439 3550 1525 impingerent,_ad

1966 1533 2349 1605 imperatorem
2377 1537 2608 1609 Cyrillus
2637 1540 2691 1594 in
2732 1540 2873 1598 hanc
2915 1546 3238 1602 sententiam
3287 1550 3544 1620 scripsit:

1971 1643 1991 1678 ι
2017 1623 2311 1696 Postquam
2353 1629 2482 1684 mihi
2501 1671 2518 1696 ,
2549 1631 2790 1701 piissime
2815 1633 3136 1705 imperator,
3179 1642 3548 1696 renuntiatum

1964 1725 2066 1782 est,
2097 1717 2361 1786 quosdam
2401 1721 2644 1788 garrulos
2672 1721 2844 1780 instar
2878 1741 3163 1796 vesparum
3195 1728 3426 1786 ferarum
3456 1747 3549 1786 su-

261 1802 331 1859 ὦς
364 1802 419 1863 ἐξ
446 1802 664 1876 ούρανοῦ
694 1803 1079 1873 κατακομισθέν,
1115 1804 1202 1855 καί
1239 1803 1324 1866 οῦκ
1349 1802 1402 1856 ἔκ
1425 1811 1514 1865 m";
1542 1803 1694 1874 ἁγίας
1718 1827 1847 1880 παρ-

1960 1808 2127 1864 surris
2145 1808 2256 1864 suis
2281 1825 2438 1865 aures
2485 1819 2604 1867 tuas
2633 1828 2945 1884 personare,
2983 1816 3038 1872 et
3066 1820 3350 1876 maledicta
3381 1822 3434 1877 in
3458 1839 3548 1879 me

258 1893 407 1947 θένου
433 1892 663 1961 λέγοντος
700 1893 755 1947 τὸ
795 1893 923 1946 θεῖον
953 1901 1106 1964 σῶμα
1133 1899 1354 1967 Χριστοῦ
1373 1935 1387 1956 ,
1419 1897 1503 1948 καί
1541 1897 1632 1961 μέν
1669 1917 1745 1952 τοι
1773 1899 1858 1952 καί

256 1980 353 2036 δύο
376 1978 684 2043 υΞο-ἒςκατᾶ
703 1983 970 2058 Νεστόριον
989 1983 1240 2056 ὁμολογεῖν
1257 1987 1390 2057 ἡμᾶς
1413 1988 1855 2063 κατεφλυάρησαν,

257 2073 371 2128 δεῖν
393 2078 620 2146 ᾠήθημεν
643 2076 783 2146 ὀλίγα
800 2077 920 2150 περὶ
937 2077 1116 2129 τούτου
1139 2076 1266 2152 πρὸς
1287 2077 1475 2139 αύτούς
1499 2080 1654 2134 εἰπεῖν
1673 2079 1852 2140 οὕτως·

254 2163 329 2218 Ὠ
360 2168 568 2224 ἀνόητοι
593 2167 676 2221 καί
708 2168 854 2239 μόνον
881 2167 1065 2228 ε’δότες
1092 2179 1438 2242 συκοφαντεῖν,
1471 2179 1580 2232 πῶς
1609 2175 1679 2233 εἰς
1706 2179 1858 2228 τοῦτο

249 2260 567 2328 παρήχθητε
611 2262 846 2331 γνώμης,
893 2262 1269 2319 καίτοσαύτην
1308 2267 1606 2333 νενοσήκατε
1640 2267 1852 2329 navium;

251 2346 366 2405 ἔδει
399 2357 575 2420 σαφῶς
616 2352 826 2418 ἐννοεῖν,
859 2349 938 2406 ὅτι
979 2350 1171 2422 σχεδὸν
1218 2351 1353 2413 ἄπας
1377 2356 1497 2424 ἡμῖν
1541 2353 1567 2408 ό
1605 2357 1733 2430 ὑπέρ
1763 2365 1855 2417 τῆς

251 2443 489 2500 πίστεως
529 2443 663 2514 ἁγὼν
690 2443 1085 2511 συνεκεκρότητο
1115 2442 1574 2516 διαϐεϐαιουμένοις
1591 2485 1606 2510 ,
1637 2445 1714 2502 ὅτι
1740 2449 1850 2502 θεο-

251 2532 406 2592 τόκος
443 2531 580 2585 ἐστίν
608 2534 638 2591 ἠ
666 2532 786 2606 ἁγία
813 2531 1000 2610 Μαρία.
1029 2529 1152 2591 Ἀλλ’
1177 2539 1386 2613 ἐπείπερ
1416 2541 1466 2603 ἐξ
1496 2541 1735 2614 ούρανοῦ,
1765 2543 1854 2614 καί

248 2626 350 2677 οὐκ
378 2625 428 2687 ἐξ
449 2625 603 2684 αὐτῆς
626 2629 950 2698 γεγεννῆσθαι
977 2628 1035 2682 τὸ
1073 2629 1202 2682 θεῖον
1229 2636 1383 2699 σῶμα
1404 2635 1750 2706 τοῦΧριστοῦ
1770 2632 1854 2686 λέ-

245 2735 440 2787 γομεν,
481 2719 548 2778 ὧς
573 2739 726 2791 φασι,
758 2726 868 2781 πῶς
897 2714 955 2773 ἂν
981 2728 1146 2776 νοοῖτο
1175 2722 1438 2786 θεοτόκος;
1467 2726 1578 2777 τίνα
1597 2722 1696 2798 γὰρ
1726 2723 1852 2785 ὅλως

245 2809 486 2872 τέτοκεν,
515 2813 558 2862 εὶ
577 2813 647 2878 μή
677 2809 811 2864 ἐστιν
843 2810 1017 2872 ἀληθὲς
1037 2809 1116 2867 ὅτι
1145 2813 1405 2885 γεγέννηκε
1429 2815 1556 2869 κατά
1573 2815 1739 2889 σάρκα
1766 2817 1850 2870 τὸν

245 2904 607 2977 Ἐμμανουηλς
628 2899 964 2975 ’γελᾶσθωσαν
993 2908 1158 2962 τοίνυν
1187 2908 1232 2976 οἱ
1256 2913 1419 2963 ταῦτα
1442 2911 1525 2962 καί
1552 2909 1616 2964 τὰ
1635 2915 1850 2991 τοιαῦτα

246 2995 378 3048 κατ’
429 2997 554 3064 ἐμοῦ
609 2995 1038 3069 πεφλυαρηκότες.
1083 2999 1154 3051 Ού
1193 3000 1292 3071 γὰρ
1341 2997 1586 3068 ψεύδεται
1619 2999 1776 3072 λέγων
1820 2999 1848 3056 5

246 3086 428 3154 αακάρ
454 3105 507 3145 ος
530 3085 754 3146 Ἡσαΐας⁰
773 3085 991 3142 -Ἵδοῦ
1015 3090 1045 3146 ἠ
1066 3091 1310 3162 παρθένος
1338 3091 1384 3144 ἐν
1401 3094 1590 3167 γαστρί
1617 3093 1733 3159 ἕξει,
1762 3096 1848 3148 καὶ

1960 1894 2233 1965 eructar'e,
2263 1908 2524 1969 nugantes
2553 1916 2641 1956 me
2665 1917 2910 1960 asserere
2939 1906 3138 1964 Christi
3159 1909 3395 1966 divinum
3423 1928 3547 1970 cor-

1958 2003 2058 2060 pus
2078 1989 2216 2046 coelo
2245 1989 2503 2055 delatum,
2535 2001 2591 2048 et
2615 2008 2725 2049 non
2747 1994 2814 2050 de
2842 2004 3027 2052 sancta
3058 1999 3279 2071 Virgine
3302 2017 3546 2074 assump-

1960 2075 2111 2147 tum-;'
2134 2081 2370 2152 itemque
2400 2082 2534 2140 duos
2564 2085 2702 2143 tilios
2724 2087 2792 2141 de
2819 2091 3083 2144 sententia
3113 2091 3342 2148 Nestorii
3375 2094 3544 2150 conti-

1959 2173 2058 2227 teri
2085 2190 2098 2225 :
2132 2173 2438 2229 existimavi
2463 2175 2666 2233 debere
2692 2193 2781 2234 me
2807 2167 3074 2237 adverSus
3113 2183 3258 2254 ipsos
3285 2201 3457 2256 pauca
3488 2189 3543 2242 in

1957 2262 2098 2318 hanc
2140 2265 2460 2319 sententiam
2490 2267 2670 2323 dicere
2695 2286 2708 2321 :
2753 2268 2798 2324 Ο
2827 2269 2977 2336 fatui,
3007 2281 3063 2328 et
3105 2275 3302 2332 nullius
3329 2276 3409 2333 rei
3439 2279 3542 2336 nisi

1955 2353 2317 2410 calumniandi
2389 2359 2579 2428 gnari,
2626 2362 2901 2431 quomodo
2957 2365 3011 2418 in
3060 2366 3201 2422 hanc
3247 2368 3542 2426 devenistis

1954 2446 2296 2512 sententiam,
2322 2455 2638 2520 tantumque
2667 2451 2887 2508 insanize
2915 2457 3279 2527 concepistis?
3306 2458 3540 2517 Omnino

1955 2535 2098 2591 enim
2125 2529 2412 2609 oportebat
2433 2542 2537 2598 hoc
2561 2559 2659 2598 vos
2681 2544 2964 2616 perspicue
2991 2550 3213 2621 sentire,
3237 2537 3406 2606 totam
3429 2552 3541 2609 fere

1954 2633 2195 2689 nostram
2216 2629 2285 2684 de
2306 2629 2410 2686 ﬁde
2430 2631 2848 2703 disputationem
2891 2636 3015 2693 inde
3042 2647 3238 2706 ortam,
3269 2643 3412 2710 quod
3441 2659 3539 2700 nos

1953 2726 2196 2773 sanctam
2225 2718 2447 2775 Mariam
2477 2722 2762 2794 Deiparam
2792 2740 2912 2782 esse
2947 2729 3342 2786 contendimus.
3375 2731 3537 2803 Atqui

1951 2810 2017 2876 si,
2041 2818 2100 2865 ut
2121 2811 2196 2866 illi
2224 2811 2429 2878 dicunt,
2459 2829 2560 2870 nos
2593 2831 2792 2888 corpus
2831 2818 3030 2875 Christi
3053 2819 3295 2877 divinum
3326 2824 3538 2880 ccelitus
3598 2825 3600 2829 ’

1952 2890 2186 2969 venisse,
2215 2919 2323 2960 non
2350 2905 2428 2961 ex'
2449 2907 2562 2977 ipsa
2607 2909 2793 2972 natum
2837 2900 3084 2979 dicimus,
3117 2907 3390 2984 quomodo
3414 2915 3537 2972 Dei-

1953 3005 2082 3062 para
2111 2993 2216 3050 dici
2253 2996 2489 3066 poterit?
2517 2997 2688 3064 Quem
2716 3000 2861 3055 enim
2891 3004 3123 3074 peperit,
3152 3005 3197 3060 si
3226 2995 3331 3061 hoc
3349 3022 3536 3062 verum

1953 3096 2061 3137 non
2110 3090 2214 3163 est,
2245 3085 2392 3154 quod
2419 3079 2716 3142 secundum
2749 3094 3001 3147 carnem.
3029 3095 3300 3164 pepererit
3327 3085 3534 3152 Emma—

243 3178 453 3240 τέξεται
480 3167 601 3239 υἱόν,
634 3179 721 3231 καί
756 3178 1031 3234 καλέσουσι
1057 3181 1116 3234 τὸ
1145 3177 1301 3253 ὄνομα
1333 3183 1486 3237 αὐτοῦ
1510 3185 1840 3257 Ἐμμανουήλ,

1951 3157 2202 3229 nuelem?
2231 3173 2686 3248 Rideanturlergo
2714 3182 2804 3250 qui
2832 3183 2947 3239 haec
2976 3157 3184 3256 et-‘talia
3212 3187 3282 3266 de
3311 3204 3398 3246 me
3414 3189 3533 3257 hla-

244 3268 274 3324 ὅ
300 3267 440 3332 ἐστι,
460 3270 562 3338 μεθ’
585 3271 722 3339 ἡμᾶν
747 3270 770 3323 ὁ
797 3272 941 3332 Θεός.
961 3299 1030 3310 --
1046 3272 1293 3330 Ἀληθεύει
1311 3272 1365 3328 δὲ
1387 3271 1586 3348 πάντως
1608 3275 1730 3331 καίὸ
1753 3278 1845 3352 ἆρ-

245 3361 516 3433 χάγγελος
539 3362 759 3436 Γαϐριὴλ
775 3364 902 3438 πρὸς
919 3368 1007 3420 την
1025 3364 1268 3438 παρθένον
1289 3365 1465 3419 εἰπών’
1479 3393 1544 3404 --
1565 3371 1640 3425 Μὴ
1664 3367 1843 3437 φοϐοῦ,

245 3459 501 3530 Μαριάμ,
536 3451 679 3530 εὗρες
708 3456 806 3532 γὰρ
846 3456 1006 3530 χάριν
1039 3458 1177 3530 παρά
1201 3465 1274 3530 τῷ
1306 3465 1446 3530 Θεῷ⁶
1474 3461 1554 3512 καὶ
1587 3457 1695 3514 ἰδού
1724 3460 1846 3513 συλ-

244 3546 394 3619 λή·,ῐη
422 3546 470 3598 ἓν
490 3549 703 3621 γαστρί,
735 3549 818 3600 καὶ
860 3549 1018 3611 τέξεις
1053 3549 1185 3614 υίὸν,
1230 3553 1310 3602 καί
1335 3549 1566 3611 καλέσεις
1604 3553 1661 3607 τὸ
1691 3549 1845 3624 ἴνομα

248 3637 416 3689 αὐτοῦ
441 3635 657 3694 Ἰησοῦν.
689 3637 846 3696 Δύτύς
867 3639 966 3711 γὰρ
999 3640 1162 3692 σώσει
1179 3639 1266 3694 τὸν
1293 3641 1408 3694 λαὸν
1437 3641 1590 3696 αὐτοῦ
1621 3641 1722 3697 ἀπό
1743 3651 1844 3698 τῶν

248 3725 520 3803 ἁμαρτιῶν
535 3729 714 3783 αὐτῶν.
731 3757 799 3767 -
809 3725 964 3782 Ὀταν
978 3727 1028 3782 δέ
1041 3730 1259 3802 λέγομεν,
1277 3727 1458 3785 ἄνωθεν
1473 3732 1522 3796 ἐξ
1534 3734 1744 3807 ούρανοῦ
1757 3735 1844 3788 τόν

248 3821 428 3892 κύριον
453 3821 590 3891 ἡμῶν
616 3819 812 3878 Ἰησοῦν
843 3822 1057 3896 Χριστόν
1075 3861 1088 3883 ,
1123 3823 1229 3893 οὐχ
1253 3825 1325 3885 ὡς
1351 3821 1537 3878 ἄνωθεν
1557 3825 1606 3889 ἐξ
1634 3828 1840 3897 ούρανοῦ

249 3914 643 3982 κατενεχθείσης
664 3923 754 3972 τῆς
777 3913 920 3986 ἁγίας
944 3917 1103 3970 αὐτοῦ
1133 3918 1319 3989 σαρκός
1342 3919 1507 3973 ταῦτὰ
1527 3939 1705 3992 φαμεν,
1736 3920 1841 3976 ἀλλ’

249 4008 323 4063 ὡς
345 3995 574 4077 έπὸμενοι
595 4014 667 4078 τῷ
684 4007 801 4079 ἱερῷ
818 4008 989 4077 Παύλῳ
1007 4009 1264 4079 φάσκοντι,
1283 4039 1352 4048 —
1365 4021 1418 4064 Ὀ
1431 4019 1630 4086 πρῶτος
1646 4009 1840 4089 ἅνθρω-

246 4116 351 4155 πος
380 4097 434 4148 ἔκ
455 4105 548 4168 γῆς
590 4099 796 4166 χοίκὸς,
834 4096 860 4151 5
907 4095 1140 4173 δεύτερος
1171 4097 1196 4152 5
1236 4101 1404 4175 κύριος
1433 4101 1483 4165 ἐξ
1511 4103 1737 4180 ούρανοῦ.
1769 4132 1840 4147 --

244 4191 542 4257 ἓὶεμνήμεθα
567 4185 618 4241 δέ
663 4191 748 4241 καί
773 4189 926 4242 αὐτοῦ
964 4194 1056 4243 τοῦ
1094 4192 1270 4264 κυρίου
1299 4191 1547 4261 λέγοντος,
1577 4222 1646 4233 —
1665 4193 1839 4255 Οὐδεὶς

244 4279 553 4336 ἀναϐέϐηκεν
578 4284 657 4340 ”ε”ς
684 4281 771 4334 τόν
802 4281 1031 4355 οὐρανόν,
1064 4283 1108 4335 εί
1130 4287 1201 4354 μὴ
1240 4281 1265 4336 ό
1295 4284 1347 4336 ἐκ
1390 4291 1475 4362 τοῦ
1506 4287 1715 4358 οὖρανοῦ
1745 4310 1839 4342 κα-

241 4371 442 4435 ταϐὰς,
475 4371 499 4426 ὁ
526 4375 634 4433 ν’ὀς
663 4380 754 4428 τοῦ
782 4375 1066 4448 ἀνθρώπου.
1095 4404 1166 4415 -
1187 4377 1348 4432 Καίτοι
1388 4381 1677 4452 γεγέννηται
1703 4385 1835 4438 κατὰ

242 4463 420 4538 σάρκα
437 4502 450 4525 ,
483 4464 551 4521 ὦς
575 4461 770 4539 εἴρηται
790 4506 802 4527 ,
847 4465 897 4518 ἔκ
927 4475 1017 4526 τῆς
1040 4465 1188 4540 ἁγίας
1211 4469 1481 4542 παρθένου.
1519 4469 1688 4531 ἐπειδή
1729 4471 1782 4528 δέ
1807 4473 1833 4528 ὁ

1947 3271 2145 3320 terant.
2171 3265 2290 3322 Non
2318 3269 2461 3324 enim
2491 3273 2753 3328 mentitur
2776 3283 2992 3331 sanctus
3017 3276 3180 3334 Isaias
3205 3265 3324 3334 cum
3347 3279 3428 3334 ita
3450 3296 3532 3334 va-

1949 3355 2205 3412 ticinatur
2230 3376 2242 3411 :
2270 3357 2402 3414 Ecce
2413 3362 2556 3434 virgo
2576 3363 2631 3417 in
2657 3372 2804 3420 utero
2824 3365 3048 3444 habebit,
3069 3378 3121 3422 et
3145 3370 3314 3440 pariet
3341 3370 3532 3440 ﬁlium,

1945 3456 1996 3502 et
2023 3450 2273 3506 voeabunt
2297 3469 2412 3510 eum
2441 3452 2782 3526 Emmanuel,
2812 3460 2948 3529 quod
2972 3471 3069 3526 est,
3099 3462 3363 3516 nobiscum
3397 3461 3531 3517 Dens

1947 3547 2084 3618 ('Isa.
2154 3550 2274 3619 vn).
2308 3548 2376 3604 Et
2404 3549 2548 3604 hand
2597 3551 2759 3609 dubie
2803 3570 2991 3610 verum
3037 3557 3172 3611 dixit
3195 3557 3414 3625 Gabriel
3440 3574 3534 3613 ar-

1945 3640 2234 3710 changelus
2263 3642 2337 3696 ita
2367 3641 2587 3698 Mariam
2612 3645 2893 3716 alloquens
2919 3667 2930 3702 :
2963 3648 3048 3703 Ne
3097 3652 3298 3715 timeas,
3327 3651 3527 3714 Maria,

1942 3733 2193 3786 invenisti
2209 3735 2346 3788 enim
2371 3736 2599 3806 gratiam
2631 3738 2998 3809 apud-Deum.
3031 3739 3168 3795 Ecce
3195 3743 3449 3812 concipias
3475 3744 3528 3796 in

1941 3831 2105 3887 utero,
2137 3831 2186 3877 e't
2235 3827 2408 3895 paries
2435 3827 2622 3898 ﬁlium,
2651 3839 2702 3883 et
2728 3831 2934 3886 vocabis
2963 3849 3146 3905 nomen
3169 3835 3278 3904 ejus
3303 3833 3480 3888 Jesum
3510 3853 3527 3890 :

1942 3916 2052 3988 ipse
2090 3917 2226 3971 enim
2267 3919 2466 3974 salvum
2495 3922 2652 3993 faciet
2680 3924 2934 3995 populum
2953 3942 3100 3992 suum
3121 3945 3161 3981 a
3180 3933 3413 3999 peccatis
3437 3947 3526 3984 eo-

1941 4021 2055 4060 rum
2083 4005 2230 4076 (Luc.
2264 4024 2314 4075 ι;
2345 4008 2534 4075 Matth.
2567 4011 2629 4080 ι).
2658 4009 2804 4068 Cum.
2840 4022 3021 4072 autem
3071 4016 3354 4074 Dominum
3397 4035 3525 4075 nos-

1943 4116 2080 4162 trum
2111 4107 2296 4172 .lesum
2324 4103 2596 4169 Christum
2640 4112 2870 4170 dicimus
2897 4115 3130 4188 desuper
3166 4117 3234 4174 de
3260 4119 3400 4175 coelo
3430 4135 3527 4174 ve-

1942 4197 2104 4266 nisse,
2151 4193 2259 4254 nun
2313 4216 2381 4256 eo
2421 4217 2582 4258 sensu
2630 4204 2878 4271 dicimus,
2925 4202 3373 4281 quasiputemus
3401 4228 3523 4268 enm

1939 4297 2178 4355 sanctam
2204 4305 2353 4346 suam
2385 4307 2603 4349 carnem
2631 4296 2700 4351 de
2721 4298 2860 4354 cmlo
2901 4298 3193 4368 detulisse;
3223 4302 3325 4358 sed
3343 4304 3524 4372 sequi-

1938 4394 2058 4434 mur
2084 4391 2330 4436 sanctum
2379 4383 2624 4452 Paulum,
2657 4389 2748 4458 qui
2778 4378 2850 4443 ita
2879 4390 2954 4444 ait
2983 4407 2995 4443 :
3043 4389 3256 4446 Primus
3278 4393 3430 4448 homo
3459 4395 3522 4448 de

1939 4481 2076 4524 terra
2098 4459 2362 4539 terrenus;
2393 4477 2669 4546 secundus,
2695 4479 2950 4535 Dominus
2971 4497 3000 4535 e
3016 4482 3146 4536 coelo
3173 4481 3227 4552 (I
3254 4483 3374 4538 Cor.
3406 4489 3521 4556 xv).

244 4553 432 4609 ἄνωθεν
475 4552 530 4620 ἐξ
571 4560 786 4627 ούρανοῦ
825 4566 1202 4631 καταφοιτήσας
1230 4563 1352 4623 Θεὸς
1393 4563 1537 4636 λόγος
1575 4569 1832 4623 κεκένωκεν

1949 4560 2209 4616 imitamur
2237 4564 2396 4618 etiam
2415 4575 2484 4632 et
2507 4567 2677 4638 ipsum
2701 4569 2984 4626 Dominum
3013 4572 3284 4629 dicentem
3311 4593 3326 4627 ι
3349 4552 3519 4630 Nemo

241 4647 455 4710 ἑαυτὸν,
483 4655 672 4726 μορφὴν
704 4649 882 4705 δούλου
913 4652 1108 4715 λαϐὼν,
1140 4656 1222 4708 καί
1247 4657 1618 4728 κεχρημάτικεν
1643 4659 1833 4735 ἀνθρὼ-

240 4761 346 4793 που
379 4741 488 4799 U75;-
525 4742 654 4810 μετὰ
690 4749 778 4797 τοῦ
808 4750 968 4814 μεῖναι
997 4742 1018 4796 ὃ
1044 4742 1122 4805 ἦν,
1152 4747 1384 4800 τουτέστι
1410 4747 1555 4808 Θεός⁶
1584 4745 1832 4821 ἄτρεπτος

238 4833 344 4904 γὰρ
375 4833 462 4883 καί
483 4832 808 4892 ἀναλλοίωτος
838 4835 966 4888 κατά
1000 4837 1146 4905 φύσιν
1174 4837 1344 4890 ἐστίν·
1378 4839 1445 4897 ὡς
1471 4834 1540 4897 εἷς
1568 4837 1662 4896 ἤδη
1689 4843 1832 4894 νοού-

238 4940 392 4987 μενος
418 4923 546 4990 μετά
582 4931 671 4982 τῆς
710 4922 842 4983 ἰδίας
867 4925 1083 4999 σαρκὸς,
1115 4927 1163 4988 ἐξ
1192 4927 1406 5002 ούρανοῦ
1432 4927 1630 5000 λέγεται
1657 4933 1831 4996 κατελέ

234 5013 356 5067 θεῖν,
393 5011 684 5081 ὡνιέμασται
707 5011 866 5067 δὲκαὶ
896 5011 1156 5089 ἄνθρωπος
1185 5018 1234 5080 ἐξ
1258 5020 1504 5092 ούρανοῦ,
1545 5021 1731 5083 τέλειος
1765 5022 1830 5077 ὧν

233 5099 286 5150 ἐν
314 5098 551 5161 θεότητι,
584 5105 668 5154 καί
703 5104 884 5162 τέλειοι⁵
925 5102 950 5157 ὁ
977 5106 1131 5164 αὐτὸς
1156 5107 1207 5158 έν
1237 5108 1609 5183 ἀνθρωπότητι,
1647 5110 1732 5165 καί
1761 5116 1828 5174 ὡς

234 5190 286 5243 ἓν
340 5189 418 5243 ἑνί
464 5195 723 5261 προσώπῳ
773 5196 1064 5265 νοούμενος.
1118 5193 1202 5256 Εἷς
1253 5198 1350 5272 γὰρ
1409 5200 1580 5274 κύριος
1632 5200 1828 5264 Ἰησοῦς·

228 5280 500 5355 Χριστός,
545 5277 634 5335 κᾶν
677 5285 708 5341 ἡ
753 5290 854 5339 τῶν
897 5286 1094 5357 φύσεων
1142 5284 1354 5360 διαφορά
1392 5295 1461 5360 μή
1491 5293 1747 5362 ἀγνοῆται,
1778 5295 1828 5359 ἐξ

229 5370 300 5424 ὧν
331 5378 424 5428 τήν
463 5374 750 5449 ἀπόρᾑητον
777 5375 954 5429 ἕνωσίν
991 5397 1149 5449 φαμεν
1189 5382 1511 5448 πεπρᾶχθαι.
1549 5391 1826 5455 Τοιγαροῦν

229 5466 574 5537 ὁμολογοῦμεν
616 5469 700 5524 τόν
750 5478 984 5539 μονογενῆ
1030 5471 1138 5524 υἱόν
1183 5478 1273 5525 τοῦ
1323 5479 1448 5526 Θεοῦ
1495 5474 1655 5546 λόγον,
1703 5477 1822 5531 Θεὸν

226 5557 452 5617 τέλειον,
496 5560 583 5611 καί
623 5554 884 5634 ἄνθρωπον
921 5561 1128 5624 τέλειον,
1175 5563 1228 5615 ἐκ
1271 5563 1454 5633 ψυχῆς
1493 5565 1692 5636 λογικῆς
1739 5573 1822 5622 καὶ

227 5651 493 5716 σώματος,
520 5651 621 5722 πρὸ
641 5652 831 5701 αἰώνων
849 5653 937 5722 μέν
958 5652 1012 5704 ἐκ
1032 5657 1122 5705 τοῦ
1149 5654 1343 5726 πατρὸς
1368 5656 1661 5726 γεννηθέντα
1691 5664 1820 5716 κατά

227 5745 324 5796 τήν
351 5740 594 5801 θεότητα,
639 5742 716 5793 ἐπ’
745 5743 990 5811 ἐσχάτων
1020 5740 1073 5796 δέ
1101 5751 1198 5796 τῶν
1237 5746 1433 5820 ἡμερῶν
1458 5748 1544 5800 τόν
1581 5751 1730 5802 αὐτόν
1759 5750 1827 5805 δι’

227 5834 372 5902 ἡμᾶς
393 5835 474 5886 καί
499 5829 585 5886 διὰ
609 5839 698 5891 τήν
724 5835 970 5908 ἡμετέραν
997 5837 1250 5911 σωτηρίαν
1276 5838 1327 5891 ἐκ
1347 5841 1541 5911 Μαρίας
1565 5848 1653 5901 τῆς
1682 5863 1818 5916 παρ-

1934 4653 2166 4707 ascendit
2192 4647 2246 4707 in
2273 4657 2472 4724 malum,
2493 4659 2607 4712 nisi
2660 4660 2748 4730 qui
2788 4661 3050 4718 descendit
3077 4663 3140 4718 de
3166 4665 3322 4732 caelo,
3347 4665 3519 4729 Filius

1932 4741 2156 4797 hominis
2183 4742 2363 4813 (Joan.
2395 4741 2590 4815 nl).At
2608 4764 2738 4806 vero
2776 4753 2920 4821 quod
2951 4752 3022 4808 ad
3053 4769 3274 4810 carnem
3303 4758 3517 4821 attinet,

1935 4844 2089 4890 natus
2117 4845 2217 4916 est,
2249 4838 2388 4893 sicut
2415 4839 2663 4910 diximus,
2697 4859 2764 4898 ex
2792 4845 2950 4901 beata
2973 4847 3212 4916 Virgine.
3242 4848 3347 4904 Sed
3376 4864 3515 4919 quo-

1936 4927 2075 4982 niam
2105 4928 2340 4985 Verbum
2366 4931 2460 4986 Dei
2483 4933 2551 4990 de
2581 4936 2719 4992 cmlo
2763 4936 3116 5005 descendens,
3149 4940 3375 5011 seipsum
3401 4942 3517 5001 exi-

1933 5021 2151 5088 nanivit,
2203 5023 2426 5094 formam
2467 5027 2599 5081 servi
2649 5031 2980 5099 assumenda,
3009 5030 3256 5099 ﬁliusque
3283 5031 3518 5091 hominis

1930 5112 2157 5180 exstitit,
2187 5129 2311 5169 cum
2342 5124 2520 5172 tamen
2550 5118 2690 5174 idem
2720 5129 3063 5191 permaneret
3087 5123 3180 5191 qui
3210 5131 3369 5177 antea
3397 5122 3515 5176 fue-

1924 5211 2031 5270 rat,
2063 5205 2267 5261 scilicet
2296 5207 2436 5263 Deus
2465 5210 2572 5280 (est
2601 5211 2744 5266 enim
2775 5212 3142 5279 immutabilis,
3182 5220 3237 5266 et
3277 5213 3408 5267 nulli
3435 5215 3515 5268 δι’

1931 5292 2183 5351 terationi
2211 5298 2462 5355 obnoxim
2512 5302 2761 5375 naturze),
2794 5319 2916 5360 cum
2939 5304 3054 5374 jam
3081 5320 3218 5360 unus
3247 5304 3541 5374 intelliga—._

1928 5400 2016 5446 tur
2043 5407 2162 5450 esse
2192 5410 2315 5458 cum
2338 5399 2560 5468 propria
2585 5415 2767 5467 carne,
2793 5401 2988 5464 dicitur
3015 5405 3082 5460 de
3103 5408 3243 5464 ccelo
3271 5411 3508 5474 venisse.

1929 5481 1998 5538 Et
2017 5485 2325 5542 nominatur
2346 5489 2510 5544 etiam
2539 5491 2702 5547 homo
2729 5491 2797 5547 de
2816 5495 2975 5561 coelo,
3001 5511 3122 5551 cum
3153 5498 3225 5555 sit
3242 5499 3513 5570 perfectus

1929 5574 1980 5628 in
2003 5575 2226 5644 deitate,
2258 5577 2505 5648 idemque
2538 5580 2807 5656 perfectus
2836 5583 2888 5637 in
2917 5585 3248 5643 humanitate
3272 5608 3284 5642 :
3315 5589 3510 5644 intelli-

1924 5668 2172 5736 giturque
2202 5683 2307 5722 una
2337 5683 2457 5726 esse
2484 5687 2736 5740 persona.
2773 5662 2922 5731 Unus
2950 5679 3092 5733 enim
3141 5688 3224 5735 est
3253 5681 3511 5737 Dominus

1924 5754 2080 5810 .lcsus
2135 5756 2403 5828 Christus,
2450 5764 2664 5838 tametsi
2710 5771 3022 5824 naturarum
3069 5769 3355 5826 discrimen
3403 5787 3508 5827 non

1925 5858 2223 5920 Ignorelur,
2247 5866 2310 5906 ex
2333 5853 2524 5921 quibus
2557 5854 2874 5913 ineﬂ'abilem
2893 5859 3036 5915 illam
3061 5859 3287 5918 dicimus
3316 5863 3506 5919 factam
