4032 6190
518 273 610 333 ἐιῚί

1883 249 2169 309 vncuaus
2204 247 2388 319 mm

3661 246 3759 306 27?.

514 390 665 450 οᾶνου·
695 385 828 440 κατά
866 386 954 440 τήν
996 376 1391 451 ἀνθρωπότητα’
1438 370 1707 447 όμοούσιον
1738 374 1809 439 τῷ
1838 367 1993 440 πατρί
2018 365 2102 417 τόν

2233 360 2526 413 mitioncm.
2589 356 2842 410 Fatcmur
2906 354 3090 423 itaque
3136 350 3403 420 Verbum,
3453 351 3757 422 unigenitum

525 480 671 535 αὐτόν
699 477 833 531 κατά
868 478 958 532 τήν
986 456 1231 533 θεότηθτα,
1273 466 1359 519 καί
1396 462 1665 534 ὁμοούσιον
1698 461 1811 531 ἡμῖν
1849 458 1981 511 κατά
2016 460 2105 514 τήν

481 592 486 625 ι
519 568 902 645 ἀνθρωπότγιτα.
935 563 1030 616 Δύο
1055 561 1156 635 γὰρ
1193 559 1391 631 φύσεων
1423 554 1599 614 ἔνωσις
1637 551 1856 625 γέγονεν·
1889 547 1997 602 ὅθεν
2024 547 2109 601 ἕνα

526 673 559 718 Χ
565 660 759 737 ριστὸν,
788 656 875 712 ἕνα
896 654 1028 717 υῗόν,
1054 653 1139 707 ἕνα
1161 652 1332 725 κύριον
1357 645 1702 721 ὁμολογοῦμεν.
1733 644 1823 695 Καὶ
1846 644 1934 698 τήν
1962 637 2111 710 ἀγίαν

528 729 767 829 παρθένον
795 748 989 810 ἀληθῶς
1030 741 1284 804 Θεοτόκόν,
1313 736 1398 795 διά
1435 737 1492 791 τό
1531 736 1618 792 τὸν
1658 733 1777 789 Θεὸν
1808 729 1953 829 λόγον
1982 746 2113 829 σαρ-

523 819 765 905 κωδῆναι,
806 841 888 894 καί
933 836 1349 911 ἐνανθρωπῆσαι,
1394 831 1480 884 καί
1528 828 1577 893 ἐξ
1623 828 1781 884 αὐτῆς
1818 819 2114 892 συλλήψεως

527 941 713 993 ένῶσαι
769 931 906 999 αύτῷ
960 927 1047 983 τὸν
1094 922 1144 990 ἐξ
1202 925 1362 983 αὐτῆς
1408 921 1645 993 ληφθέντα
1703 915 1842 973 ναόν.
1895 916 2022 981 Καὶ,
2071 913 2116 968 εί

534 1023 702 1088 δοκεῖ,
756 1020 1009 1090 δεξώμεθα
1060 1021 1130 1077 εἰς
1181 1011 1508 1090 παράδειγμα
1549 1015 1638 1070 τὴν
1686 1007 1794 1064 καθ’
1843 1008 1979 1079 ἡμᾶς
2023 1007 2117 1059 αύ-

484 1112 652 1177 ”τούς
687 1114 952 1174 σύνθεσιν,
994 1109 1100 1164 καθ’
1144 1108 1202 1165 ἦν
1247 1108 1401 1177 ἔσμεν
1445 1101 1719 1179 ἅνθρωποι.
1765 1099 2119 1170 Συντεθείμεθα

528 1208 630 1281 γὰρ
692 1207 748 1259 ἐκ
807 1204 989 1279 ψυχῆς
1060 1200 1145 1255 καί
1208 1202 1452 1271 σώματος
1476 1237 1491 1261 ,
1544 1198 1628 1252 καί
1693 1194 1887 1270 ὁρῶμεν
1943 1192 2119 1266 φύσεις

535 1296 656 1360 δύο,
704 1295 881 1366 ἑτέραν
929 1296 1020 1366 μέν
1047 1298 1139 1349 τοῦ
1183 1298 1452 1360 σώματος,
1484 1287 1658 1363 ἔτεραν
1700 1282 1754 1340 δὲ
1794 1289 1887 1345 τῆς
1915 1282 2117 1355 ψυχῆς.

484 1442 491 1445 .
535 1385 657 1443 Ἀλλ’
699 1383 770 1447 εἷς
813 1386 863 1449 ἓξ
915 1387 1096 1457 ἀμφοῖν
1142 1382 1250 1438 καθ’
1295 1381 1472 1436 ἕνωσιν
1517 1374 1817 1453 ἅνθρωπος,
1838 1450 1843 1451 γ
1863 1376 1950 1430 καί
1994 1374 2121 1445 ούχί

537 1480 598 1532 τὸ
641 1478 697 1531 ἐκ
742 1474 836 1532 δύο
883 1476 1080 1549 φύσεων
1134 1472 1511 1535 συντεθεῖσθαι,
1562 1467 1653 1524 δύο
1698 1468 1990 1542 ἀνθρὼπους
2034 1466 2122 1520 τόν

536 1571 624 1625 ἕνα
658 1570 885 1624 νοεῖσθαι
919 1566 1321 1645 παρασκευάζει.
1348 1560 1466 1617 ’Δλλ’
1488 1561 1577 1616 ἕνα
1597 1561 1682 1615 τὸν
1706 1555 1967 1632 ἄνθρωπον
1992 1554 2125 1610 κατά

539 1664 789 1726 σύνθεσιν,
820 1663 889 1721 ὡς
930 1659 1074 1732 ἔφην,
1102 1657 1189 1713 τὸν
1217 1648 1270 1710 ἐκ
1300 1653 1481 1726 ψυχῆς
1504 1654 1584 1708 καί
1610 1652 1869 1721 σῶματος.
1889 1648 1999 1703 Ἐάν
2024 1649 2123 1721 γάρ

2210 452 2305 505 DCI
2326 449 2540 513 Filium,
2575 446 2740 502 Deum
2769 461 2889 500 esse
2912 442 3234 515 perfectum,
3261 450 3315 497 et
3342 441 3628 512 perfectum
3669 445 3757 502 ho-

2193 544 2408 606 .minem
2438 554 2665 609 corpore
2681 545 2735 591 et
2758 536 2935 591 anima
2958 534 3171 589 ratione
3192 531 3407 603 pmdita
3429 541 3760 602 constantem;

2210 634 2352 706 quod
2402 634 2469 689 ad
2516 632 2770 689 deitatem
2799 631 3008 695 attinet,
3041 645 3106 683 ex
3147 627 3304 684 Patre
3332 636 3515 681 natum
3547 637 3662 685 ante
3686 646 3766 686 εω-

2212 730 2356 797 cula,
2376 727 2622 782 eumdem
2653 733 2832 780 autem
2857 722 3060 778 ultimis
3091 720 3419 795 temporibus
3444 729 3654 792 propter
3679 738 3763 778 nos

2214 832 2269 878 et
2290 828 2512 893 propter
2536 827 2776 874 nostram
2813 817 3040 872 salutem
3071 830 3140 869 ex
3169 813 3333 868 Maria
3367 810 3581 881 Virgine
3604 827 3769 868 scum-

2216 912 2343 968 dum
2388 910 2777 966 humanitatem
2810 926 2824 962 :
2875 903 3388 964 consubstantialem
3428 902 3569 961 Patri
3596 920 3765 961 secun-

2216 1001 2341 1058 dum
2364 999 2715 1065 divinitatem,
2730 1006 2785 1054 et
2804 994 3314 1054 consubstantialem
3334 993 3485 1049 nobis
3504 994 3771 1050 secundum

2217 1091 2629 1148 humanitatem.
2678 1089 2915 1145 Duarum
2968 1084 3111 1143 enim
3166 1094 3479 1141 naturarum
3523 1085 3653 1141 iacta
3701 1099 3771 1144 est

2218 1182 2366 1238 unio.
2399 1181 2526 1237 Inde
2555 1187 2657 1247 est,
2687 1179 2830 1250 quod
2853 1193 3015 1233 unum
3046 1176 3347 1243 Christum,
3371 1192 3532 1231 unum
3580 1174 3767 1243 Filium,

2220 1290 2383 1332 unum
2428 1276 2714 1333 Dominum
2762 1271 3102 1339 conﬁtemur,
3156 1277 3319 1340 atque
3365 1271 3522 1324 etiam
3558 1279 3770 1325 sanctam

2217 1364 2493 1436 Virginem
2530 1378 2657 1421 vere
2685 1364 2845 1420 fuisse
2866 1363 3170 1434 Deiparam,
3198 1358 3321 1416 ideo
3350 1362 3491 1430 quod
3512 1362 3640 1417 Deus
3668 1363 3771 1417 Ver-

2220 1444 2346 1513 bum
2368 1471 2583 1512 carnem
2605 1455 2778 1511 induit
2801 1463 2857 1511 et
2884 1455 3049 1510 homo
3079 1454 3257 1510 factus
3286 1461 3391 1518 est,
3421 1460 3575 1521 atque
3601 1454 3647 1508 in
3675 1454 3769 1525 ipsa

2222 1547 2576 1618 conceptione
2603 1544 2707 1603 sibi
2735 1544 2905 1601 univit
2925 1543 3210 1615 templum,
3238 1541 3387 1612 quod
3418 1559 3484 1597 ex
3515 1543 3619 1614 ipsa
3643 1558 3769 1598 assu-

2223 1638 2422 1694 mebat.
2454 1635 2513 1694 Si
2550 1636 2745 1709 placet,
2778 1636 3010 1708 exempli
3059 1636 3181 1691 loco
3209 1633 3536 1705 accipiamus
3559 1644 3768 1692 nostrum

534 1752 782 1815 ἀνέλωμεν
826 1753 900 1813 τὸ,
931 1727 1008 1804 ὅτι
1036 1749 1088 1801 ἐκ
1129 1746 1221 1803 δύο
1260 1748 1348 1799 καί
1374 1740 1619 1821 διαφόρων
1658 1742 1855 1813 φύσεων
1890 1735 1917 1794 ὃ
1945 1733 2015 1799 εἷς
2042 1738 2126 1792 καί

2233 1731 2467 1801 ipsorum
2496 1729 2966 1801 compositionem,
2998 1735 3265 1800 quatenus
3310 1727 3554 1783 homines
3595 1744 3768 1785 sumus.

538 1841 690 1916 μόνος
729 1844 839 1897 ἐστὶ
863 1842 1102 1915 Χριστὸς,
1148 1839 1508 1901 ἀδιάσπαστος
1536 1836 1602 1894 ὧν
1643 1839 1770 1909 μετά
1808 1840 1897 1894 τήν
1923 1835 2120 1905 ἕνωσιν,

536 1939 742 2010 ἐροῦσιν
763 1936 808 1990 οί
825 1934 888 1991 δι’
908 1936 1137 1997 ἐναντίας
1152 1953 1163 1966 ·
1190 1963 1257 1975 -
1278 1935 1334 1989 Εἰ
1349 1935 1442 2006 μία
1463 1932 1607 2008 φύσις
1631 1932 1691 1988 τό
1713 1929 1841 1999 ὅλον,
1858 1937 1966 1992 πῶς
1988 1932 2125 1988 ἕνην·

540 2028 805 2102 θρῶπησεν
824 2068 840 2091 ,
871 2026 901 2084 ἦ
934 2030 1093 2080 ποίαν
1133 2023 1265 2081 ἰδίαν
1295 2016 1572 2084 ἐποιήσατο
1602 2025 1803 2098 σάρκας
1829 2050 1895 2062 —-
1918 2024 2048 2083 Τοὺς
2071 2019 2127 2076 δὶ

538 2119 791 2191 λέγοντας,
820 2114 901 2172 ὅτι
937 2124 1140 2192 κρᾶσις.
1165 2117 1194 2177 ἦ
1223 2121 1512 2190 σύγχυσις,
1537 2116 1566 2175 ἦ
1592 2115 1786 2189 φυρμὸς
1816 2114 2010 2188 ἐγένετο
2034 2116 2128 2169 τοῦ

541 2216 671 2265 Θεοῦ
706 2209 852 2282 λόγου
892 2211 1023 2282 πρὸς
1043 2212 1132 2267 τήν
1166 2209 1351 2282 σάρκα,
1379 2207 1738 2270 καταξιωσάτω
1765 2226 1859 2260 σου
1886 2206 1917 2262 ἠ
1953 2204 2127 2258 θεοσέ-

544 2302 658 2356 ϐεια
702 2299 969 2378 προδήλως
1012 2300 1426 2371 ἐπιστομίζειν.)
1460 2298 1594 2353 Μετά
1622 2294 1675 2351 δέ
1703 2302 1864 2351 ταῦτα
1893 2292 2127 2371 Κυρίλλου

542 2397 956 2459 τελευτήσαντος,
980 2394 1242 2467 ἐπιφύεται
1262 2388 1500 2464 μοναχός
1519 2412 1597 2452 τις
1617 2393 1701 2445 καί
1721 2385 2129 2465 ἀρχιμανδρίτης

544 2489 787 2555 Εύτυχής
810 2486 1191 2557 ὀνομαζόμενος,
1217 2487 1303 2539 καί
1328 2485 1543 2555 ἀποσπᾷ
1571 2482 1778 2537 κατόπιν
1798 2481 1954 2534 αύτοῦ
1976 2479 2130 2553 μέρος

529 2581 635 2633 Ὅύκ
661 2578 821 2647 ὀλίγον
857 2582 948 2632 τοῦ
988 2577 1135 2639 λαοῦ,
1167 2582 1329 2652 κυρῶν
1367 2576 1435 2630 τά
1475 2576 1745 2650 Νεστορίου
1776 2573 1858 2626 καί
1890 2571 1949 2626 τὸ
1978 2572 2131 2626 αὐτοῦ

547 2673 761 2743 πονηρὸν
795 2667 991 2741 δόγμα,
1037 2669 1237 2740 φάσκων
1275 2670 1344 2737 μὴ
1372 2662 1496 2720 εἶναι
1522 2670 1609 2723 τὴν
1651 2664 1812 2739 σάρκα
1836 2666 1928 2733 τοῦ
1955 2664 2128 2734 κυρίου

548 2765 665 2834 ἡμῖν
703 2760 992 2832 όμοούσιον.
1025 2762 1110 2813 Καὶ
1147 2756 1207 2817 δή
1238 2758 1386 2813 πάλιν
1413 2755 1523 2829 μετ’
1554 2755 1713 2827 ὀλίγον
1742 2752 2024 2815 διαϐολικῆς
2049 2754 2132 2806 ίσ-

552 2855 797 2925 χυςάσης
850 2853 1067 2926 χειρός,
1116 2851 1264 2926 ἑτέρα
1303 2845 1513 2909 σύνοδος
1555 2849 1604 2901 ἐν
1652 2847 1840 2918 Ἐφέσῳ
1888 2846 2136 2919 λῃστρικὴ

552 2948 633 3002 καί
652 2948 754 3018 ούχ
781 2945 902 3001 ὁσία
921 2947 1131 3017 γίνεται,
1156 2940 1601 3021 παραπεμφθέντος
1628 2940 1787 2995 ἐκεῖσε
1809 2941 1891 2994 καί
1928 2937 2134 2994 Φλαυια-

542 3045 637 3094 νοῦ
676 3037 1262 3102 ιωνσταντινουπόλεως,
1292 3040 1382 3095 τήν
1410 3039 1585 3090 πᾶσαν
1608 3034 1835 3098 ἐξουσίαν
1863 3031 2134 3119 Διοσκόρου

2228 1821 2551 1879 Constamus
2580 1820 2828 1876 nimirum
2879 1819 3056 1874 anima
3100 1829 3157 1875 et
3182 1834 3439 1889 corpore.
3470 1818 3543 1874 Ac
3566 1820 3772 1878 videmus

2225 1910 2358 1970 duas
2378 1923 2621 1982 naturas,
2647 1914 2804 1968 aliam
2825 1913 3086 1983 corporis,
3109 1912 3270 1967 aliam
3292 1913 3511 1977 animm;
3534 1913 3772 1969 hominem

2228 2019 2378 2071 vero,
2425 2019 2493 2060 ex
2538 2006 2819 2076 utriusque
2868 2005 3110 2061 unitione
3161 2004 3331 2074 facta,
3379 2021 3582 2060 unum:
3628 2022 3774 2076 neque

2228 2098 2557 2172 compositio
2586 2114 2652 2153 ex
2682 2098 2889 2154 duabus
2920 2098 3125 2153 naturis
3153 2097 3344 2165 eﬂicit,
3379 2105 3436 2154 ut
3460 2113 3554 2168 pro
3579 2115 3676 2154 uno
3698 2099 3774 2155 ho-

2230 2190 2402 2246 mines
2446 2189 2582 2245 duos
2607 2190 2934 2260 cogitemus;
2965 2188 3059 2245 sed
3085 2205 3251 2244 unum
3296 2187 3380 2261 (ut
3401 2188 3529 2259 dixi)
3559 2189 3776 2258 intelligi-

2230 2295 2349 2339 mus
2374 2282 2649 2337 hominem
2675 2296 2743 2337 οι
2784 2280 2963 2337 anima
2992 2288 3048 2336 et
3086 2295 3321 2351 corpore
3346 2281 3700 2351 compositum.
3728 2280 3777 2336 Si

2235 2374 2377 2430 enim
2407 2373 2514 2429 hoc
2540 2373 2816 2442 tollamus,
2843 2387 2913 2428 ex
2941 2371 3148 2428 duabus
3168 2380 3225 2428 et
3250 2370 3613 2428 ditl‘erentibus
3636 2382 3774 2426 natu-

2230 2464 2305 2521 ris
2327 2478 2488 2519 unum
2509 2470 2564 2519 et
2584 2462 2906 2518 indivulsum
2928 2462 3198 2520 Christum
3222 2462 3293 2518 ab
3308 2463 3543 2519 unitione
3555 2461 3775 2526 existere,

2230 2556 2412 2613 dicent
2455 2554 2747 2610 adversarii
2775 2572 2787 2608 :
2820 2553 2877 2610 Si
2908 2571 3014 2610 una
3045 2562 3236 2610 natura
3286 2555 3450 2610 totius
3484 2552 3664 2609 Christi
3690 2562 3776 2617 est,

2231 2645 2502 2717 quOmodo
2544 2647 2721 2718 potuit
2768 2647 3057 2701 humanam
3113 2655 3365 2703 naturam
3416 2646 3654 2714 induere,
3700 2652 3777 2699 aut

2233 2762 2392 2818 quam
2413 2762 2629 2804 carnem
2654 2747 2756 2803 sibi
2778 2746 3051 2819 propriam
3068 2746 3372 2803 asciscere?
3396 2746 3500 2802 Eos
3513 2756 3676 2802 autem
3700 2744 3776 2815 qui

2232 2839 2415 2896 dicunt
2450 2840 3024 2909 contemperationem,
3056 2820 3430 2911 centusiouem
3459 2846 3548 2894 aut
3588 2837 3777 2892 minio.

2236 2946 2361 2987 nem
2379 2938 2693 2988 naturarum
2716 2930 2881 2987 Verbi
2903 2931 2994 2989 Dei
3018 2946 3137 2987 cum
3151 2946 3318 2986 carne
3331 2930 3540 2996 factam,
3559 2931 3716 3001 palam
3726 2930 3777 2983 iis

2238 3039 2335 3080 ora
2364 3025 2616 3081 obturare
2643 3030 2736 3080 tua
2781 3024 2959 3097 pietas
2980 3024 3253 3093 dignetur.
3287 3042 3307 3075 ι
3342 3021 3469 3078 Post
3496 3022 3600 3077 hzec
3627 3030 3777 3078 autem

550 3129 910 3207 Ἀλεξανδρείας
954 3128 1190 3200 ἔχοντος.
1238 3130 1338 3183 Καὶ
1376 3126 1637 3200 φονεύεται
1677 3127 1767 3197 μὲν
1806 3109 2131 3185 Φλαυιανόςό

2236 3112 2436 3187 Cyrillo
2464 3122 2700 3182 mortuo,
2723 3114 2943 3168 emersit
2971 3111 3273 3167 monachus
3318 3112 3531 3182 quidam
3557 3119 3609 3165 et
3632 3109 3776 3164 archi-

541 3224 683 3283 ’θεῖος
713 3222 1037 3297 ύπερμαχῶν
1077 3227 1167 3279 τῆς
1209 3215 1478 3293 ὀρθοδόξου
1507 3218 1751 3278 πίστεως,
1794 3215 2132 3291 ἀνατρέπεται

538 3310 606 3367 δὲ
643 3314 674 3371 ἡ
719 3312 766 3366 ἔν
789 3310 980 3383 Ἐφέσῳ
1020 3311 1199 3384 πρώτη
1243 3307 1482 3375 σύνοδος,
1512 3307 1920 3381 ύπογραψάντων
1964 3313 2132 3383 φονικῆ

666 3410 815 3457 τινῶν
844 3399 1150 3462 ἐπισκόπων,
1180 3401 1232 3463 ἓξ
1261 3396 1327 3452 ὧν
1370 3400 1580 3473 ύπῆρχε
1612 3396 1866 3477 Βασίλειιος
1900 3393 1927 3450 ὁ
1962 3394 2133 3448 Σελευ-

552 3495 707 3554 κείας.
750 3494 1016 3548 κάντεῦθεν
1052 3498 1151 3546 τῶν
1193 3494 1287 3545 τοῦ
1319 3493 1592 3566 Νεστορίου
1635 3490 1723 3542 καί
1760 3486 2025 3563 Διοσκόρου
2051 3488 2135 3542 καί

536 3586 821 3656 ιεύτνχοῦς
859 3582 1283 3655 δημοσιευομένων
1327 3586 1552 3656 πονηρῶν
1581 3578 1861 3651 δογμάτων,
1890 3579 1972 3633 καί
2009 3576 2134 3632 πολ·

537 3678 642 3740 ολῆς
673 3683 915 3753 ταραχῆς
935 3678 1217 3749 γενομένης,
1248 3673 1469 3745 με’ῧηστα
1506 3671 1554 3725 ἐν
1582 3677 1644 3744 τῇ
1671 3670 1906 3744 ἀνατολῇ,
1937 3670 2137 3744 φονεύε-

542 3790 635 3826 ται
660 3770 922 3845 Προτέριος
951 3766 983 3820 ’ὁ
1011 3767 1171 3837 μέγας
1200 3764 1381 3842 ἱερεὺς,
1411 3766 1497 3819 καί
1540 3762 1703 3838 ἕτεροι
1734 3762 1989 3817 πλεῖστοι.
2010 3764 2138 3817 Τού-

544 3883 656 3919 των
682 3858 767 3917 οὖν
810 3861 976 3922 οὕτως
1017 3857 1255 3930 ἐχόντων.
1301 3858 1567 3912 ἀνίσταται
1600 3856 1761 3911 θεόθεν
1797 3856 2072 3930 Μαρκιανὸς
2110 3855 2136 3911 ὁ

538 3956 816 4021 ιΒασιλεύς,
846 3957 932 4008 καί
969 3954 1270 4023 συναγαγὼν
1302 3951 1352 4004 ἕν
1380 3948 1666 4008 ’Χαλκηδόνι
1691 3955 1781 4009 τὴν
1800 3956 1898 4004 τῶν
1926 3950 2008 4020 χλ’
2036 3972 2141 4004 πα-

540 4049 715 4119 ’τίρων
742 4046 972 4110 σύνοδον,
1007 4048 1267 4118 παρόντων
1299 4048 1569 4122 Διοσκόρου
1604 4050 1689 4102 καί
1723 4049 2019 4118 Εὐτυχοῦς,
2053 4049 2141 4101 καί

536 4138 707 4198 »αὐτὸς
747 4139 1014 4213 ἒπορεύθη.
1050 4141 1152 4193 Καί
1177 4136 1598 4204 καταδικάζονται
1641 4141 1733 4210 μέν
1765 4139 2035 4215 Διόσκορος
2056 4140 2141 4193 καί

557 4231 818 4303 εὐτυχὴς.
849 4234 932 4287 καί
960 4232 1224 4306 Νεπόριος
1250 4232 1401 4286 πάλιν
1435 4231 1868 4303 ἀναθεματίξεται.
1894 4230 2139 4309 Θεοόὠρι-

556 4338 641 4378 τον
669 4319 742 4387 δέ,
769 4324 851 4376 καὶ
890 4321 1042 4386 Ἰϐἀν,
1072 4324 1155 4376 καί
1179 4322 1431 4377 Βασίλειον
1457 4323 1738 4383 Σελευκείας
1762 4320 1990 4386 ἐδέξαντο
2020 4321 2140 4376 καθ-

557 4412 987 4489 υπογράψαντας,
1038 4415 1121 4467 καί
1161 4420 1250 4473 τῆς
1277 4412 1551 4487 λῃστρικῆς
1582 4409 1799 4467 συνόδου
1835 4398 2139 4486 ἀνατραπεί-

2235 3207 2502 3263 mandrita
2527 3206 2745 3263 nomine
2766 3204 3056 3278 Eutychos.
3091 3205 3190 3261 llic
3217 3221 3330 3262 non
3353 3205 3594 3274 exiguam
3628 3201 3779 3275 populi

2233 3309 2447 3372 partem
2467 3300 2570 3356 sibi
2597 3299 2860 3368 adiunxit,
2891 3296 3120 3353 Nestorii
3147 3305 3354 3355 sectam
3384 3308 3439 3352 et
3467 3295 3669 3366 impium
3688 3292 3781 3361 ejus

2235 3393 2428 3465 dogma
2475 3391 2801 3463 approbans,
2850 3406 2915 3447 ac
2962 3389 3145 3446 dicens
3194 3405 3415 3446 carnem
3456 3387 3653 3445 Domini
3692 3398 3781 3440 non

2236 3496 2360 3540 esse
2396 3482 2907 3539 consubstantialem
2936 3480 3114 3538 nobis.
3145 3479 3211 3535 Et
3237 3496 3448 3537 rursum
3476 3479 3674 3551 quidem
3693 3489 3781 3531 non

2237 3576 2407 3632 multo
2438 3581 2559 3646 post
2587 3575 2849 3631 diabolica
2879 3589 3043 3629 manu
3072 3575 3425 3646 prmvalente,
3452 3571 3589 3627 aliud
3615 3564 3780 3639 Ephesi

2237 3669 2527 3727 concilium
2548 3668 2841 3737 latronum,
2869 3676 2924 3724 et
2948 3681 3291 3739 nequaquam
3320 3674 3556 3722 sanctum
3583 3662 3779 3731 cogitur:

2238 3760 2405 3816 misso
2457 3758 2524 3815 ad
2576 3758 2627 3813 id
2677 3758 2838 3814 etiam
2887 3756 3144 3812 Flaviano
3192 3751 3780 3825 ConstantinOpolitano,

2239 3862 2365 3907 cum
2393 3865 2560 3922 penes
2588 3847 2903 3906 Dioscorum
2932 3847 3315 3904 Alexandriam
3358 3846 3652 3919 episcopum
3671 3854 3781 3898 sum-

2241 3957 2328 3997 ma
2350 3936 2531 3998 rerum
2562 3941 2634 3996 ibi
2659 3947 2825 3997 esset.
2855 3939 3075 3995 Divinos
3113 3948 3296 3995 autem
3327 3937 3602 3994 Flavianus
3626 3932 3783 3989 deleu-

2241 4042 2376 4099 dens
2397 4041 2755 4097 orthodoxam
2779 4039 2959 4105 iidem,
2986 4038 3252 4095 occiditur
3279 4056 3293 4093 :
3325 4038 3494 4110 priori
3507 4049 3627 4093 vero
3646 4029 3782 4104 Epho-

2241 4133 2373 4189 sinze
2408 4132 2619 4205 synodo
2665 4129 2964 4186 auctoritas
3008 4130 3325 4200 abrogatur,
3372 4120 3784 4184 subscribentibus

2242 4224 2557 4295 quibusdam
2581 4222 2852 4294 episcopis
2877 4221 3064 4277 lethali
3102 4222 3149 4276 vi
3180 4221 3490 4291 compulsis,
3515 4218 3644 4274 inter
3674 4225 3786 4284 quos

2243 4314 2341 4369 fuit
2357 4314 2519 4370 etiam
2548 4312 2776 4368 Basilius
2796 4311 3057 4368 Seleucite
3082 4311 3388 4384 cpiscopus.
3422 4309 3553 4364 Hinc
3569 4321 3679 4364 cum
3702 4317 3783 4374 pu-

2244 4406 2382 4461 blice
2411 4403 2735 4460 docerentur
2774 4401 3029 4468 Nestorii,
3079 4400 3323 4457 Dioscori
3351 4409 3405 4456 et
3433 4396 3669 4470 Eutychis
3694 4405 3784 4463 per-

557 4523 653 4566 στις
679 4505 767 4556 καί
803 4504 1300 4576 ἀναθεματισοείσης,
1350 4505 1422 4565 είς
1465 4506 1583 4573 μίαν
1623 4506 1914 4576 συμφωνίαν
1953 4502 2131 4576 ἤγαγον

2247 4506 2451 4562 niciosa
2509 4503 2782 4574 dogmata,
2842 4501 3126 4572 magnique
3167 4500 3464 4573 praesertim
3518 4500 3567 4552 in
3603 4494 3786 4549 Oriente

552 4594 755 4652 πάντας
786 4593 833 4647 οῖ
859 4595 984 4647 θεῖοι
1021 4596 1252 4672 πατέρες.
1278 4593 1555 4649 τούτων’δέ
1576 4600 1674 4649 τῶν
1701 4594 1968 4669 τεσσάρων
1994 4592 2142 4648 συνὸ-

540 4680 662 4737 ’ὂων
698 4681 832 4737 ούτω
862 4684 1133 4755 γενομένων
1176 4688 1263 4739 καί
1300 4684 1772 4744 ίπὶϐιϐαιωθεισῶν,
1802 4687 1885 4737 καί
1925 4684 2141 4758 κρατου-

552 4780 664 4829 σῶν
687 4775 811 4851 ἐντῇ
835 4782 926 4829 τοῦ
955 4783 1080 4830 Θεοῦ
1109 4777 1361 4852 ἐκκλησίᾳ,
1393 4779 1439 4831 οἱ
1458 4778 1521 4832 τά
1544 4780 1817 4850 Νεστορίου
1847 4781 2141 4850 φρονοῦντες

562 4864 887 4922 ἐσπούδασαν
931 4861 1074 4928 αὖθις
1106 4875 1195 4926 τήν
1241 4869 1435 4943 αἵρεσιν
1478 4872 1640 4924 αὐτῶν
1668 4876 1913 4944 κρατῦναι
1942 4867 2026 4924 διὰ
2055 4878 2144 4929 τῆς

564 4954 826 5029 Θεοδώρου
859 4962 948 5013 τοῦ
977 4957 1331 5019 Εννιουεστίας
1352 4961 1600 5034 ἀφορμῆς.
1626 4959 1793 5028 πολλῷ
1826 4962 2033 5035 χείρονα
2053 4966 2145 5015 τοῦ

536 5124 541 5127 Δ
563 5050 787 5120 μαθητοῦ
816 5049 977 5103 αύτοῦ
996 5055 1271 5125 ⁴Νεστορίδη)
1304 5052 1782 5123 βλασφημήσαντος.
1810 5050 1955 5108 Ὀεδεν
1980 5057 2147 5110 τοίνυν

565 5144 649 5194 καί
692 5142 834 5209 ἡμεῖς
873 5140 1256 5202 ἀκολουθοῦντες
1300 5152 1405 5205 τοῖς
1450 5147 1710 5223 ἡμετέροις
1754 5147 2014 5222 πατράσι,
2063 5149 2147 5213 καί

566 5231 858 5303 βουλόμενοι
883 5240 974 5294 τήν
1001 5236 1148 5307 ὀρθὴν
1188 5239 1363 5290 πίστιν
1400 5237 1659 5296 ἀὶὼλϐητον
1700 5236 2143 5311 διαφυλάττεσθαι,

561 5324 917 5399 προτρίπομεν
943 5330 1023 5380 καί
1051 5326 1232 5381 τούτου
1262 5326 1355 5387 τάς
1376 5328 1701 5405 βλασφημίας
1730 5327 2144 5394 διεξετάσαντας,

566 5408 680 5465 κατ’
705 5413 861 5466 αὐτοῦ
888 5417 976 5468 καί
997 5420 1096 5470 τᾶν
1125 5414 1413 5490 ὅμοφρόνων
1436 5419 1595 5472 αὐτοῦ
1625 5420 1992 5489 ἀποφήνασθαι.
2016 5404 2146 5490 Πρός

564 5507 663 5578 γὰρ
711 5509 824 5562 ταῖς
863 5499 1039 5567 ἄλλαις
1095 5507 1453 5582 ἀναριθμήτοις
1506 5511 1665 5565 αὑτοῦ
1719 5508 2025 5585 δυσφημίαις
2073 5514 2146 5570 εἰς

568 5593 780 5665 Χριστόν
834 5594 918 5645 τὸν
974 5596 1094 5649 Θεὸν
1131 5599 1271 5669 ἡμῶν
1308 5602 1593 5674 γενομέναις
1618 5642 1632 5664 ,
1687 5596 1834 5656 ἄλλον
1893 5597 2017 5656 εἶναι
2058 5603 2146 5655 τόν

569 5684 692 5738 θεὸν
726 5683 872 5757 λόγον
910 5687 991 5739 καὶ
1015 5682 1158 5740 ἄλλον
1197 5690 1283 5744 τὸν
1326 5693 1545 5766 Χριστόν
1566 5694 1671 5748 ἀπὸ
1709 5700 1808 5749 τῶν
1847 5701 1938 5755 τῆς
1962 5692 2144 5764 ψυχῆς

570 5778 763 5843 ποιοῦν,
794 5778 998 5833 καὶτῶν
1026 5784 1117 5839 τῆς
1142 5780 1332 5852 σαρκὸς
1361 5783 1632 5856 ἐπιθυμιῶν
1659 5786 2033 5856 ἐνοχλούμενον,
2058 5787 2145 5840 καί

2245 4597 2546 4654 existerent
2593 4594 2869 4659 tumultus,
2900 4592 3064 4649 occisi
3110 4601 3237 4649 sunt
3266 4589 3537 4648 Proterius
3572 4581 3787 4642 sacerdos

2250 4700 2492 4763 ῐηὲιέηυετ
2522 4693 2578 4740 ει
2624 4685 2717 4739 alii
2744 4684 2978 4755 plurimi.
3005 4682 3081 4739 Eo
3128 4697 3306 4739 rerum
3352 4690 3492 4737 statu
3524 4675 3785 4732 Marcianus

2250 4778 2503 4833 divinitus
2524 4786 2743 4833 creatur
2766 4777 3060 4847 imperator
3092 4793 3105 4830 :
3151 4777 3243 4848 qui
3272 4781 3463 4831 coacto
3482 4766 3786 4827 Chalcedone

2251 4879 2632 4928 sescentorum
2680 4869 2899 4939 triginta
2928 4867 3146 4924 Patrum
3175 4868 3427 4931 concilio,
3471 4859 3786 4937 pmsentihus

2254 4962 2514 5016 Dinscoro
2543 4967 2599 5014 et
2636 4958 2899 5031 Eutyche,
2932 4960 2987 5014 in
3015 4974 3083 5016 eo
3112 4975 3214 5015 una
3235 4974 3361 5016 cum
3389 4956 3517 5029 ipsis
3544 4948 3783 5009 interfuit:

2250 5053 2427 5120 ibique
2453 5050 2774 5105 damnantur
2794 5048 3013 5120 quidem
3052 5050 3338 5106 Dioscorus
3375 5058 3431 5104 et
3459 5042 3720 5115 Eutychos.
3741 5042 3785 5089 ei

2248 5145 2441 5199 iterum
2469 5143 2750 5199 Nestor-ius
2769 5142 3253 5198 anathematizatur
3283 5160 3296 5194 :
3337 5138 3688 5196 Theodoretus
3709 5143 3786 5185 ειιο

2250 5244 2376 5300 tem,
2406 5234 2525 5291 ibas
2544 5244 2600 5290 et
2623 5234 3132 5291 BasiliusSeleuciaa
3159 5236 3441 5307 episcopus
3458 5227 3646 5298 recepti
3663 5229 3786 5287 sum.

2248 5343 2369 5383 cum
2400 5339 2579 5384 tamen
2610 5328 2775 5400 priori
2802 5328 2935 5401 [lege
2960 5328 3127 5401 prius,
3159 5337 3216 5382 ut
3239 5326 3415 5400 infra]
3444 5320 3657 5382 concilio
3674 5313 3783 5372 sub-

2250 5420 2615 5490 scripsissent.
2650 5419 2716 5474 Et
2744 5420 2818 5475 ita
2845 5421 3062 5477 abolitis
3101 5419 3432 5490 praedatoria:
3456 5412 3631 5486 synodi
3673 5404 3785 5464 actis

2249 5519 2306 5563 et
2330 5508 2618 5573 damnatis,
2648 5510 2939 5565 concordia
2972 5525 3002 5563 a
3031 5510 3233 5584 sanctis
3269 5507 3512 5562 Patrihus
3542 5504 3668 5559 inter
3688 5509 3787 5552 out-

2250 5614 2345 5656 ncs
2373 5600 2660 5655 conciliata
2690 5608 2791 5655 est.
2824 5599 2919 5655 His
2947 5608 3180 5670 quatuor
3208 5600 3445 5656 conciliis
3472 5597 3545 5651 sic
3581 5591 3702 5648 actis
3739 5593 3786 5640 ei

2249 5690 2598 5760 confirmatis,
2620 5699 2675 5745 et
2700 5690 3079 5748 auctoritatem
3119 5692 3173 5747 in
3202 5690 3439 5746 Ecclesia
3468 5687 3555 5743 Dei
3575 5681 3786 5760 obtinen-

2249 5783 2410 5855 tibus,
2433 5773 2663 5838 Nestorii
2700 5795 2959 5855 sequaces
2987 5782 3163 5841 denuo
3185 5797 3333 5840 suam
3364 5779 3598 5836 bteresim
3621 5750 3783 5831 cbnllr
