4032 6190
534 346 636 404 275

603 465 687 548 fani
729 458 797 548 τά
833 464 986 548 at}th
1031 462 1239 548 πονηρά.
1277 458 1538 545 δόγματα,
1585 464 1672 516 καί
1712 462 2115 548 τηνζλεγομένην
2145 467 2194 525 Δ

599 530 724 607 ’Ὶϐει
745 531 1031 607 ἐπιστολῄν,
1063 530 1248 607 καί⁷τά
1283 530 1663 607 συγγράμματα
1693 530 2007 607 Θεοδωρίτου
2051 535 2116 589 τά

601 601 734 657 κατὰ
759 608 851 660 τῆς
881 601 1032 674 ὀρθῆς
1055 601 1278 662 πίστεως
1303 601 1650 675 γεγραμμένα.

575 738 577 740 .
601 692 889 768 Γράμματα
915 693 1057 764 ὑμῶν
1086 690 1377 764 ἐδεξάμεθα,
1410 691 1542 769 άπερ
1565 691 1864 767 ἀναγνόντες·
1902 695 2114 763 ἐθαυμά-

529 785 868 858 σαμεν,ὐμᾶς
896 789 967 854 μή
994 785 1325 847 ἐννοήσαντας
1344 790 1435 844 τήν
1459 792 1550 840 τοῦ
1579 788 1755 861 κυρίου
1787 783 2116 842 διδασκαλίαν

529 878 793 948 λέγοντος,
810 896 828 928 ε
847 878 1038 952 meum
1060 877 1150 933 ἀπ’
1169 878 1312 949 ἕμοῦ,
1341 876 1419 933 ὅτι
1447 878 1608 952 πρᾷός
1635 881 1757 949 εἰμι,
1785 882 1871 933 καί
1891 881 2117 942 ταπεινὸς

530 973 593 1041 τῇ
614 963 812 1044 καρδίᾳ.
840 984 858 1017 ι
886 966 990 1020 ἀλλ’
1007 969 1354 1028 εἰς’τοσοῦτον
1372 969 1743 1044 ὐπερηᾳγανείας
1771 971 2028 1043 ἀρθέντας,
2049 958 2117 1030 ώς

526 1057 722 1116 ’πάντας
743 1058 863 1118 τοὺς
889 1057 1046 1132 ἱερεῖς
1073 1065 1166 1117 τῆς
1197 1063 1287 1137 τοῦ
1315 1064 1443 1112 Θεοῦ
1473 1059 1738 1134 ἐκκλησίας
1762 1058 2110 1126 ἐξουδενῶσαι,

532 1147 824 1217 καὶ-μόνους
850 1148 987 1222 ὑμᾶς
1024 1151 1211 1210 αὐτοὺς
1251 1152 1306 1204 ἐκ
1342 1153 1539 1206 πάντων
1574 1149 1862 1213 δικαιῶσαι,
1888 1153 2114 1226 καθάπερ

533 1235 714 1297 ἐκεῖνος
742 1236 768 1292 ὸ
789 1247 1081 1314 Φαρισαῖος,
1108 1235 1163 1301 ὃς
1187 1238 1314 1294 οῦδέ
1335 1241 1421 1296 τὸν
1451 1242 1664 1301 τελώνην
1690 1246 1990 1316 κατακρίνας
2013 1233 2116 1300 εδι-

534 1324 751 1386 καιώθη·
779 1332 865 1383 καί
890 1330 938 1383 ἐν
976 1328 1084 1402 ὅσῳ
1109 1330 1380 1404 ἠλπίζομεν
1403 1336 1563 1404 ὑμᾶς,
1591 1331 1745 1404 ’ὅμοια
1788 1344 1898 1396 τοῖς
1925 1337 2116 1399 λοιποῖς

532 1421 728 1494 ἱερεῦσι
749 1430 968 1495 φρονεῖν,
995 1420 1216 1501 ηὕρομεν
1243 1425 1370 1498 παρ’
1391 1425 1600 1488 ἐλπίδας
1628 1429 1790 1484 ἐκεῖνα
1817 1431 1953 1502 ὑμᾶς
1984 1431 2116 1488 ἐκδι-

532 1515 740 1572 κοῦντας
758 1505 825 1566 τά
851 1516 941 1566 καὶ·
959 1522 1034 1587 τῷ
1063 1522 1193 1587 Θεῷ,
1218 1519 1305 1570 καί
1323 1523 1386 1592 τῇ
1409 1511 1720 1595 ὀρθῇπίστει
1742 1521 2112 1594 ἐναντιούμενα·

533 1598 800 1673 καί’ὄμως
843 1606 1083 1663 τοιαύτην
1132 1607 1365 1660 ἀσέϐειαν
1414 1607 1754 1677 ἐκδικοῦντες,
1801 1609 1952 1674 ἴσους
1979 1614 2117 1685 ὑμᾶς

532 1696 724 1756 αὐτοὺς
759 1690 884 1750 εἶναι
922 1704 1031 1758 τοῖς
1070 1698 1376 1760 ἀποστόλοις
1419 1699 1698 1757 ὐπελάϐετε
1742 1703 1998 1778 λέγοντες,
2045 1713 2115 1776 μή

534 1786 736 1855 ὀφείλειν
766 1788 884 1843 τινά·
910 1789 980 1848 ὡς
998 1787 1268 1860 ἀγροίκους
1296 1788 1434 1857 ὑμᾶς
1470 1789 1720 1856 ὀνειδίζειν
1739 1809 1749 1821 ⁸
1778 1792 1948 1854 ἔπειδή
1981 1800 2066 1850 καί
2091 1796 2116 1852 ὁ

531 1877 656 1937 Θεὸς
683 1877 939 1950 ἀγροίκοις
966 1869 1278 1953 προσέταξεν
1313 1883 1580 1955 κηρύττειν
1609 1885 1667 1938 τὸ
1696 1885 1976 1959 εὐαγγέλιον
1996 1904 2010 1916 ·
2040 1892 2119 1942 καί

524 1972 676 2037 ’ἡμεῖς
685 1972 774 2041 μὲν
785 1972 829 2024 εἰ
836 1975 921 2026 καί
935 1974 1225 2050 ἀγροίκους,
1237 1976 1305 2036 ὡς
1317 1977 1536 2050 λέγεται,
1550 1978 1580 2032 ὐ
1583 1983 1685 2052 μᾶς
1699 1979 2064 2050 ἐκαλέσαμεν,δ
2068 1973 2122 2036 ιά

534 2066 689 2116 τοῦτο
715 2060 880 2122 οὕτως
899 2060 1125 2134 εἴπομεν,
1153 2063 1325 2124 ἔπειδή
1345 2068 1639 2139 ἀγνοοῦντες
1661 2073 1750 2127 τήν
1773 2071 2117 2129 ἐκκλησιαστι-

535 2157 624 2211 xm!
638 2152 782 2218 τάξιν
793 2173 848 2208 τε
862 2157 949 2208 καί
960 2154 1249 2231 παράδοσιν
1260 2160 1342 2211 καί
1354 2162 1441 2216 τήν
1459 2159 1714 2234 ὸρθόδοξον
1737 2164 1929 2223 πίστιν,
1946 2165 2120 2218 τοιαύ-

535 2265 627 2301 την
644 2245 880 2306 ἀσέϐειαν
891 2236 1158 2305 ·ἐκδικεῖται
1170 2248 1259 2321 [1⁷.
1277 2249 2026 2324 ἐκδικεῖτε]’τοὺςάποστὸλους
2041 2255 2117 2324 δὲ,

534 2335 623 2398 οὓς
642 2337 795 2408 ὑμεῖς
809 2341 1076 2416 ἀγροίκους
1089 2342 1312 2417 ,καλεῖται
1324 2340 1415 2413 [Γ.
1432 2341 1648 2415 καλεῖτε]
1657 2387 1673 2409 ,
1686 2344 1710 2400 ό
1722 2347 1840 2406 Θεὸς
1852 2347 2118 2413 ἐπελέξατο

532 2426 721 2500 ἐαυτῷ,
760 2431 844 2483 καί
870 2435 962 2485 τοῦ
1001 2428 1127 2484 ἰδίου
1155 2430 1444 2502 πνεύματος
1473 2437 1556 2488 καί
1580 2437 1802 2510 χάριτος
1828 2439 1912 2490 καί
1939 2440 2119 2510 σοφίας

533 2517 816 2590 ἐπλήρωσε,
841 2523 925 2574 καί
960 2521 1123 2582 οὕτως
1154 2524 1342 2584 αὐτοὺς
1376 2525 1689 2591 ἀπέστειλεν,
1711 2527 1796 2582 ἵνα
1823 2523 1891 2584 τά
1917 2527 2031 2589 €th
2056 2533 2121 2587 τά

534 2606 622 2660 τὸν
647 2608 767 2662 Θεὸν
787 2609 1059 2681 ἀγνοοῦντα
1084 2612 1216 2682 πρὸς
1242 2617 1331 2672 τήν
1359 2621 1449 2674 τῆς
1471 2615 1701 2677 ἀληθείας
1720 2617 1836 2672 ’ὁδὸν
1859 2618 2120 2694 ὁδηγήσω-

535 2714 635 2751 σιν·
661 2695 770 2751 ὅθεν
784 2701 868 2752 καὶ
890 2700 1071 2780 αὐτοῖς.
1084 2701 1254 2772 μόνοις
1274 2711 1386 2765 τοῖς
1403 2705 1706 2768 ἀπε-στόλοις
1729 2705 1886 2776 εἶπεν,
1914 2731 1932 2760 ε
1953 2721 2119 2782 Ὑμεῖς

537 2787 651 2842 ἐστε
675 2788 733 2842 τὸ
761 2795 866 2861 φῶς
887 2795 987 2843 τοῦ
1015 2791 1224 2863 κόσμου·
1248 2811 1265 2843 ›
1300 2795 1498 2869 φανεροί
1522 2797 1686 2850 τοίνυν
1717 2799 1858 2862 ἰστὲ,
1889 2800 2117 2878 καθάπερ

537 2875 564 2930 ὸ
593 2877 872 2941 ἀπόστολος
899 2875 1064 2950 εἶπεν,
1098 2899 1118 2934 ε
1146 2889 1218 2954 μή
1243 2892 1502 2951 νοοῦντες,
1533 2891 1658 2958 μήτε
1695 2887 1728 2944 ἂ
1764 2889 1929 2963 λέγετε
1949 2935 1960 2954 ,
1991 2875 2116 2964 μήτε

536 2974 822 3046 περίτίνων
844 2971 1253 3032 διαϐεϐαιοῦσθεο
1278 2995 1298 3030 ι
1325 2975 1402 3034 ὅτι
1423 2980 1732 3052 ἐτολμήσατε
1754 2986 1964 3045 καὶτοῖς
1986 2987 2117 3042 άπο-

535 3061 733 3124 στόλοις
751 3063 968 3128 ἑαυτοὺς
992 3068 1256 3138 ἐξισῶσαι,
1279 3074 1361 3124 καί
1388 3074 1505 3132 τοὺς
1521 3076 1864 3148 πατριάρχας
1884 3081 1968 3133 καί
1985 3085 2116 3138 πάν-

537 3172 630 3212 τας
653 3155 770 3215 τοὺς
788 3153 937 3232 ίερεῖς
953 3159 1034 3210 ἐνυ
1042 3157 1237 3232 ϐρίσαι.
1260 3167 1510 3232 Τοσοῦτον
1524 3159 1577 3216 δέ
1591 3169 1680 3222 τὴν
1701 3164 2116 3227 ἐκκλησιαστικὴν

539 3243 862 3299 κατάστασιν
904 3248 988 3300 οὐκ
1023 3249 1325 3320 ἔφυλάξατε,
1356 3249 1434 3308 ὅτι
1463 3249 1552 3322 [Ρ.
1580 3251 1738 3323 ὥστε]
1767 3257 1826 3311 τὸ
1853 3257 1902 3310 ἐν
1943 3258 2118 3329 μηδενί

538 3334 716 3404 χρόνῳ
758 3335 1016 3407 γενόμενον
1058 3340 1158 3394 ὑπὸ
1205 3351 1510 3420 Χριστιανῶν
1535 3346 1848 3418 ἐτολμήσατε
1886 3358 2113 3408 ποιῆσαι.

537 3425 736 3480 Πάντων
777 3431 878 3502 γάρ
914 3437 1011 3485 τῶν
1038 3427 1443 3508 μακαριωτάτων
1485 3446 1828 3512 πατριαρχῶν
1864 3446 1956 3498 τήν
1989 3443 2118 3514 πρὸς

537 3514 783 3578 ἀλλήλους
823 3519 999 3576 ἕνωσιν
1044 3523 1267 3594 ἐχόντων
1306 3523 1468 3586 οὐδεὶς
1499 3526 1679 3583 ἑαυτὸν
1719 3537 1812 3590 τῆς
1854 3531 2116 3594 καθολικῖκ

537 3605 804 3668 ἐκκλησίας
841 3607 1112 3687 ἐχώρισεν,
1144 3615 1189 3667 εἰ
1229 3619 1300 3686 μὴ
1329 3623 1552 3690 φανερῶς
1577 3619 1801 3690 αίρετική
1841 3623 1999 3690 μανία
2025 3644 2116 3676 κα-

533 3697 766 3766 τείχετο·
817 3695 943 3772 ὅπερ
996 3703 1142 3773 ὑμεῖς
1177 3704 1262 3758 ἐπί
1295 3711 1387 3759 τοῦ
1423 3707 1675 3782 παρόντος
1723 3717 1886 3764 ποιεῖν
1925 3714 2118 3767 ἐσπου-

536 3783 753 3841 δάσατε⁶
783 3789 886 3842 ἀλλ’
906 3791 949 3844 εί
973 3795 1055 3844 καὶ
1083 3798 1236 3850 τοῦτο
1257 3795 1455 3867 γέγονεν
1483 3797 1605 3869 παρ’
1621 3802 1786 3868 ὑμῶν,
1809 3797 1945 3870 ὅμως
1973 3805 2116 3872 ἡμεῖς

536 3877 596 3930 οὐ
639 3877 907 3948 παυόμεθα
935 3887 1038 3936 πᾶν
1067 3880 1095 3936 ὅ
1137 3905 1187 3938 τι
1221 3879 1309 3937 οὖν
1337 3886 1467 3957 πρὸς
1497 3881 1837 3962 ἐπανόρθωσιν
1865 3892 2114 3969 ὑμετέραν

534 3969 619 4022 καὶ
657 3975 920 4032 ποιοῦντες
971 3977 1056 4027 καί
1079 3976 1376 4048 γράφοντες.
1405 3977 1601 4037 Ἐπειδή
1639 3985 1808 4035 τοίνυν
1854 3985 2112 4055 ἐγράψατε

532 4055 776 4128 λέγοντες,
802 4058 886 4114 διά
913 4069 1064 4118 τοῦτο
1083 4066 1218 4134 ἡμᾶς
1265 4064 1494 4126 σπουδήν
1538 4073 1851 4131 ποιήσασθαι
1897 4076 1964 4130 τά
2001 4081 2115 4152 τρία

532 4153 702 4203 ταῦτα
755 4151 997 4223 κεφάλαια
1059 4155 1518 4224 καταδικασθῆναι,
1569 4166 1808 4220 τουτέστι
1855 4151 2112 4243 Θεόδωρον

532 4241 661 4311 μετά
688 4249 788 4298 τῶν
815 4245 1004 4300 οἰκείων
1031 4252 1463 4327 συγγραμμάτων,
1493 4256 1576 4308 καί
1597 4259 1688 4313 τὴν
1711 4256 1976 4328 λεγομένην
1996 4241 2113 4316 ’ίϐα

531 4328 830 4399 ἐπιστολὴν,
871 4339 954 4390 καί
997 4341 1063 4394 τά
1111 4339 1429 4417 Θεοδωρίτου
1480 4347 1891 4423 συγγράμματα,
1932 4351 2014 4405 ἶνα
2055 4351 2113 4406 τὸ

530 4423 721 4496 θέλημα
746 4424 983 4504 πληρωθῇ
1010 4436 1111 4485 τῶν
1156 4431 1258 4486 άπὸ
1287 4441 1379 4494 τῆς
1406 4432 1668 4496 καθολικῆς
1705 4436 1968 4500 ἐκκλησίας
1993 4439 2114 4495 ίαν·-

529 4515 651 4574 τούς
671 4519 1057 4594 -χωρισάντων,
1085 4523 1360 4592 γινώσκετε
1401 4520 1479 4580 ὅτι
1525 4527 1669 4596 ἡμεῖς
1707 4529 1765 4582 οὐ
1815 4527 1878 4584 δι’
1893 4530 2109 4590 ἐκείνους

529 4605 837 4678 ἐποιήσαμεν
881 4615 1053 4676 τοῦτο,
1079 4612 1203 4668 ἀλλὰ
1246 4622 1448 4689 πρῶτον
1487 4620 1578 4687 μὲν
1620 4617 1704 4673 διὰ
1731 4624 1820 4678 τήν
1865 4622 2108 4677 ἀσέϐειαν

527 4703 629 4751 τῶν
662 4701 1033 4770 προειρημένων
1068 4704 1370 4774 κεφαλαίων,
1409 4706 1592 4764 ἔπειτα
1636 4708 1691 4764 δέ
1713 4751 1728 4773 ,
1757 4709 1836 4767 ὅτι
1873 4717 2002 4773 τινές
2049 4716 2107 4770 τὸ

525 4791 800 4867 Νεστορίου
825 4786 982 4862 ὄνομα
1007 4801 1207 4865 σιωπᾷν
1233 4802 1670 4871 προσποιούμενοι
1696 4799 1781 4857 διά
1805 4811 1906 4858 τῶν
1933 4819 2108 4879 προει-

525 4880 778 4949 ρημένων,
821 4881 975 4936 αὐτὸν
1028 4884 1296 4960 Νεστόριον
1353 4890 1436 4941 καί
1475 4894 1566 4947 τήν
1615 4890 1904 4956 κακοδοξίαν
1952 4897 2106 4950 αὑτοῦ

524 4969 811 5041 εἰσαγαγεῖν
846 4973 1150 5049 ἐπεχείρουν
1177 4983 1266 5036 τήν
1293 4978 1531 5033 ἀσέϐειαν
1557 4989 1656 5036 τῶν
1680 4985 1954 5057 διεγαλαίων
1986 4991 2103 5043 τού·

521 5080 624 5113 των
647 5068 711 5133 τῇ
739 5063 968 5137 καθολικῇ
995 5066 1239 5142 ἐκκλησίᾳ
1266 5075 1675 5146 προσάπτοντες.

523 5253 634 5301 tate
684 5248 1128 5322 incenderemur,
1189 5266 1248 5312 ut
1300 5274 1332 5314 a
1388 5260 1658 5317 catholica
1713 5273 2094 5333 separarentur
2149 5262 2387 5320 Ecclesia
2451 5281 2466 5318 ;

1811 375 1815 378 ·
1900 350 2194 408 VlGlLlUS
2230 351 2428 410 PAPA.

2151 1846 2193 1903 Β

3661 366 3746 428 2Ἱῦ

2290 473 2338 518 et
2368 464 2638 536 epistolam
2684 463 2792 520 Iba:
2821 466 3032 531 dictam,
3068 481 3162 518 nec
3189 481 3289 520 non
3321 466 3595 527 T-Izeodoriti
3617 476 3746 536 libros

2291 545 2474 611 contra
2502 536 2812 590 catholicam
2839 537 3016 611 ﬁdem,
3045 537 3252 605 scriptis
3279 554 3634 611 prOpugnantes
3661 557 3700 611 ι,

2291 603 2523 660 Litteras
2548 615 2755 662 vestras
2782 603 3115 677 accepimus,
3148 603 3288 674 quas
3315 603 3747 684 cum'legeremus,

2215 693 2569 750 vehementer
2596 695 2776 750 mirati
2795 711 2998 761 sumus,
3023 709 3122 750 vos
3143 695 3360 750 minime
3386 697 3449 750 ad
3473 713 3584 754 eam
3607 703 3751 762 domi-

2217 787 2392 842 nicam
2417 787 2806 858 institutionem
2835 790 3178 844 advertentes
3195 788 3444 855 animum,
3461 807 3560 863 qua
3581 794 3750 854 dictum

2218 886 2302 934 est
2334 877 2572 943 :Discite
2612 897 2644 933 α
2693 887 2775 934 me
2811 879 2931 952 quia
2971 879 3112 934 mitis
3161 895 3272 942 sum
3300 884 3359 932 ἐι
3398 880 3588 950 humilis
3627 889 3753 942 corde
3829 913 3842 928 .

2221 955 2436 1042 (irata.
2472 960 2544 1036 xz,
2588 967 2702 1042 29),
2719 970 2788 1026 ‘in
2820 971 2870 1025 id
2895 960 3094 1043 fastigii
3119 984 3246 1025 .esse
3275 955 3525 1038 sublatos,
3553 983 3606 1028 ut
3631 977 3754 1034 nihili

2219 1061 2492 1117 faciendos
2531 1048 2819 1118 universos
2839 1058 3092 1127 Ecclesiae
3114 1060 3208 1131 Dei
3236 1064 3498 1120 antiStites
3519 1065 3752 1138 judicetis,

2217 1171 2316 1210 vos
2344 1163 2525 1210 autem
2573 1155 2748 1210 solum
2787 1141 2898 1226 prae
2943 1154 3152 1210 caeteris
3184 1152 3442 1222 justitiam
3479 1169 3756 1216 consecutos

2217 1262 2339 1304 esse
2361 1245 2693 1301 arbitremini
2713 1261 2726 1312 ;
2746 1243 2862 1314 ejus
2881 1231 3170 1314 propterea
3191 1241 3445 1303 Pharisaei
3467 1245 3666 1314 similes,
3687 1253 3755 1322 qui

2209 1339 2530 1412 justiﬁcatus
2576 1355 2679 1394 non
2725 1347 2819 1403 est,
2866 1337 3003 1407 quod
3047 1334 3377 1407 publicanum
3415 1337 3758 1395 condemnasset

2216 1424 2506 1500 iniquitatis
2537 1427 2686 1500 (Luc.
2715 1444 2862 1494 xvm,
2899 1426 3008 1494 ll).
3043 1429 3287 1496 Cumque
3313 1441 3408 1480 vos
3435 1426 3568 1481 haud
3593 1428 3651 1482 ab
3674 1440 3754 1482 "cxc-

2217 1519 2348 1575 teris
2371 1518 2744 1574 sacerdotibus
2769 1516 3049 1572 dissimilia
3077 1516 3358 1586 sapienter
3383 1516 3571 1572 sentire
3606 1533 3756 1587 spera-

2217 1625 2418 1676 remus,
2463 1609 2743 1679 inopinato
2786 1608 3108 1672 invenimus,
3138 1607 3392 1678 dogmata
3431 1622 3459 1660 a
3497 1607 3633 1662 vobis
3657 1624 3753 1663 cum

2222 1701 2335 1757 Deo
2364 1709 2620 1770 rectaque
2649 1682 2751 1758 (ide
2782 1699 2900 1769 ejus
2928 1698 3220 1769 pugnantia
3244 1684 3511 1766 sustineri,
3535 1699 3756 1768 simulque

2183 1827 2190 1864 ~_
2213 1787 2487 1864 ejusmodi
2532 1793 2867 1864 impietatem
2911 1791 3059 1846 omni
3106 1797 3309 1845 conatu
3353 1789 3689 1855 defendentes,
3715 1790 3755 1843 id

2223 1887 2377 1942 vobis
2423 1885 2673 1956 pmsidio
2721 1897 2953 1949 sumere,
3001 1881 3148 1952 quod
3195 1881 3454 1952 apostolis
3498 1896 3640 1951 pares
3679 1895 3758 1936 vos

2220 1991 2340 2032 esse
2361 1975 2594 2046 jactetis,
2625 1987 2801 2043 neque
2823 1972 2902 2028 las
2928 1987 3066 2036 esse,
3096 1980 3156 2025 ut
3184 1987 3214 2024 a
3245 1972 3493 2041 quopiam
3522 1971 3758 2042 imperitia:

2221 2076 2384 2135 atque
2441 2055 2688 2120 ruditatis
2753 2061 3260 2132 reprehendamini,
3318 2070 3591 2131 propterea
3640 2059 3759 2128 quod

2224 2157 2368 2211 Deus
2421 2154 2587 2210 etiam
2637 2153 2752 2223 ipse
2793 2151 3014 2206 rudibus
3055 2159 3218 2220 atque
3248 2151 3542 2220 agrestibus
3569 2145 3760 2204 homini-

2221 2247 2321 2302 bus
2365 2237 2698 2313 mandaverit
2747 2241 3020 2311 Evangelii
3076 2242 3158 2296 sui
3213 2241 3650 2312 praedicationem.
3700 2241 3762 2295 Ac

2220 2352 2322 2396 nos
2347 2335 2562 2405 quidem
2583 2371 2599 2402 ,
2623 2349 2746 2388 eum
2775 2341 3012 2402 agrestes
3033 2347 3130 2388 vos
3170 2332 3592 2399 nominaremus,
3619 2346 3674 2385 ea
3699 2331 3764 2385 usi

2221 2441 2404 2482 sumus
2432 2422 2686 2494 loquendi
2728 2423 2958 2487 ratione,
2989 2429 3281 2492 propterea
3309 2421 3450 2491 quod
3477 2419 3763 2476 ecclesiasti-

2221 2531 2314 2573 cas
2351 2514 2563 2584 regulas
2601 2520 2764 2582 atque
2794 2511 3110 2578 traditiones
3137 2498 3500 2580 negligentes,
3531 2510 3764 2579 ipsiusque

2221 2589 2538 2663 orthodoxae
2565 2603 2686 2658 lidei
2709 2601 2962 2672 imperiti,
2989 2616 3108 2656 eam
3136 2600 3469 2670 impietatem
3496 2610 3763 2678 pr0pugna-

2217 2692 2368 2755 retis.
2401 2695 2691 2768 Apostolos
2719 2708 2971 2765 namque,
3001 2708 3136 2762 quos
3169 2691 3326 2747 vobis
3357 2698 3584 2758 agrestes
3610 2687 3765 2758 appel-

2220 2791 2334 2846 lare
2362 2786 2643 2857 libuit,sibi
2674 2786 2948 2856 prmelegit
2974 2785 3146 2851 Deus,
3177 2783 3490 2855 Spirituque
3515 2797 3606 2836 suo
3633 2791 3764 2849 atque

2219 2880 2482 2952 sapientia
2511 2878 2758 2949 replevit,
2803 2892 2975 2948 eaque
3016 2877 3231 2931 ratione
3272 2883 3590 2945 praeparatos
3627 2871 3762 2933 misit,

2220 2981 2279 3029 ut
2307 2971 2554 3042 gentibus
2573 2984 2692 3040 quae
2713 2969 2965 3038 ignorant
2998 2967 3190 3034 Deum,
3219 2965 3387 3020 duces
3417 2971 3588 3018 essent
3612 2960 3673 3015 ad
3695 2976 3765 3014 se-

2221 3065 2405 3120 mitam
2434 3063 2692 3119 veritatis.
2724 3060 2911 3131 ltaque
2940 3058 3214 3130 Apostolis
3257 3057 3388 3128 ipsis
3420 3057 3570 3110 unice
3595 3054 3766 3108 dietum

2221 3165 2305 3212 est
2335 3174 2348 3210 :
2389 3155 2494 3211 Vos
2522 3157 2641 3210 estis
2669 3154 2760 3208 tua:
2791 3153 2972 3207 mundi
3004 3149 3219 3223 (Matth.
3256 3166 3306 3215 v,
3341 3148 3452 3218 li),
3484 3146 3633 3201 lucidi
3658 3159 3766 3213 ergo

2143 3211 2190 3273 Ο
2221 3252 2414 3311 estote,
2446 3243 2896 3315 quemadmodum
2936 3242 3065 3312 ipsis
3095 3241 3292 3295 iterum
3323 3230 3616 3308 subjectum
3647 3245 3718 3291 est
3742 3250 3766 3288 a

2220 3335 2449 3391 Domino
2482 3353 2494 3389 :
2529 3333 2709 3388 Nolite
2747 3335 2995 3405 cogitare,
3042 3348 3204 3402 neque
3240 3333 3365 3402 quid
3393 3331 3675 3402 loquamini,
3700 3344 3766 3380 ne-

2219 3432 2315 3499 que
2342 3443 2443 3499 qua
2471 3427 2618 3481 dere
2646 3426 2804 3480 laturi
2833 3424 2946 3480 sitis
2977 3424 3330 3478 testimonium
3363 3421 3572 3494 (Matth.
3601 3437 3648 3485 ε,
3682 3421 3766 3488 l9).

2218 3517 2347 3572 Ausi
2395 3517 2525 3572 estis
2572 3515 2928 3585 vosmetipsos
2978 3513 3238 3584 apostolis
3289 3526 3625 3583 comparare,
3669 3524 3767 3564 om-

2219 3601 2424 3676 nesque
2460 3609 2770 3662 sacerdotes
2808 3604 3001 3674 injuria
3033 3605 3305 3659 lacessere
3337 3621 3443 3659 non
3473 3603 3596 3658 estis
3618 3599 3765 3662 veriti,

2217 3705 2380 3767 atque
2410 3697 2544 3752 adeo
2568 3712 2598 3751 a
2628 3697 2779 3752 vobis
2807 3695 3063 3764 neglectae
3101 3704 3230 3750 sunt
3274 3681 3642 3751 ecclesiasticae
3665 3706 3766 3746 san-

2218 3793 2443 3859 ctiones,
2470 3800 2526 3847 ut
2548 3790 2604 3847 id
2627 3791 2804 3846 moliri
2826 3805 2925 3861 per
2952 3805 3222 3845 summam
3249 3789 3529 3843 audaciam
3558 3785 3766 3841 institue-

2216 3885 2363 3950 ritls,
2391 3881 2536 3953 quod
2564 3882 2709 3936 nulla
2740 3897 2974 3952 unquam
3003 3880 3324 3936 Christianas
3353 3879 3615 3948 religionis
3637 3883 3768 3929 aetate

2217 3976 2334 4031 lieri
2360 3990 2392 4030 a
2421 3975 2672 4045 quopiam
2718 3965 3124 4030 tentatum‘est.
3179 3972 3514 4029 Beatissimis
3557 3967 3768 4024 videlicet

2215 4064 2535 4136 patriarcbis
2556 4073 2792 4118 mutuam
2822 4063 3162 4117 traditionem
3187 4061 3338 4117 onmi
3363 4071 3598 4131 tempore
3623 4055 3767 4110 invio-

2215 4159 2380 4213 latam
2431 4156 2668 4211 vicissim
2717 4153 3164 4223 eustodientibus,
3222 4169 3386 4210 nemo
3417 4167 3656 4222 unquam,
3684 4146 3767 4201 nisi

2214 4249 2305 4318 qui
2335 4247 2510 4318 palam
2540 4246 2788 4301 basretica
2816 4245 3036 4301 vesania
3075 4253 3269 4315 captus
3315 4253 3482 4312 esset,
3511 4239 3767 4297 Ecclesiae:

2213 4335 2500 4392 schismate
2528 4333 2728 4396 divisit,
2761 4333 2905 4402 quod
2943 4347 3042 4388 vos
3086 4333 3572 4403 impraesentiarum
3615 4335 3668 4382 ut
3693 4323 3768 4377 ﬁe-

2213 4441 2297 4490 ret
2343 4432 2644 4488 curavistis.
2677 4430 2774 4487 Cui
2803 4432 3017 4502 quidem
3066 4432 3211 4488 malo
3259 4432 3411 4501 quod
3465 4438 3668 4500 patrare
3692 4438 3768 4492 ag-

2213 4532 2383 4601 gressi
2411 4531 2573 4599 estis,
2599 4538 2658 4584 ut
2680 4529 2780 4600 ipsi
2811 4529 3137 4597 medeamur,
3169 4530 3484 4585 vehementi
3515 4525 3768 4595 ﬂagramus

2132 4605 2182 4667 (Ῑ
2210 4624 2498 4690 desiderio,
2541 4623 2632 4693 qui
2679 4622 2934 4676 nimirum
2973 4637 3140 4692 opere
3179 4637 3244 4677 ac
3289 4622 3508 4690 scriptis
3543 4619 3592 4673 id
3629 4628 3766 4671 unum

2209 4715 2599 4780 contendimus,
2632 4721 2690 4768 ut
2721 4713 3068 4783 resipiscatis.
3099 4711 3216 4766 Jam
3247 4729 3402 4779 vero,
3435 4726 3554 4767 cmn
3576 4710 3624 4763 in
3651 4707 3767 4761 hanc

2209 4807 2533 4863 sententiam
2573 4806 2914 4875 scripseritis,
2961 4821 2991 4858 a
3031 4805 3186 4859 nobis
3231 4805 3520 4874 diligenter
3554 4806 3766 4857 curatum

2208 4914 2348 4965 esse,
2398 4907 2457 4953 ut
2497 4897 2597 4952 tria
2647 4897 2761 4952 haec
2802 4897 3052 4968 capitula,
3095 4896 3417 4953 Theodorus
3444 4896 3639 4951 scilicet
3663 4903 3766 4944 cum

2208 4990 2420 5059 scriptis
2449 4988 2578 5052 suis,
2611 4987 2837 5058 epistola
2876 5003 2997 5058 quae
3049 4988 3150 5042 Iba:
3193 4987 3419 5052 dicitur,
3458 4979 3768 5040 Theodoriti-

2207 5095 2314 5149 que
2350 5081 2552 5150 pariter
2588 5081 2788 5148 scripta
2817 5078 3331 5142 condemnarentur,
3376 5078 3483 5132 hoc
3509 5075 3694 5131 animo,
3719 5073 3767 5122 ut

2205 5171 2467 5226 voluntati
2493 5180 2690 5226 nostra:
2720 5171 2875 5225 lieret
2903 5171 3051 5237 satis,
3081 5169 3222 5238 quod
3251 5169 3560 5224 incredibili
3587 5160 3765 5233 cupidi-

2533 5262 2872 5332 eognoscite,
2938 5260 2994 5315 id
3055 5261 3277 5316 minime
3325 5276 3356 5314 a
3407 5259 3558 5313 nobis
3602 5267 3767 5309 eorum

521 5347 688 5392 causa
731 5335 929 5398 factum
973 5341 1166 5412 fuisse;
1209 5348 1304 5402 sed
1344 5349 1520 5418 primo
1561 5349 1779 5420 quidem
1824 5353 1968 5423 quod
2007 5355 2244 5423 graviter
2285 5353 2541 5409 commoti
2583 5367 2824 5408 essemus
2867 5366 3054 5407 eorum
3095 5351 3460 5420 capitulorum
3500 5347 3766 5418 impietate.

521 5437 646 5500 post
665 5438 869 5502 autem,
888 5437 1012 5506 quia
1039 5454 1147 5494 non
1175 5437 1486 5508 defuerunt,
1515 5443 1610 5511 qui
1647 5458 1935 5515 suppresso
1974 5445 2205 5501 Nestorii
2234 5446 2485 5512 nomine,
2533 5443 2767 5499 Nestorii
2811 5453 2989 5499 tamen
3031 5443 3312 5498 studentes
3341 5441 3608 5512 partibus,
3638 5447 3768 5490 erro-

519 5537 679 5580 neam
722 5523 842 5595 ejus
887 5527 1048 5584 ﬁdem
1087 5530 1346 5589 inducere
1401 5535 1719 5604 niterentur,
1762 5535 2126 5610 Ecclesiaeque
2153 5539 2391 5596 tribuere
2441 5554 2552 5594 non
2576 5545 2891 5595 vererentur
2938 5551 3125 5591 eorum
3164 5537 3410 5607 capitum
3439 5535 3765 5606 impietatem.

587 5692 615 5719 ε
645 5679 775 5762 Quae
798 5679 1012 5762 quidem
1039 5684 1285 5762 epistola,
1311 5705 1432 5762 cum
1454 5692 1702 5762 omnibus
1722 5691 1895 5748 adhuc
1919 5693 2100 5762 ignota

519 5751 755 5832 latuerit,
787 5751 1181 5832 plurimumque
1198 5759 1692 5832 reiecclesiasticte
1719 5751 2099 5832 promovveudae

519 5820 802 5902 conferant,’
819 5838 957 5902 nunc
983 5820 1384 5902 addita__Lat_in_a
1412 5833 1678 5902 versione,
1699 5820 1860 5902 quam
1883 5834 2098 5900 elegan-

522 5899 604 5950 ler
630 5892 860 5951 coniecit
895 5889 1118 5950 Clarias.
1157 5893 1516 5956 Dominicana:
1545 5889 1759 5959 familia:
1797 5889 2090 5964 Monachus

2201 5695 2287 5749 Jo.
2320 5695 2630 5751 Dominicus
2670 5693 2924 5758 Stratico,
2965 5692 3022 5763 in
3066 5691 3246 5763 lucem
3273 5691 3482 5763 prodit,
3512 5699 3770 5763 egi-ecca:

2201 5766 2353 5820 sione
2377 5766 2441 5820 V.
2472 5765 2553 5820 Cl.
2587 5766 2773 5832 Angeli
2800 5757 2932 5819 Mar.
2961 5762 3208 5832 Bandini,
3232 5757 3289 5818 1(
3308 5761 3371 5820 U.
3401 5757 3544 5818 Diet
3562 5757 3768 5815 Catsaret'

2200 5834 2448 5898 Medicam
2477 5836 2815 5894 bibliotheca
2844 5833 3099 5907 praefecti.
