4032 6190
272 409 382 466 277

1447 414 1815 473 JUSTlNlANl
1851 414 1991 469 1111’.
2032 412 2376 470 EPISTULA.

3440 412 3558 470 278'

345 531 438 584 Διά
461 536 613 607 τοῦτο
632 530 780 600 ἡμεῖς
800 571 810 589 .
843 530 887 584 εἰ
914 533 1001 585 καί
1028 532 1212 606 φανερά
1239 528 1296 591 ἦν
1322 533 1351 592 ri
1373 540 1471 588 τῶν
1512 535 1674 587 αὐτῶν
1717 554 1852 607 assa-

2042 531 2357 602 Quanquam
2389 531 2547 601 igitur
2578 532 2936 603 capitulorum
2968 530 3220 601 iniquitas
3265 530 3558 586 manifesto

266 623 422 674 λαίων
462 620 695 688 ἀσέϐεια,
728 619 867 694 ὅμως
907 625 1241 697 ἠρωτήσαμεν
1284 625 1405 685 τοὺς
1445 625 1594 701 ἱερεῖς
1639 634 1728 686 τῆς
1766 632 1857 681 τοῦ

268 716 404 766 Θεοῦ
433 712 715 773 ἐκκλησίας.
734 716 785 767 τί
806 716 925 789 περὶ
952 715 1145 769 τούτων
1172 721 1456 790 φρονοῦσιν·
1480 718 1527 771 οἷ
1551 738 1680 780 τινες
1703 717 1859 783 δεῖξαι

269 805 589 877 βουλόμενοι,
625 801 704 859 ὅτε
732 810 821 863 τήν
847 807 1086 865 τοιαύτην
1112 807 1345 879 ἀσέϐειαν
1366 811 1397 869 ἦ
1424 810 1651 871 καθολική
1692 812 1859 871 ἐκκλη-

270 904 365 954 σία
394 897 508 953 οῦδὲ
555 895 697 969 ἔσχε
743 900 888 964 ποτὲ,
921 897 1034 954 οὐδὲ
1074 897 1211 972 ἔχει,
1243 899 1582 958 κατεδίκασαν
1606 905 1691 958 καί
1715 905 1861 959 αὐτοὶ

266 994 360 1049 τήν
372 988 613 1047 τοιαύτην
626 987 947 1057 δυσσέϐειαν,
967 990 1194 1064 ἐξαρχῆς
1212 992 1315 1048 ὑπὸ
1334 1000 1432 1048 τῶν
1453 992 1607 1069 ἀγίων
1627 996 1860 1073 πατέρων

268 1076 790 1153 ιοαταδεδικασμένην·
823 1078 935 1136 οὐδέ
979 1083 1081 1156 γάρ
1108 1082 1152 1137 οἱ
1178 1090 1270 1145 τῆς
1304 1085 1565 1145 καθολικῆς
1593 1087 1859 1150 ἐκκλησίας

266 1170 645 1243 κεχωρισμένοι
693 1173 812 1249 περὶ
864 1173 1058 1227 τούτων
1099 1179 1198 1228 τῶν
1238 1174 1511 1247 κεφαλαίων
1557 1175 1701 1248 λόγον
1745 1179 1859 1234 τενά

268 1264 559 1328 ποιοῦνται,
593 1261 778 1323 εἰδότες
809 1260 889 1319 ὅτι
916 1268 1090 1320 ταῦτα
1119 1263 1277 1329 οὐδεὶς
1308 1264 1519 1323 δύναται
1545 1276 1855 1343 χριστιανοῦ

269 1358 621 1433 προσηγορίαν
664 1352 802 1426 ἔχων
835 1354 1071 1420 ἐκδικεῖν,
1102 1357 1224 1412 ἀλλά
1268 1366 1341 1433 τῷ
1379 1357 1480 1434 ὅρῳ
1522 1362 1859 1416 ἐναντιοῦνται

267 1456 362 1505 τῆς
399 1448 552 1519 ἁγίας
596 1450 646 1502 ἐν
680 1448 954 1520 Χαλκηδόνι
1000 1449 1241 1517 συνόδου,
1266 1460 1337 1524 τῷ
1376 1455 1492 1528 περὶ
1518 1461 1609 1513 τῆς
1636 1458 1858 1516 πίστεως

267 1541 635 1614 προενεχθέντι
656 1540 786 1615 πρὸς
814 1543 1111 1618 κατάκρισιν
1134 1548 1426 1621 Νεστορίου,
1451 1549 1537 1601 καί
1557 1549 1854 1619 Εὐτυχοῦς,

267 1635 354 1685 καί
384 1639 480 1691 τῆς
524 1633 691 1686 αὐτῶν
736 1633 1006 1695 ἀπιστίας.
1027 1635 1090 1688 Οί
1117 1637 1212 1715 γὰρ
1236 1646 1344 1697 τοῖς
1374 1636 1542 1712 ὀρθοῖς
1564 1644 1653 1698 τῆς
1683 1638 1855 1699 ἕκκληυ

218 1788 233 1797 κ
266 1726 391 1783 σίας
404 1724 588 1778 ἔναντι
603 1725 774 1793 ύμενοι
800 1722 1072 1796 δόγμασιν,
1099 1728 1423 1795 ἐπιθυμοῦσιν
1438 1731 1623 1786 μᾶλλον
1642 1734 1705 1787 τά
1725 1754 1854 1801 μνη-

265 1814 574 1882 μονευθέντα
590 1814 751 1873 ἀσεϐῆ
772 1816 1016 1887 κεφάλαια
1041 1817 1244 1873 ἐκδικεῖν
1266 1824 1354 1878 τήν
1370 1819 1516 1893 ἁγίαν
1526 1828 1615 1877 τοῦ
1632 1828 1756 1878 Θεοῦ
1775 1827 1853 1881 ἐκ·

1963 631 2206 694 pateret,
2238 632 2417 678 tamen
2447 623 2613 680 nihilo
2642 625 2816 681 secius
2844 621 3096 680 Ecclesia:
3137 622 3234 679 Dei
3283 624 3550 678 antistites

1963 716 2018 769 in
2047 730 2209 770 unum
2238 724 2595 785 congregatos
2624 715 3071 787 interrogavimus
3098 715 3224 786 quid
3252 714 3318 770 de
3344 715 3428 771 his
3453 715 3551 771 de-

1960 813 2247 859 cernerent
2268 819 2388 859 esse
2416 804 2790 872 sentiendum;
2814 805 2906 876 qui
2934 820 3055 861 cum
3077 805 3362 877 perspicuo
3390 806 3546 861 testi-

1959 892 2144 948 monio
2190 893 2479 948 ostendere
2527 893 2728 948 vellent
2776 893 3038 963 ejusmodi
3085 883 3317 959 errores,
3369 911 3559 965 neque

1959 982 2216 1041 Ecclesire
2261 985 2515 1057 probari,
2546 1000 2723 1055 neque
2750 985 2861 1041 ullo
2882 1000 3117 1056 unquam
3146 993 3391 1056 tempore
3417 1000 3546 1057 pro-

1958 1072 2116 1130 batos
2144 1088 2295 1142 esse;
2325 1088 2445 1130 eam
2474 1074 2806 1144 impietatem
2837 1075 2990 1132 initio
3019 1091 3050 1130 a
3071 1077 3272 1133 sanctis
3295 1074 3543 1131 Patrihus
3615 1114 3623 1127 .

1956 1166 2377 1235 praedamnatam
2400 1181 2498 1222 suo
2521 1181 2709 1221 omnes
2731 1166 2982 1237 sulfragio
3002 1182 3186 1222 rursus
3212 1167 3535 1237 proscripse

1958 1266 2103 1312 runt.
2137 1256 2239 1325 Qui
2270 1275 2431 1329 porro
2459 1258 2529 1314 ob
2559 1259 2719 1314 trium
2748 1259 3106 1330 capitulorum
3148 1259 3536 1326 defensionem,

1957 1348 2025 1404 ab
2072 1348 2309 1407 Ecclesia
2358 1350 2513 1405 divisi
2562 1358 2719 1415 sunt,
2769 1350 2807 1405 ii
2854 1358 3033 1406 tacent
3084 1350 3347 1406 omnino:
3381 1350 3541 1421 plane

1958 1451 2194 1507 namque
2241 1439 2567 1509 intelligunt,
2609 1439 2829 1495 minime
2867 1454 3029 1510 posse
3076 1440 3189 1495 inec
3235 1441 3302 1496 ab
3340 1455 3408 1497 eo
3445 1440 3538 1510 qui

1955 1528 2290 1587 Christianus
2349 1531 2658 1586 nominetur
2717 1529 2962 1597 defendi;
3028 1539 3285 1585 caeterum
3347 1538 3543 1602 aperte

1954 1641 2154 1688 sanctae
2173 1630 2597 1687 Chalcedonensi
2630 1629 2835 1701 synodo
2857 1630 3224 1696 adversantur,
3248 1643 3367 1699 qua:
3389 1627 3535 1684 Fidei

1954 1722 2257 1779 doctrinam
2286 1721 2529 1777 deﬁnivit
2557 1721 2611 1776 in
2637 1720 2890 1789 Nestorii,
2922 1719 3236 1792 Eutychetis
3262 1732 3536 1775 errorum-

1956 1829 2063 1884 que
2090 1815 2157 1869 ab
2186 1815 2315 1886 ipsis
2345 1814 2682 1870 invectarum
2719 1812 3244 1869 condemnationem.
3277 1810 3379 1878 Qui
3404 1825 3538 1865 vero

266 1904 482 1963 κλησίαν
492 1948 508 1970 ,
520 1906 603 1959 ἵνα
623 1903 705 1960 διά
726 1908 915 1968 ταύτης
928 1917 1018 1969 τῆς
1030 1910 1331 1983 προφάσεως
1343 1914 1458 1973 τοὺς
1471 1912 1852 1986 ἁπλουστέρους

1959 1906 2121 1961 rectis
2151 1904 2405 1962 Ecclesiae
2433 1903 2774 1974 dogmatibus
2802 1902 3179 1971 adversantur,
3221 1901 3367 1957 omni
3402 1915 3535 1956 con-

264 1995 602 2060 ἀπατήσοῖσι,
615 2000 697 2051 καί
710 1998 795 2052 τὸν
807 2001 1106 2074 Χριστιανὸν
1118 2001 1232 2056 λαὸν
1244 2009 1333 2062 τῆς
1346 2003 1612 2067 ἐκκλησίας
1625 2011 1860 2084 χωρίσω-

266 2110 375 2142 σιν.
403 2085 611 2147 Ἐπειδή
632 2087 686 2143 δὲ
712 2088 965 2164 ίγράψατε
990 2088 1101 2156 δύο,
1127 2095 1170 2146 εί
1194 2090 1254 2152 δὴ
1277 2089 1367 2164 [Ρ.
1387 2095 1431 2149 εί
1445 2092 1523 2150 δεῖ
1540 2097 1642 2149 sive
1657 2100 1701 2152 εἰ
1722 2096 1859 2174 χρὴ]

262 2187 359 2241 τὸν
381 2182 553 2240 ἀσεϐῆ
569 2184 753 2240 ἱκείνην
767 2186 1031 2258 περιέχειν
1045 2186 1334 2245 ἐπιστολήν·
1355 2184 1404 2241 ἓν
1426 2189 1534 2258 μὲν,
1565 2186 1646 2245 ὅτι
1670 2191 1852 2266 ὀρθῶς,

261 2275 336 2334 si;
367 2274 591 2345 λέγεται,
621 2272 1105 2351 κατάᾌπολιναρίου
1133 2279 1441 2350 ἠγωνίσατο⁶
1472 2280 1640 2356 ἕτερον
1667 2280 1743 2346 δὲ,
1773 2281 1853 2340 ὅτι

261 2359 365 2416 κάν
416 2361 588 2427 ἔδοξεν
632 2362 658 2417 ὃ
706 2364 910 2439 γράψας
936 2370 1026 2425 τήν
1067 2367 1332 2427 ἐπιστολήν
1370 2369 1460 2424 τὸν
1486 2370 1538 2423 εν
1571 2368 1732 2443 ἁγίοις
1757 2375 1852 2425 κύ-

260 2457 439 2531 pm»
462 2454 750 2533 διασύρειν,
778 2456 918 2528 ὅμως
945 2465 1124 2514 τοῦτον
1152 2461 1235 2514 τὸν
1261 2461 1440 2515 σπῖλον
1468 2469 1558 2522 τῆς
1586 2461 1782 2538 ὕϐρεως
1804 2465 1855 2518 ἄν

261 2553 344 2620 τῷ
376 2555 467 2607 τῆς
498 2549 771 2608 ἐπιστολῆς
797 2548 1035 2624 ἀνέτρεφε
1062 2550 1211 2617 τέλει,
1244 2553 1328 2606 καί
1354 2549 1440 2607 διά
1460 2558 1612 2607 τοῦτο
1636 2554 1853 2626 λέγεται,

261 2639 483 2706 ίφείλειν
509 2644 600 2697 τήν
628 2640 788 2699 αὐτὴν
815 2641 977 2700 ἀσεϐῆ
1007 2641 1274 2701 ἐπιστολήν
1299 2641 1553 2717 ὁρθὸδοξον
1581 2649 1869 2721 κρίνεσθαι)

258 2729 413 2789 δῆλοι
458 2732 825 2805 καθεστήκατε,
853 2730 932 2788 ὅτι
958 2731 1073 2797 οῦτε
1112 2734 1170 2788 τὸ
1196 2734 1339 2807 ὕφος,
1371 2732 1486 2792 οῦτε
1528 2741 1617 2797 τήν
1646 2736 1856 2810 δύναμιν

257 2820 464 2895 ἔγνωτε
494 2831 587 2884 τῆς
626 2827 781 2886 αὐτῆς
813 2826 1033 2887 ἀσεῗοῦς
1080 2827 1377 2893 ἐπιστολῆς,
1426 2832 1554 2887 κατά
1593 2828 1852 2889 ’Δπολινα-

256 2920 389 2987 ρίου
411 2917 515 2990 γάρ
534 2913 675 2971 οὐδέν
694 2919 950 2989 περιέχει,
965 2918 1070 2972 ἀλλ’
1090 2920 1241 2974 αὐτὸν
1261 2923 1347 2976 τὸν
1368 2923 1418 2976 ἐν
1441 2923 1603 2995 ἁγίοις
1618 2910 1854 3001 κύρειλλον

256 3004 729 3081 ’Δποῖίιναρεαστὴν
756 3009 912 3064 καλεῖ·
941 3013 1023 3064 καί
1048 3008 1157 3066 οὐδὲ
1186 3013 1236 3065 ἐν
1258 3018 1332 3086 τῷ
1356 3013 1487 3068 τέλει
1514 3016 1546 3074 ἠ
1571 3017 1695 3086 αὐτή
1724 3017 1856 3071 ἀσε-

261 3098 369 3156 ϐής
407 3099 651 3157 ἄπιστολή
700 3100 937 3174 ἀνέτρεψε
986 3103 1053 3157 τά
1098 3104 1225 3159 κατά
1265 3109 1355 3161 τοῦ
1394 3107 1552 3161 αὐτοῦ
1600 3082 1679 3160 ἓν.
1695 3107 1853 3178 ἁγίοις

260 3188 517 3262 εἰρημένα
538 3189 792 3263 ιυρίλλου,
811 3191 997 3262 μᾶλλον
1021 3193 1108 3261 μὲν
1136 3186 1224 3246 οῦν
1244 3194 1309 3248 τά
1331 3197 1539 3268 χείρονα
1566 3195 1681 3253 κατ’
1696 3199 1850 3253 αὐτοῦ

1956 1997 2196 2052 tentione
2225 1997 2486 2063 nituntur,
2516 2004 2575 2051 ut
2619 1993 2839 2067 prrefata
2871 1995 2971 2050 tria
3000 1994 3180 2063 iniqua
3209 1992 3405 2063 capita,
3433 2007 3538 2048 ceu

1954 2085 2022 2141 ab
2051 2084 2290 2141 Ecclesia
2320 2086 2414 2140 Dei
2443 2085 2676 2141 admissa
2705 2084 2955 2140 sustineri
2992 2083 3318 2153 judicentnr,
3350 2087 3407 2135 ut
3436 2081 3538 2136 hac

1955 2175 2205 2231 videlicet
2229 2175 2440 2231 ratione
2488 2174 2845 2246 simpliciores
2871 2173 3168 2245 decipiant,
3199 2171 3548 2242 pepulusque

1953 2262 2292 2321 Christianus
2319 2264 2610 2320 schismate
2636 2262 2921 2319 dividatur.
2950 2258 3135 2332 Itaque
3154 2275 3277 2316 cum
3302 2260 3411 2316 duo
3435 2275 3533 2332 po-
3572 2326 3578 2335 ι

1956 2356 2219 2411 rissimum
2248 2354 2313 2424 (si
2343 2354 2523 2411 omnia
2552 2369 2672 2425 qua:
2696 2354 2873 2425 impiis
2901 2353 3004 2409 illis
3032 2353 3225 2408 litteris
3253 2352 3534 2408 continen—

1955 2455 2043 2501 tur
2095 2433 2484 2500 contrahantur
2533 2444 2588 2500 in
2635 2443 2827 2516 pauca)
2877 2441 3201 2514 scripseritis
3246 2458 3262 2495 :
3306 2441 3534 2496 alterum

1955 2549 2171 2605 nempe,
2198 2542 2345 2590 recte
2371 2534 2504 2590 inibi
2540 2542 2729 2590 contra
2766 2533 3154 2604 Apollinarium
3203 2530 3533 2602 disputatum

1955 2640 2104 2692 esse;
2137 2625 2365 2681 alterum
2386 2640 2537 2690 vero,
2563 2623 2805 2694 epistola:
2832 2624 3169 2694 scriptorem,
3196 2631 3251 2678 et
3280 2623 3325 2679 si
3353 2622 3533 2677 videa-

1955 2723 2043 2773 tur
2072 2715 2131 2771 S.
2162 2715 2417 2788 Cyrillum
2448 2714 2711 2787 principio
2739 2714 2933 2785 injuria
2959 2715 3243 2782 lacessere,
3274 2715 3416 2769 hanc
3452 2724 3533 2767 ta-

1954 2822 2078 2862 men
2102 2807 2352 2879 irrogatre
2377 2809 2445 2863 ab
2471 2822 2532 2863 se
2561 2809 2767 2880 injuriae
2799 2808 2972 2862 labem
3001 2807 3143 2862 circa
3175 2807 3335 2862 linem
3360 2805 3530 2876 depu-

1954 2898 2121 2967 lisse;
2151 2908 2482 2986 quapropter
2506 2913 2683 2970 operte
2720 2899 2950 2970 pretium
2997 2912 3137 2966 esse,
3180 2908 3238 2953 ut
3280 2899 3441 2969 impia
3466 2913 3530 2954 ea

1954 2993 2181 3063 epistola
2226 2993 2491 3049 catholica
2534 3007 2651 3049 esse
2691 2991 2959 3063 judicetur
2992 3009 3005 3045 :
3039 2991 3142 3047 huc.
3178 2990 3405 3061 primum
3434 3007 3533 3062 pro

1954 3094 2103 3142 certo
2128 3086 2400 3150 habetote,
2431 3101 2528 3141 vos
2557 3100 2730 3155 neque
2752 3085 3037 3142 verborum
3067 3092 3407 3148 contextum,
3438 3099 3530 3136 ne-

1954 3192 2060 3247 que
2087 3178 2472 3232 sententiarum
2512 3177 2620 3232 vim
2663 3175 2805 3232 illius
2844 3176 3019 3246 impia:
3060 3174 3303 3245 epistola:
3344 3190 3531 3247 perce-

262 3278 325 3329 ἐν
353 3286 462 3339 τοῖς
493 3278 796 3340 τελευταίοις
832 3277 968 3335 εἶπεν
988 3295 1002 3309 ⁸
1035 3282 1293 3355 προϊόντες
1322 3282 1375 3340 δέ
1405 3282 1539 3356 ὅμως
1567 3292 1653 3343 καί
1679 3294 1852 3345 πᾶσαν

1953 3259 2118 3337 pisse.
2167 3267 2285 3323 Non
2332 3267 2474 3322 enim
2521 3267 2776 3323 adversus
2828 3266 3189 3338 Apollinarem
3238 3267 3533 3331 concludit,

258 3375 365 3428 τήν
388 3370 630 3425 ἀσέϐειαν
653 3379 742 3432 τῆς
770 3371 1033 3443 λεγομένης
1070 3372 1193 3433 ’ἸϐαΔ
1218 3377 1503 3445 ἐπιστολῆς,
1533 3384 1617 3435 καί
1640 3386 1730 3440 τήν
1752 3404 1853 3453 μα-

262 3462 522 3519 mam“
546 3467 645 3515 τῶν
680 3463 976 3536 κεφαλαίων,
1006 3464 1169 3544 ὦνπερ
1196 3469 1477 3541 ἐπέμψατε,
1506 3472 1851 3546 ἀποδείξομεν.

265 3556 478 3605 ιιάντων
492 3554 592 3627 γάρ
612 3554 1024 3626 ἀναγνωσθέντων
1048 3561 1145 3612 τῶν
1172 3557 1296 3634 παρ’
1313 3560 1454 3633 ὑμῶν
1476 3566 1854 3641 γεγραμμένων,

266 3643 473 3720 σῖὸδρα
494 3645 804 3718 ἐλυπήθημεν
821 3689 836 3713 ,
865 3645 944 3704 ὅτι
971 3651 1042 3709 εἰς
1079 3653 1320 3711 τοιαύτην
1346 3654 1615 3710 ἐνεπὲσατε
1643 3656 1850 3729 πλάνην,

266 3733 523 3812 ἅνθρωποι
567 3739 619 3802 ἐξ
661 3741 844 3800 ἐκείνης
884 3736 1020 3802 ὄντες
1064 3751 1156 3803 τῆς
1200 3747 1420 3817 χώρας,
1467 3745 1597 3805 ὅπου
1640 3749 1718 3804 ἀεὶ
1755 3752 1856 3824 πρό

270 3827 419 3897 ὑμῶν
441 3829 470 3886 ἡ
492 3829 611 3904 ὀρθή
630 3831 802 3891 πίστις
822 3831 1090 3903 ἀμώμητος
1120 3832 1402 3907 ἐφυλάχθη.
1416 3832 1561 3892 Ὀθεν
1589 3840 1855 3912 ἀναγκαῖον

270 3919 575 3988 ἐνομίσαμεν
622 3914 745 3974 εἶναι
784 3922 870 3974 καί
913 3922 1042 3996 πρὸς
1079 3923 1144 3977 τά
1182 3924 1389 4000 ῥηθέντα
1433 3924 1573 3997 ὑμῶν
1614 3930 1853 4001 κεφάλαια

270 4007 610 4083 ἀντιγράψαι,
639 4011 724 4063 καί
749 4009 1055 4084 παραινέσαι
1092 4012 1209 4082 ὑμῖν
1248 4012 1442 4077 ταύτης
1474 4025 1565 4078 τῆς
1592 4019 1849 4088 ἀσεϐείας,

271 4101 363 4150 καί
398 4105 488 4151 τοῦ
532 4099 751 4159 ἀσεϐοῦς
781 4102 920 4170 ὑμῶν
961 4099 1266 4159 διδασκάλου
1312 4107 1619 4171 ἀποστῆναι,
1649 4116 1741 4166 τοῦ
1784 4116 1853 4168 τά

266 4188 613 4261 προειρημένα
652 4191 891 4259 κεφάλαια
941 4192 1388 4266 συγγραψαμένου.
1438 4204 1715 4258 ’Δπατῆσαι
1749 4203 1849 4276 γάρ

267 4279 445 4372 θᾶων
467 4284 604 4350 ὑμᾶς
642 4281 844 4357 ῥήματά
872 4304 984 4337 τινα
1023 4289 1309 4361 προήγαγεν
1338 4290 1393 4343 εκ
1419 4296 1519 4346 τῶν
1546 4293 1687 4348 θείων
1713 4317 1852 4372 γρα-

266 4377 394 4440 φῶν,
423 4371 455 4420 ἆ
481 4391 590 4425 τινα
613 4375 796 4432 νοήσας
816 4379 982 4433 κακῶς
1016 4378 1380 4452 προσαρμόσαι
1411 4380 1603 4454 ῥήμασί
1622 4406 1731 4441 τισι
1757 4394 1849 4448 τῆς

266 4461 636 4534 «pupugit/nt;
676 4463 896 4523 ἀσεϐοῦς
938 4465 1208 4526 ἐπιστολῆς
1254 4469 1607 4548 ἐπεχείρησεν·
1641 4472 1770 4551 ὅπερ
1804 4479 1851 4531 ci

262 4552 511 4625 a’pettzoi
533 4554 716 4614 πάντες
737 4561 968 4620 ποιοῦσι,
990 4557 1199 4630 ῥήματά
1226 4581 1339 4615 τινα
1358 4569 1459 4616 τῶν
1485 4564 1626 4618 θείων
1648 4575 1866 4641 γραγῶν

1958 3360 2054 3414 sed
2080 3366 2322 3415 sanetum
2362 3357 2615 3432 Cyrillum
2643 3360 2817 3430 ipsum
2862 3359 3250 3431 Apollinaristis
3277 3376 3529 3414 annume-

1955 3457 2060 3515 rat,
2091 3458 2253 3519 atque
2284 3457 2486 3504 tantum
2541 3450 2696 3504 abest
2743 3457 2802 3504 ut
2829 3449 2973 3506 circa
3003 3450 3119 3518 ejus
3165 3450 3326 3504 tinem
3376 3450 3530 3520 quid-

1955 3540 2098 3611 piam
2136 3555 2202 3595 ex
2250 3541 2315 3597 iis
2359 3555 2478 3611 quae
2525 3540 2783 3597 adversus
2829 3549 3072 3597 sanctum
3101 3542 3357 3613 Cyrillum
3407 3558 3529 3613 pro-

1955 3633 2200 3686 nuntiata
2247 3640 2391 3695 sunt,
2444 3630 2790 3687 revocatione
2831 3633 3150 3701 eastigetur,
3184 3641 3243 3687 ut
3269 3632 3412 3686 circa
3444 3649 3530 3688 ex-

1957 3731 2184 3776 tremum
2211 3720 2391 3793 potius
2411 3722 2526 3793 ejus
2546 3722 2778 3793 scriptor
2806 3723 2860 3778 in
2887 3722 3144 3793 Cyrillum
3175 3723 3412 3779 deterius
3439 3724 3530 3779 de-

1953 3813 2244 3870 bacchatus
2270 3828 2389 3870 esse
2408 3813 2673 3869 videatur.
2698 3812 3058 3881 Quamobrem
3089 3812 3140 3867 id
3170 3812 3346 3883 ipsum
3385 3817 3531 3884 prin-

1954 3904 2119 3974 cipio,
2142 3905 2407 3976 simulque
2436 3906 2736 3962 universam
2768 3904 2929 3975 hujus
2954 3920 3074 3976 qua:
3111 3904 3213 3961 lbuc
3257 3921 3531 3975 nuncupa-

1955 4005 2042 4050 tur
2092 3995 2333 4065 epistolae
2387 3996 2749 4067 impietatem,
2807 4010 3103 4066 eorumque
3155 4010 3276 4065 qua:
3322 3995 3389 4050 ad
3434 4011 3530 4051 nos

1952 4086 2174 4142 misistis
2200 4088 2437 4158 capitum
2486 4088 2751 4144 insaniam
2795 4090 3123 4159 argumentis
3165 4088 3527 4145 ostendemus.

1951 4176 2086 4232 Cum
2132 4178 2277 4233 enim
2324 4193 2388 4234 ea
2436 4179 2617 4235 omnia
2662 4194 2783 4250 quae
2826 4180 3144 4251 scripsistis,
3193 4181 3529 4250 legissemus,

1950 4279 2264 4349 gravissimo
2293 4277 2467 4335 allecti
2487 4295 2672 4335 sumus
2690 4279 2899 4347 dolore,
2929 4294 3027 4334 vos
3054 4278 3171 4349 ejus
3198 4279 3342 4334 urbis
3365 4278 3528 4344 cives,

1952 4369 2006 4424 in
2035 4384 2140 4440 qua
2168 4382 2382 4438 semper
2407 4369 2475 4423 ad
2499 4369 2615 4424 haec
2646 4383 2813 4439 usque
2841 4378 3084 4440 tempora
3126 4372 3281 4424 unice
3317 4379 3529 4424 servata

1952 4457 2051 4512 fuit
2088 4466 2237 4513 recta
2280 4457 2430 4525 ﬁdes,
2462 4458 2516 4512 in
2548 4465 2753 4513 tantum
2788 4473 3028 4515 errorem
3067 4474 3187 4514 esse
3229 4460 3526 4530 prolapsos.

1952 4545 2294 4618 Quapropter
2322 4547 2687 4603 necessarium
2725 4562 2847 4604 esse
2873 4548 3300 4605 existimavimus
3341 4549 3526 4605 adver-

264 4645 753 4716 παρερμηνεῦοντες,
784 4649 870 4700 καί
916 4650 1046 4725 πρ·’ς
1086 4653 1177 4707 τήν
1215 4646 1615 4727 διεστραμμένην
1660 4638 1849 4714 ἑαυτῶν

1953 4654 2043 4694 sus
2067 4639 2321 4710 praedicta
2348 4639 2582 4711 capitula
2619 4638 2688 4695 ad
2720 4655 2813 4696 vos
2839 4640 3094 4707 scribere,
3135 4651 3297 4712 atque
3326 4643 3393 4698 de
3431 4657 3526 4698 eo-

264 4732 634 4805 μεταφέροντες
662 4731 877 4787 ἔννοιαν*
906 4739 987 4788 καί
1017 4735 1155 4792 δοκεῖ
1178 4740 1295 4812 ἡμῖν
1320 4738 1346 4794 ὃ
1377 4743 1568 4804 ἀσεϐής
1601 4746 1742 4817 ὑμῶν
1769 4747 1846 4805 δι-

262 4818 552 4883 δάσκαλος,
580 4820 611 4880 ἦ
654 4827 723 4889 μή
762 4825 1091 4894 ἀνεγνωκέναι
1116 4833 1208 4886 τήν
1236 4831 1491 4902 ἀνώνυμον
1523 4835 1709 4894 ἐκείνην
1739 4839 1847 4895 ἔπι·

259 4910 470 4976 στολήν,
495 4909 526 4969 ἦ
565 4913 884 4985 ἀνεγνωκέναι
919 4917 1009 4987 μὲν
1048 4920 1343 4992 κακούργως
1387 4926 1471 4977 καί
1510 4923 1712 5002 ῥήματά
1737 4951 1849 4985 τινα

257 5003 461 5061 ταύτης
483 5013 814 5078 προαγαγεῖν,
838 5008 903 5061 τά
926 5007 1128 5065 πλείονα
1147 5006 1199 5064 δὲ
1221 5014 1305 5065 καί
1327 5015 1540 5088 χείρονα
1563 5026 1844 5078 σιωπῆσαι.

261 5092 529 5182 Λεγούσης
555 5095 653 5168 γάρ
676 5102 768 5154 τῆς
800 5096 975 5157 αὐτῆς
989 5098 1262 5160 ἐπιστολῆς
1304 5104 1423 5175 περὶ
1463 5110 1553 5158 τοῦ
1587 5113 1845 5182 μακαρίου

260 5181 529 5257 ιυρίλλου,
558 5188 635 5237 καί
661 5190 755 5239 τοῦ
783 5186 999 5247 ἀσεϐοῦς
1034 5191 1329 5267 Νεστορίου,
1377 5191 1457 5248 ὅτι
1485 5194 1710 5274 ἑκάτεροι
1732 5181 1846 5255 κατ’

517 5272 797 5350 βλαϐεροὺς
830 5276 1007 5348 λόγους
1047 5276 1302 5357 ἔγραψαν,
1326 5285 1409 5336 καὶ
1455 5280 1533 5339 ὅτι
1570 5272 1843 5364 Νεήστόριος

254 5365 355 5433 μέν
386 5361 578 5434 ἔλεγεν,
606 5369 697 5424 τήν
725 5370 979 5443 μακαρίαν
1015 5373 1207 5445 Μαρίαν
1233 5377 1304 5442 μή
1332 5369 1457 5429 εἶναι
1486 5361 1747 5445 Θεοτόκον,
1774 5385 1842 5443 ὡς

254 5458 707 5546 νορωθῆναεῄτοῖς
740 5460 937 5521 πολλοῖς
964 5465 1019 5515 ὲκ
1043 5470 1135 5524 τῆς
1162 5465 1357 5520 Παύλου
1386 5475 1477 5522 τοῦ
1512 5476 1841 5546 Σαμοσατέως

254 5547 513 5638 αἱρέσεως
541 5542 686 5604 εἶναι·
715 5550 961 5624 nepam
989 5550 1042 5607 δέ
1070 5554 1371 5626 βουλόμενος
1408 5559 1530 5620 τοὺς
1568 5542 1837 5638 ἀεστορίου

254 5636 546 5712 ἄνειτρίψαι
584 5640 783 5712 λόγους,
816 5642 1019 5698 ὤλισθεν
1046 5649 1131 5700 καὶ
1158 5648 1388 5703 ἐνέπεσεν
1409 5648 1480 5712 είς
1504 5654 1563 5708 τὸ
1590 5636 1840 5713 ’Δπολινα-

254 5730 380 5804 ρίου
413 5725 606 5802 δόγμα’
633 5733 838 5809 φανερόν
878 5733 1017 5790 ἔστιν
1060 5734 1143 5791 ὅτι
1176 5736 1203 5792 ὁ
1229 5740 1438 5814 γράψας
1459 5748 1549 5801 τὴν
1578 5744 1841 5805 ἐπιστολήν

255 5827 329 5891 τῇ
358 5823 629 5895 Nee-topici:
648 5828 803 5898 μανία
829 5828 1188 5901 κεκρατημένος
1215 5826 1487 5887 δείκνυται·
1513 5831 1567 5896 ὃς
1587 5839 1732 5891 αὐτὸν
1751 5841 1842 5910 μέν

257 5914 541 5991 metopae
560 5914 864 5989 ἀρνούμενον
893 5920 1129 5977 Θεοτόκον
1154 5918 1280 5982 εἶναι
1306 5928 1395 5984 τήν
1427 5924 1577 5998 ἁγίαν
1604 5932 1844 6006 παρθένον

1954 4745 2073 4785 rum
2120 4730 2396 4801 impietate
2439 4743 2538 4785 vos
2584 4729 2731 4801 ipsos
2775 4732 3087 4800 admonere,
3125 4739 3187 4787 ut
3227 4733 3296 4789 ah
3344 4733 3528 4803 iniquo

1954 4828 2284 4890 praeceptore
2309 4828 2514 4890 vestro,
2541 4820 2633 4890 qui
2661 4835 2725 4877 ea
2753 4823 3111 4879 monumentis
3137 4824 3410 4878 mandavit
3437 4824 3525 4877 lit-

1953 4921 2208 4979 terarum,
2248 4911 2532 4968 recedatis.
2562 4908 2771 4968 Etenim
2792 4928 2918 4969 cum
2947 4913 2994 4970 is
3020 4913 3122 4969 sibi
3161 4915 3526 4985 proposuisset

1950 5012 2004 5066 in
2042 5011 2222 5067 animo
2265 5026 2366 5068 vos
2410 5011 2469 5067 in
2514 5010 2887 5083 deceptionem
2924 5013 3194 5079 inducere,
3242 5014 3525 5071 nonnullas

1950 5116 2018 5156 ex
2045 5101 2239 5157 divinis
2266 5101 2459 5159 litteris
2497 5102 2794 5158 sententias
2838 5102 3035 5171 hausit,
3081 5101 3276 5173 quibus
3303 5104 3355 5157 in
3395 5119 3523 5174 pra-

1949 5207 2070 5245 vam
2112 5189 2559 5265 signiﬂcationem
2606 5192 2891 5262 contortis,
2920 5194 3096 5264 impia:
3120 5192 3262 5250 illius
3287 5194 3526 5265 epistolae

1947 5282 2229 5354 opiniones
2245 5282 2531 5338 nonnullas
2549 5282 2870 5339 conﬁrmare
2897 5297 3176 5354 aggressus
3201 5293 3301 5351 est,
3332 5302 3524 5355 quern-

1947 5380 2231 5437 admodum
2269 5381 2538 5435 haereticis
2564 5378 2664 5436 fuit
2704 5395 2919 5452 semper
2967 5382 3019 5436 in
3069 5396 3223 5439 more
3267 5385 3523 5455 positum,

1946 5472 2188 5544 qu:edam
2213 5471 2512 5527 divinarum
2531 5472 2829 5528 litterarum
2859 5474 3162 5529 testimonia
3192 5488 3521 5546 pervertere,

1944 5574 2107 5635 atque
2146 5565 2203 5620 in
2251 5565 2583 5620 contrariam
2606 5564 3009 5634 intelligentiam
3042 5567 3382 5638 detorquere.
3414 5570 3522 5626 lta-

1943 5676 2049 5733 que
2076 5661 2161 5717 vel
2192 5668 2577 5730 praeceptorem
2621 5667 2855 5715 vestrum
2926 5662 3147 5719 nnnime
3192 5674 3517 5737 anonymam

1944 5766 2063 5806 eam
2114 5748 2398 5820 epistolam
2451 5748 2743 5819 perlegisse
2795 5750 3192 5819 existhnamus,
3240 5753 3328 5808 vel
3379 5758 3522 5810 mala

1946 5840 2232 5895 admodum
2262 5838 2394 5905 lide,
2420 5839 2675 5895 nonnulla
2705 5839 2897 5911 legisse
2920 5843 3133 5913 quidem
3161 5844 3364 5913 ipsum,
3391 5846 3517 5902 rell-

1945 5947 2049 6002 qua
2073 5945 2222 6001 vero,
2251 5947 2371 6002 qua:
2396 5930 2567 5989 multo
2592 5931 2862 5990 deteriora
2895 5945 3104 6004 essent,
3137 5935 3350 5993 silentio
3377 5954 3504 6008 μειερ
3522 5972 3545 6008 .
3618 5972 3693 6031 τί
