4032 6190
486 333 588 392 270

1858 321 2152 380 VlGiLlUS
2191 321 2388 376 PAPA.

3661 332 3781 389 230

487 451 705 524 Μαρίαν,
739 445 901 522 μεχρι
929 445 1083 515 μόνης
1125 451 1216 503 τῆς
1247 463 1394 496 τινων
1417 439 1648 507 ὑποψίας
1679 443 1953 501 ἐληλυθέναι
1979 463 2070 516 φη-

2190 438 2411 492 lcriisse.
2445 438 2578 492 Cum
2602 454 2744 494 enim
2791 441 2844 494 in
2885 454 2949 493 ea
2994 439 3224 509 cpistola
3259 439 3329 495 de
3374 439 3537 498 beato
3567 441 3780 510 Cyrillo

489 553 589 610 σίν,
618 545 676 599 οὐ
721 546 816 614 μὴν
856 541 1109 616 αἱρετικὸν
1136 539 1190 594 ἔκ
1219 539 1407 594 τούτου
1451 546 1678 610 φανῆναι·
1710 541 1795 594 τὸν
1826 539 1874 594 ἐν
1915 540 2074 613 ἀγίοις

487 635 542 690 δὲ
571 635 802 710 κύριλλον
828 633 910 687 τόν
933 639 1024 692 τῆς
1055 630 1320 690 ἐκκλησίας
1347 628 1666 694 διδάσκαλον,
1697 633 1768 694 εἰς
1793 633 1852 688 τὸ
1880 629 2073 688 ’Δπολι-

488 731 661 805 ναρίου
691 727 858 798 δόγμα
887 725 1147 784 ὸλισθῆσαι
1178 720 1565 794 διίσχυρίζεται
1591 725 1678 778 καί
1703 733 1897 780 πεσεῖν.
1943 725 2078 780 Διότι

489 817 626 875 εἶπεν
659 819 815 874 αὐτόν
850 817 934 872 τὸν
959 818 1080 870 Θεὸν
1115 814 1258 887 λόγον
1302 815 1624 889 σαρκωθῆναι
1647 818 1735 869 καί
1763 816 2080 890 ἑνανθρωπῆ-

490 925 602 966 σαε⁶
631 912 719 964 καί
742 913 903 963 ταῦτα
929 907 1019 972 μὲν
1046 907 1112 960 τά
1136 907 1337 983 ῥήματα
1364 905 1750 977 παραλέλοιπεν,
1782 910 1850 966 ὡς
1874 908 2077 981 εἰρήκα-

488 1021 600 1071 μεν,
625 999 651 1056 ό
678 998 978 1057 διδάσκαλος
1024 997 1184 1066 ὑμῶν,
1213 999 1473 1067 γινώσκων
1510 994 1589 1052 ὅτε
1635 994 1662 1050 ό
1704 996 1858 1070 λέγων
1903 998 1987 1052 τόν
2030 999 2078 1050 ἔν

489 1093 655 1165 ἁγίοις
701 1089 933 1165 Κῦριλλον
979 1091 1240 1148 ὀλισθῆσαι
1285 1092 1370 1143 καὶ
1414 1097 1610 1153 πεσεῖν,
1659 1092 1744 1146 καί
1793 1090 2078 1166 αἱρετεκοῦς

487 1185 652 1240 καλῶν
678 1185 800 1243 τοὺς
833 1183 1017 1237 τούτου
1059 1180 1260 1253 λόγους,
1288 1185 1464 1236 πᾶσαν
1509 1179 1833 1245 καταδικάζει
1871 1187 1962 1240 τήν
2001 1182 2080 1233 ἐκ·

488 1276 725 1344 κλησίαν,
757 1281 849 1334 τήν
889 1275 1090 1344 πατέρα
1133 1275 1219 1326 καί
1259 1271 1562 1329 διδάσκαλον
1606 1274 1809 1333 εἰκότως
1839 1272 2080 1349 Κύριλλον

491 1365 752 1438 ἔχουσαν.
784 1373 895 1425 Πῶς
931 1363 984 1419 δὲ
1020 1365 1110 1419 οὐκ
1139 1361 1309 1438 ἔφριξε
1354 1364 1531 1437 λέγων,
1566 1365 1635 1426 ὡς
1661 1363 1686 1420 0
1715 1370 1762 1418 iv
1785 1364 1947 1436 ἁγίοις
1974 1367 2081 1418 Κύ-

492 1460 662 1536 ριλλος
700 1457 953 1532 αἱρετικός
993 1458 1162 1522 ἔστιν,
1190 1455 1361 1515 ἔπειδή
1408 1452 1574 1518 εἶπεν.
1608 1454 1690 1511 ὅτι
1732 1458 1880 1518 αὐτὸς
1905 1456 1930 1510 ό
1956 1459 2082 1516 Θεὸς

491 1549 637 1624 λόγος
659 1544 922 1624 ἅνθρωπος
943 1547 1140 1618 γέγονε.
1163 1549 1245 1600 καί
1276 1544 1359 1601 ὅτι
1383 1546 1518 1602 οὕτω
1541 1547 1696 1619 λέγων
1722 1543 1965 1618 διαφορὰν
1990 1551 2080 1601 τοῦ

492 1647 618 1698 ναοῦ
656 1645 742 1696 καί
779 1647 871 1696 τοῦ
921 1641 1223 1701 ἐνοικοῦντος
1265 1641 1315 1694 ἐν
1359 1641 1497 1710 αὐτῷ
1543 1642 1653 1710 οὑχ
1698 1639 1964 1712 ὁμολογεῖς
1997 1644 2084 1697 Διά

493 1734 688 1789 τούτων
709 1733 811 1804 γὰρ
838 1738 938 1787 τῶν
980 1730 1140 1803 λόγων
1168 1731 1228 1784 οὐ
1263 1730 1411 1802 μόνον
1445 1731 1529 1785 τὸν
1557 1732 1609 1785 ἓν
1651 1729 1813 1804 ἁγίοις
1838 1731 2082 1802 Κύριλλον

2178 539 2341 601 atque
2373 531 2539 601 impio
2569 530 2819 587 Nestorio
2849 543 3116 598 narretur,
3147 531 3474 602 proscidisse
3504 549 3600 590 cos
3647 550 3778 592 sese

2178 617 2406 674 invicem
2457 619 2748 682 conviciis;
2789 628 2951 690 atque
2994 619 3296 676 afﬁrmasse
3322 620 3628 678 Nestorium
3669 625 3781 681 mi-

2180 715 2324 770 nime
2351 716 2634 786 Deiparam
2662 732 2782 772 esse
2809 717 3023 772 beatam
3054 715 3350 787 Virginem,
3383 725 3442 773 ut
3469 719 3641 789 ipsam
3673 737 3782 776 no-

2180 807 2372 862 minari
2403 808 2686 879 permultis
2714 823 2782 863 ex
2809 807 2962 864 Pauli
2983 806 3328 864 Samosatcni
3357 810 3550 866 bazresi
3592 812 3783 880 place-

2179 900 2306 967 bat;
2334 900 2594 974 Cyrillum
2621 913 2831 967 contra,
2859 902 2950 972 qui
2980 900 3214 956 Nestorii
3261 916 3504 958 errorem
3535 901 3783 958 refutare

2180 993 2462 1061 niteretur,
2508 995 2728 1066 lapsum
2780 995 2984 1066 pariter
3037 1010 3176 1061 esse,
3235 995 3398 1064 inque
3454 996 3782 1061 Apollinarii

2178 1086 2430 1155 dogmata
2459 1086 2802 1142 descendisse
2837 1103 2848 1138 :
2882 1086 3002 1141 luce
3026 1086 3220 1142 clarius
3249 1095 3331 1142 est
3359 1087 3600 1156 epistola:
3631 1087 3786 1156 ejus-

2179 1173 2304 1229 dem
2331 1175 2650 1245 scriptorem
2679 1174 2998 1230 Nestoriana
3023 1174 3298 1232 dementia
3333 1186 3786 1248 praeoccupatum

2182 1266 2420 1334 agnosci,
2461 1266 2553 1337 qui
2598 1265 2906 1323 Nestorium
2953 1277 3197 1323 sanctam
3245 1266 3466 1324 Mariam
3497 1267 3784 1339 Virginem

2183 1355 2468 1426 Deiparam
2515 1359 2673 1411 fateri
2720 1357 3150 1426 detrectantem,
3196 1358 3514 1428 suspicionis
3564 1368 3784 1414 tantum

2183 1446 2440 1502 adversus
2460 1462 2519 1502 se
2545 1447 2720 1503 locum
2749 1447 3070 1518 quibusdam
3094 1450 3346 1506 tribuisse
3361 1493 3376 1516 ,
3402 1451 3623 1506 minime
3646 1467 3786 1508 vero

2183 1537 2380 1594 exinde
2406 1539 2718 1594 lucreticum
2757 1539 3117 1596 demonstrari
3147 1542 3440 1598 contendat
3470 1561 3482 1596 ε
3515 1540 3783 1614 Cyrillum

2183 1640 2366 1685 autem
2407 1639 2658 1685 sanctum
2707 1629 2970 1688 Ecclesiae
3024 1632 3304 1690 doctorem
3353 1634 3407 1688 in
3458 1635 3787 1705 Apollinarii

2187 1720 2434 1776 haeresim
2483 1721 2736 1777 incidisse
2782 1722 2983 1778 diserte
3032 1723 3238 1788 tradat,
3289 1734 3576 1796 propterea
3631 1726 3788 1795 quod

499 1829 768 1900 μέμφεται,
798 1827 926 1882 ἀλλά
953 1828 1032 1881 καί
1049 1827 1136 1879 τὸν
1157 1826 1510 1897 mnium
1535 1825 1623 1882 τὸν
1647 1824 1877 1900 λέγοντα,
1907 1823 1984 1881 ὅτι
2018 1824 2084 1880 εὸ

2190 1813 2360 1884 ipsum
2391 1814 2560 1870 Deum
2585 1813 2820 1870 Verbum
2851 1816 3189 1871 incarnatum
3219 1832 3341 1873 esse
3367 1817 3582 1883 dixerit,
3614 1829 3790 1889 atque

494 1917 642 1994 λόγος
671 1919 801 1993 σάρξ
827 1917 1045 1990 ἐγένετο,
1071 1934 1090 1969 ι
1121 1919 1204 1971 καί
1225 1918 1422 1977 πάντας
1447 1917 1570 1977 τούς
1594 1919 1860 1991 προφήτας
1881 1920 1970 1975 τήν
1999 1914 2086 1972 διά

495 2012 687 2086 σαρκός
717 2008 987 2083 ἐπιδημίαν
1013 2012 1170 2064 αὑτοῦ
1199 2016 1292 2064 τοῦ
1317 2014 1444 2065 Θεοῦ
1470 2007 1618 2080 λόγου
1644 2010 1978 2084 κηρύξαντας,
2004 2011 2084 2062 καί

496 2102 723 2172 μάλιστα
769 2103 1012 2176 Ἰερεμίαν
1037 2101 1122 2156 τὸν
1144 2099 1371 2171 λέγοντα·
1392 2113 1414 2146 ι
1433 2095 1602 2171 ¹Οὗτος
1629 2097 1655 2152 ό
1676 2101 1801 2158 Θεὸς
1829 2101 1998 2170 ἡμῶν,
2029 2100 2084 2151 οὐ

495 2193 852 2266 λογισθήσεται
875 2193 1050 2265 ἕτερος
1075 2192 1206 2266 πρὸς
1233 2189 1405 2244 αὐτόν·
1428 2191 1560 2262 μετά
1580 2195 1749 2245 ταῦτα
1770 2189 1853 2243 ἐπὶ
1878 2197 1972 2250 τῆς
1990 2197 2084 2262 “iis

497 2283 672 2354 ὤφθη,
717 2285 801 2338 καί
846 2290 953 2342 τοῖς
991 2281 1272 2357 ἀνθρώποις
1320 2281 1726 2353 συνανεστράφη·
1760 2297 1778 2330 ι
1812 2281 1896 2334 καί
1935 2280 2085 2334 πάλιν

499 2371 706 2427 Ἡσαΐαν
732 2372 966 2445 λέγωντα,
1003 2388 1023 2423 ε
1054 2374 1120 2424 Τὸ
1145 2367 1344 2425 παιδίον
1375 2371 1496 2423 Θεὸν
1533 2369 1756 2442 ἰσχυρόν
1784 2370 1974 2433 (Ἦσαΐ.
2007 2384 2086 2433 ιε,

501 2460 583 2526 6)·
623 2477 645 2512 ε
680 2462 903 2535 καὶπρὸς
919 2460 1118 2520 τούτοις
1151 2469 1236 2514 τον
1262 2456 1546 2514 ἀπόστολον
1584 2460 1772 2516 Παῦλον
1807 2459 2012 2531 λέγοντα
2039 2462 2087 2514 ἐν

496 2561 562 2623 τῇ
599 2551 733 2628 πρὸς
776 2551 1034 2622 Ἐφεσίους
1079 2551 1336 2624 ἐπιστολῇ,
1369 2567 1388 2600 ε
1425 2549 1482 2604 Ὀ
1512 2551 1743 2611 καταϐάς
1771 2551 1924 2612 αὐτός
1950 2554 2084 2613 ἐστι,

427 2639 432 2644 ’
471 2642 587 2701 ’καί
611 2641 854 2704 όάναϐἀς
873 2643 1111 2717 ὑπεράνω
1126 2644 1326 2697 πάντων
1344 2649 1446 2697 τῶν
1472 2643 1712 2720 οὐρανῶν,
1734 2643 1817 2696 ἶνα
1841 2643 2088 2718 πληρώσῃ

499 2741 568 2792 τὰ
608 2737 799 2792 πάντα
831 2751 852 2786 ε
900 2736 989 2788 Καί
1028 2733 1150 2808 γὰρ,
1180 2734 1248 2794 ὡς
1293 2734 1475 2792 ἐκεῖνος
1518 2733 1660 2802 ὑμῶν
1708 2731 1736 2788 ό
1785 2729 2088 2794 διδάσκαλος

498 2831 838 2902 παραφρονῶν
860 2823 1014 2895 λέγει,
1043 2821 1281 2896 μέμψεώς
1307 2823 1431 2903 εἰσιν
1457 2818 1589 2887 ἄξιοι
1616 2825 1695 2876 καί
1729 2831 1776 2877 οι
1809 2830 2086 2897 προφῆται,

500 2919 585 2971 καί
611 2916 657 2971 0i
689 2915 1063 2989 εὐαγγελισταί,
1085 2917 1170 2970 καί
1191 2913 1238 2968 οἱ
1265 2913 1540 2970 ἀπόστολοι
1563 2914 1812 2986 λέγοντες,
1836 2913 1914 2971 ὅτι
1935 2915 2090 2976 αὐτὸς

501 3008 529 3062 ό
553 3008 676 3069 Θεὸς
701 3007 848 3080 λόγος
878 3007 1274 3080 ἐνηνθρώπησεν,
1302 3007 1370 3066 ὡς
1398 3003 1482 3062 διά
1503 3006 1696 3062 τούτων
1723 3015 1822 3063 τῶν
1851 3007 2090 3082 ῥημάτων

500 3105 694 3174 τροπὴν
731 3108 822 3160 τῆς
862 3096 1096 3160 θεότητος
1125 3101 1198 3158 είς
1225 3103 1316 3157 τήν
1350 3097 1718 3172 ἀνθρωπότητα
1753 3098 1980 3171 λεγοντες
2003 3119 2090 3173 γε-

2182 1905 2540 1974 assumpsisse
2563 1905 2973 1962 humanitatem.
2999 1905 3124 1962 Haec
3147 1917 3328 1963 autem
3356 1910 3540 1976 verba,
3582 1921 3644 1964 ut
3682 1927 3789 1966 su-

2183 1995 2366 2067 perius
2394 1985 2892 2063 animadvertimus,
2937 1998 3198 2068 praeteriit
3242 2008 3546 2070 praeceptor
3573 2010 3787 2066 vester,

2184 2099 2343 2169 plane
2376 2099 2727 2169 perspiciens,
2759 2114 2882 2154 eum
2910 2099 3001 2169 qui
3030 2098 3290 2173 Cyrillum
3330 2101 3542 2172 lapsum
3569 2118 3694 2158 esse
3728 2103 3788 2157 in

2183 2191 2430 2245 hzuresim
2477 2191 2669 2256 tradat,
2702 2191 3103 2262 contendatque
3125 2193 3410 2250 haereticas
3457 2195 3630 2266 ipsum
3681 2195 3794 2252 de-

2183 2281 2420 2338 fendisse
2451 2283 2775 2349 sententias,
2810 2283 2863 2338 in
2894 2284 3200 2339 universam
3228 2283 3530 2343 Ecclesiam
3555 2286 3797 2341 damna-

2187 2374 2350 2429 tionis
2377 2373 2518 2429 ferre
2535 2373 2816 2444 judicium,
2849 2390 2972 2430 cum
2994 2376 3243 2430 universa
3272 2377 3478 2433 scilicet
3495 2375 3773 2448 Cyrillum

2185 2473 2247 2518 ut
2287 2461 2500 2519 Patrem
2541 2464 2686 2519 colat
2728 2473 2893 2534 atque
2921 2464 3219 2522 doctorem.
3249 2467 3514 2524 Caeterum
3542 2470 3635 2539 qui
3667 2469 3800 2526 ﬁeri

2187 2554 2363 2626 potuit
2391 2564 2451 2608 ut
2477 2571 2584 2610 non
2614 2555 3024 2612 cxhorresceret
3062 2557 3376 2614 btereticum
3403 2559 3586 2614 dicens
3607 2557 3798 2631 Cyril-

2187 2643 2319 2706 lum.
2351 2653 2638 2714 propterea
2663 2644 2807 2713 quod
2829 2645 2996 2700 Deum
3018 2645 3253 2702 Verbum
3284 2647 3553 2704 hominem
3576 2652 3797 2704 factum

2189 2756 2310 2796 esse
2350 2741 2597 2797 docuerit
2641 2758 2654 2794 :
2703 2741 2938 2813 indeque
2988 2745 3248 2816 consequi
3300 2746 3658 2816 subjungens,
3723 2750 3799 2804 ab

2188 2832 2392 2904 Cyrillo
2439 2833 2557 2888 haec
2608 2833 2840 2889 docente
2892 2835 3183 2891 discrimen
3235 2837 3376 2893 inter
3425 2839 3684 2910 templum
3740 2841 3798 2895 in

2191 2937 2366 2992 eoque
2393 2922 2784 2980 inhabitantem
2815 2940 2925 2980 non
2963 2924 3209 2979 admitti?
3240 2925 3352 2980 Hac
3381 2929 3578 2998 quippe
3605 2930 3799 2984 aiendi

2187 3012 2401 3067 ratione
2425 3029 2532 3068 non
2563 3022 2810 3070 sanctum
2843 3013 3098 3086 Cyrillum
3123 3016 3459 3082 criminatur,
3484 3017 3577 3072 sed
3608 3016 3804 3072 Evan-

2189 3103 2460 3174 gelistam,
2499 3103 2722 3159 Verbum
2744 3122 2954 3160 carnem
2990 3109 3184 3179 factum
3217 3126 3329 3163 esse
3374 3108 3590 3180 (Joann.
3622 3127 3657 3175 ι,
3697 3111 3800 3182 it)

501 3195 755 3265 γενῆσθαι⁹
783 3191 830 3246 οἱ
867 3189 922 3247 δέ
969 3191 1119 3247 αὐτὸν
1151 3192 1238 3244 τὸν
1269 3190 1392 3246 Θεὸν
1431 3190 1571 3263 λόγον
1613 3190 1995 3264 ἐνανθρωπῆσαι
2020 3195 2085 3262 μή

2194 3197 2395 3254 diserte
2449 3198 2914 3268 pronuntiantem,
2965 3200 3060 3256 sed
3101 3201 3395 3272 prophetas
3441 3217 3649 3268 omnes,
3695 3205 3801 3272 qui

502 3284 865 3356 ὁμολογοῦντες
882 3323 897 3347 ,
925 3284 1124 3357 φανεροί
1151 3283 1256 3337 εἱσι
1279 3286 1364 3337 τὸν
1405 3282 1621 3356 Χριστὸν
1659 3281 1799 3354 ψιλὸν
1827 3280 2087 3356 ἄνθρωπον

499 3370 650 3436 εἶναι,
681 3375 768 3430 καί
809 3374 941 3429 κατά
969 3375 1127 3448 χάριν
1153 3373 1262 3426 υίόν
1307 3378 1435 3427 Θεοῦ
1481 3373 1812 3444 ὀνομάζεσθαι
1839 3372 2086 3444 λέγοντες,

501 3467 575 3526 ὡς
595 3464 627 3523 ἡ
655 3462 921 3530 κακοδοξία
946 3465 1216 3538 Νεστορίου
1251 3466 1339 3518 καί
1364 3463 1624 3524 Θεοδώρου
1649 3471 1746 3520 τοῦ
1777 3463 2085 3522 διδασκάλου

499 3558 662 3614 αὐτοῦ
691 3555 840 3628 λέγει.

2198 3288 2358 3344 Verbi
2389 3287 2484 3343 Dei
2515 3288 2804 3344 adventum
2835 3305 2933 3359 per
2960 3305 3177 3345 carnem
3209 3292 3592 3361 praedixerunt,
3634 3291 3801 3348 lere-

2195 3380 2358 3435 miam
2386 3380 2725 3452 potissimum
2753 3381 3022 3437 dicentem
3053 3401 3064 3435 :
3094 3382 3198 3437 llic
3229 3382 3368 3438 Deus
3399 3395 3572 3439 noster
3600 3401 3618 3439 :
3648 3387 3800 3440 alius

2197 3471 2442 3525 adversus
2463 3487 2576 3525 eum
2603 3487 2706 3525 non
2728 3472 3069 3527 (animabitur
3097 3492 3116 3532 :
3144 3483 3259 3545 post
3289 3475 3400 3529 haec
3431 3477 3484 3528 in
3515 3477 3664 3529 terris
3694 3493 3799 3547 ap-

2197 3562 2389 3632 paruit,
2437 3571 2488 3616 et
2540 3577 2656 3617 cum
2704 3563 2996 3618 hominibus
3047 3575 3373 3619 conversatus
3421 3576 3498 3620 est
3553 3566 3796 3638 (Barac/3

2200 3653 2302 3723 Ill),
2359 3662 2522 3723 atque
2569 3654 2761 3710 Isaiam
2814 3656 3047 3712 aientem
3097 3657 3384 3714 similiter:
3431 3659 3587 3726 Puer,
3642 3659 3798 3716 Deus

500 3743 655 3814 fortia
685 3721 842 3811 (irai.
867 3757 942 3806 ix,
975 3741 1030 3807 6)
1063 3757 1078 3793 :
1106 3739 1530 3810 sedapostolum
1571 3754 1682 3809 pra:
1725 3741 1934 3796 caeteris
1974 3741 2221 3814 Paulum,
2262 3721 2568 3816 cujus—haec
2617 3757 2702 3803 est
2744 3747 2799 3803 in
2847 3747 3089 3820 Epistula
3135 3766 3228 3807 sua
3259 3752 3326 3807 ad
3356 3721 3616 3824 Ephesios
3661 3769 3796 3810 sen-

499 3832 671 3890 tentia
703 3851 718 3886 ;
747 3831 848 3898 Qui
886 3832 1167 3898 descendit,
1198 3833 1309 3904 ipse
1344 3840 1420 3886 est
1455 3841 1506 3886 et
1543 3833 1632 3904 qui
1668 3834 1902 3887 ascendit
1936 3851 2090 3907 super
2127 3854 2304 3893 omnes
2357 3839 2510 3895 caelos
2532 3880 2547 3907 ,
2574 3849 2632 3893 ut
2661 3840 2896 3912 impleret
2935 3844 3112 3896 ontnia
3159 3841 3320 3914 (Eph.
3354 3861 3428 3909 Iv.
3474 3845 3552 3915 9).
3601 3845 3657 3902 Si
3686 3848 3796 3918 igi-

498 3930 591 3978 tur
623 3921 909 3992 desipienti
949 3921 1157 3978 doctori
1204 3930 1388 3977 vestro
1433 3922 1685 3977 assentiri
1729 3924 1996 3989 velimus,
2059 3929 2354 4000 prophetas
2379 3969 2394 3993 ,
2443 3929 2836 3998 evangelistas,
2879 3933 3156 4002 apostolos
3197 3935 3465 3992 btereseos
3508 3939 3795 3994 accusabi-

499 4027 646 4082 mus,
672 4015 767 4084 qui
790 4013 886 4070 Dei
916 4014 1152 4070 Verbum
1190 4014 1426 4070 dixerint
1463 4014 1734 4070 hominem
1772 4015 2138 4085 factumesse,
2177 4020 2330 4089 quasi
2371 4019 2456 4076 his
2493 4020 2750 4093 loquendi
2793 4020 2968 4077 modis
3011 4022 3326 4078 admiserint
3373 4029 3792 4082 conversionem

501 4103 805 4163 Divinltatis
864 4107 917 4160 in
966 4105 1377 4162 humanitatem.
1435 4105 1636 4161 Verum
1674 4108 1765 4176 qui
1815 4107 1988 4164 Deum
2035 4109 2274 4167 Verbum
2320 4113 2600 4168 hominem
2643 4113 2844 4169 factum
2883 4128 3004 4174 esse
3048 4131 3156 4170 non
3215 4117 3564 4187 conﬁtentur,
3624 4121 3792 4176 iidem

500 4199 787 4258 manifeste
823 4201 1096 4256 Christum
1141 4214 1334 4272 purum
1382 4199 1655 4256 hominem
1703 4201 1931 4270 faciunt,
1983 4219 2081 4273 per
2125 4207 2353 4274 gratiam
2392 4215 2598 4262 tantum
2643 4205 2762 4261 Filii
2809 4207 2904 4264 Dei
2950 4208 3170 4264 nomine
3211 4209 3546 4278 decoratum,
3599 4228 3793 4284 quem-

502 4291 789 4349 admodum
816 4306 1044 4347 erronea
1073 4289 1303 4346 Nestorii
1330 4289 1709 4362 Theodorique
1737 4295 1977 4363 magistri
2016 4295 2186 4366 ipsius
2213 4298 2481 4352 sententia
2509 4297 2877 4356 constituitur.

574 4383 634 4438 Δί
670 4385 772 4458 γὰρ
821 4385 948 4437 θεῖαι
994 4383 1217 4455 γραφαί,
1247 4382 1333 4434 καὶ
1361 4381 1404 4434 0i
1433 4380 1568 4454 ἅγιοι
1615 4384 1832 4459 πατέρες
1876 4382 2090 4446 ταύταις

503 4475 887 4549 ἀκολουοοῦντες
907 4515 920 4535 ,
966 4475 1116 4528 αὖτῦν
1145 4471 1230 4528 τὸν
1259 4473 1380 4528 Θεὸν
1424 4471 1563 4545 λόγον
1593 4473 1678 4527 τόν
1725 4473 1972 4546 ἀόρατον,
2004 4477 2091 4530 τόν

2269 4385 2472 4441 Divina:
2501 4401 2733 4456 namque
2758 4386 2997 4456 Litterae,
3019 4398 3181 4461 atque
3208 4391 3291 4445 his
3321 4391 3645 4450 inhaerentes
3665 4411 3792 4451 san-

2198 4478 2272 4533 cti
2298 4476 2555 4533 Ecclesia:
2586 4474 2773 4532 Patres
2803 4478 2975 4548 ipsum
3021 4479 3190 4534 Deum
3231 4480 3465 4538 Verbum
3496 4482 3788 4552 invisibile,

503 4567 801 4635 ἀσώματον,
832 4565 915 4618 τὸν
946 4565 998 4616 ἐκ
1024 4569 1116 4618 τοῦ
1143 4564 1305 4635 φωτὸς
1347 4571 1477 4635 φῶς,
1509 4564 1596 4619 τὸν
1637 4565 1738 4640 πρὸ
1772 4566 1984 4628 αἰώνων,
2010 4568 2085 4620 καὶ

2196 4568 2440 4638 corporis
2487 4583 2702 4639 expers,
2746 4568 2926 4623 lumen
2955 4569 3023 4624 de
3063 4570 3286 4640 lumine,
3335 4583 3461 4628 ante
3505 4576 3707 4629 secula
3737 4585 3788 4630 et

504 4656 748 4731 ἀχρόνως
773 4655 827 4708 ἐκ
852 4661 942 4710 τοῦ
973 4655 1168 4725 πατρὸς
1189 4657 1480 4727 γεννηθέντα
1521 4655 1672 4710 αὐτὸν
1703 4657 1982 4716 κατελθεῖν.
2009 4661 2092 4712 καί

503 4749 842 4823 σαρκωθῆναι,
890 4749 972 4800 καί
1013 4747 1394 4820 ίνανθρωπῆσαε
1441 4745 1695 4818 λέγουσιν.
1736 4747 1872 4802 Καίὸ
1901 4749 1992 4818 μὲν
2041 4750 2091 4802 ἐν

502 4840 667 4912 ἁγίοις
706 4837 978 4914 Γρηγόριος
1015 4836 1066 4890 ἐν
1094 4842 1168 4908 τῷ
1203 4834 1333 4906 λόγῳ
1361 4842 1435 4904 τῷ
1463 4839 1537 4894 εἰς
1575 4837 1644 4891 τά
1681 4838 1925 4908 Θεοφάνια
1954 4837 2090 4892 οὕτω

503 4932 650 5006 λέγει’
681 4947 701 4982 ε
725 4929 883 4990 Αὐτός
905 4927 929 4983 0
956 4935 1048 4983 τοῦ
1068 4933 1191 4981 Θεοῦ
1213 4923 1382 5000 λόγος,
1403 4926 1429 4982 ό
1451 4931 1772 5001 προαιώνιος,
1795 4928 1820 4983 ό
1845 4930 2086 5005 ἀόρατος,

503 5021 530 5076 0
554 5021 930 5096 ἀπερίληπτος,
965 5017 992 5074 0
1019 5019 1317 5089 ἀσώματος,
1346 5018 1377 5077 ἡ
1407 5019 1461 5071 ἐκ
1497 5025 1588 5078 τῆς
1617 5020 1791 5093 ἀρχῆς
1828 5021 1998 5094 ἀρχὴ,
2029 5024 2088 5078 τὸ

501 5117 560 5166 ἐκ
589 5119 681 5168 τοῦ
707 5112 873 5184 φωτός
910 5117 1037 5184 φῶς,
1069 5111 1100 5168 ἡ
1137 5113 1274 5180 πηγή
1300 5115 1390 5168 τῆς
1419 5112 1552 5172 ζωῆς
1581 5112 1661 5163 καί
1689 5116 1779 5170 τῆς
1809 5110 2090 5173 ἀθανασίας

503 5212 563 5264 10
590 5211 852 5282 ἐκμαγεῖον
879 5213 970 5262 τοῦ
1003 5207 1333 5283 ἀρχετύπου,
1367 5206 1396 5262 ἠ
1423 5208 1494 5275 μὴ
1540 5206 1799 5277 κινουμένη
1845 5209 2085 5278 σφραγίς,

503 5307 534 5362 ri
561 5305 945 5376 ἀπαράλλακτος
971 5303 1135 5363 εἰκών,
1168 5299 1193 5355 ό
1222 5306 1311 5354 τοῦ
1337 5301 1533 5375 πατρὸς
1561 5298 1677 5373 ὅρος
1723 5304 1810 5356 καί
1834 5301 1976 5374 λόγος
2004 5306 2090 5356 επὶ

501 5399 593 5456 τήν
631 5394 758 5451 ἰδίαν
788 5397 950 5450 εἰκόνα
974 5399 1146 5468 χωρεῖ
1172 5396 1257 5448 καὶ
1292 5395 1464 5467 σάρκα
1500 5400 1645 5475 septi
1671 5391 1754 5448 διά
1779 5399 1866 5451 τήν
1895 5399 2085 5466 σάρκα,

505 5489 592 5541 καί
619 5486 772 5557 ψυχή
798 5488 946 5560 νοερά
973 5485 1058 5542 διά
1084 5491 1175 5544 τήν
1203 5483 1322 5558 ἐμὴν
1350 5484 1529 5556 ψυχήν
1557 5485 1817 5554 μίγνυται,
1841 5491 1912 5556 τῷ
1935 5484 2090 5556 ὁμοίῳ

502 5577 565 5636 10
596 5575 764 5650 ὅμοιον
786 5577 1154 5652 ἀνακαθαίρων,
1171 5580 1255 5631 καὶ
1275 5579 1436 5633 πάντα
1461 5581 1651 5650 γίνεται
1671 5577 1796 5636 πλήν
1814 5585 1902 5638 τῆς
1925 5577 2090 5648 ἀμαρ-

503 5682 617 5732 τίας
644 5667 940 5742 ἄνθρωπος,
966 5670 1161 5730 κυηθίίς
1188 5671 1245 5722 ὲκ
1275 5678 1363 5730 τῆς
1391 5671 1636 5745 παρθένου
1684 5673 1768 5725 καὶ
1796 5668 1975 5740 ψυχήν
2006 5673 2091 5723 καὶ

506 5765 678 5839 σάρκα
721 5763 1152 5837 προκαθαρθείσης
1191 5770 1264 5828 τῷ
1305 5765 1572 5835 πνεύματι·
1603 5761 1707 5818 ἔδει
1732 5765 1829 5837 γὰρ
1865 5766 1950 5818 καὶ
1975 5765 2088 5835 γέν-

505 5875 645 5912 νησιν
685 5855 968 5930 τιμηθῆναι,
1003 5855 1083 5909 καὶ
1121 5853 1386 5928 παρθενίαν
1427 5856 1808 5929 προτιμηθῆκ-αι.
1832 5874 1850 5908 ι
1886 5857 1958 5911 Τά
1991 5877 2088 5912 πα-

2199 4671 2442 4731 tempora
2472 4676 2540 4716 ex
2569 4661 2728 4716 Patre
2756 4661 3030 4730 genitum,
3063 4662 3165 4718 hoc
3210 4665 3349 4718 idem
3386 4665 3706 4732 advenisse,
3738 4678 3790 4725 et

2198 4754 2534 4810 incarnatum
2564 4767 2705 4819 esse,
2737 4761 2791 4807 et
2820 4754 3095 4811 hominem
3136 4757 3334 4811 factum
3379 4772 3502 4813 esse
3545 4758 3790 4815 disertis-

2196 4845 2333 4900 sime
2354 4843 2699 4900 conlitentur.
2727 4845 2958 4902 Sanctus
2985 4846 3128 4900 enim
3149 4843 3442 4914 Gregorius
3461 4847 3517 4900 in
3539 4863 3790 4905 sermone

2199 4932 2267 4988 de
2292 4932 2678 5005 Theophaniis,
2701 4949 2799 4990 seu
2818 4935 2886 4990 de
2905 4934 3104 4992 Christi
3132 4935 3422 4991 Nativitate
3448 4937 3565 4992 hazc
3595 4939 3758 4996 habet
3778 4947 3793 4986 ε

2205 5045 2221 5076 ε
2251 5025 2428 5096 ipsum
2452 5026 2548 5083 Dei
2570 5025 2837 5084 invisibile
2862 5026 3116 5094 Verbum,
3142 5026 3232 5081 ille
3257 5027 3467 5082 saeculis
3495 5029 3790 5099 antiquior.

2198 5113 2287 5168 ille
2311 5114 2886 5185 incomprehensibilis,
2915 5116 3006 5172 ille
3035 5116 3417 5186 incorporeus,
3449 5116 3581 5172 illud
3609 5118 3791 5174 lumen

2198 5219 2265 5259 ex
2297 5205 2519 5272 lumine,
2544 5221 2613 5260 ex
2645 5205 2908 5278 principio
2936 5205 3279 5276 principium,
3305 5205 3426 5264 fons
3454 5208 3578 5263 vita:
3607 5217 3664 5264 et
3694 5208 3792 5263 im-

2198 5300 2563 5366 mortalitatis,
2596 5300 2684 5355 illa
2714 5302 2992 5371 archetypi
3015 5300 3324 5372 expressio,
3347 5302 3478 5358 illud
3505 5303 3786 5358 immotum

2195 5391 2464 5461 sigillum,
2513 5393 2604 5447 illa
2649 5407 2746 5462 per
2785 5392 2970 5452 omnia
3015 5392 3206 5448 similis
3246 5393 3445 5465 imago,
3483 5393 3576 5449 ille
3615 5393 3788 5448 Patris

2195 5483 2457 5539 terminus
2496 5491 2554 5539 et
2590 5485 2761 5550 ratio;
2802 5483 2912 5550 ille,
2951 5483 3193 5554 inquam,
3224 5483 3292 5538 ad
3319 5483 3609 5553 imaginem
3633 5499 3783 5538 suam

2193 5594 2254 5634 se
2305 5575 2537 5643 confert,
2567 5586 2622 5632 et
2661 5593 2879 5634 carnem
2923 5577 2993 5633 ob
3035 5593 3255 5633 carnem
3293 5578 3452 5647 gerit,
3501 5588 3557 5634 et

2194 5667 2542 5724 iutelleetuali
2585 5677 2806 5738 pr0pter
2834 5667 3069 5738 animam
3113 5683 3288 5722 meam
3319 5668 3582 5738 jungitur,
3615 5682 3676 5728 ut
3709 5673 3781 5726 si-

2192 5763 2318 5818 mile
2369 5778 2466 5833 per
2517 5761 2692 5818 simile
2738 5771 3022 5832 repurget,
3072 5771 3237 5832 atque
3287 5763 3524 5820 humana
3579 5764 3775 5827 omnia.

2193 5861 2420 5927 excepto
2448 5863 2691 5930 peccato,
2724 5853 2968 5926 suscipit,
2999 5863 3295 5927 conceptus
3321 5855 3540 5928 quidem
3565 5871 3640 5915 ex
3664 5857 3776 5915 Vir-
