  <div class='ocr_page' id='page_1' title='image "/cluster/home/n/w/nwhite01/storage/ocr_20150623/69/hvd.32044054758727/157.png"; bbox 0 0 4000 6186; ppageno 0'>
   <div class='ocr_carea' id='block_1_1' title="bbox 425 375 525 431">
    <p class='ocr_par' dir='ltr' id='par_1_1' title="bbox 425 375 525 431">
     <span class='ocr_line' id='line_1_1' title="bbox 425 375 525 431; baseline 0.01 -1"><span class='ocrx_word' id='word_1_1' title='bbox 425 375 525 431; x_wconf 73' lang='lat'><strong>285</strong></span> 
     </span>
    </p>
   </div>
   <div class='ocr_carea' id='block_1_2' title="bbox 1787 361 2290 418">
    <p class='ocr_par' dir='ltr' id='par_1_2' title="bbox 1787 361 2290 418">
     <span class='ocr_line' id='line_1_2' title="bbox 1787 361 2290 418; baseline -0.006 -1"><span class='ocrx_word' id='word_1_2' title='bbox 1787 361 2080 418; x_wconf 76' lang='lat' dir='ltr'><strong>VlClLlUS</strong></span> <span class='ocrx_word' id='word_1_3' title='bbox 2114 361 2290 416; x_wconf 76' lang='lat' dir='ltr'><strong>PAPA</strong></span> 
     </span>
    </p>
   </div>
   <div class='ocr_carea' id='block_1_3' title="bbox 3575 356 3672 411">
    <p class='ocr_par' dir='ltr' id='par_1_3' title="bbox 3575 356 3672 411">
     <span class='ocr_line' id='line_1_3' title="bbox 3575 356 3672 411; baseline 0.01 -1"><span class='ocrx_word' id='word_1_4' title='bbox 3575 356 3672 411; x_wconf 58' lang='lat'><strong>234</strong></span> 
     </span>
    </p>
   </div>
   <div class='ocr_carea' id='block_1_4' title="bbox 423 464 2026 562">
    <p class='ocr_par' dir='ltr' id='par_1_4' title="bbox 423 475 1998 562">
     <span class='ocr_line' id='line_1_4' title="bbox 423 475 1998 562; baseline -0.011 -18"><span class='ocrx_word' id='word_1_5' title='bbox 423 492 507 543; x_wconf 71' lang='lat' dir='ltr'><strong>nati</strong></span> <span class='ocrx_word' id='word_1_6' title='bbox 532 485 811 562; x_wconf 79' lang='grc' dir='ltr'><strong>Θεόδωρον,</strong></span> <span class='ocrx_word' id='word_1_7' title='bbox 841 487 927 538; x_wconf 79' lang='grc' dir='ltr'><strong>καί</strong></span> <span class='ocrx_word' id='word_1_8' title='bbox 952 488 1040 540; x_wconf 71' lang='grc' dir='ltr'><strong>τήν</strong></span> <span class='ocrx_word' id='word_1_9' title='bbox 1067 480 1328 555; x_wconf 73' lang='grc' dir='ltr'><strong>εἰρημένην</strong></span> <span class='ocrx_word' id='word_1_10' title='bbox 1357 476 1520 532; x_wconf 74' lang='grc' dir='ltr'><strong>ἀσεϐῆ</strong></span> <span class='ocrx_word' id='word_1_11' title='bbox 1550 475 1815 531; x_wconf 75' lang='grc' dir='ltr'><strong>ἐπιστολὴν</strong></span> <span class='ocrx_word' id='word_1_12' title='bbox 1844 495 1998 527; x_wconf 83' lang='grc' dir='ltr'><strong>κατα-</strong></span> 
     </span>
    </p>
   </div>
   <div class='ocr_carea' id='block_1_5' title="bbox 2130 464 3676 562">
    <p class='ocr_par' dir='ltr' id='par_1_5' title="bbox 2130 464 3676 540">
     <span class='ocr_line' id='line_1_5' title="bbox 2130 464 3676 540; baseline -0.004 -14"><span class='ocrx_word' id='word_1_13' title='bbox 2130 480 2277 526; x_wconf 86' lang='lat' dir='ltr'><strong>ocata</strong></span> <span class='ocrx_word' id='word_1_14' title='bbox 2306 485 2448 540; x_wconf 88' lang='lat' dir='ltr'><strong>spes,</strong></span> <span class='ocrx_word' id='word_1_15' title='bbox 2481 467 2844 536; x_wconf 89' lang='lat' dir='ltr'><strong>Theodorum,</strong></span> <span class='ocrx_word' id='word_1_16' title='bbox 2878 482 3090 538; x_wconf 88' lang='lat' dir='ltr'><strong>unaque</strong></span> <span class='ocrx_word' id='word_1_17' title='bbox 3118 466 3336 537; x_wconf 84' lang='lat' dir='ltr'><strong>impiam</strong></span> <span class='ocrx_word' id='word_1_18' title='bbox 3381 464 3538 521; x_wconf 89' lang='lat' dir='ltr'><strong>simul</strong></span> <span class='ocrx_word' id='word_1_19' title='bbox 3565 466 3676 536; x_wconf 82' lang='lat' dir='ltr'><strong>epi-</strong></span> 
     </span>
    </p>
   </div>
   <div class='ocr_carea' id='block_1_6' title="bbox 426 567 2001 643">
    <p class='ocr_par' dir='ltr' id='par_1_6' title="bbox 426 567 2001 643">
     <span class='ocr_line' id='line_1_6' title="bbox 426 567 2001 643; baseline -0.01 -9"><span class='ocrx_word' id='word_1_20' title='bbox 426 577 652 643; x_wconf 71' lang='grc' dir='ltr'><strong>δικάσεις</strong></span> <span class='ocrx_word' id='word_1_21' title='bbox 675 577 872 634; x_wconf 78' lang='grc' dir='ltr'><strong>Ἐπειδὴ</strong></span> <span class='ocrx_word' id='word_1_22' title='bbox 889 575 941 629; x_wconf 72' lang='grc' dir='ltr'><strong>δὲ</strong></span> <span class='ocrx_word' id='word_1_23' title='bbox 966 576 1210 628; x_wconf 80' lang='grc' dir='ltr'><strong>ἐπαινεῖτε</strong></span> <span class='ocrx_word' id='word_1_24' title='bbox 1234 575 1323 628; x_wconf 79' lang='grc' dir='ltr'><strong>τήν</strong></span> <span class='ocrx_word' id='word_1_25' title='bbox 1351 570 1511 627; x_wconf 81' lang='grc' dir='ltr'><strong>ἀσεϐῆ</strong></span> <span class='ocrx_word' id='word_1_26' title='bbox 1533 567 1806 624; x_wconf 77' lang='grc' dir='ltr'><strong>ἐπιστολήν</strong></span> <span class='ocrx_word' id='word_1_27' title='bbox 1835 569 2001 640; x_wconf 73' lang='grc' dir='ltr'><strong>περιέσ</strong></span> 
     </span>
    </p>
   </div>
   <div class='ocr_carea' id='block_1_7' title="bbox 428 661 2004 743">
    <p class='ocr_par' dir='ltr' id='par_1_7' title="bbox 428 661 2004 743">
     <span class='ocr_line' id='line_1_7' title="bbox 428 661 2004 743; baseline -0.008 -18"><span class='ocrx_word' id='word_1_28' title='bbox 428 691 658 743; x_wconf 88' lang='grc' dir='ltr'><strong>χουσαν,</strong></span> <span class='ocrx_word' id='word_1_29' title='bbox 691 668 767 725; x_wconf 83' lang='grc' dir='ltr'><strong>ὅτι</strong></span> <span class='ocrx_word' id='word_1_30' title='bbox 793 668 818 722; x_wconf 89' lang='lat'><strong>6</strong></span> <span class='ocrx_word' id='word_1_31' title='bbox 843 668 999 739; x_wconf 83' lang='grc' dir='ltr'><strong>λέγων</strong></span> <span class='ocrx_word' id='word_1_32' title='bbox 1026 666 1175 720; x_wconf 77' lang='grc' dir='ltr'><strong>αὐτὸν</strong></span> <span class='ocrx_word' id='word_1_33' title='bbox 1207 664 1295 718; x_wconf 85' lang='grc' dir='ltr'><strong>τὸν</strong></span> <span class='ocrx_word' id='word_1_34' title='bbox 1341 663 1460 717; x_wconf 83' lang='grc' dir='ltr'><strong>Θεὸν</strong></span> <span class='ocrx_word' id='word_1_35' title='bbox 1495 661 1638 734; x_wconf 79' lang='grc' dir='ltr'><strong>λόγον</strong></span> <span class='ocrx_word' id='word_1_36' title='bbox 1685 661 2004 734; x_wconf 79' lang='grc' dir='ltr'><strong>σαρκωθῆναι</strong></span> 
     </span>
    </p>
   </div>
   <div class='ocr_carea' id='block_1_8' title="bbox 426 749 2002 832">
    <p class='ocr_par' dir='ltr' id='par_1_8' title="bbox 426 749 2002 832">
     <span class='ocr_line' id='line_1_8' title="bbox 426 749 2002 832; baseline -0.009 -18"><span class='ocrx_word' id='word_1_37' title='bbox 426 763 512 816; x_wconf 80' lang='grc' dir='ltr'><strong>καὶ</strong></span> <span class='ocrx_word' id='word_1_38' title='bbox 539 759 900 832; x_wconf 80' lang='grc' dir='ltr'><strong>ἐναν”ρωπίσαι</strong></span> <span class='ocrx_word' id='word_1_39' title='bbox 925 771 1014 814; x_wconf 76' lang='grc' dir='ltr'><strong>τὴν</strong></span> <span class='ocrx_word' id='word_1_40' title='bbox 1043 754 1280 829; x_wconf 70' lang='grc' dir='ltr'><strong>διαφοράν</strong></span> <span class='ocrx_word' id='word_1_41' title='bbox 1301 755 1499 825; x_wconf 86' lang='grc' dir='ltr'><strong>ἀναιρεῖ</strong></span> <span class='ocrx_word' id='word_1_42' title='bbox 1525 756 1615 804; x_wconf 90' lang='grc' dir='ltr'><strong>τοῦ</strong></span> <span class='ocrx_word' id='word_1_43' title='bbox 1641 757 1761 803; x_wconf 88' lang='grc' dir='ltr'><strong>ναοῦ</strong></span> <span class='ocrx_word' id='word_1_44' title='bbox 1801 749 1884 802; x_wconf 78' lang='grc' dir='ltr'><strong>καὶ</strong></span> <span class='ocrx_word' id='word_1_45' title='bbox 1914 754 2002 803; x_wconf 90' lang='grc' dir='ltr'><strong>τοῦ</strong></span> 
     </span>
    </p>
   </div>
   <div class='ocr_carea' id='block_1_9' title="bbox 428 840 2004 918">
    <p class='ocr_par' dir='ltr' id='par_1_9' title="bbox 428 840 2004 918">
     <span class='ocr_line' id='line_1_9' title="bbox 428 840 2004 918; baseline -0.008 -14"><span class='ocrx_word' id='word_1_46' title='bbox 428 854 733 909; x_wconf 78' lang='grc' dir='ltr'><strong>ἐνοικοῦντος</strong></span> <span class='ocrx_word' id='word_1_47' title='bbox 757 849 804 902; x_wconf 87' lang='grc' dir='ltr'><strong>ἐν</strong></span> <span class='ocrx_word' id='word_1_48' title='bbox 833 856 904 918; x_wconf 84' lang='grc' dir='ltr'><strong>τῷ</strong></span> <span class='ocrx_word' id='word_1_49' title='bbox 929 854 1061 916; x_wconf 84' lang='grc' dir='ltr'><strong>ναῷ,</strong></span> <span class='ocrx_word' id='word_1_50' title='bbox 1092 847 1356 916; x_wconf 74' lang='grc' dir='ltr'><strong>γινώσκετε</strong></span> <span class='ocrx_word' id='word_1_51' title='bbox 1393 841 1470 896; x_wconf 80' lang='grc' dir='ltr'><strong>ὅτι</strong></span> <span class='ocrx_word' id='word_1_52' title='bbox 1503 840 1742 914; x_wconf 72' lang='grc' dir='ltr'><strong>διαφοράν</strong></span> <span class='ocrx_word' id='word_1_53' title='bbox 1771 843 1860 911; x_wconf 84' lang='grc' dir='ltr'><strong>μὲν</strong></span> <span class='ocrx_word' id='word_1_54' title='bbox 1904 846 2004 908; x_wconf 81' lang='grc' dir='ltr'><strong>τῶν</strong></span> 
     </span>
    </p>
   </div>
   <div class='ocr_carea' id='block_1_10' title="bbox 429 932 2006 1016">
    <p class='ocr_par' dir='ltr' id='par_1_10' title="bbox 429 932 2006 1016">
     <span class='ocr_line' id='line_1_10' title="bbox 429 932 2006 1016; baseline -0.01 -19"><span class='ocrx_word' id='word_1_55' title='bbox 429 945 656 1016; x_wconf 64' lang='grc' dir='ltr'><strong>φύσεων,</strong></span> <span class='ocrx_word' id='word_1_56' title='bbox 705 942 753 1004; x_wconf 86' lang='grc' dir='ltr'><strong>ἐξ</strong></span> <span class='ocrx_word' id='word_1_57' title='bbox 789 937 906 992; x_wconf 83' lang='grc' dir='ltr'><strong>ὦνό</strong></span> <span class='ocrx_word' id='word_1_58' title='bbox 953 935 1022 998; x_wconf 81' lang='grc' dir='ltr'><strong>εἷς</strong></span> <span class='ocrx_word' id='word_1_59' title='bbox 1051 933 1322 1010; x_wconf 79' lang='grc' dir='ltr'><strong>Χριστὸςὸ</strong></span> <span class='ocrx_word' id='word_1_60' title='bbox 1361 935 1534 1005; x_wconf 82' lang='grc' dir='ltr'><strong>κύριος</strong></span> <span class='ocrx_word' id='word_1_61' title='bbox 1581 934 1666 986; x_wconf 81' lang='grc' dir='ltr'><strong>καὶ</strong></span> <span class='ocrx_word' id='word_1_62' title='bbox 1704 932 1826 992; x_wconf 81' lang='grc' dir='ltr'><strong>Θεὸς</strong></span> <span class='ocrx_word' id='word_1_63' title='bbox 1868 933 2006 997; x_wconf 67' lang='grc' dir='ltr'><strong>ἡμῶν</strong></span> 
     </span>
    </p>
   </div>
   <div class='ocr_carea' id='block_1_11' title="bbox 433 1023 2006 1106">
    <p class='ocr_par' dir='ltr' id='par_1_11' title="bbox 433 1023 2006 1106">
     <span class='ocr_line' id='line_1_11' title="bbox 433 1023 2006 1106; baseline -0.008 -18"><span class='ocrx_word' id='word_1_64' title='bbox 433 1033 698 1092; x_wconf 81' lang='grc' dir='ltr'><strong>συνετέθη,</strong></span> <span class='ocrx_word' id='word_1_65' title='bbox 744 1033 901 1106; x_wconf 80' lang='grc' dir='ltr'><strong>ὀρθῶς</strong></span> <span class='ocrx_word' id='word_1_66' title='bbox 940 1031 970 1086; x_wconf 78' lang='grc' dir='ltr'>ἡ</span> <span class='ocrx_word' id='word_1_67' title='bbox 1001 1028 1119 1098; x_wconf 76' lang='grc' dir='ltr'><strong>ἁγία</strong></span> <span class='ocrx_word' id='word_1_68' title='bbox 1158 1033 1250 1080; x_wconf 92' lang='grc' dir='ltr'><strong>τοῦ</strong></span> <span class='ocrx_word' id='word_1_69' title='bbox 1287 1030 1416 1080; x_wconf 84' lang='grc' dir='ltr'><strong>Θεοῦ</strong></span> <span class='ocrx_word' id='word_1_70' title='bbox 1453 1023 1695 1080; x_wconf 76' lang='grc' dir='ltr'><strong>ἐκκλησία</strong></span> <span class='ocrx_word' id='word_1_71' title='bbox 1738 1023 2006 1099; x_wconf 60' lang='lat' dir='ltr'><strong>mpii-nev</strong></span> 
     </span>
    </p>
   </div>
   <div class='ocr_carea' id='block_1_12' title="bbox 430 1112 2008 1206">
    <p class='ocr_par' dir='ltr' id='par_1_12' title="bbox 430 1112 2008 1206">
     <span class='ocr_line' id='line_1_12' title="bbox 430 1112 2008 1206; baseline -0.011 -23"><span class='ocrx_word' id='word_1_72' title='bbox 430 1128 661 1206; x_wconf 75' lang='grc' dir='ltr'><strong>διαφοράν</strong></span> <span class='ocrx_word' id='word_1_73' title='bbox 691 1125 743 1180; x_wconf 80' lang='grc' dir='ltr'><strong>δὲ</strong></span> <span class='ocrx_word' id='word_1_74' title='bbox 772 1131 859 1180; x_wconf 81' lang='grc' dir='ltr'><strong>τοῦ</strong></span> <span class='ocrx_word' id='word_1_75' title='bbox 888 1130 1010 1177; x_wconf 85' lang='grc' dir='ltr'><strong>ναοῦ</strong></span> <span class='ocrx_word' id='word_1_76' title='bbox 1038 1125 1120 1174; x_wconf 77' lang='grc' dir='ltr'><strong>καὶ</strong></span> <span class='ocrx_word' id='word_1_77' title='bbox 1147 1129 1233 1176; x_wconf 90' lang='grc' dir='ltr'><strong>τοῦ</strong></span> <span class='ocrx_word' id='word_1_78' title='bbox 1257 1122 1560 1176; x_wconf 83' lang='grc' dir='ltr'><strong>ἐνοικοῦντος</strong></span> <span class='ocrx_word' id='word_1_79' title='bbox 1584 1117 1633 1168; x_wconf 81' lang='grc' dir='ltr'><strong>ἐν</strong></span> <span class='ocrx_word' id='word_1_80' title='bbox 1658 1117 1813 1184; x_wconf 80' lang='grc' dir='ltr'><strong>αὐτῷ,</strong></span> <span class='ocrx_word' id='word_1_81' title='bbox 1847 1112 2008 1173; x_wconf 77' lang='grc' dir='ltr'><strong>οὐδεὶς</strong></span> 
     </span>
    </p>
   </div>
   <div class='ocr_carea' id='block_1_13' title="bbox 432 1208 2007 1292">
    <p class='ocr_par' dir='ltr' id='par_1_13' title="bbox 432 1208 2007 1292">
     <span class='ocr_line' id='line_1_13' title="bbox 432 1208 2007 1292; baseline -0.01 -17"><span class='ocrx_word' id='word_1_82' title='bbox 432 1230 526 1278; x_wconf 81' lang='grc' dir='ltr'><strong>τῶν</strong></span> <span class='ocrx_word' id='word_1_83' title='bbox 555 1221 706 1292; x_wconf 83' lang='grc' dir='ltr'><strong>ἀγίων</strong></span> <span class='ocrx_word' id='word_1_84' title='bbox 735 1219 968 1292; x_wconf 79' lang='grc' dir='ltr'><strong>πατέρων</strong></span> <span class='ocrx_word' id='word_1_85' title='bbox 1003 1213 1252 1277; x_wconf 82' lang='grc' dir='ltr'><strong>ἐδίδαξεν,</strong></span> <span class='ocrx_word' id='word_1_86' title='bbox 1282 1213 1405 1266; x_wconf 82' lang='grc' dir='ltr'><strong>ἀλλά</strong></span> <span class='ocrx_word' id='word_1_87' title='bbox 1443 1212 1586 1282; x_wconf 83' lang='grc' dir='ltr'><strong>μόνοι</strong></span> <span class='ocrx_word' id='word_1_88' title='bbox 1609 1210 1653 1263; x_wconf 86' lang='grc' dir='ltr'><strong>οἱ</strong></span> <span class='ocrx_word' id='word_1_89' title='bbox 1694 1208 1894 1267; x_wconf 72' lang='grc' dir='ltr'><strong>ἀσεϐεῖς</strong></span> <span class='ocrx_word' id='word_1_90' title='bbox 1917 1218 2007 1261; x_wconf 75' lang='grc' dir='ltr'><strong>Νε-</strong></span> 
     </span>
    </p>
   </div>
   <div class='ocr_carea' id='block_1_14' title="bbox 389 1300 2009 1387">
    <p class='ocr_par' dir='ltr' id='par_1_14' title="bbox 389 1300 2009 1387">
     <span class='ocr_line' id='line_1_14' title="bbox 389 1300 2009 1387; baseline -0.01 -19"><span class='ocrx_word' id='word_1_91' title='bbox 389 1301 408 1311; x_wconf 54' lang='grc'><strong>’</strong></span> <span class='ocrx_word' id='word_1_92' title='bbox 432 1314 637 1387; x_wconf 85' lang='grc' dir='ltr'><strong>στόριος</strong></span> <span class='ocrx_word' id='word_1_93' title='bbox 677 1314 762 1365; x_wconf 83' lang='grc' dir='ltr'><strong>καὶ</strong></span> <span class='ocrx_word' id='word_1_94' title='bbox 797 1307 1055 1384; x_wconf 84' lang='grc' dir='ltr'><strong>Θεόδωρος</strong></span> <span class='ocrx_word' id='word_1_95' title='bbox 1082 1309 1344 1379; x_wconf 76' lang='grc' dir='ltr'><strong>εἰρήκασι.</strong></span> <span class='ocrx_word' id='word_1_96' title='bbox 1382 1301 1474 1356; x_wconf 80' lang='grc' dir='ltr'><strong>δύο</strong></span> <span class='ocrx_word' id='word_1_97' title='bbox 1511 1302 1728 1356; x_wconf 80' lang='grc' dir='ltr'><strong>ἐντεῦθεν</strong></span> <span class='ocrx_word' id='word_1_98' title='bbox 1748 1300 2009 1374; x_wconf 86' lang='grc' dir='ltr'><strong>πρόσωπα</strong></span> 
     </span>
    </p>
   </div>
   <div class='ocr_carea' id='block_1_15' title="bbox 433 1389 2011 1475">
    <p class='ocr_par' dir='ltr' id='par_1_15' title="bbox 433 1389 2011 1475">
     <span class='ocr_line' id='line_1_15' title="bbox 433 1389 2011 1475; baseline -0.01 -17"><span class='ocrx_word' id='word_1_99' title='bbox 433 1406 646 1475; x_wconf 82' lang='grc' dir='ltr'><strong>εἰσάγειν</strong></span> <span class='ocrx_word' id='word_1_100' title='bbox 675 1401 982 1472; x_wconf 83' lang='grc' dir='ltr'><strong>βουλόμενοι.</strong></span> <span class='ocrx_word' id='word_1_101' title='bbox 1017 1392 1108 1451; x_wconf 72' lang='grc' dir='ltr'><strong>κᾶν</strong></span> <span class='ocrx_word' id='word_1_102' title='bbox 1127 1398 1226 1472; x_wconf 80' lang='grc' dir='ltr'><strong>γάρ</strong></span> <span class='ocrx_word' id='word_1_103' title='bbox 1248 1395 1300 1448; x_wconf 80' lang='grc' dir='ltr'><strong>αἱ</strong></span> <span class='ocrx_word' id='word_1_104' title='bbox 1320 1395 1445 1460; x_wconf 76' lang='grc' dir='ltr'><strong>θεῖαι</strong></span> <span class='ocrx_word' id='word_1_105' title='bbox 1469 1395 1674 1466; x_wconf 59' lang='grc' dir='ltr'><strong>γραφαὶ,</strong></span> <span class='ocrx_word' id='word_1_106' title='bbox 1703 1397 1787 1444; x_wconf 80' lang='grc' dir='ltr'><strong>καὶ</strong></span> <span class='ocrx_word' id='word_1_107' title='bbox 1809 1392 1853 1445; x_wconf 83' lang='grc' dir='ltr'><strong>οἱ</strong></span> <span class='ocrx_word' id='word_1_108' title='bbox 1877 1389 2011 1461; x_wconf 82' lang='grc' dir='ltr'><strong>ἅγιοι</strong></span> 
     </span>
    </p>
   </div>
   <div class='ocr_carea' id='block_1_16' title="bbox 438 1482 2012 1569">
    <p class='ocr_par' dir='ltr' id='par_1_16' title="bbox 438 1482 2012 1569">
     <span class='ocr_line' id='line_1_16' title="bbox 438 1482 2012 1569; baseline -0.01 -19"><span class='ocrx_word' id='word_1_109' title='bbox 438 1497 651 1569; x_wconf 76' lang='grc' dir='ltr'><strong>πατέρες</strong></span> <span class='ocrx_word' id='word_1_110' title='bbox 677 1501 738 1567; x_wconf 74' lang='grc' dir='ltr'><strong>τῇ</strong></span> <span class='ocrx_word' id='word_1_111' title='bbox 763 1499 854 1548; x_wconf 89' lang='grc' dir='ltr'><strong>τοῦ</strong></span> <span class='ocrx_word' id='word_1_112' title='bbox 877 1496 998 1544; x_wconf 93' lang='grc' dir='ltr'><strong>ναοῦ</strong></span> <span class='ocrx_word' id='word_1_113' title='bbox 1027 1489 1272 1560; x_wconf 72' lang='grc' dir='ltr'><strong>ὀνομασία</strong></span> <span class='ocrx_word' id='word_1_114' title='bbox 1299 1487 1598 1560; x_wconf 77' lang='grc' dir='ltr'><strong>κέχρηνται,</strong></span> <span class='ocrx_word' id='word_1_115' title='bbox 1629 1483 1753 1538; x_wconf 86' lang='grc' dir='ltr'><strong>ἀλλά</strong></span> <span class='ocrx_word' id='word_1_116' title='bbox 1777 1482 1836 1536; x_wconf 82' lang='grc' dir='ltr'><strong>τὸ</strong></span> <span class='ocrx_word' id='word_1_117' title='bbox 1859 1489 2012 1551; x_wconf 83' lang='grc' dir='ltr'><strong>σῶμα</strong></span> 
     </span>
    </p>
   </div>
   <div class='ocr_carea' id='block_1_17' title="bbox 429 1574 2010 1657">
    <p class='ocr_par' dir='ltr' id='par_1_17' title="bbox 429 1574 2010 1657">
     <span class='ocr_line' id='line_1_17' title="bbox 429 1574 2010 1657; baseline -0.009 -17"><span class='ocrx_word' id='word_1_118' title='bbox 429 1593 523 1641; x_wconf 89' lang='grc' dir='ltr'><strong>τοῦ</strong></span> <span class='ocrx_word' id='word_1_119' title='bbox 547 1590 845 1657; x_wconf 71' lang='grc' dir='ltr'><strong>μονογενοῦς</strong></span> <span class='ocrx_word' id='word_1_120' title='bbox 870 1582 982 1634; x_wconf 83' lang='grc' dir='ltr'><strong>υἱοῦ</strong></span> <span class='ocrx_word' id='word_1_121' title='bbox 1001 1586 1092 1635; x_wconf 91' lang='grc' dir='ltr'><strong>τοῦ</strong></span> <span class='ocrx_word' id='word_1_122' title='bbox 1107 1583 1237 1633; x_wconf 82' lang='grc' dir='ltr'><strong>Θεοῦ</strong></span> <span class='ocrx_word' id='word_1_123' title='bbox 1254 1578 1584 1647; x_wconf 87' lang='grc' dir='ltr'><strong>σημαίνοντες</strong></span> <span class='ocrx_word' id='word_1_124' title='bbox 1609 1580 1762 1628; x_wconf 86' lang='grc' dir='ltr'><strong>τοῦτο</strong></span> <span class='ocrx_word' id='word_1_125' title='bbox 1786 1574 2010 1644; x_wconf 82' lang='grc' dir='ltr'><strong>λέγουσι,</strong></span> 
     </span>
    </p>
   </div>
   <div class='ocr_carea' id='block_1_18' title="bbox 438 1666 2012 1746">
    <p class='ocr_par' dir='ltr' id='par_1_18' title="bbox 438 1666 2012 1746">
     <span class='ocr_line' id='line_1_18' title="bbox 438 1666 2012 1746; baseline -0.008 -14"><span class='ocrx_word' id='word_1_126' title='bbox 438 1681 598 1738; x_wconf 81' lang='grc' dir='ltr'><strong>καθὼς</strong></span> <span class='ocrx_word' id='word_1_127' title='bbox 628 1674 764 1732; x_wconf 72' lang='grc' dir='ltr'><strong>εἶπεν</strong></span> <span class='ocrx_word' id='word_1_128' title='bbox 801 1675 826 1730; x_wconf 97' lang='lat'><strong>6</strong></span> <span class='ocrx_word' id='word_1_129' title='bbox 867 1673 1249 1746; x_wconf 71' lang='grc' dir='ltr'><strong>εὐαγγελιστήςο</strong></span> <span class='ocrx_word' id='word_1_130' title='bbox 1283 1688 1299 1719; x_wconf 72' lang='grc' dir='ltr'>ι</span> <span class='ocrx_word' id='word_1_131' title='bbox 1327 1669 1476 1727; x_wconf 78' lang='grc' dir='ltr'><strong>Λῦτός</strong></span> <span class='ocrx_word' id='word_1_132' title='bbox 1508 1666 1560 1722; x_wconf 84' lang='grc' dir='ltr'><strong>δέ</strong></span> <span class='ocrx_word' id='word_1_133' title='bbox 1599 1666 1740 1738; x_wconf 62' lang='grc' dir='ltr'><strong>ὒιεγε</strong></span> <span class='ocrx_word' id='word_1_134' title='bbox 1777 1668 2012 1740; x_wconf 70' lang='grc' dir='ltr'><strong>περὶτοῦ</strong></span> 
     </span>
    </p>
   </div>
   <div class='ocr_carea' id='block_1_19' title="bbox 439 1757 2014 1836">
    <p class='ocr_par' dir='ltr' id='par_1_19' title="bbox 439 1757 2014 1836">
     <span class='ocr_line' id='line_1_19' title="bbox 439 1757 2014 1836; baseline -0.01 -13"><span class='ocrx_word' id='word_1_135' title='bbox 439 1775 552 1824; x_wconf 85' lang='grc' dir='ltr'><strong>ναοῦ</strong></span> <span class='ocrx_word' id='word_1_136' title='bbox 577 1775 665 1822; x_wconf 91' lang='grc' dir='ltr'><strong>τοῦ</strong></span> <span class='ocrx_word' id='word_1_137' title='bbox 696 1770 935 1836; x_wconf 81' lang='grc' dir='ltr'><strong>σώματος</strong></span> <span class='ocrx_word' id='word_1_138' title='bbox 971 1765 1144 1818; x_wconf 76' lang='grc' dir='ltr'><strong>αὐτοῦ.</strong></span> <span class='ocrx_word' id='word_1_139' title='bbox 1175 1779 1195 1813; x_wconf 78' lang='grc' dir='ltr'><strong>ε</strong></span> <span class='ocrx_word' id='word_1_140' title='bbox 1225 1757 1402 1819; x_wconf 76' lang='grc' dir='ltr'><strong>Οὐδεὶς</strong></span> <span class='ocrx_word' id='word_1_141' title='bbox 1427 1759 1528 1832; x_wconf 84' lang='grc' dir='ltr'><strong>γάρ</strong></span> <span class='ocrx_word' id='word_1_142' title='bbox 1553 1763 1644 1812; x_wconf 91' lang='grc' dir='ltr'><strong>τοῦ</strong></span> <span class='ocrx_word' id='word_1_143' title='bbox 1677 1757 1787 1816; x_wconf 75' lang='grc' dir='ltr'><strong>ἐνὸς</strong></span> <span class='ocrx_word' id='word_1_144' title='bbox 1808 1759 2014 1830; x_wconf 79' lang='grc' dir='ltr'><strong>προσώ-</strong></span> 
     </span>
    </p>
   </div>
   <div class='ocr_carea' id='block_1_20' title="bbox 2105 557 3678 618">
    <p class='ocr_par' dir='ltr' id='par_1_20' title="bbox 2105 557 3678 618">
     <span class='ocr_line' id='line_1_20' title="bbox 2105 557 3678 618; baseline -0.004 -1"><span class='ocrx_word' id='word_1_145' title='bbox 2105 563 2298 618; x_wconf 86' lang='lat' dir='ltr'><strong>stolam</strong></span> <span class='ocrx_word' id='word_1_146' title='bbox 2355 562 2770 617; x_wconf 78' lang='lat' dir='ltr'><strong>condemnabit?</strong></span> <span class='ocrx_word' id='word_1_147' title='bbox 2820 561 2953 615; x_wconf 79' lang='lat' dir='ltr'><strong>Cum</strong></span> <span class='ocrx_word' id='word_1_148' title='bbox 3008 568 3189 614; x_wconf 89' lang='lat' dir='ltr'><strong>autem</strong></span> <span class='ocrx_word' id='word_1_149' title='bbox 3238 558 3287 612; x_wconf 92' lang='lat' dir='ltr'><strong>id</strong></span> <span class='ocrx_word' id='word_1_150' title='bbox 3337 557 3678 612; x_wconf 87' lang='lat' dir='ltr'><strong>vehementer</strong></span> 
     </span>
    </p>
   </div>
   <div class='ocr_carea' id='block_1_21' title="bbox 2106 646 3678 724">
    <p class='ocr_par' dir='ltr' id='par_1_21' title="bbox 2106 646 3678 724">
     <span class='ocr_line' id='line_1_21' title="bbox 2106 646 3678 724; baseline -0.006 -17"><span class='ocrx_word' id='word_1_151' title='bbox 2106 653 2366 724; x_wconf 76' lang='lat' dir='ltr'><strong>probetis,</strong></span> <span class='ocrx_word' id='word_1_152' title='bbox 2415 651 2560 722; x_wconf 92' lang='lat' dir='ltr'><strong>quod</strong></span> <span class='ocrx_word' id='word_1_153' title='bbox 2607 653 2664 707; x_wconf 89' lang='lat' dir='ltr'><strong>in</strong></span> <span class='ocrx_word' id='word_1_154' title='bbox 2709 651 3030 707; x_wconf 79' lang='lat' dir='ltr'><strong>exsecrabili</strong></span> <span class='ocrx_word' id='word_1_155' title='bbox 3069 665 3133 704; x_wconf 89' lang='lat' dir='ltr'><strong>ea</strong></span> <span class='ocrx_word' id='word_1_156' title='bbox 3169 647 3394 718; x_wconf 89' lang='lat' dir='ltr'><strong>epistola</strong></span> <span class='ocrx_word' id='word_1_157' title='bbox 3432 646 3678 711; x_wconf 89' lang='lat' dir='ltr'><strong>traditur,</strong></span> 
     </span>
    </p>
   </div>
   <div class='ocr_carea' id='block_1_22' title="bbox 2107 737 3683 811">
    <p class='ocr_par' dir='ltr' id='par_1_22' title="bbox 2107 737 3683 811">
     <span class='ocr_line' id='line_1_22' title="bbox 2107 737 3683 811; baseline -0.004 -14"><span class='ocrx_word' id='word_1_158' title='bbox 2107 743 2410 798; x_wconf 76' lang='lat' dir='ltr'><strong>doctrinam</strong></span> <span class='ocrx_word' id='word_1_159' title='bbox 2457 741 2708 796; x_wconf 83' lang='lat' dir='ltr'><strong>nimirum</strong></span> <span class='ocrx_word' id='word_1_160' title='bbox 2754 756 2859 811; x_wconf 85' lang='lat' dir='ltr'><strong>qua</strong></span> <span class='ocrx_word' id='word_1_161' title='bbox 2912 739 3142 794; x_wconf 78' lang='lat' dir='ltr'><strong>Verbum</strong></span> <span class='ocrx_word' id='word_1_162' title='bbox 3189 737 3328 793; x_wconf 89' lang='lat' dir='ltr'><strong>Deus</strong></span> <span class='ocrx_word' id='word_1_163' title='bbox 3375 737 3683 791; x_wconf 81' lang='lat' dir='ltr'><strong>incarnatus</strong></span> 
     </span>
    </p>
   </div>
   <div class='ocr_carea' id='block_1_23' title="bbox 2107 827 3683 902">
    <p class='ocr_par' dir='ltr' id='par_1_23' title="bbox 2107 827 3683 902">
     <span class='ocr_line' id='line_1_23' title="bbox 2107 827 3683 902; baseline -0.006 -14"><span class='ocrx_word' id='word_1_164' title='bbox 2107 834 2379 902; x_wconf 83' lang='lat' dir='ltr'><strong>homoque</strong></span> <span class='ocrx_word' id='word_1_165' title='bbox 2426 835 2597 888; x_wconf 83' lang='lat' dir='ltr'><strong>factus</strong></span> <span class='ocrx_word' id='word_1_166' title='bbox 2643 832 2859 899; x_wconf 83' lang='lat' dir='ltr'><strong>dicitur,</strong></span> <span class='ocrx_word' id='word_1_167' title='bbox 2911 831 3196 886; x_wconf 87' lang='lat' dir='ltr'><strong>discrimen</strong></span> <span class='ocrx_word' id='word_1_168' title='bbox 3244 830 3383 884; x_wconf 89' lang='lat' dir='ltr'><strong>inter</strong></span> <span class='ocrx_word' id='word_1_169' title='bbox 3422 827 3683 898; x_wconf 81' lang='lat' dir='ltr'><strong>templum</strong></span> 
     </span>
    </p>
   </div>
   <div class='ocr_carea' id='block_1_24' title="bbox 2108 918 3684 994">
    <p class='ocr_par' dir='ltr' id='par_1_24' title="bbox 2108 918 3684 994">
     <span class='ocr_line' id='line_1_24' title="bbox 2108 918 3684 994; baseline -0.004 -16"><span class='ocrx_word' id='word_1_170' title='bbox 2108 933 2271 994; x_wconf 89' lang='lat' dir='ltr'><strong>atque</strong></span> <span class='ocrx_word' id='word_1_171' title='bbox 2299 925 2352 980; x_wconf 89' lang='lat' dir='ltr'><strong>in</strong></span> <span class='ocrx_word' id='word_1_172' title='bbox 2382 925 2584 994; x_wconf 89' lang='lat' dir='ltr'><strong>templo</strong></span> <span class='ocrx_word' id='word_1_173' title='bbox 2613 923 2997 978; x_wconf 83' lang='lat' dir='ltr'><strong>inhabitantem</strong></span> <span class='ocrx_word' id='word_1_174' title='bbox 3027 921 3328 985; x_wconf 86' lang='lat' dir='ltr'><strong>sustollere,</strong></span> <span class='ocrx_word' id='word_1_175' title='bbox 3353 918 3684 994; x_wconf 80' lang='lat' dir='ltr'><strong>cognoscite,</strong></span> 
     </span>
    </p>
   </div>
   <div class='ocr_carea' id='block_1_25' title="bbox 2110 1009 3687 1089">
    <p class='ocr_par' dir='ltr' id='par_1_25' title="bbox 2110 1009 3687 1089">
     <span class='ocr_line' id='line_1_25' title="bbox 2110 1009 3687 1089; baseline -0.004 -17"><span class='ocrx_word' id='word_1_176' title='bbox 2110 1026 2419 1072; x_wconf 86' lang='lat' dir='ltr'><strong>naturarum</strong></span> <span class='ocrx_word' id='word_1_177' title='bbox 2449 1017 2835 1089; x_wconf 85' lang='lat' dir='ltr'><strong>diversitatem,</strong></span> <span class='ocrx_word' id='word_1_178' title='bbox 2878 1030 2945 1070; x_wconf 85' lang='lat' dir='ltr'><strong>ex</strong></span> <span class='ocrx_word' id='word_1_179' title='bbox 2985 1014 3178 1084; x_wconf 81' lang='lat' dir='ltr'><strong>quibus</strong></span> <span class='ocrx_word' id='word_1_180' title='bbox 3214 1012 3400 1067; x_wconf 84' lang='lat' dir='ltr'><strong>unicus</strong></span> <span class='ocrx_word' id='word_1_181' title='bbox 3444 1009 3687 1066; x_wconf 90' lang='lat' dir='ltr'><strong>Christus</strong></span> 
     </span>
    </p>
   </div>
   <div class='ocr_carea' id='block_1_26' title="bbox 2112 1103 3687 1178">
    <p class='ocr_par' dir='ltr' id='par_1_26' title="bbox 2112 1103 3687 1178">
     <span class='ocr_line' id='line_1_26' title="bbox 2112 1103 3687 1178; baseline -0.004 -13"><span class='ocrx_word' id='word_1_182' title='bbox 2112 1111 2253 1166; x_wconf 89' lang='lat' dir='ltr'><strong>Deus</strong></span> <span class='ocrx_word' id='word_1_183' title='bbox 2297 1119 2460 1178; x_wconf 87' lang='lat' dir='ltr'><strong>atque</strong></span> <span class='ocrx_word' id='word_1_184' title='bbox 2500 1109 2752 1164; x_wconf 85' lang='lat' dir='ltr'><strong>Salvator</strong></span> <span class='ocrx_word' id='word_1_185' title='bbox 2800 1117 2986 1163; x_wconf 86' lang='lat' dir='ltr'><strong>noster</strong></span> <span class='ocrx_word' id='word_1_186' title='bbox 3014 1105 3379 1170; x_wconf 89' lang='lat' dir='ltr'><strong>constituitur,</strong></span> <span class='ocrx_word' id='word_1_187' title='bbox 3423 1111 3571 1158; x_wconf 91' lang='lat' dir='ltr'><strong>recte</strong></span> <span class='ocrx_word' id='word_1_188' title='bbox 3617 1103 3687 1158; x_wconf 87' lang='lat' dir='ltr'><strong>ah</strong></span> 
     </span>
    </p>
   </div>
   <div class='ocr_carea' id='block_1_27' title="bbox 2111 1193 3684 1275">
    <p class='ocr_par' dir='ltr' id='par_1_27' title="bbox 2111 1193 3684 1275">
     <span class='ocr_line' id='line_1_27' title="bbox 2111 1193 3684 1275; baseline -0.006 -19"><span class='ocrx_word' id='word_1_189' title='bbox 2111 1209 2296 1256; x_wconf 87' lang='lat' dir='ltr'><strong>sancta</strong></span> <span class='ocrx_word' id='word_1_190' title='bbox 2327 1199 2420 1255; x_wconf 89' lang='lat' dir='ltr'><strong>Dei</strong></span> <span class='ocrx_word' id='word_1_191' title='bbox 2449 1198 2688 1254; x_wconf 87' lang='lat' dir='ltr'><strong>Ecclesia</strong></span> <span class='ocrx_word' id='word_1_192' title='bbox 2715 1198 3014 1268; x_wconf 73' lang='lat' dir='ltr'><strong>przedicari;</strong></span> <span class='ocrx_word' id='word_1_193' title='bbox 3044 1205 3297 1275; x_wconf 68' lang='lat' dir='ltr'><strong>caeterum</strong></span> <span class='ocrx_word' id='word_1_194' title='bbox 3343 1193 3527 1264; x_wconf 87' lang='lat' dir='ltr'><strong>templi</strong></span> <span class='ocrx_word' id='word_1_195' title='bbox 3555 1193 3684 1261; x_wconf 87' lang='lat' dir='ltr'><strong>hoc,</strong></span> 
     </span>
    </p>
   </div>
   <div class='ocr_carea' id='block_1_28' title="bbox 2111 1287 3687 1362">
    <p class='ocr_par' dir='ltr' id='par_1_28' title="bbox 2111 1287 3687 1362">
     <span class='ocr_line' id='line_1_28' title="bbox 2111 1287 3687 1362; baseline -0.003 -16"><span class='ocrx_word' id='word_1_196' title='bbox 2111 1301 2273 1362; x_wconf 86' lang='lat' dir='ltr'><strong>atque</strong></span> <span class='ocrx_word' id='word_1_197' title='bbox 2318 1291 2374 1346; x_wconf 86' lang='lat' dir='ltr'><strong>in</strong></span> <span class='ocrx_word' id='word_1_198' title='bbox 2420 1291 2540 1360; x_wconf 89' lang='lat' dir='ltr'><strong>ipso</strong></span> <span class='ocrx_word' id='word_1_199' title='bbox 2587 1291 2934 1346; x_wconf 87' lang='lat' dir='ltr'><strong>inhabitantis</strong></span> <span class='ocrx_word' id='word_1_200' title='bbox 2969 1289 3256 1345; x_wconf 84' lang='lat' dir='ltr'><strong>discrimen</strong></span> <span class='ocrx_word' id='word_1_201' title='bbox 3287 1303 3316 1342; x_wconf 92' lang='lat' dir='ltr'><strong>a</strong></span> <span class='ocrx_word' id='word_1_202' title='bbox 3346 1287 3560 1342; x_wconf 88' lang='lat' dir='ltr'><strong>nemine</strong></span> <span class='ocrx_word' id='word_1_203' title='bbox 3589 1302 3687 1341; x_wconf 89' lang='lat' dir='ltr'><strong>un-</strong></span> 
     </span>
    </p>
   </div>
   <div class='ocr_carea' id='block_1_29' title="bbox 2113 1377 3690 1452">
    <p class='ocr_par' dir='ltr' id='par_1_29' title="bbox 2113 1377 3690 1452">
     <span class='ocr_line' id='line_1_29' title="bbox 2113 1377 3690 1452; baseline -0.003 -16"><span class='ocrx_word' id='word_1_204' title='bbox 2113 1397 2274 1452; x_wconf 87' lang='lat' dir='ltr'><strong>quam</strong></span> <span class='ocrx_word' id='word_1_205' title='bbox 2299 1392 2608 1437; x_wconf 87' lang='lat' dir='ltr'><strong>sanctorum</strong></span> <span class='ocrx_word' id='word_1_206' title='bbox 2641 1382 2857 1435; x_wconf 85' lang='lat' dir='ltr'><strong>Patrum</strong></span> <span class='ocrx_word' id='word_1_207' title='bbox 2901 1379 3064 1436; x_wconf 87' lang='lat' dir='ltr'><strong>luisse</strong></span> <span class='ocrx_word' id='word_1_208' title='bbox 3091 1378 3443 1450; x_wconf 89' lang='lat' dir='ltr'><strong>propositum,</strong></span> <span class='ocrx_word' id='word_1_209' title='bbox 3489 1377 3584 1432; x_wconf 88' lang='lat' dir='ltr'><strong>sed</strong></span> <span class='ocrx_word' id='word_1_210' title='bbox 3620 1378 3690 1431; x_wconf 91' lang='lat' dir='ltr'><strong>ab</strong></span> 
     </span>
    </p>
   </div>
   <div class='ocr_carea' id='block_1_30' title="bbox 2114 1469 3690 1543">
    <p class='ocr_par' dir='ltr' id='par_1_30' title="bbox 2114 1469 3690 1543">
     <span class='ocr_line' id='line_1_30' title="bbox 2114 1469 3690 1543; baseline -0.004 -15"><span class='ocrx_word' id='word_1_211' title='bbox 2114 1473 2292 1543; x_wconf 63' lang='lat' dir='ltr'><strong>Mpiis</strong></span> <span class='ocrx_word' id='word_1_212' title='bbox 2313 1472 2488 1530; x_wconf 88' lang='lat' dir='ltr'><strong>solum</strong></span> <span class='ocrx_word' id='word_1_213' title='bbox 2516 1472 2802 1528; x_wconf 90' lang='lat' dir='ltr'><strong>Theodoro</strong></span> <span class='ocrx_word' id='word_1_214' title='bbox 2849 1481 3009 1541; x_wconf 88' lang='lat' dir='ltr'><strong>atque</strong></span> <span class='ocrx_word' id='word_1_215' title='bbox 3032 1470 3283 1526; x_wconf 81' lang='lat' dir='ltr'><strong>Nestorio</strong></span> <span class='ocrx_word' id='word_1_216' title='bbox 3305 1469 3690 1537; x_wconf 73' lang='lat' dir='ltr'><strong>excogitatum,</strong></span> 
     </span>
    </p>
   </div>
   <div class='ocr_carea' id='block_1_31' title="bbox 2114 1559 3693 1632">
    <p class='ocr_par' dir='ltr' id='par_1_31' title="bbox 2114 1559 3693 1632">
     <span class='ocr_line' id='line_1_31' title="bbox 2114 1559 3693 1632; baseline -0.004 -14"><span class='ocrx_word' id='word_1_217' title='bbox 2114 1562 2260 1632; x_wconf 88' lang='lat' dir='ltr'><strong>quod</strong></span> <span class='ocrx_word' id='word_1_218' title='bbox 2286 1563 2420 1618; x_wconf 88' lang='lat' dir='ltr'><strong>duas</strong></span> <span class='ocrx_word' id='word_1_219' title='bbox 2457 1562 2654 1618; x_wconf 79' lang='lat' dir='ltr'><strong>exinde</strong></span> <span class='ocrx_word' id='word_1_220' title='bbox 2697 1577 2956 1632; x_wconf 86' lang='lat' dir='ltr'><strong>personas</strong></span> <span class='ocrx_word' id='word_1_221' title='bbox 3002 1561 3258 1616; x_wconf 84' lang='lat' dir='ltr'><strong>inducere</strong></span> <span class='ocrx_word' id='word_1_222' title='bbox 3305 1559 3693 1616; x_wconf 84' lang='lat' dir='ltr'><strong>decrevissent.</strong></span> 
     </span>
    </p>
   </div>
   <div class='ocr_carea' id='block_1_32' title="bbox 2117 1653 3693 1726">
    <p class='ocr_par' dir='ltr' id='par_1_32' title="bbox 2117 1653 3693 1726">
     <span class='ocr_line' id='line_1_32' title="bbox 2117 1653 3693 1726; baseline -0.003 -14"><span class='ocrx_word' id='word_1_223' title='bbox 2117 1657 2272 1725; x_wconf 88' lang='lat' dir='ltr'><strong>Quod</strong></span> <span class='ocrx_word' id='word_1_224' title='bbox 2296 1657 2343 1713; x_wconf 89' lang='lat' dir='ltr'><strong>si</strong></span> <span class='ocrx_word' id='word_1_225' title='bbox 2379 1657 2702 1726; x_wconf 85' lang='lat' dir='ltr'><strong>quandoque</strong></span> <span class='ocrx_word' id='word_1_226' title='bbox 2726 1657 2916 1713; x_wconf 78' lang='lat' dir='ltr'><strong>divina:</strong></span> <span class='ocrx_word' id='word_1_227' title='bbox 2969 1655 3184 1710; x_wconf 65' lang='lat' dir='ltr'><strong>Litterae</strong></span> <span class='ocrx_word' id='word_1_228' title='bbox 3209 1656 3486 1724; x_wconf 88' lang='lat' dir='ltr'><strong>sanctique</strong></span> <span class='ocrx_word' id='word_1_229' title='bbox 3509 1653 3693 1708; x_wconf 87' lang='lat' dir='ltr'><strong>Eccle-</strong></span> 
     </span>
    </p>
   </div>
   <div class='ocr_carea' id='block_1_33' title="bbox 2116 1745 3694 1818">
    <p class='ocr_par' dir='ltr' id='par_1_33' title="bbox 2116 1745 3694 1818">
     <span class='ocr_line' id='line_1_33' title="bbox 2116 1745 3694 1818; baseline -0.004 -14"><span class='ocrx_word' id='word_1_230' title='bbox 2116 1749 2210 1804; x_wconf 86' lang='lat' dir='ltr'><strong>siae</strong></span> <span class='ocrx_word' id='word_1_231' title='bbox 2237 1747 2427 1804; x_wconf 88' lang='lat' dir='ltr'><strong>Patres</strong></span> <span class='ocrx_word' id='word_1_232' title='bbox 2468 1749 2571 1804; x_wconf 89' lang='lat' dir='ltr'><strong>hac</strong></span> <span class='ocrx_word' id='word_1_233' title='bbox 2614 1762 2830 1818; x_wconf 89' lang='lat' dir='ltr'><strong>quoque</strong></span> <span class='ocrx_word' id='word_1_234' title='bbox 2869 1746 3052 1816; x_wconf 84' lang='lat' dir='ltr'><strong>templi</strong></span> <span class='ocrx_word' id='word_1_235' title='bbox 3086 1745 3404 1801; x_wconf 88' lang='lat' dir='ltr'><strong>translatitia</strong></span> <span class='ocrx_word' id='word_1_236' title='bbox 3447 1745 3527 1799; x_wconf 90' lang='lat' dir='ltr'><strong>usi</strong></span> <span class='ocrx_word' id='word_1_237' title='bbox 3567 1752 3694 1798; x_wconf 90' lang='lat' dir='ltr'><strong>sunt</strong></span> 
     </span>
    </p>
   </div>
   <div class='ocr_carea' id='block_1_34' title="bbox 439 1833 2026 1932">
    <p class='ocr_par' dir='ltr' id='par_1_34' title="bbox 439 1844 2014 1932">
     <span class='ocr_line' id='line_1_34' title="bbox 439 1844 2014 1932; baseline -0.007 -20"><span class='ocrx_word' id='word_1_238' title='bbox 439 1880 538 1912; x_wconf 84' lang='grc' dir='ltr'><strong>που</strong></span> <span class='ocrx_word' id='word_1_239' title='bbox 576 1864 665 1912; x_wconf 90' lang='grc' dir='ltr'><strong>τοῦ</strong></span> <span class='ocrx_word' id='word_1_240' title='bbox 697 1861 918 1932; x_wconf 80' lang='grc' dir='ltr'><strong>Χριστοῦ</strong></span> <span class='ocrx_word' id='word_1_241' title='bbox 956 1853 1190 1927; x_wconf 49' lang='grc' dir='ltr'><strong>διαφορὰν</strong></span> <span class='ocrx_word' id='word_1_242' title='bbox 1228 1851 1357 1922; x_wconf 86' lang='grc' dir='ltr'><strong>πρὸς</strong></span> <span class='ocrx_word' id='word_1_243' title='bbox 1389 1849 1538 1903; x_wconf 84' lang='grc' dir='ltr'><strong>ἑαυτὸ</strong></span> <span class='ocrx_word' id='word_1_244' title='bbox 1582 1844 1707 1901; x_wconf 85' lang='grc' dir='ltr'><strong>εἶναί</strong></span> <span class='ocrx_word' id='word_1_245' title='bbox 1734 1869 1909 1920; x_wconf 79' lang='grc' dir='ltr'><strong>φησιν,</strong></span> <span class='ocrx_word' id='word_1_246' title='bbox 1947 1850 2014 1908; x_wconf 83' lang='grc' dir='ltr'><strong>ὡς</strong></span> 
     </span>
    </p>
   </div>
   <div class='ocr_carea' id='block_1_35' title="bbox 2130 1833 3694 1932">
    <p class='ocr_par' dir='ltr' id='par_1_35' title="bbox 2130 1833 3694 1913">
     <span class='ocr_line' id='line_1_35' title="bbox 2130 1833 3694 1913; baseline -0.005 -17"><span class='ocrx_word' id='word_1_247' title='bbox 2130 1843 2499 1913; x_wconf 70' lang='lat' dir='ltr'><strong>appellatione,</strong></span> <span class='ocrx_word' id='word_1_248' title='bbox 2533 1841 2584 1895; x_wconf 87' lang='lat' dir='ltr'><strong>id</strong></span> <span class='ocrx_word' id='word_1_249' title='bbox 2613 1850 2791 1895; x_wconf 89' lang='lat' dir='ltr'><strong>tamen</strong></span> <span class='ocrx_word' id='word_1_250' title='bbox 2811 1881 2825 1906; x_wconf 93' lang='lat'><strong>,</strong></span> <span class='ocrx_word' id='word_1_251' title='bbox 2853 1848 2913 1893; x_wconf 90' lang='lat' dir='ltr'><strong>ut</strong></span> <span class='ocrx_word' id='word_1_252' title='bbox 2939 1837 3304 1908; x_wconf 78' lang='lat' dir='ltr'><strong>signiﬁcarent</strong></span> <span class='ocrx_word' id='word_1_253' title='bbox 3329 1844 3535 1891; x_wconf 89' lang='lat' dir='ltr'><strong>tantum</strong></span> <span class='ocrx_word' id='word_1_254' title='bbox 3568 1833 3694 1889; x_wconf 80' lang='lat' dir='ltr'><strong>Uni-</strong></span> 
     </span>
    </p>
   </div>
   <div class='ocr_carea' id='block_1_36' title="bbox 439 1935 2017 2016">
    <p class='ocr_par' dir='ltr' id='par_1_36' title="bbox 439 1935 2017 2016">
     <span class='ocr_line' id='line_1_36' title="bbox 439 1935 2017 2016; baseline -0.006 -16"><span class='ocrx_word' id='word_1_255' title='bbox 439 1943 582 2000; x_wconf 75' lang='grc' dir='ltr'><strong>ἄλλον</strong></span> <span class='ocrx_word' id='word_1_256' title='bbox 611 1947 659 1998; x_wconf 83' lang='grc' dir='ltr'><strong>ἐν</strong></span> <span class='ocrx_word' id='word_1_257' title='bbox 687 1942 818 2016; x_wconf 76' lang='grc' dir='ltr'><strong>ἄλλῳ</strong></span> <span class='ocrx_word' id='word_1_258' title='bbox 839 1940 985 2008; x_wconf 76' lang='grc' dir='ltr'><strong>εἶναι,</strong></span> <span class='ocrx_word' id='word_1_259' title='bbox 1018 1942 1142 1996; x_wconf 83' lang='grc' dir='ltr'><strong>ἀλλά</strong></span> <span class='ocrx_word' id='word_1_260' title='bbox 1166 1947 1266 1996; x_wconf 88' lang='grc' dir='ltr'><strong>τῶν</strong></span> <span class='ocrx_word' id='word_1_261' title='bbox 1290 1942 1488 2012; x_wconf 75' lang='grc' dir='ltr'><strong>φύσεων</strong></span> <span class='ocrx_word' id='word_1_262' title='bbox 1513 1938 1662 2008; x_wconf 85' lang='grc' dir='ltr'><strong>μόνον</strong></span> <span class='ocrx_word' id='word_1_263' title='bbox 1683 1977 1698 2001; x_wconf 94' lang='grc'><strong>,</strong></span> <span class='ocrx_word' id='word_1_264' title='bbox 1721 1940 1772 2002; x_wconf 74' lang='grc' dir='ltr'><strong>ἐξ</strong></span> <span class='ocrx_word' id='word_1_265' title='bbox 1801 1935 1867 1990; x_wconf 86' lang='grc' dir='ltr'><strong>ὧν</strong></span> <span class='ocrx_word' id='word_1_266' title='bbox 1895 1938 1922 1993; x_wconf 86' lang='grc' dir='ltr'><strong><em>ὁ</em></strong></span> <span class='ocrx_word' id='word_1_267' title='bbox 1949 1935 2017 1999; x_wconf 84' lang='grc' dir='ltr'><strong>εἷς</strong></span> 
     </span>
    </p>
   </div>
   <div class='ocr_carea' id='block_1_37' title="bbox 441 2028 1788 2110">
    <p class='ocr_par' dir='ltr' id='par_1_37' title="bbox 441 2028 1788 2110">
     <span class='ocr_line' id='line_1_37' title="bbox 441 2028 1788 2110; baseline -0.007 -19"><span class='ocrx_word' id='word_1_268' title='bbox 441 2037 652 2110; x_wconf 74' lang='grc' dir='ltr'><strong>Χριστὸς</strong></span> <span class='ocrx_word' id='word_1_269' title='bbox 679 2037 998 2107; x_wconf 78' lang='grc' dir='ltr'><strong>ἀσυγχύτως</strong></span> <span class='ocrx_word' id='word_1_270' title='bbox 1024 2036 1109 2087; x_wconf 80' lang='grc' dir='ltr'><strong>καὶ</strong></span> <span class='ocrx_word' id='word_1_271' title='bbox 1135 2030 1429 2105; x_wconf 80' lang='grc' dir='ltr'><strong>ἀδιαιρέτως</strong></span> <span class='ocrx_word' id='word_1_272' title='bbox 1460 2028 1788 2088; x_wconf 76' lang='grc' dir='ltr'><strong>ἀπετελέσθη.</strong></span> 
     </span>
    </p>
   </div>
   <div class='ocr_carea' id='block_1_38' title="bbox 2119 1925 3700 2006">
    <p class='ocr_par' dir='ltr' id='par_1_38' title="bbox 2119 1925 3700 2006">
     <span class='ocr_line' id='line_1_38' title="bbox 2119 1925 3700 2006; baseline -0.006 -16"><span class='ocrx_word' id='word_1_273' title='bbox 2119 1935 2283 2006; x_wconf 79' lang='lat' dir='ltr'><strong>geniti</strong></span> <span class='ocrx_word' id='word_1_274' title='bbox 2311 1934 2432 1988; x_wconf 85' lang='lat' dir='ltr'><strong>Filii</strong></span> <span class='ocrx_word' id='word_1_275' title='bbox 2463 1933 2558 1987; x_wconf 91' lang='lat' dir='ltr'><strong>Dei</strong></span> <span class='ocrx_word' id='word_1_276' title='bbox 2601 1947 2800 2001; x_wconf 88' lang='lat' dir='ltr'><strong>corpus</strong></span> <span class='ocrx_word' id='word_1_277' title='bbox 2827 1931 3141 1992; x_wconf 86' lang='lat' dir='ltr'><strong>adhibuere,</strong></span> <span class='ocrx_word' id='word_1_278' title='bbox 3171 1944 3238 1984; x_wconf 92' lang='lat' dir='ltr'><strong>eo</strong></span> <span class='ocrx_word' id='word_1_279' title='bbox 3265 1934 3486 1998; x_wconf 80' lang='lat' dir='ltr'><strong>prorsus</strong></span> <span class='ocrx_word' id='word_1_280' title='bbox 3537 1925 3700 1980; x_wconf 88' lang='lat' dir='ltr'><strong>modo</strong></span> 
     </span>
    </p>
   </div>
   <div class='ocr_carea' id='block_1_39' title="bbox 2125 2014 3701 2096">
    <p class='ocr_par' dir='ltr' id='par_1_39' title="bbox 2125 2014 3701 2096">
     <span class='ocr_line' id='line_1_39' title="bbox 2125 2014 3701 2096; baseline -0.01 -15"><span class='ocrx_word' id='word_1_281' title='bbox 2125 2042 2232 2096; x_wconf 90' lang='lat' dir='ltr'><strong>quo</strong></span> <span class='ocrx_word' id='word_1_282' title='bbox 2260 2025 2326 2080; x_wconf 89' lang='lat' dir='ltr'><strong>de</strong></span> <span class='ocrx_word' id='word_1_283' title='bbox 2353 2025 2470 2092; x_wconf 91' lang='lat' dir='ltr'><strong>ipso</strong></span> <span class='ocrx_word' id='word_1_284' title='bbox 2496 2024 2668 2092; x_wconf 87' lang='lat' dir='ltr'><strong>inquit</strong></span> <span class='ocrx_word' id='word_1_285' title='bbox 2699 2022 3036 2090; x_wconf 76' lang='lat' dir='ltr'><strong>Evangelista</strong></span> <span class='ocrx_word' id='word_1_286' title='bbox 3064 2038 3076 2072; x_wconf 89' lang='lat'>:</span> <span class='ocrx_word' id='word_1_287' title='bbox 3107 2019 3229 2090; x_wconf 81' lang='lat' dir='ltr'><strong>Ipse</strong></span> <span class='ocrx_word' id='word_1_288' title='bbox 3271 2028 3440 2072; x_wconf 86' lang='lat' dir='ltr'><strong>autem</strong></span> <span class='ocrx_word' id='word_1_289' title='bbox 3460 2014 3701 2087; x_wconf 85' lang='lat' dir='ltr'><strong>loqueba-</strong></span> 
     </span>
    </p>
   </div>
   <div class='ocr_carea' id='block_1_40' title="bbox 2125 2106 3701 2183">
    <p class='ocr_par' dir='ltr' id='par_1_40' title="bbox 2125 2106 3701 2183">
     <span class='ocr_line' id='line_1_40' title="bbox 2125 2106 3701 2183; baseline -0.008 -13"><span class='ocrx_word' id='word_1_290' title='bbox 2125 2125 2208 2170; x_wconf 87' lang='lat' dir='ltr'><strong>tur</strong></span> <span class='ocrx_word' id='word_1_291' title='bbox 2252 2114 2315 2169; x_wconf 87' lang='lat' dir='ltr'><strong>de</strong></span> <span class='ocrx_word' id='word_1_292' title='bbox 2366 2114 2552 2176; x_wconf 85' lang='lat' dir='ltr'><strong>templo</strong></span> <span class='ocrx_word' id='word_1_293' title='bbox 2601 2113 2832 2183; x_wconf 87' lang='lat' dir='ltr'><strong>corporis</strong></span> <span class='ocrx_word' id='word_1_294' title='bbox 2875 2115 2979 2166; x_wconf 87' lang='lat' dir='ltr'><strong>suis</strong></span> <span class='ocrx_word' id='word_1_295' title='bbox 3029 2109 3207 2182; x_wconf 85' lang='lat' dir='ltr'><strong>(Joan.</strong></span> <span class='ocrx_word' id='word_1_296' title='bbox 3262 2125 3318 2176; x_wconf 78' lang='grc' dir='ltr'><strong>ιι,</strong></span> <span class='ocrx_word' id='word_1_297' title='bbox 3368 2107 3480 2179; x_wconf 72' lang='grc'><strong>21).</strong></span> <span class='ocrx_word' id='word_1_298' title='bbox 3532 2106 3701 2162; x_wconf 79' lang='lat' dir='ltr'><strong>Nemo</strong></span> 
     </span>
    </p>
   </div>
   <div class='ocr_carea' id='block_1_41' title="bbox 444 2199 3703 2286">
    <p class='ocr_par' dir='ltr' id='par_1_41' title="bbox 444 2199 3703 2286">
     <span class='ocr_line' id='line_1_41' title="bbox 444 2199 3703 2286; baseline -0.006 -16"><span class='ocrx_word' id='word_1_299' title='bbox 444 2233 605 2286; x_wconf 90' lang='lat' dir='ltr'><strong>porro</strong></span> <span class='ocrx_word' id='word_1_300' title='bbox 635 2216 748 2269; x_wconf 70' lang='lat' dir='ltr'><strong>hmc</strong></span> <span class='ocrx_word' id='word_1_301' title='bbox 787 2214 838 2267; x_wconf 93' lang='lat' dir='ltr'><strong>in</strong></span> <span class='ocrx_word' id='word_1_302' title='bbox 872 2213 1040 2268; x_wconf 83' lang='lat' dir='ltr'><strong>unica-</strong></span> <span class='ocrx_word' id='word_1_303' title='bbox 1057 2211 1256 2267; x_wconf 90' lang='lat' dir='ltr'><strong>Christi</strong></span> <span class='ocrx_word' id='word_1_304' title='bbox 1289 2227 1519 2282; x_wconf 87' lang='lat' dir='ltr'><strong>persona</strong></span> <span class='ocrx_word' id='word_1_305' title='bbox 1544 2210 1750 2286; x_wconf 75' lang='lat' dir='ltr'><strong>invexit</strong></span> <span class='ocrx_word' id='word_1_306' title='bbox 1775 2209 2083 2265; x_wconf 84' lang='lat' dir='ltr'><strong>discrimina</strong></span> <span class='ocrx_word' id='word_1_307' title='bbox 2109 2249 2124 2274; x_wconf 94' lang='lat'><strong>,</strong></span> <span class='ocrx_word' id='word_1_308' title='bbox 2165 2206 2317 2277; x_wconf 88' lang='lat' dir='ltr'><strong>quasi</strong></span> <span class='ocrx_word' id='word_1_309' title='bbox 2345 2205 2448 2260; x_wconf 87' lang='lat' dir='ltr'><strong>alia</strong></span> <span class='ocrx_word' id='word_1_310' title='bbox 2480 2209 2533 2258; x_wconf 89' lang='lat' dir='ltr'><strong>in</strong></span> <span class='ocrx_word' id='word_1_311' title='bbox 2557 2205 2662 2258; x_wconf 89' lang='lat' dir='ltr'><strong>alia</strong></span> <span class='ocrx_word' id='word_1_312' title='bbox 2689 2203 2798 2270; x_wconf 88' lang='lat' dir='ltr'><strong>sit,</strong></span> <span class='ocrx_word' id='word_1_313' title='bbox 2837 2216 3024 2257; x_wconf 89' lang='lat' dir='ltr'><strong>verum</strong></span> <span class='ocrx_word' id='word_1_314' title='bbox 3050 2199 3447 2256; x_wconf 88' lang='lat' dir='ltr'><strong>distinctionem</strong></span> <span class='ocrx_word' id='word_1_315' title='bbox 3494 2205 3703 2250; x_wconf 88' lang='lat' dir='ltr'><strong>tantum</strong></span> 
     </span>
    </p>
   </div>
   <div class='ocr_carea' id='block_1_42' title="bbox 442 2281 3611 2373">
    <p class='ocr_par' dir='ltr' id='par_1_42' title="bbox 442 2281 3611 2373">
     <span class='ocr_line' id='line_1_42' title="bbox 442 2281 3611 2373; baseline -0.008 -11"><span class='ocrx_word' id='word_1_316' title='bbox 442 2317 751 2364; x_wconf 87' lang='lat' dir='ltr'><strong>naturarum</strong></span> <span class='ocrx_word' id='word_1_317' title='bbox 781 2305 1138 2371; x_wconf 88' lang='lat' dir='ltr'><strong>admiserunt,</strong></span> <span class='ocrx_word' id='word_1_318' title='bbox 1168 2319 1233 2359; x_wconf 89' lang='lat' dir='ltr'><strong>ex</strong></span> <span class='ocrx_word' id='word_1_319' title='bbox 1264 2305 1458 2373; x_wconf 88' lang='lat' dir='ltr'><strong>quibus</strong></span> <span class='ocrx_word' id='word_1_320' title='bbox 1488 2318 1625 2358; x_wconf 90' lang='lat' dir='ltr'><strong>unus</strong></span> <span class='ocrx_word' id='word_1_321' title='bbox 1660 2281 1905 2356; x_wconf 78' lang='lat' dir='ltr'><strong>Christus</strong></span> <span class='ocrx_word' id='word_1_322' title='bbox 1925 2297 2216 2370; x_wconf 82' lang='lat' dir='ltr'><strong>perﬁcitur,</strong></span> <span class='ocrx_word' id='word_1_323' title='bbox 2247 2312 2355 2352; x_wconf 91' lang='lat' dir='ltr'><strong>non</strong></span> <span class='ocrx_word' id='word_1_324' title='bbox 2379 2294 2814 2350; x_wconf 83' lang='lat' dir='ltr'><strong>commixtionem</strong></span> <span class='ocrx_word' id='word_1_325' title='bbox 2836 2306 3053 2365; x_wconf 88' lang='lat' dir='ltr'><strong>passus,</strong></span> <span class='ocrx_word' id='word_1_326' title='bbox 3079 2303 3252 2358; x_wconf 88' lang='lat' dir='ltr'><strong>neque</strong></span> <span class='ocrx_word' id='word_1_327' title='bbox 3279 2287 3611 2342; x_wconf 84' lang='lat' dir='ltr'><strong>divisionem.</strong></span> 
     </span>
    </p>
   </div>
   <div class='ocr_carea' id='block_1_43' title="bbox 514 2395 2022 2472">
    <p class='ocr_par' dir='ltr' id='par_1_43' title="bbox 514 2395 2022 2472">
     <span class='ocr_line' id='line_1_43' title="bbox 514 2395 2022 2472; baseline -0.005 -16"><span class='ocrx_word' id='word_1_328' title='bbox 514 2407 602 2460; x_wconf 77' lang='lat' dir='ltr'><strong>[tati</strong></span> <span class='ocrx_word' id='word_1_329' title='bbox 627 2404 774 2472; x_wconf 78' lang='grc' dir='ltr'><strong>ὑμεῖς</strong></span> <span class='ocrx_word' id='word_1_330' title='bbox 802 2403 966 2456; x_wconf 83' lang='grc' dir='ltr'><strong>τοίνυν</strong></span> <span class='ocrx_word' id='word_1_331' title='bbox 1005 2405 1094 2457; x_wconf 74' lang='grc' dir='ltr'><strong>τὴν</strong></span> <span class='ocrx_word' id='word_1_332' title='bbox 1133 2413 1224 2459; x_wconf 55' lang='grc' dir='ltr'><strong>τίς</strong></span> <span class='ocrx_word' id='word_1_333' title='bbox 1256 2399 1526 2456; x_wconf 79' lang='grc' dir='ltr'><strong>ἐπιστολῆς</strong></span> <span class='ocrx_word' id='word_1_334' title='bbox 1562 2395 1872 2456; x_wconf 78' lang='grc' dir='ltr'><strong>ἐκδικοῦντες</strong></span> <span class='ocrx_word' id='word_1_335' title='bbox 1899 2395 2022 2449; x_wconf 75' lang='grc' dir='ltr'><strong>ἀσέ-</strong></span> 
     </span>
    </p>
   </div>
   <div class='ocr_carea' id='block_1_44' title="bbox 444 2485 2024 2566">
    <p class='ocr_par' dir='ltr' id='par_1_44' title="bbox 444 2485 2024 2566">
     <span class='ocr_line' id='line_1_44' title="bbox 444 2485 2024 2566; baseline -0.008 -16"><span class='ocrx_word' id='word_1_336' title='bbox 444 2496 615 2558; x_wconf 69' lang='grc' dir='ltr'><strong>ϐειαν,</strong></span> <span class='ocrx_word' id='word_1_337' title='bbox 659 2502 748 2553; x_wconf 81' lang='grc' dir='ltr'><strong>τῆς</strong></span> <span class='ocrx_word' id='word_1_338' title='bbox 777 2493 1082 2566; x_wconf 78' lang='grc' dir='ltr'><strong>ἀρνουμένης</strong></span> <span class='ocrx_word' id='word_1_339' title='bbox 1125 2490 1273 2543; x_wconf 80' lang='grc' dir='ltr'><strong>αὐτὸν</strong></span> <span class='ocrx_word' id='word_1_340' title='bbox 1299 2489 1386 2544; x_wconf 86' lang='grc' dir='ltr'><strong>τόν</strong></span> <span class='ocrx_word' id='word_1_341' title='bbox 1422 2491 1543 2542; x_wconf 75' lang='grc' dir='ltr'><strong>Θεὸν</strong></span> <span class='ocrx_word' id='word_1_342' title='bbox 1575 2488 1719 2557; x_wconf 83' lang='grc' dir='ltr'><strong>λόγον</strong></span> <span class='ocrx_word' id='word_1_343' title='bbox 1764 2485 2024 2561; x_wconf 80' lang='grc' dir='ltr'><strong>ἄνθρωπον</strong></span> 
     </span>
    </p>
   </div>
   <div class='ocr_carea' id='block_1_45' title="bbox 445 2575 2022 2659">
    <p class='ocr_par' dir='ltr' id='par_1_45' title="bbox 445 2575 2022 2659">
     <span class='ocr_line' id='line_1_45' title="bbox 445 2575 2022 2659; baseline -0.004 -21"><span class='ocrx_word' id='word_1_344' title='bbox 445 2588 755 2657; x_wconf 76' lang='grc' dir='ltr'><strong>γεγενῆσοαι,</strong></span> <span class='ocrx_word' id='word_1_345' title='bbox 779 2580 1016 2659; x_wconf 71' lang='grc' dir='ltr'><strong>πρόδηλοι</strong></span> <span class='ocrx_word' id='word_1_346' title='bbox 1038 2581 1374 2638; x_wconf 73' lang='grc' dir='ltr'><strong>καθεστήκατε</strong></span> <span class='ocrx_word' id='word_1_347' title='bbox 1396 2578 1488 2634; x_wconf 82' lang='grc' dir='ltr'><strong>δύο</strong></span> <span class='ocrx_word' id='word_1_348' title='bbox 1517 2579 1770 2653; x_wconf 88' lang='grc' dir='ltr'><strong>πρόσωπα</strong></span> <span class='ocrx_word' id='word_1_349' title='bbox 1792 2575 2022 2649; x_wconf 51' lang='lat' dir='ltr'><strong>ria-1706-</strong></span> 
     </span>
    </p>
   </div>
   <div class='ocr_carea' id='block_1_46' title="bbox 447 2671 2024 2746">
    <p class='ocr_par' dir='ltr' id='par_1_46' title="bbox 447 2671 2024 2746">
     <span class='ocr_line' id='line_1_46' title="bbox 447 2671 2024 2746; baseline -0.005 -17"><span class='ocrx_word' id='word_1_350' title='bbox 447 2695 553 2738; x_wconf 86' lang='grc' dir='ltr'><strong>τις,</strong></span> <span class='ocrx_word' id='word_1_351' title='bbox 593 2677 674 2727; x_wconf 76' lang='grc' dir='ltr'><strong>καὶ</strong></span> <span class='ocrx_word' id='word_1_352' title='bbox 710 2680 875 2727; x_wconf 83' lang='grc' dir='ltr'><strong>ταῦτα</strong></span> <span class='ocrx_word' id='word_1_353' title='bbox 897 2677 1126 2730; x_wconf 86' lang='grc' dir='ltr'><strong>νοοῦντες</strong></span> <span class='ocrx_word' id='word_1_354' title='bbox 1153 2674 1382 2746; x_wconf 83' lang='grc' dir='ltr'><strong>περὶτοῦ</strong></span> <span class='ocrx_word' id='word_1_355' title='bbox 1409 2678 1632 2742; x_wconf 81' lang='grc' dir='ltr'><strong>Χριστοῦ</strong></span> <span class='ocrx_word' id='word_1_356' title='bbox 1664 2673 1731 2730; x_wconf 86' lang='grc' dir='ltr'><strong>ὡς</strong></span> <span class='ocrx_word' id='word_1_357' title='bbox 1758 2675 1908 2740; x_wconf 81' lang='grc' dir='ltr'><strong>ψιλοῦ</strong></span> <span class='ocrx_word' id='word_1_358' title='bbox 1933 2671 2024 2724; x_wconf 89' lang='grc' dir='ltr'><strong>ἀν-</strong></span> 
     </span>
    </p>
   </div>
   <div class='ocr_carea' id='block_1_47' title="bbox 449 2757 2024 2839">
    <p class='ocr_par' dir='ltr' id='par_1_47' title="bbox 449 2757 2024 2839">
     <span class='ocr_line' id='line_1_47' title="bbox 449 2757 2024 2839; baseline -0.001 -22"><span class='ocrx_word' id='word_1_359' title='bbox 449 2767 678 2839; x_wconf 65' lang='grc' dir='ltr'><strong>θρώπου⁶</strong></span> <span class='ocrx_word' id='word_1_360' title='bbox 711 2761 834 2838; x_wconf 82' lang='grc' dir='ltr'><strong>ὅπερ</strong></span> <span class='ocrx_word' id='word_1_361' title='bbox 869 2761 895 2816; x_wconf 88' lang='lat'><strong>6</strong></span> <span class='ocrx_word' id='word_1_362' title='bbox 923 2762 1198 2822; x_wconf 83' lang='grc' dir='ltr'><strong>ἀπόστολος</strong></span> <span class='ocrx_word' id='word_1_363' title='bbox 1237 2757 1372 2817; x_wconf 83' lang='grc' dir='ltr'><strong>εἶπεν</strong></span> <span class='ocrx_word' id='word_1_364' title='bbox 1399 2759 1482 2816; x_wconf 78' lang='grc' dir='ltr'><strong>διὰ</strong></span> <span class='ocrx_word' id='word_1_365' title='bbox 1505 2765 1626 2822; x_wconf 86' lang='grc' dir='ltr'><strong>τοὺς</strong></span> <span class='ocrx_word' id='word_1_366' title='bbox 1654 2764 1871 2822; x_wconf 80' lang='grc' dir='ltr'><strong>πιστοὺς</strong></span> <span class='ocrx_word' id='word_1_367' title='bbox 1903 2780 1920 2812; x_wconf 84' lang='grc' dir='ltr'><strong>ι</strong></span> <span class='ocrx_word' id='word_1_368' title='bbox 1947 2759 2024 2815; x_wconf 81' lang='grc' dir='ltr'><strong>ὅτι</strong></span> 
     </span>
    </p>
   </div>
   <div class='ocr_carea' id='block_1_48' title="bbox 450 2853 2030 2926">
    <p class='ocr_par' dir='ltr' id='par_1_48' title="bbox 450 2853 2030 2926">
     <span class='ocr_line' id='line_1_48' title="bbox 450 2853 2030 2926; baseline 0 -18"><span class='ocrx_word' id='word_1_369' title='bbox 450 2857 591 2926; x_wconf 76' lang='grc' dir='ltr'><strong>ὑμεῖς</strong></span> <span class='ocrx_word' id='word_1_370' title='bbox 618 2854 736 2914; x_wconf 85' lang='grc' dir='ltr'><strong>ναὸς</strong></span> <span class='ocrx_word' id='word_1_371' title='bbox 775 2859 902 2909; x_wconf 83' lang='grc' dir='ltr'><strong>Θεοῦ</strong></span> <span class='ocrx_word' id='word_1_372' title='bbox 936 2859 1052 2910; x_wconf 66' lang='grc' dir='ltr'><strong>ἐστε</strong></span> <span class='ocrx_word' id='word_1_373' title='bbox 1072 2893 1086 2916; x_wconf 95' lang='grc'><strong>,</strong></span> <span class='ocrx_word' id='word_1_374' title='bbox 1116 2861 1201 2907; x_wconf 70' lang='grc' dir='ltr'><strong>καὶ</strong></span> <span class='ocrx_word' id='word_1_375' title='bbox 1227 2854 1286 2908; x_wconf 87' lang='grc' dir='ltr'><strong>τὸ</strong></span> <span class='ocrx_word' id='word_1_376' title='bbox 1322 2859 1522 2924; x_wconf 85' lang='grc' dir='ltr'><strong>πνεῦμα</strong></span> <span class='ocrx_word' id='word_1_377' title='bbox 1548 2860 1640 2910; x_wconf 92' lang='grc' dir='ltr'><strong>τοῦ</strong></span> <span class='ocrx_word' id='word_1_378' title='bbox 1663 2859 1794 2910; x_wconf 82' lang='grc' dir='ltr'><strong>Θεοῦ</strong></span> <span class='ocrx_word' id='word_1_379' title='bbox 1833 2855 1960 2910; x_wconf 74' lang='grc' dir='ltr'><strong>οἶκεῐ</strong></span> <span class='ocrx_word' id='word_1_380' title='bbox 1981 2853 2030 2908; x_wconf 78' lang='grc' dir='ltr'><strong>ἐν</strong></span> 
     </span>
    </p>
   </div>
   <div class='ocr_carea' id='block_1_49' title="bbox 450 2945 2030 3020">
    <p class='ocr_par' dir='ltr' id='par_1_49' title="bbox 450 2945 2030 3020">
     <span class='ocr_line' id='line_1_49' title="bbox 450 2945 2030 3020; baseline -0.001 -17"><span class='ocrx_word' id='word_1_381' title='bbox 450 2947 593 3016; x_wconf 74' lang='grc' dir='ltr'><strong>ὖμὶν.</strong></span> <span class='ocrx_word' id='word_1_382' title='bbox 627 2964 646 2999; x_wconf 74' lang='grc' dir='ltr'><strong>ε</strong></span> <span class='ocrx_word' id='word_1_383' title='bbox 682 2956 767 3008; x_wconf 76' lang='grc' dir='ltr'><strong>Ὠς</strong></span> <span class='ocrx_word' id='word_1_384' title='bbox 812 2948 940 3004; x_wconf 64' lang='grc' dir='ltr'><strong>κατὰ</strong></span> <span class='ocrx_word' id='word_1_385' title='bbox 979 2949 1068 3007; x_wconf 72' lang='grc' dir='ltr'><strong>τήν</strong></span> <span class='ocrx_word' id='word_1_386' title='bbox 1111 2946 1363 3018; x_wconf 71' lang='grc' dir='ltr'><strong>ὑμετέραν</strong></span> <span class='ocrx_word' id='word_1_387' title='bbox 1401 2947 1588 3007; x_wconf 83' lang='grc' dir='ltr'><strong>πλάνην</strong></span> <span class='ocrx_word' id='word_1_388' title='bbox 1625 2948 1870 3020; x_wconf 83' lang='grc' dir='ltr'><strong>μηδεμίαν</strong></span> <span class='ocrx_word' id='word_1_389' title='bbox 1909 2945 2030 3003; x_wconf 85' lang='grc' dir='ltr'><strong>εἶναι</strong></span> 
     </span>
    </p>
   </div>
   <div class='ocr_carea' id='block_1_50' title="bbox 450 3038 2029 3115">
    <p class='ocr_par' dir='ltr' id='par_1_50' title="bbox 450 3038 2029 3115">
     <span class='ocr_line' id='line_1_50' title="bbox 450 3038 2029 3115; baseline 0.003 -23"><span class='ocrx_word' id='word_1_390' title='bbox 450 3038 690 3112; x_wconf 71' lang='grc' dir='ltr'><strong>διαφοράν</strong></span> <span class='ocrx_word' id='word_1_391' title='bbox 717 3041 906 3110; x_wconf 84' lang='grc' dir='ltr'><strong>μεταξὺ</strong></span> <span class='ocrx_word' id='word_1_392' title='bbox 937 3041 1076 3109; x_wconf 79' lang='grc' dir='ltr'><strong>ἡμῶν</strong></span> <span class='ocrx_word' id='word_1_393' title='bbox 1097 3046 1198 3096; x_wconf 87' lang='grc' dir='ltr'><strong>τῶν</strong></span> <span class='ocrx_word' id='word_1_394' title='bbox 1227 3041 1516 3115; x_wconf 80' lang='grc' dir='ltr'><strong>ἀνθρώπων,</strong></span> <span class='ocrx_word' id='word_1_395' title='bbox 1557 3044 1641 3096; x_wconf 77' lang='grc' dir='ltr'><strong>καὶ</strong></span> <span class='ocrx_word' id='word_1_396' title='bbox 1671 3047 1761 3096; x_wconf 91' lang='grc' dir='ltr'><strong>τοῦ</strong></span> <span class='ocrx_word' id='word_1_397' title='bbox 1788 3048 2029 3115; x_wconf 78' lang='grc' dir='ltr'><strong>Χριστοῦ,</strong></span> 
     </span>
    </p>
   </div>
   <div class='ocr_carea' id='block_1_51' title="bbox 453 3127 2030 3204">
    <p class='ocr_par' dir='ltr' id='par_1_51' title="bbox 453 3127 2030 3204">
     <span class='ocr_line' id='line_1_51' title="bbox 453 3127 2030 3204; baseline 0.001 -21"><span class='ocrx_word' id='word_1_398' title='bbox 453 3131 581 3183; x_wconf 71' lang='grc' dir='ltr'><strong>καθά</strong></span> <span class='ocrx_word' id='word_1_399' title='bbox 617 3132 706 3182; x_wconf 77' lang='grc' dir='ltr'><strong>καὶ</strong></span> <span class='ocrx_word' id='word_1_400' title='bbox 736 3130 889 3190; x_wconf 78' lang='grc' dir='ltr'><strong>αὐτὸς</strong></span> <span class='ocrx_word' id='word_1_401' title='bbox 911 3127 1164 3203; x_wconf 84' lang='grc' dir='ltr'><strong>Θεόδωρος</strong></span> <span class='ocrx_word' id='word_1_402' title='bbox 1193 3128 1218 3184; x_wconf 91' lang='lat'><strong>6</strong></span> <span class='ocrx_word' id='word_1_403' title='bbox 1245 3129 1522 3204; x_wconf 83' lang='grc' dir='ltr'><strong>αἱρετικός,</strong></span> <span class='ocrx_word' id='word_1_404' title='bbox 1552 3130 1578 3186; x_wconf 92' lang='lat'><strong>6</strong></span> <span class='ocrx_word' id='word_1_405' title='bbox 1616 3129 1914 3190; x_wconf 78' lang='grc' dir='ltr'><strong>διδάσκαλος</strong></span> <span class='ocrx_word' id='word_1_406' title='bbox 1940 3137 2030 3184; x_wconf 87' lang='grc' dir='ltr'><strong>τοῦ</strong></span> 
     </span>
    </p>
   </div>
   <div class='ocr_carea' id='block_1_52' title="bbox 2199 2376 3706 2456">
    <p class='ocr_par' dir='ltr' id='par_1_52' title="bbox 2199 2376 3706 2456">
     <span class='ocr_line' id='line_1_52' title="bbox 2199 2376 3706 2456; baseline -0.011 -12"><span class='ocrx_word' id='word_1_407' title='bbox 2199 2389 2306 2444; x_wconf 87' lang='lat' dir='ltr'><strong>Vos</strong></span> <span class='ocrx_word' id='word_1_408' title='bbox 2333 2389 2512 2456; x_wconf 87' lang='lat' dir='ltr'><strong>itaque</strong></span> <span class='ocrx_word' id='word_1_409' title='bbox 2539 2386 2678 2440; x_wconf 88' lang='lat' dir='ltr'><strong>illius</strong></span> <span class='ocrx_word' id='word_1_410' title='bbox 2705 2383 2944 2453; x_wconf 72' lang='lat' dir='ltr'><strong>epistola:</strong></span> <span class='ocrx_word' id='word_1_411' title='bbox 2973 2381 3305 2450; x_wconf 88' lang='lat' dir='ltr'><strong>impietatem</strong></span> <span class='ocrx_word' id='word_1_412' title='bbox 3335 2376 3706 2452; x_wconf 50' lang='lat' dir='ltr'><strong>defendentes.</strong></span> 
     </span>
    </p>
   </div>
   <div class='ocr_carea' id='block_1_53' title="bbox 2125 2470 3708 2551">
    <p class='ocr_par' dir='ltr' id='par_1_53' title="bbox 2125 2470 3708 2551">
     <span class='ocr_line' id='line_1_53' title="bbox 2125 2470 3708 2551; baseline -0.012 -14"><span class='ocrx_word' id='word_1_413' title='bbox 2125 2496 2232 2551; x_wconf 87' lang='lat' dir='ltr'><strong>qua</strong></span> <span class='ocrx_word' id='word_1_414' title='bbox 2255 2480 2424 2534; x_wconf 90' lang='lat' dir='ltr'><strong>Deum</strong></span> <span class='ocrx_word' id='word_1_415' title='bbox 2458 2477 2692 2532; x_wconf 85' lang='lat' dir='ltr'><strong>Verbum</strong></span> <span class='ocrx_word' id='word_1_416' title='bbox 2739 2474 3010 2529; x_wconf 85' lang='lat' dir='ltr'><strong>hominem</strong></span> <span class='ocrx_word' id='word_1_417' title='bbox 3051 2470 3252 2526; x_wconf 89' lang='lat' dir='ltr'><strong>factum</strong></span> <span class='ocrx_word' id='word_1_418' title='bbox 3293 2483 3414 2524; x_wconf 89' lang='lat' dir='ltr'><strong>esse</strong></span> <span class='ocrx_word' id='word_1_419' title='bbox 3457 2477 3708 2536; x_wconf 83' lang='lat' dir='ltr'><strong>negatur,</strong></span> 
     </span>
    </p>
   </div>
   <div class='ocr_carea' id='block_1_54' title="bbox 2127 2557 3702 2638">
    <p class='ocr_par' dir='ltr' id='par_1_54' title="bbox 2127 2557 3702 2638">
     <span class='ocr_line' id='line_1_54' title="bbox 2127 2557 3702 2638; baseline -0.011 -12"><span class='ocrx_word' id='word_1_420' title='bbox 2127 2570 2412 2628; x_wconf 85' lang='lat' dir='ltr'><strong>manifesto</strong></span> <span class='ocrx_word' id='word_1_421' title='bbox 2441 2567 2669 2638; x_wconf 89' lang='lat' dir='ltr'><strong>duplicis</strong></span> <span class='ocrx_word' id='word_1_422' title='bbox 2696 2566 2749 2619; x_wconf 91' lang='lat' dir='ltr'><strong>in</strong></span> <span class='ocrx_word' id='word_1_423' title='bbox 2783 2563 2998 2619; x_wconf 85' lang='lat' dir='ltr'><strong>Christo</strong></span> <span class='ocrx_word' id='word_1_424' title='bbox 3023 2561 3268 2616; x_wconf 71' lang='lat' dir='ltr'><strong>admissa:</strong></span> <span class='ocrx_word' id='word_1_425' title='bbox 3295 2573 3540 2629; x_wconf 77' lang='lat' dir='ltr'><strong>persona:</strong></span> <span class='ocrx_word' id='word_1_426' title='bbox 3581 2557 3702 2610; x_wconf 85' lang='lat' dir='ltr'><strong>red-</strong></span> 
     </span>
    </p>
   </div>
   <div class='ocr_carea' id='block_1_55' title="bbox 2129 2649 3711 2730">
    <p class='ocr_par' dir='ltr' id='par_1_55' title="bbox 2129 2649 3711 2730">
     <span class='ocr_line' id='line_1_55' title="bbox 2129 2649 3711 2730; baseline -0.011 -14"><span class='ocrx_word' id='word_1_427' title='bbox 2129 2660 2444 2730; x_wconf 80' lang='lat' dir='ltr'><strong>arguimini,</strong></span> <span class='ocrx_word' id='word_1_428' title='bbox 2499 2667 2662 2726; x_wconf 91' lang='lat' dir='ltr'><strong>atque</strong></span> <span class='ocrx_word' id='word_1_429' title='bbox 2707 2657 2810 2710; x_wconf 88' lang='lat' dir='ltr'><strong>hoc</strong></span> <span class='ocrx_word' id='word_1_430' title='bbox 2858 2653 3020 2708; x_wconf 88' lang='lat' dir='ltr'><strong>modo</strong></span> <span class='ocrx_word' id='word_1_431' title='bbox 3059 2652 3126 2707; x_wconf 93' lang='lat' dir='ltr'><strong>de</strong></span> <span class='ocrx_word' id='word_1_432' title='bbox 3170 2649 3409 2715; x_wconf 82' lang='lat' dir='ltr'><strong>Christo,</strong></span> <span class='ocrx_word' id='word_1_433' title='bbox 3451 2657 3711 2715; x_wconf 84' lang='lat' dir='ltr'><strong>tanquam</strong></span> 
     </span>
    </p>
   </div>
   <div class='ocr_carea' id='block_1_56' title="bbox 2129 2731 3712 2820">
    <p class='ocr_par' dir='ltr' id='par_1_56' title="bbox 2129 2731 3712 2820">
     <span class='ocr_line' id='line_1_56' title="bbox 2129 2731 3712 2820; baseline -0.01 -16"><span class='ocrx_word' id='word_1_434' title='bbox 2129 2766 2267 2820; x_wconf 86' lang='lat' dir='ltr'><strong>puro</strong></span> <span class='ocrx_word' id='word_1_435' title='bbox 2309 2749 2528 2803; x_wconf 89' lang='lat' dir='ltr'><strong>homine</strong></span> <span class='ocrx_word' id='word_1_436' title='bbox 2569 2745 2757 2801; x_wconf 87' lang='lat' dir='ltr'><strong>deliria</strong></span> <span class='ocrx_word' id='word_1_437' title='bbox 2798 2743 3070 2805; x_wconf 89' lang='lat' dir='ltr'><strong>docentes,</strong></span> <span class='ocrx_word' id='word_1_438' title='bbox 3114 2741 3168 2794; x_wconf 90' lang='lat' dir='ltr'><strong>in</strong></span> <span class='ocrx_word' id='word_1_439' title='bbox 3207 2731 3451 2794; x_wconf 71' lang='lat' dir='ltr'><strong>eanidem</strong></span> <span class='ocrx_word' id='word_1_440' title='bbox 3489 2737 3554 2790; x_wconf 89' lang='lat' dir='ltr'><strong>de</strong></span> <span class='ocrx_word' id='word_1_441' title='bbox 3586 2737 3712 2805; x_wconf 86' lang='lat' dir='ltr'><strong>ipso</strong></span> 
     </span>
    </p>
   </div>
   <div class='ocr_carea' id='block_1_57' title="bbox 2129 2829 3714 2909">
    <p class='ocr_par' dir='ltr' id='par_1_57' title="bbox 2129 2829 3714 2909">
     <span class='ocr_line' id='line_1_57' title="bbox 2129 2829 3714 2909; baseline -0.008 -12"><span class='ocrx_word' id='word_1_442' title='bbox 2129 2839 2448 2899; x_wconf 84' lang='lat' dir='ltr'><strong>sententiam</strong></span> <span class='ocrx_word' id='word_1_443' title='bbox 2478 2836 2774 2909; x_wconf 82' lang='lat' dir='ltr'><strong>loquimini,</strong></span> <span class='ocrx_word' id='word_1_444' title='bbox 2806 2851 2911 2905; x_wconf 87' lang='lat' dir='ltr'><strong>qua</strong></span> <span class='ocrx_word' id='word_1_445' title='bbox 2939 2833 3004 2889; x_wconf 88' lang='lat' dir='ltr'><strong>de</strong></span> <span class='ocrx_word' id='word_1_446' title='bbox 3031 2829 3372 2888; x_wconf 89' lang='lat' dir='ltr'><strong>credentibus</strong></span> <span class='ocrx_word' id='word_1_447' title='bbox 3399 2829 3598 2884; x_wconf 88' lang='lat' dir='ltr'><strong>dictum</strong></span> <span class='ocrx_word' id='word_1_448' title='bbox 3621 2838 3714 2885; x_wconf 84' lang='lat' dir='ltr'><strong>est</strong></span> 
     </span>
    </p>
   </div>
   <div class='ocr_carea' id='block_1_58' title="bbox 2132 2920 3715 3001">
    <p class='ocr_par' dir='ltr' id='par_1_58' title="bbox 2132 2920 3715 3001">
     <span class='ocr_line' id='line_1_58' title="bbox 2132 2920 3715 3001; baseline -0.009 -13"><span class='ocrx_word' id='word_1_449' title='bbox 2132 2935 2199 2988; x_wconf 90' lang='lat' dir='ltr'><strong>ab</strong></span> <span class='ocrx_word' id='word_1_450' title='bbox 2229 2931 2486 3001; x_wconf 77' lang='lat' dir='ltr'><strong>Apostolo</strong></span> <span class='ocrx_word' id='word_1_451' title='bbox 2521 2947 2533 2982; x_wconf 93' lang='lat'>:</span> <span class='ocrx_word' id='word_1_452' title='bbox 2573 2927 2829 2993; x_wconf 85' lang='lat' dir='ltr'><strong>Quoniam</strong></span> <span class='ocrx_word' id='word_1_453' title='bbox 2857 2927 3102 2996; x_wconf 72' lang='lat' dir='ltr'><strong>templum</strong></span> <span class='ocrx_word' id='word_1_454' title='bbox 3128 2923 3225 2978; x_wconf 85' lang='lat' dir='ltr'><strong>Dei</strong></span> <span class='ocrx_word' id='word_1_455' title='bbox 3249 2925 3371 2977; x_wconf 84' lang='lat' dir='ltr'><strong>estis</strong></span> <span class='ocrx_word' id='word_1_456' title='bbox 3399 2939 3504 2986; x_wconf 80' lang='lat' dir='ltr'><strong>ros,</strong></span> <span class='ocrx_word' id='word_1_457' title='bbox 3529 2932 3576 2975; x_wconf 88' lang='lat' dir='ltr'><strong>et</strong></span> <span class='ocrx_word' id='word_1_458' title='bbox 3603 2920 3715 2975; x_wconf 76' lang='lat' dir='ltr'><strong>Det</strong></span> 
     </span>
    </p>
   </div>
   <div class='ocr_carea' id='block_1_59' title="bbox 2134 3009 3715 3094">
    <p class='ocr_par' dir='ltr' id='par_1_59' title="bbox 2134 3009 3715 3094">
     <span class='ocr_line' id='line_1_59' title="bbox 2134 3009 3715 3094; baseline -0.01 -15"><span class='ocrx_word' id='word_1_459' title='bbox 2134 3024 2359 3094; x_wconf 77' lang='lat' dir='ltr'><strong>Spiritus</strong></span> <span class='ocrx_word' id='word_1_460' title='bbox 2405 3021 2660 3075; x_wconf 78' lang='lat' dir='ltr'><strong>inhabitat</strong></span> <span class='ocrx_word' id='word_1_461' title='bbox 2696 3019 2750 3071; x_wconf 83' lang='lat' dir='ltr'><strong>in</strong></span> <span class='ocrx_word' id='word_1_462' title='bbox 2791 3017 2927 3071; x_wconf 80' lang='lat' dir='ltr'><strong>vobis</strong></span> <span class='ocrx_word' id='word_1_463' title='bbox 2967 3013 3018 3086; x_wconf 88' lang='grc'><strong>(1</strong></span> <span class='ocrx_word' id='word_1_464' title='bbox 3051 3012 3170 3068; x_wconf 87' lang='lat' dir='ltr'><strong>Cor.</strong></span> <span class='ocrx_word' id='word_1_465' title='bbox 3196 3029 3274 3079; x_wconf 83' lang='lat' dir='ltr'><strong>Ill,</strong></span> <span class='ocrx_word' id='word_1_466' title='bbox 3306 3012 3426 3082; x_wconf 76' lang='lat' dir='ltr'><strong>lii);</strong></span> <span class='ocrx_word' id='word_1_467' title='bbox 3453 3012 3523 3063; x_wconf 89' lang='lat' dir='ltr'><strong>ita</strong></span> <span class='ocrx_word' id='word_1_468' title='bbox 3551 3017 3629 3073; x_wconf 88' lang='lat' dir='ltr'><strong>ut,</strong></span> <span class='ocrx_word' id='word_1_469' title='bbox 3667 3009 3715 3063; x_wconf 89' lang='lat' dir='ltr'><strong>si</strong></span> 
     </span>
    </p>
   </div>
   <div class='ocr_carea' id='block_1_60' title="bbox 2133 3102 3717 3174">
    <p class='ocr_par' dir='ltr' id='par_1_60' title="bbox 2133 3102 3717 3174">
     <span class='ocr_line' id='line_1_60' title="bbox 2133 3102 3717 3174; baseline -0.009 -4"><span class='ocrx_word' id='word_1_470' title='bbox 2133 3115 2332 3172; x_wconf 91' lang='lat' dir='ltr'><strong>erroris</strong></span> <span class='ocrx_word' id='word_1_471' title='bbox 2356 3113 2519 3167; x_wconf 89' lang='lat' dir='ltr'><strong>vestri</strong></span> <span class='ocrx_word' id='word_1_472' title='bbox 2545 3109 2791 3166; x_wconf 88' lang='lat' dir='ltr'><strong>habenda</strong></span> <span class='ocrx_word' id='word_1_473' title='bbox 2829 3109 2899 3163; x_wconf 91' lang='lat' dir='ltr'><strong>sit</strong></span> <span class='ocrx_word' id='word_1_474' title='bbox 2926 3108 3083 3172; x_wconf 86' lang='lat' dir='ltr'><strong>ratio,</strong></span> <span class='ocrx_word' id='word_1_475' title='bbox 3111 3105 3314 3160; x_wconf 88' lang='lat' dir='ltr'><strong>nullmn</strong></span> <span class='ocrx_word' id='word_1_476' title='bbox 3337 3104 3448 3174; x_wconf 88' lang='lat' dir='ltr'><strong>jam</strong></span> <span class='ocrx_word' id='word_1_477' title='bbox 3475 3102 3717 3172; x_wconf 85' lang='lat' dir='ltr'><strong>supersit</strong></span> 
     </span>
    </p>
   </div>
   <div class='ocr_carea' id='block_1_61' title="bbox 452 3200 2026 3299">
    <p class='ocr_par' dir='ltr' id='par_1_61' title="bbox 452 3221 2026 3299">
     <span class='ocr_line' id='line_1_61' title="bbox 452 3221 2026 3299; baseline -0.001 -22"><span class='ocrx_word' id='word_1_478' title='bbox 452 3221 741 3293; x_wconf 68' lang='grc' dir='ltr'><strong>γράψαντος</strong></span> <span class='ocrx_word' id='word_1_479' title='bbox 767 3226 855 3280; x_wconf 75' lang='grc' dir='ltr'><strong>τὴν</strong></span> <span class='ocrx_word' id='word_1_480' title='bbox 883 3222 1170 3288; x_wconf 74' lang='grc' dir='ltr'><strong>ἐπιστολὴν,</strong></span> <span class='ocrx_word' id='word_1_481' title='bbox 1200 3229 1249 3278; x_wconf 72' lang='grc' dir='ltr'><strong>ιν</strong></span> <span class='ocrx_word' id='word_1_482' title='bbox 1267 3231 1340 3296; x_wconf 86' lang='grc' dir='ltr'><strong>τῷ</strong></span> <span class='ocrx_word' id='word_1_483' title='bbox 1362 3225 1519 3298; x_wconf 82' lang='grc' dir='ltr'><strong>τρίτῳ</strong></span> <span class='ocrx_word' id='word_1_484' title='bbox 1543 3226 1674 3277; x_wconf 87' lang='grc' dir='ltr'><strong>κατὰ</strong></span> <span class='ocrx_word' id='word_1_485' title='bbox 1692 3223 2026 3299; x_wconf 69' lang='grc' dir='ltr'><strong>’Δπολιναρίευ</strong></span> 
     </span>
    </p>
   </div>
   <div class='ocr_carea' id='block_1_62' title="bbox 2130 3200 3716 3299">
    <p class='ocr_par' dir='ltr' id='par_1_62' title="bbox 2132 3200 3716 3273">
     <span class='ocr_line' id='line_1_62' title="bbox 2132 3200 3716 3273; baseline -0.011 -4"><span class='ocrx_word' id='word_1_486' title='bbox 2132 3229 2232 3269; x_wconf 90' lang='lat' dir='ltr'><strong>nos</strong></span> <span class='ocrx_word' id='word_1_487' title='bbox 2270 3213 2512 3267; x_wconf 88' lang='lat' dir='ltr'><strong>homines</strong></span> <span class='ocrx_word' id='word_1_488' title='bbox 2550 3211 2689 3264; x_wconf 91' lang='lat' dir='ltr'><strong>inter</strong></span> <span class='ocrx_word' id='word_1_489' title='bbox 2732 3207 3108 3273; x_wconf 87' lang='lat' dir='ltr'><strong>Christumque</strong></span> <span class='ocrx_word' id='word_1_490' title='bbox 3137 3203 3444 3267; x_wconf 86' lang='lat' dir='ltr'><strong>discrimen,</strong></span> <span class='ocrx_word' id='word_1_491' title='bbox 3471 3201 3628 3269; x_wconf 81' lang='lat' dir='ltr'><strong>juxta</strong></span> <span class='ocrx_word' id='word_1_492' title='bbox 3663 3200 3716 3253; x_wconf 90' lang='lat' dir='ltr'><strong>id</strong></span> 
     </span>
    </p>
   </div>
   <div class='ocr_carea' id='block_1_63' title="bbox 453 3311 2028 3388">
    <p class='ocr_par' dir='ltr' id='par_1_63' title="bbox 453 3311 2028 3388">
     <span class='ocr_line' id='line_1_63' title="bbox 453 3311 2028 3388; baseline 0.001 -24"><span class='ocrx_word' id='word_1_493' title='bbox 453 3311 582 3385; x_wconf 86' lang='grc' dir='ltr'><strong>λόγῳ</strong></span> <span class='ocrx_word' id='word_1_494' title='bbox 619 3319 949 3387; x_wconf 82' lang='grc' dir='ltr'><strong>παραφρονῶν</strong></span> <span class='ocrx_word' id='word_1_495' title='bbox 982 3317 1149 3368; x_wconf 84' lang='grc' dir='ltr'><strong>ταῦτα</strong></span> <span class='ocrx_word' id='word_1_496' title='bbox 1175 3315 1242 3372; x_wconf 85' lang='grc' dir='ltr'><strong>ὡς</strong></span> <span class='ocrx_word' id='word_1_497' title='bbox 1280 3313 1332 3366; x_wconf 80' lang='grc' dir='ltr'><strong><em>ἐκ</em></strong></span> <span class='ocrx_word' id='word_1_498' title='bbox 1368 3316 1644 3388; x_wconf 85' lang='grc' dir='ltr'><strong>προσώπου</strong></span> <span class='ocrx_word' id='word_1_499' title='bbox 1683 3319 1772 3368; x_wconf 92' lang='grc' dir='ltr'><strong>τοῦ</strong></span> <span class='ocrx_word' id='word_1_500' title='bbox 1807 3319 2028 3384; x_wconf 79' lang='grc' dir='ltr'><strong>Χριστοῦ</strong></span> 
     </span>
    </p>
   </div>
   <div class='ocr_carea' id='block_1_64' title="bbox 454 3400 2030 3476">
    <p class='ocr_par' dir='ltr' id='par_1_64' title="bbox 454 3400 2030 3476">
     <span class='ocr_line' id='line_1_64' title="bbox 454 3400 2030 3476; baseline 0.003 -20"><span class='ocrx_word' id='word_1_501' title='bbox 454 3403 606 3473; x_wconf 83' lang='grc' dir='ltr'><strong>λέγει’</strong></span> <span class='ocrx_word' id='word_1_502' title='bbox 632 3421 650 3453; x_wconf 83' lang='grc' dir='ltr'><strong>ι</strong></span> <span class='ocrx_word' id='word_1_503' title='bbox 672 3403 798 3476; x_wconf 86' lang='grc' dir='ltr'><strong>Ἐγώ</strong></span> <span class='ocrx_word' id='word_1_504' title='bbox 825 3407 934 3467; x_wconf 83' lang='grc' dir='ltr'><strong>ιιὲν,</strong></span> <span class='ocrx_word' id='word_1_505' title='bbox 953 3400 1006 3457; x_wconf 84' lang='grc' dir='ltr'><strong>ὃν</strong></span> <span class='ocrx_word' id='word_1_506' title='bbox 1031 3403 1182 3474; x_wconf 81' lang='grc' dir='ltr'><strong>ὁρᾶτε</strong></span> <span class='ocrx_word' id='word_1_507' title='bbox 1211 3403 1431 3475; x_wconf 76' lang='grc' dir='ltr'><strong>δύναμαι</strong></span> <span class='ocrx_word' id='word_1_508' title='bbox 1452 3408 1542 3476; x_wconf 86' lang='grc' dir='ltr'><strong>μὲν</strong></span> <span class='ocrx_word' id='word_1_509' title='bbox 1569 3409 1725 3460; x_wconf 74' lang='grc' dir='ltr'><strong>ποιεῖν</strong></span> <span class='ocrx_word' id='word_1_510' title='bbox 1741 3403 1881 3459; x_wconf 79' lang='grc' dir='ltr'><strong>οὐδὲν</strong></span> <span class='ocrx_word' id='word_1_511' title='bbox 1901 3407 2030 3460; x_wconf 86' lang='grc' dir='ltr'><strong>κατά</strong></span> 
     </span>
    </p>
   </div>
   <div class='ocr_carea' id='block_1_65' title="bbox 455 3494 2027 3572">
    <p class='ocr_par' dir='ltr' id='par_1_65' title="bbox 455 3494 2027 3572">
     <span class='ocr_line' id='line_1_65' title="bbox 455 3494 2027 3572; baseline -0.001 -21"><span class='ocrx_word' id='word_1_512' title='bbox 455 3502 545 3553; x_wconf 71' lang='grc' dir='ltr'><strong>τὴν</strong></span> <span class='ocrx_word' id='word_1_513' title='bbox 586 3497 769 3550; x_wconf 76' lang='grc' dir='ltr'><strong>οἰκείαν</strong></span> <span class='ocrx_word' id='word_1_514' title='bbox 815 3499 967 3568; x_wconf 70' lang='grc' dir='ltr'><strong>φύσιν</strong></span> <span class='ocrx_word' id='word_1_515' title='bbox 1019 3496 1108 3552; x_wconf 84' lang='grc' dir='ltr'><strong>ἅτε</strong></span> <span class='ocrx_word' id='word_1_516' title='bbox 1160 3494 1420 3572; x_wconf 79' lang='grc' dir='ltr'><strong>ἄνθρωπος</strong></span> <span class='ocrx_word' id='word_1_517' title='bbox 1470 3496 1556 3552; x_wconf 82' lang='grc' dir='ltr'><strong>ὧν.</strong></span> <span class='ocrx_word' id='word_1_518' title='bbox 1598 3500 1900 3571; x_wconf 79' lang='grc' dir='ltr'><strong>Ἐργάζομαι</strong></span> <span class='ocrx_word' id='word_1_519' title='bbox 1939 3495 2027 3561; x_wconf 78' lang='grc' dir='ltr'><strong>δὲ,</strong></span> 
     </span>
    </p>
   </div>
   <div class='ocr_carea' id='block_1_66' title="bbox 455 3583 2031 3664">
    <p class='ocr_par' dir='ltr' id='par_1_66' title="bbox 455 3583 2031 3664">
     <span class='ocr_line' id='line_1_66' title="bbox 455 3583 2031 3664; baseline 0.002 -25"><span class='ocrx_word' id='word_1_520' title='bbox 455 3583 625 3645; x_wconf 79' lang='grc' dir='ltr'><strong>ἐπειδή</strong></span> <span class='ocrx_word' id='word_1_521' title='bbox 657 3587 704 3639; x_wconf 86' lang='grc' dir='ltr'><strong>ἐν</strong></span> <span class='ocrx_word' id='word_1_522' title='bbox 730 3588 839 3657; x_wconf 71' lang='grc' dir='ltr'><strong>ἐμοὶ</strong></span> <span class='ocrx_word' id='word_1_523' title='bbox 866 3589 1026 3657; x_wconf 79' lang='grc' dir='ltr'><strong>μένων</strong></span> <span class='ocrx_word' id='word_1_524' title='bbox 1051 3589 1076 3642; x_wconf 96' lang='lat'><strong>6</strong></span> <span class='ocrx_word' id='word_1_525' title='bbox 1101 3593 1270 3664; x_wconf 76' lang='grc' dir='ltr'><strong>πατὴρ</strong></span> <span class='ocrx_word' id='word_1_526' title='bbox 1301 3586 1506 3645; x_wconf 81' lang='grc' dir='ltr'><strong>ἅπαντα</strong></span> <span class='ocrx_word' id='word_1_527' title='bbox 1533 3599 1685 3644; x_wconf 88' lang='grc' dir='ltr'><strong>ποιεῖ.</strong></span> <span class='ocrx_word' id='word_1_528' title='bbox 1716 3588 1911 3648; x_wconf 72' lang='grc' dir='ltr'><strong>Ἐπειδὴ</strong></span> <span class='ocrx_word' id='word_1_529' title='bbox 1933 3592 2031 3662; x_wconf 78' lang='grc' dir='ltr'><strong>γὰρ</strong></span> 
     </span>
    </p>
   </div>
   <div class='ocr_carea' id='block_1_67' title="bbox 455 3677 2032 3755">
    <p class='ocr_par' dir='ltr' id='par_1_67' title="bbox 455 3677 2032 3755">
     <span class='ocr_line' id='line_1_67' title="bbox 455 3677 2032 3755; baseline 0.001 -25"><span class='ocrx_word' id='word_1_530' title='bbox 455 3680 552 3748; x_wconf 75' lang='grc' dir='ltr'><strong>ἐγώ</strong></span> <span class='ocrx_word' id='word_1_531' title='bbox 579 3699 655 3741; x_wconf 89' lang='grc' dir='ltr'><strong>τε,</strong></span> <span class='ocrx_word' id='word_1_532' title='bbox 680 3681 852 3751; x_wconf 75' lang='grc' dir='ltr'><strong>φησὶν,</strong></span> <span class='ocrx_word' id='word_1_533' title='bbox 873 3680 922 3732; x_wconf 76' lang='grc' dir='ltr'><strong>ἕν</strong></span> <span class='ocrx_word' id='word_1_534' title='bbox 947 3687 1019 3749; x_wconf 81' lang='grc' dir='ltr'><strong>τῷ</strong></span> <span class='ocrx_word' id='word_1_535' title='bbox 1047 3682 1228 3752; x_wconf 84' lang='grc' dir='ltr'><strong>πατρὶ,</strong></span> <span class='ocrx_word' id='word_1_536' title='bbox 1255 3683 1339 3734; x_wconf 80' lang='grc' dir='ltr'><strong>καὶ</strong></span> <span class='ocrx_word' id='word_1_537' title='bbox 1359 3679 1387 3734; x_wconf 88' lang='lat'><strong>6</strong></span> <span class='ocrx_word' id='word_1_538' title='bbox 1415 3684 1582 3755; x_wconf 72' lang='grc' dir='ltr'><strong>πατὴρ</strong></span> <span class='ocrx_word' id='word_1_539' title='bbox 1603 3682 1652 3732; x_wconf 71' lang='grc' dir='ltr'><strong>ἔν</strong></span> <span class='ocrx_word' id='word_1_540' title='bbox 1677 3681 1804 3749; x_wconf 82' lang='grc' dir='ltr'><strong>ἐμοὶ,</strong></span> <span class='ocrx_word' id='word_1_541' title='bbox 1827 3680 1950 3735; x_wconf 82' lang='grc' dir='ltr'><strong>Θεὸς</strong></span> <span class='ocrx_word' id='word_1_542' title='bbox 1980 3677 2032 3733; x_wconf 76' lang='grc' dir='ltr'><strong>δὲ</strong></span> 
     </span>
    </p>
   </div>
   <div class='ocr_carea' id='block_1_68' title="bbox 455 3767 2034 3845">
    <p class='ocr_par' dir='ltr' id='par_1_68' title="bbox 455 3767 2034 3845">
     <span class='ocr_line' id='line_1_68' title="bbox 455 3767 2034 3845; baseline 0.001 -23"><span class='ocrx_word' id='word_1_543' title='bbox 455 3767 602 3839; x_wconf 90' lang='grc' dir='ltr'><strong>λόγος</strong></span> <span class='ocrx_word' id='word_1_544' title='bbox 631 3770 679 3822; x_wconf 80' lang='grc' dir='ltr'><strong>ἐν</strong></span> <span class='ocrx_word' id='word_1_545' title='bbox 700 3770 812 3838; x_wconf 72' lang='grc' dir='ltr'><strong>ἐμοὶ</strong></span> <span class='ocrx_word' id='word_1_546' title='bbox 831 3767 860 3824; x_wconf 88' lang='lat'><strong>6</strong></span> <span class='ocrx_word' id='word_1_547' title='bbox 887 3775 978 3824; x_wconf 90' lang='grc' dir='ltr'><strong>τοῦ</strong></span> <span class='ocrx_word' id='word_1_548' title='bbox 1011 3776 1137 3822; x_wconf 84' lang='grc' dir='ltr'><strong>Θεοῦ</strong></span> <span class='ocrx_word' id='word_1_549' title='bbox 1166 3774 1454 3840; x_wconf 75' lang='grc' dir='ltr'><strong>μςνογενής,</strong></span> <span class='ocrx_word' id='word_1_550' title='bbox 1486 3767 1631 3826; x_wconf 81' lang='grc' dir='ltr'><strong>δῆλον</strong></span> <span class='ocrx_word' id='word_1_551' title='bbox 1660 3768 1737 3824; x_wconf 84' lang='grc' dir='ltr'><strong>ὄτι</strong></span> <span class='ocrx_word' id='word_1_552' title='bbox 1756 3774 1839 3824; x_wconf 80' lang='grc' dir='ltr'><strong>καὶ</strong></span> <span class='ocrx_word' id='word_1_553' title='bbox 1865 3779 2034 3845; x_wconf 76' lang='grc' dir='ltr'><strong>πατήρ</strong></span> 
     </span>
    </p>
   </div>
   <div class='ocr_carea' id='block_1_69' title="bbox 457 3857 2034 3941">
    <p class='ocr_par' dir='ltr' id='par_1_69' title="bbox 457 3857 2034 3941">
     <span class='ocr_line' id='line_1_69' title="bbox 457 3857 2034 3941; baseline -0.001 -27"><span class='ocrx_word' id='word_1_554' title='bbox 457 3860 552 3914; x_wconf 80' lang='grc' dir='ltr'><strong>σὺν</strong></span> <span class='ocrx_word' id='word_1_555' title='bbox 572 3859 729 3926; x_wconf 82' lang='grc' dir='ltr'><strong>αὐτῷ,</strong></span> <span class='ocrx_word' id='word_1_556' title='bbox 760 3859 811 3910; x_wconf 77' lang='grc' dir='ltr'><strong>ἐν</strong></span> <span class='ocrx_word' id='word_1_557' title='bbox 833 3858 941 3941; x_wconf 60' lang='grc' dir='ltr'><strong>ξμοί</strong></span> <span class='ocrx_word' id='word_1_558' title='bbox 957 3877 1012 3912; x_wconf 92' lang='grc' dir='ltr'><strong>τε</strong></span> <span class='ocrx_word' id='word_1_559' title='bbox 1040 3860 1218 3928; x_wconf 70' lang='grc' dir='ltr'><strong>μένων,</strong></span> <span class='ocrx_word' id='word_1_560' title='bbox 1249 3861 1419 3913; x_wconf 85' lang='grc' dir='ltr'><strong>καὶτά</strong></span> <span class='ocrx_word' id='word_1_561' title='bbox 1447 3857 1572 3933; x_wconf 70' lang='grc' dir='ltr'><strong>ἔργα</strong></span> <span class='ocrx_word' id='word_1_562' title='bbox 1597 3866 1776 3913; x_wconf 86' lang='grc' dir='ltr'><strong>ποιῶν⁶</strong></span> <span class='ocrx_word' id='word_1_563' title='bbox 1805 3862 1890 3914; x_wconf 82' lang='grc' dir='ltr'><strong>καὶ</strong></span> <span class='ocrx_word' id='word_1_564' title='bbox 1909 3862 2034 3913; x_wconf 89' lang='grc' dir='ltr'><strong>θαυ-</strong></span> 
     </span>
    </p>
   </div>
   <div class='ocr_carea' id='block_1_70' title="bbox 459 3947 2036 4024">
    <p class='ocr_par' dir='ltr' id='par_1_70' title="bbox 459 3947 2036 4024">
     <span class='ocr_line' id='line_1_70' title="bbox 459 3947 2036 4024; baseline 0.003 -21"><span class='ocrx_word' id='word_1_565' title='bbox 459 3949 654 4017; x_wconf 83' lang='grc' dir='ltr'><strong>μαστόν</strong></span> <span class='ocrx_word' id='word_1_566' title='bbox 679 3967 735 4018; x_wconf 87' lang='grc' dir='ltr'><strong>γε</strong></span> <span class='ocrx_word' id='word_1_567' title='bbox 770 3947 912 4002; x_wconf 72' lang='grc' dir='ltr'><strong>οὐδὲν</strong></span> <span class='ocrx_word' id='word_1_568' title='bbox 940 3950 1026 4002; x_wconf 70' lang='grc' dir='ltr'><strong>ἐπὶ</strong></span> <span class='ocrx_word' id='word_1_569' title='bbox 1049 3956 1140 4003; x_wconf 91' lang='grc' dir='ltr'><strong>τοῦ</strong></span> <span class='ocrx_word' id='word_1_570' title='bbox 1170 3956 1388 4024; x_wconf 83' lang='grc' dir='ltr'><strong>Χριστοῦ</strong></span> <span class='ocrx_word' id='word_1_571' title='bbox 1417 3957 1570 4006; x_wconf 89' lang='grc' dir='ltr'><strong>τοῦτο</strong></span> <span class='ocrx_word' id='word_1_572' title='bbox 1597 3953 1832 4021; x_wconf 85' lang='grc' dir='ltr'><strong>νομίζειν,</strong></span> <span class='ocrx_word' id='word_1_573' title='bbox 1863 3959 2036 4022; x_wconf 69' lang='grc' dir='ltr'><strong>σαφῶς</strong></span> 
     </span>
    </p>
   </div>
   <div class='ocr_carea' id='block_1_71' title="bbox 459 4038 2035 4116">
    <p class='ocr_par' dir='ltr' id='par_1_71' title="bbox 459 4038 2035 4116">
     <span class='ocr_line' id='line_1_71' title="bbox 459 4038 2035 4116; baseline 0.005 -28"><span class='ocrx_word' id='word_1_574' title='bbox 459 4038 618 4092; x_wconf 83' lang='grc' dir='ltr'><strong>αὐτοῦ</strong></span> <span class='ocrx_word' id='word_1_575' title='bbox 645 4039 880 4108; x_wconf 81' lang='grc' dir='ltr'><strong>περὶτῶν</strong></span> <span class='ocrx_word' id='word_1_576' title='bbox 904 4038 1090 4092; x_wconf 86' lang='grc' dir='ltr'><strong>λοιπῶν</strong></span> <span class='ocrx_word' id='word_1_577' title='bbox 1107 4038 1335 4112; x_wconf 76' lang='grc' dir='ltr'><strong>λέγοντος</strong></span> <span class='ocrx_word' id='word_1_578' title='bbox 1355 4041 1650 4116; x_wconf 80' lang='grc' dir='ltr'><strong>ἀνθρώπων,</strong></span> <span class='ocrx_word' id='word_1_579' title='bbox 1664 4039 1801 4094; x_wconf 77' lang='grc' dir='ltr'><strong>-¹Ο</strong></span> <span class='ocrx_word' id='word_1_580' title='bbox 1823 4042 2035 4114; x_wconf 78' lang='grc' dir='ltr'><strong>ἀγαπῶν</strong></span> 
     </span>
    </p>
   </div>
   <div class='ocr_carea' id='block_1_72' title="bbox 460 4126 2037 4207">
    <p class='ocr_par' dir='ltr' id='par_1_72' title="bbox 460 4126 2037 4207">
     <span class='ocr_line' id='line_1_72' title="bbox 460 4126 2037 4207; baseline 0.006 -30"><span class='ocrx_word' id='word_1_581' title='bbox 460 4147 520 4196; x_wconf 83' lang='grc' dir='ltr'><strong>με</strong></span> <span class='ocrx_word' id='word_1_582' title='bbox 541 4126 625 4179; x_wconf 83' lang='grc' dir='ltr'><strong>τὸν</strong></span> <span class='ocrx_word' id='word_1_583' title='bbox 648 4126 790 4198; x_wconf 87' lang='grc' dir='ltr'><strong>λόγον</strong></span> <span class='ocrx_word' id='word_1_584' title='bbox 817 4149 914 4199; x_wconf 81' lang='grc' dir='ltr'><strong>μου</strong></span> <span class='ocrx_word' id='word_1_585' title='bbox 939 4133 1171 4199; x_wconf 77' lang='grc' dir='ltr'><strong>τηρήσει,</strong></span> <span class='ocrx_word' id='word_1_586' title='bbox 1200 4133 1284 4184; x_wconf 80' lang='grc' dir='ltr'><strong>καί</strong></span> <span class='ocrx_word' id='word_1_587' title='bbox 1305 4129 1332 4185; x_wconf 91' lang='lat'><strong>6</strong></span> <span class='ocrx_word' id='word_1_588' title='bbox 1359 4136 1530 4206; x_wconf 78' lang='grc' dir='ltr'><strong>πατήρ</strong></span> <span class='ocrx_word' id='word_1_589' title='bbox 1552 4153 1650 4204; x_wconf 86' lang='grc' dir='ltr'><strong>μου</strong></span> <span class='ocrx_word' id='word_1_590' title='bbox 1671 4133 1926 4207; x_wconf 75' lang='grc' dir='ltr'><strong>ἀγαπήσει</strong></span> <span class='ocrx_word' id='word_1_591' title='bbox 1950 4136 2037 4188; x_wconf 82' lang='grc' dir='ltr'><strong>αὐ-</strong></span> 
     </span>
    </p>
   </div>
   <div class='ocr_carea' id='block_1_73' title="bbox 461 4219 2035 4296">
    <p class='ocr_par' dir='ltr' id='par_1_73' title="bbox 461 4219 2035 4296">
     <span class='ocr_line' id='line_1_73' title="bbox 461 4219 2035 4296; baseline 0.004 -25"><span class='ocrx_word' id='word_1_592' title='bbox 461 4219 578 4281; x_wconf 85' lang='grc' dir='ltr'><strong>τόν,</strong></span> <span class='ocrx_word' id='word_1_593' title='bbox 619 4221 701 4272; x_wconf 81' lang='grc' dir='ltr'><strong>καί</strong></span> <span class='ocrx_word' id='word_1_594' title='bbox 728 4219 852 4295; x_wconf 85' lang='grc' dir='ltr'><strong>πρὸς</strong></span> <span class='ocrx_word' id='word_1_595' title='bbox 885 4221 1034 4279; x_wconf 80' lang='grc' dir='ltr'><strong>αὐτὸν</strong></span> <span class='ocrx_word' id='word_1_596' title='bbox 1065 4222 1401 4292; x_wconf 73' lang='grc' dir='ltr'><strong>ἐλευσόμεθα,</strong></span> <span class='ocrx_word' id='word_1_597' title='bbox 1439 4229 1524 4278; x_wconf 74' lang='grc' dir='ltr'><strong>καὶ</strong></span> <span class='ocrx_word' id='word_1_598' title='bbox 1567 4227 1718 4290; x_wconf 75' lang='grc' dir='ltr'><strong>μονήν</strong></span> <span class='ocrx_word' id='word_1_599' title='bbox 1749 4224 1874 4296; x_wconf 83' lang='grc' dir='ltr'><strong>παρ’</strong></span> <span class='ocrx_word' id='word_1_600' title='bbox 1901 4228 2035 4296; x_wconf 80' lang='grc' dir='ltr'><strong>αῦτῷ</strong></span> 
     </span>
    </p>
   </div>
   <div class='ocr_carea' id='block_1_74' title="bbox 461 4311 2036 4393">
    <p class='ocr_par' dir='ltr' id='par_1_74' title="bbox 461 4311 2036 4393">
     <span class='ocr_line' id='line_1_74' title="bbox 461 4311 2036 4393; baseline 0.008 -32"><span class='ocrx_word' id='word_1_601' title='bbox 461 4311 892 4377; x_wconf 57' lang='lat' dir='ltr'><strong>«minuam—Ei</strong></span> <span class='ocrx_word' id='word_1_602' title='bbox 907 4312 1004 4382; x_wconf 83' lang='grc' dir='ltr'><strong>γάρ</strong></span> <span class='ocrx_word' id='word_1_603' title='bbox 1016 4311 1142 4384; x_wconf 86' lang='grc' dir='ltr'><strong>παρ’</strong></span> <span class='ocrx_word' id='word_1_604' title='bbox 1158 4312 1350 4380; x_wconf 78' lang='grc' dir='ltr'><strong>ἑκάστῳ</strong></span> <span class='ocrx_word' id='word_1_605' title='bbox 1366 4316 1468 4366; x_wconf 85' lang='grc' dir='ltr'><strong>τῶν</strong></span> <span class='ocrx_word' id='word_1_606' title='bbox 1489 4314 1732 4367; x_wconf 85' lang='grc' dir='ltr'><strong>τοιούτων</strong></span> <span class='ocrx_word' id='word_1_607' title='bbox 1763 4315 1844 4370; x_wconf 83' lang='grc' dir='ltr'><strong>ὅτε</strong></span> <span class='ocrx_word' id='word_1_608' title='bbox 1866 4321 2036 4393; x_wconf 78' lang='grc' dir='ltr'><strong>πατήρ</strong></span> 
     </span>
    </p>
   </div>
   <div class='ocr_carea' id='block_1_75' title="bbox 461 4397 2035 4476">
    <p class='ocr_par' dir='ltr' id='par_1_75' title="bbox 461 4397 2035 4476">
     <span class='ocr_line' id='line_1_75' title="bbox 461 4397 2035 4476; baseline 0.006 -27"><span class='ocrx_word' id='word_1_609' title='bbox 461 4401 545 4452; x_wconf 85' lang='grc' dir='ltr'><strong>καὶ</strong></span> <span class='ocrx_word' id='word_1_610' title='bbox 572 4397 599 4452; x_wconf 90' lang='lat'><strong>6</strong></span> <span class='ocrx_word' id='word_1_611' title='bbox 636 4398 744 4459; x_wconf 83' lang='grc' dir='ltr'><strong>υίὸς</strong></span> <span class='ocrx_word' id='word_1_612' title='bbox 773 4404 861 4458; x_wconf 77' lang='grc' dir='ltr'><strong>τήν</strong></span> <span class='ocrx_word' id='word_1_613' title='bbox 887 4402 1041 4470; x_wconf 73' lang='grc' dir='ltr'><strong>μονήν</strong></span> <span class='ocrx_word' id='word_1_614' title='bbox 1070 4407 1358 4464; x_wconf 83' lang='grc' dir='ltr'><strong>ποιοῦνται,</strong></span> <span class='ocrx_word' id='word_1_615' title='bbox 1401 4404 1452 4456; x_wconf 85' lang='grc' dir='ltr'><strong>τί</strong></span> <span class='ocrx_word' id='word_1_616' title='bbox 1476 4402 1767 4474; x_wconf 75' lang='grc' dir='ltr'><strong>θαυμαστὸν</strong></span> <span class='ocrx_word' id='word_1_617' title='bbox 1809 4408 1853 4457; x_wconf 82' lang='grc' dir='ltr'><strong>εἰ</strong></span> <span class='ocrx_word' id='word_1_618' title='bbox 1881 4406 1928 4457; x_wconf 79' lang='grc' dir='ltr'><strong>ἐν</strong></span> <span class='ocrx_word' id='word_1_619' title='bbox 1964 4413 2035 4476; x_wconf 85' lang='grc' dir='ltr'><strong>τῷ</strong></span> 
     </span>
    </p>
   </div>
   <div class='ocr_carea' id='block_1_76' title="bbox 461 4477 2037 4565">
    <p class='ocr_par' dir='ltr' id='par_1_76' title="bbox 461 4485 2037 4565">
     <span class='ocr_line' id='line_1_76' title="bbox 461 4485 2037 4565; baseline 0.006 -28"><span class='ocrx_word' id='word_1_620' title='bbox 461 4488 591 4540; x_wconf 79' lang='grc' dir='ltr'><strong>κατὰ</strong></span> <span class='ocrx_word' id='word_1_621' title='bbox 631 4487 798 4560; x_wconf 80' lang='grc' dir='ltr'><strong>σάρκα</strong></span> <span class='ocrx_word' id='word_1_622' title='bbox 831 4485 1050 4561; x_wconf 72' lang='grc' dir='ltr'><strong>δεσπότῃ</strong></span> <span class='ocrx_word' id='word_1_623' title='bbox 1077 4497 1280 4561; x_wconf 81' lang='grc' dir='ltr'><strong>Χριστῷ</strong></span> <span class='ocrx_word' id='word_1_624' title='bbox 1321 4487 1466 4562; x_wconf 78' lang='grc' dir='ltr'><strong>ἄμφω</strong></span> <span class='ocrx_word' id='word_1_625' title='bbox 1505 4495 1635 4546; x_wconf 84' lang='grc' dir='ltr'><strong>κατὰ</strong></span> <span class='ocrx_word' id='word_1_626' title='bbox 1680 4493 1861 4547; x_wconf 84' lang='grc' dir='ltr'><strong>ταυτὸν</strong></span> <span class='ocrx_word' id='word_1_627' title='bbox 1897 4497 2037 4565; x_wconf 82' lang='grc' dir='ltr'><strong>νομί-</strong></span> 
     </span>
    </p>
   </div>
   <div class='ocr_carea' id='block_1_77' title="bbox 2132 3293 3717 3378">
    <p class='ocr_par' dir='ltr' id='par_1_77' title="bbox 2132 3293 3717 3378">
     <span class='ocr_line' id='line_1_77' title="bbox 2132 3293 3717 3378; baseline -0.009 -17"><span class='ocrx_word' id='word_1_628' title='bbox 2132 3306 2275 3378; x_wconf 80' lang='lat' dir='ltr'><strong>qnod</strong></span> <span class='ocrx_word' id='word_1_629' title='bbox 2302 3303 2614 3360; x_wconf 89' lang='lat' dir='ltr'><strong>Theodorus</strong></span> <span class='ocrx_word' id='word_1_630' title='bbox 2644 3301 2924 3356; x_wconf 73' lang='lat' dir='ltr'><strong>haereticus</strong></span> <span class='ocrx_word' id='word_1_631' title='bbox 2966 3299 3106 3354; x_wconf 90' lang='lat' dir='ltr'><strong>illius</strong></span> <span class='ocrx_word' id='word_1_632' title='bbox 3149 3295 3387 3365; x_wconf 66' lang='lat' dir='ltr'><strong>epistolae</strong></span> <span class='ocrx_word' id='word_1_633' title='bbox 3431 3293 3717 3362; x_wconf 87' lang='lat' dir='ltr'><strong>scriptoris</strong></span> 
     </span>
    </p>
   </div>
   <div class='ocr_carea' id='block_1_78' title="bbox 2130 3387 3717 3463">
    <p class='ocr_par' dir='ltr' id='par_1_78' title="bbox 2130 3387 3717 3463">
     <span class='ocr_line' id='line_1_78' title="bbox 2130 3387 3717 3463; baseline -0.008 -12"><span class='ocrx_word' id='word_1_634' title='bbox 2130 3397 2383 3463; x_wconf 82' lang='lat' dir='ltr'><strong>magister</strong></span> <span class='ocrx_word' id='word_1_635' title='bbox 2415 3396 2469 3450; x_wconf 92' lang='lat' dir='ltr'><strong>in</strong></span> <span class='ocrx_word' id='word_1_636' title='bbox 2511 3393 2670 3448; x_wconf 89' lang='lat' dir='ltr'><strong>tertio</strong></span> <span class='ocrx_word' id='word_1_637' title='bbox 2704 3392 2960 3446; x_wconf 88' lang='lat' dir='ltr'><strong>adversus</strong></span> <span class='ocrx_word' id='word_1_638' title='bbox 2999 3387 3387 3458; x_wconf 84' lang='lat' dir='ltr'><strong>Apollinarium</strong></span> <span class='ocrx_word' id='word_1_639' title='bbox 3433 3397 3717 3448; x_wconf 85' lang='lat' dir='ltr'><strong>sermone,</strong></span> 
     </span>
    </p>
   </div>
   <div class='ocr_carea' id='block_1_79' title="bbox 2130 3475 3718 3553">
    <p class='ocr_par' dir='ltr' id='par_1_79' title="bbox 2130 3475 3718 3553">
     <span class='ocr_line' id='line_1_79' title="bbox 2130 3475 3718 3553; baseline -0.011 -11"><span class='ocrx_word' id='word_1_640' title='bbox 2130 3487 2398 3552; x_wconf 74' lang='lat' dir='ltr'><strong>Christum</strong></span> <span class='ocrx_word' id='word_1_641' title='bbox 2430 3484 2496 3539; x_wconf 90' lang='lat' dir='ltr'><strong>de</strong></span> <span class='ocrx_word' id='word_1_642' title='bbox 2522 3500 2580 3539; x_wconf 92' lang='lat' dir='ltr'><strong>se</strong></span> <span class='ocrx_word' id='word_1_643' title='bbox 2610 3485 2725 3553; x_wconf 89' lang='lat' dir='ltr'><strong>ipso</strong></span> <span class='ocrx_word' id='word_1_644' title='bbox 2755 3483 3061 3551; x_wconf 88' lang='lat' dir='ltr'><strong>loquentem</strong></span> <span class='ocrx_word' id='word_1_645' title='bbox 3089 3478 3434 3534; x_wconf 88' lang='lat' dir='ltr'><strong>introducens</strong></span> <span class='ocrx_word' id='word_1_646' title='bbox 3463 3475 3567 3529; x_wconf 89' lang='lat' dir='ltr'><strong>hoc</strong></span> <span class='ocrx_word' id='word_1_647' title='bbox 3591 3490 3718 3527; x_wconf 80' lang='lat' dir='ltr'><strong>Illo-</strong></span> 
     </span>
    </p>
   </div>
   <div class='ocr_carea' id='block_1_80' title="bbox 2132 3568 3720 3645">
    <p class='ocr_par' dir='ltr' id='par_1_80' title="bbox 2132 3568 3720 3645">
     <span class='ocr_line' id='line_1_80' title="bbox 2132 3568 3720 3645; baseline -0.007 -13"><span class='ocrx_word' id='word_1_648' title='bbox 2132 3579 2220 3641; x_wconf 92' lang='lat' dir='ltr'><strong>do,</strong></span> <span class='ocrx_word' id='word_1_649' title='bbox 2271 3578 2454 3645; x_wconf 89' lang='lat' dir='ltr'><strong>inepte</strong></span> <span class='ocrx_word' id='word_1_650' title='bbox 2501 3583 2838 3629; x_wconf 89' lang='lat' dir='ltr'><strong>commentus</strong></span> <span class='ocrx_word' id='word_1_651' title='bbox 2885 3581 3012 3628; x_wconf 86' lang='lat' dir='ltr'><strong>est:</strong></span> <span class='ocrx_word' id='word_1_652' title='bbox 3052 3590 3068 3622; x_wconf 81' lang='grc' dir='ltr'><strong>ι</strong></span> <span class='ocrx_word' id='word_1_653' title='bbox 3106 3569 3218 3638; x_wconf 82' lang='lat' dir='ltr'><strong>Ego</strong></span> <span class='ocrx_word' id='word_1_654' title='bbox 3259 3568 3506 3638; x_wconf 90' lang='lat' dir='ltr'><strong>quidem,</strong></span> <span class='ocrx_word' id='word_1_655' title='bbox 3547 3581 3720 3634; x_wconf 89' lang='lat' dir='ltr'><strong>quem</strong></span> 
     </span>
    </p>
   </div>
   <div class='ocr_carea' id='block_1_81' title="bbox 2135 3658 3721 3740">
    <p class='ocr_par' dir='ltr' id='par_1_81' title="bbox 2135 3658 3721 3740">
     <span class='ocr_line' id='line_1_81' title="bbox 2135 3658 3721 3740; baseline -0.008 -18"><span class='ocrx_word' id='word_1_656' title='bbox 2135 3667 2439 3740; x_wconf 89' lang='lat' dir='ltr'><strong>prospicitis</strong></span> <span class='ocrx_word' id='word_1_657' title='bbox 2467 3660 2595 3720; x_wconf 84' lang='lat' dir='ltr'><strong>nihil</strong></span> <span class='ocrx_word' id='word_1_658' title='bbox 2625 3663 2802 3720; x_wconf 87' lang='lat' dir='ltr'><strong>facere</strong></span> <span class='ocrx_word' id='word_1_659' title='bbox 2831 3677 3046 3734; x_wconf 83' lang='lat' dir='ltr'><strong>possunt</strong></span> <span class='ocrx_word' id='word_1_660' title='bbox 3078 3658 3367 3718; x_wconf 86' lang='lat' dir='ltr'><strong>secundum</strong></span> <span class='ocrx_word' id='word_1_661' title='bbox 3402 3673 3576 3712; x_wconf 85' lang='lat' dir='ltr'><strong>meam</strong></span> <span class='ocrx_word' id='word_1_662' title='bbox 3616 3673 3721 3710; x_wconf 77' lang='lat' dir='ltr'><strong>na-</strong></span> 
     </span>
    </p>
   </div>
   <div class='ocr_carea' id='block_1_82' title="bbox 2135 3748 3719 3832">
    <p class='ocr_par' dir='ltr' id='par_1_82' title="bbox 2135 3748 3719 3832">
     <span class='ocr_line' id='line_1_82' title="bbox 2135 3748 3719 3832; baseline -0.005 -22"><span class='ocrx_word' id='word_1_663' title='bbox 2135 3767 2328 3822; x_wconf 86' lang='lat' dir='ltr'><strong>turam,</strong></span> <span class='ocrx_word' id='word_1_664' title='bbox 2355 3771 2479 3811; x_wconf 88' lang='lat' dir='ltr'><strong>eum</strong></span> <span class='ocrx_word' id='word_1_665' title='bbox 2516 3756 2678 3810; x_wconf 89' lang='lat' dir='ltr'><strong>homo</strong></span> <span class='ocrx_word' id='word_1_666' title='bbox 2707 3755 2806 3809; x_wconf 92' lang='lat' dir='ltr'><strong>sim</strong></span> <span class='ocrx_word' id='word_1_667' title='bbox 2847 3771 2860 3807; x_wconf 94' lang='lat'><strong>:</strong></span> <span class='ocrx_word' id='word_1_668' title='bbox 2893 3769 3090 3823; x_wconf 89' lang='lat' dir='ltr'><strong>operor</strong></span> <span class='ocrx_word' id='word_1_669' title='bbox 3117 3759 3328 3832; x_wconf 47' lang='lat' dir='ltr'><strong>autem,</strong></span> <span class='ocrx_word' id='word_1_670' title='bbox 3358 3748 3612 3819; x_wconf 90' lang='lat' dir='ltr'><strong>quoniam</strong></span> <span class='ocrx_word' id='word_1_671' title='bbox 3661 3749 3719 3802; x_wconf 90' lang='lat' dir='ltr'><strong>in</strong></span> 
     </span>
    </p>
   </div>
   <div class='ocr_carea' id='block_1_83' title="bbox 2135 3839 3716 3914">
    <p class='ocr_par' dir='ltr' id='par_1_83' title="bbox 2135 3839 3716 3914">
     <span class='ocr_line' id='line_1_83' title="bbox 2135 3839 3716 3914; baseline -0.006 -11"><span class='ocrx_word' id='word_1_672' title='bbox 2135 3863 2223 3904; x_wconf 90' lang='lat' dir='ltr'><strong>me</strong></span> <span class='ocrx_word' id='word_1_673' title='bbox 2261 3862 2484 3902; x_wconf 88' lang='lat' dir='ltr'><strong>manens</strong></span> <span class='ocrx_word' id='word_1_674' title='bbox 2512 3846 2671 3900; x_wconf 85' lang='lat' dir='ltr'><strong>Pater</strong></span> <span class='ocrx_word' id='word_1_675' title='bbox 2698 3853 2885 3901; x_wconf 88' lang='lat' dir='ltr'><strong>cuncta</strong></span> <span class='ocrx_word' id='word_1_676' title='bbox 2918 3852 3171 3914; x_wconf 89' lang='lat' dir='ltr'><strong>operatur</strong></span> <span class='ocrx_word' id='word_1_677' title='bbox 3201 3861 3214 3896; x_wconf 88' lang='lat'><strong>:</strong></span> <span class='ocrx_word' id='word_1_678' title='bbox 3259 3842 3559 3905; x_wconf 89' lang='lat' dir='ltr'><strong>enimvero,</strong></span> <span class='ocrx_word' id='word_1_679' title='bbox 3622 3839 3716 3894; x_wconf 86' lang='lat' dir='ltr'><strong>in-</strong></span> 
     </span>
    </p>
   </div>
   <div class='ocr_carea' id='block_1_84' title="bbox 2135 3940 3721 4016">
    <p class='ocr_par' dir='ltr' id='par_1_84' title="bbox 2135 3940 3721 4016">
     <span class='ocr_line' id='line_1_84' title="bbox 2135 3940 3721 4016; baseline -0.006 -14"><span class='ocrx_word' id='word_1_680' title='bbox 2135 3947 2270 4016; x_wconf 83' lang='lat' dir='ltr'><strong>quit,</strong></span> <span class='ocrx_word' id='word_1_681' title='bbox 2299 3954 2355 4001; x_wconf 90' lang='lat' dir='ltr'><strong>et</strong></span> <span class='ocrx_word' id='word_1_682' title='bbox 2382 3960 2483 4014; x_wconf 83' lang='lat' dir='ltr'><strong>ego</strong></span> <span class='ocrx_word' id='word_1_683' title='bbox 2512 3945 2565 3999; x_wconf 88' lang='lat' dir='ltr'><strong>in</strong></span> <span class='ocrx_word' id='word_1_684' title='bbox 2605 3943 2783 4008; x_wconf 86' lang='lat' dir='ltr'><strong>Patre,</strong></span> <span class='ocrx_word' id='word_1_685' title='bbox 2818 3952 2874 3998; x_wconf 91' lang='lat' dir='ltr'><strong>et</strong></span> <span class='ocrx_word' id='word_1_686' title='bbox 2900 3942 3060 3997; x_wconf 87' lang='lat' dir='ltr'><strong>Pater</strong></span> <span class='ocrx_word' id='word_1_687' title='bbox 3101 3943 3154 3996; x_wconf 89' lang='lat' dir='ltr'><strong>in</strong></span> <span class='ocrx_word' id='word_1_688' title='bbox 3196 3956 3303 4008; x_wconf 89' lang='lat' dir='ltr'><strong>me,</strong></span> <span class='ocrx_word' id='word_1_689' title='bbox 3346 3940 3486 3994; x_wconf 92' lang='lat' dir='ltr'><strong>Deus</strong></span> <span class='ocrx_word' id='word_1_690' title='bbox 3529 3947 3721 3993; x_wconf 89' lang='lat' dir='ltr'><strong>autem</strong></span> 
     </span>
    </p>
   </div>
   <div class='ocr_carea' id='block_1_85' title="bbox 2136 4030 3723 4103">
    <p class='ocr_par' dir='ltr' id='par_1_85' title="bbox 2136 4030 3723 4103">
     <span class='ocr_line' id='line_1_85' title="bbox 2136 4030 3723 4103; baseline -0.004 -11"><span class='ocrx_word' id='word_1_691' title='bbox 2136 4036 2372 4092; x_wconf 69' lang='lat' dir='ltr'><strong>Verbum</strong></span> <span class='ocrx_word' id='word_1_692' title='bbox 2397 4034 2728 4103; x_wconf 82' lang='lat' dir='ltr'><strong>unigenitum</strong></span> <span class='ocrx_word' id='word_1_693' title='bbox 2757 4034 2810 4088; x_wconf 92' lang='lat' dir='ltr'><strong>in</strong></span> <span class='ocrx_word' id='word_1_694' title='bbox 2839 4048 2926 4088; x_wconf 90' lang='lat' dir='ltr'><strong>me</strong></span> <span class='ocrx_word' id='word_1_695' title='bbox 2953 4041 3034 4088; x_wconf 90' lang='lat' dir='ltr'><strong>est</strong></span> <span class='ocrx_word' id='word_1_696' title='bbox 3062 4050 3077 4085; x_wconf 87' lang='lat'><strong>:</strong></span> <span class='ocrx_word' id='word_1_697' title='bbox 3105 4041 3309 4086; x_wconf 91' lang='lat' dir='ltr'><strong>certum</strong></span> <span class='ocrx_word' id='word_1_698' title='bbox 3337 4039 3442 4096; x_wconf 91' lang='lat' dir='ltr'><strong>est,</strong></span> <span class='ocrx_word' id='word_1_699' title='bbox 3484 4030 3634 4098; x_wconf 90' lang='lat' dir='ltr'><strong>quod</strong></span> <span class='ocrx_word' id='word_1_700' title='bbox 3661 4038 3723 4085; x_wconf 90' lang='lat' dir='ltr'><strong>et</strong></span> 
     </span>
    </p>
   </div>
   <div class='ocr_carea' id='block_1_86' title="bbox 2139 4118 3721 4192">
    <p class='ocr_par' dir='ltr' id='par_1_86' title="bbox 2139 4118 3721 4192">
     <span class='ocr_line' id='line_1_86' title="bbox 2139 4118 3721 4192; baseline -0.002 -15"><span class='ocrx_word' id='word_1_701' title='bbox 2139 4123 2298 4179; x_wconf 87' lang='lat' dir='ltr'><strong>Pater</strong></span> <span class='ocrx_word' id='word_1_702' title='bbox 2325 4140 2446 4178; x_wconf 91' lang='lat' dir='ltr'><strong>cum</strong></span> <span class='ocrx_word' id='word_1_703' title='bbox 2477 4124 2594 4192; x_wconf 88' lang='lat' dir='ltr'><strong>ipso</strong></span> <span class='ocrx_word' id='word_1_704' title='bbox 2631 4123 2684 4176; x_wconf 89' lang='lat' dir='ltr'><strong>in</strong></span> <span class='ocrx_word' id='word_1_705' title='bbox 2712 4138 2800 4177; x_wconf 92' lang='lat' dir='ltr'><strong>me</strong></span> <span class='ocrx_word' id='word_1_706' title='bbox 2829 4131 3028 4187; x_wconf 87' lang='lat' dir='ltr'><strong>manet,</strong></span> <span class='ocrx_word' id='word_1_707' title='bbox 3062 4130 3117 4176; x_wconf 88' lang='lat' dir='ltr'><strong>et</strong></span> <span class='ocrx_word' id='word_1_708' title='bbox 3144 4135 3304 4191; x_wconf 90' lang='lat' dir='ltr'><strong>opera</strong></span> <span class='ocrx_word' id='word_1_709' title='bbox 3329 4120 3473 4174; x_wconf 83' lang='lat' dir='ltr'><strong>facit.</strong></span> <span class='ocrx_word' id='word_1_710' title='bbox 3507 4118 3575 4172; x_wconf 87' lang='lat' dir='ltr'><strong>Et</strong></span> <span class='ocrx_word' id='word_1_711' title='bbox 3604 4135 3721 4174; x_wconf 91' lang='lat' dir='ltr'><strong>non</strong></span> 
     </span>
    </p>
   </div>
   <div class='ocr_carea' id='block_1_87' title="bbox 2137 4214 3723 4276">
    <p class='ocr_par' dir='ltr' id='par_1_87' title="bbox 2137 4214 3723 4276">
     <span class='ocr_line' id='line_1_87' title="bbox 2137 4214 3723 4276; baseline -0.004 -4"><span class='ocrx_word' id='word_1_712' title='bbox 2137 4226 2221 4272; x_wconf 89' lang='lat' dir='ltr'><strong>est</strong></span> <span class='ocrx_word' id='word_1_713' title='bbox 2263 4215 2567 4270; x_wconf 89' lang='lat' dir='ltr'><strong>mirandum</strong></span> <span class='ocrx_word' id='word_1_714' title='bbox 2607 4215 2673 4269; x_wconf 90' lang='lat' dir='ltr'><strong>de</strong></span> <span class='ocrx_word' id='word_1_715' title='bbox 2711 4215 2924 4270; x_wconf 88' lang='lat' dir='ltr'><strong>Christo</strong></span> <span class='ocrx_word' id='word_1_716' title='bbox 2964 4215 3079 4270; x_wconf 63' lang='lat' dir='ltr'><strong>haec</strong></span> <span class='ocrx_word' id='word_1_717' title='bbox 3106 4214 3419 4276; x_wconf 82' lang='lat' dir='ltr'><strong>existimari,</strong></span> <span class='ocrx_word' id='word_1_718' title='bbox 3451 4229 3573 4268; x_wconf 90' lang='lat' dir='ltr'><strong>cum</strong></span> <span class='ocrx_word' id='word_1_719' title='bbox 3601 4215 3723 4268; x_wconf 76' lang='lat' dir='ltr'><strong>evi-</strong></span> 
     </span>
    </p>
   </div>
   <div class='ocr_carea' id='block_1_88' title="bbox 2137 4304 3723 4375">
    <p class='ocr_par' dir='ltr' id='par_1_88' title="bbox 2137 4304 3723 4375">
     <span class='ocr_line' id='line_1_88' title="bbox 2137 4304 3723 4375; baseline -0.003 -13"><span class='ocrx_word' id='word_1_720' title='bbox 2137 4307 2328 4362; x_wconf 88' lang='lat' dir='ltr'><strong>denter</strong></span> <span class='ocrx_word' id='word_1_721' title='bbox 2372 4306 2487 4374; x_wconf 90' lang='lat' dir='ltr'><strong>ipse</strong></span> <span class='ocrx_word' id='word_1_722' title='bbox 2507 4305 2573 4360; x_wconf 91' lang='lat' dir='ltr'><strong>de</strong></span> <span class='ocrx_word' id='word_1_723' title='bbox 2601 4307 2809 4361; x_wconf 70' lang='lat' dir='ltr'><strong>caneris</strong></span> <span class='ocrx_word' id='word_1_724' title='bbox 2836 4305 3140 4360; x_wconf 89' lang='lat' dir='ltr'><strong>hominibus</strong></span> <span class='ocrx_word' id='word_1_725' title='bbox 3169 4304 3314 4360; x_wconf 87' lang='lat' dir='ltr'><strong>dicat</strong></span> <span class='ocrx_word' id='word_1_726' title='bbox 3353 4322 3371 4359; x_wconf 91' lang='lat'><strong><em>:</em></strong></span> <span class='ocrx_word' id='word_1_727' title='bbox 3402 4304 3502 4367; x_wconf 78' lang='lat' dir='ltr'><strong>Qui</strong></span> <span class='ocrx_word' id='word_1_728' title='bbox 3543 4305 3723 4375; x_wconf 81' lang='lat' dir='ltr'><strong>diligit</strong></span> 
     </span>
    </p>
   </div>
   <div class='ocr_carea' id='block_1_89' title="bbox 2137 4394 3727 4466">
    <p class='ocr_par' dir='ltr' id='par_1_89' title="bbox 2137 4394 3727 4466">
     <span class='ocr_line' id='line_1_89' title="bbox 2137 4394 3727 4466; baseline -0.001 -16"><span class='ocrx_word' id='word_1_729' title='bbox 2137 4412 2234 4461; x_wconf 86' lang='lat' dir='ltr'><strong>me,</strong></span> <span class='ocrx_word' id='word_1_730' title='bbox 2267 4413 2553 4450; x_wconf 85' lang='lat' dir='ltr'><strong>sermonem</strong></span> <span class='ocrx_word' id='word_1_731' title='bbox 2598 4413 2762 4450; x_wconf 86' lang='lat' dir='ltr'><strong>meum</strong></span> <span class='ocrx_word' id='word_1_732' title='bbox 2801 4395 3040 4464; x_wconf 81' lang='lat' dir='ltr'><strong>servabit,</strong></span> <span class='ocrx_word' id='word_1_733' title='bbox 3079 4405 3128 4449; x_wconf 90' lang='lat' dir='ltr'><strong>et</strong></span> <span class='ocrx_word' id='word_1_734' title='bbox 3165 4395 3325 4449; x_wconf 84' lang='lat' dir='ltr'><strong>Pater</strong></span> <span class='ocrx_word' id='word_1_735' title='bbox 3353 4411 3494 4448; x_wconf 83' lang='lat' dir='ltr'><strong>meus</strong></span> <span class='ocrx_word' id='word_1_736' title='bbox 3535 4394 3727 4466; x_wconf 79' lang='lat' dir='ltr'><strong>diliget</strong></span> 
     </span>
    </p>
   </div>
   <div class='ocr_carea' id='block_1_90' title="bbox 2137 4485 3725 4556">
    <p class='ocr_par' dir='ltr' id='par_1_90' title="bbox 2137 4485 3725 4556">
     <span class='ocr_line' id='line_1_90' title="bbox 2137 4485 3725 4556; baseline -0.002 -16"><span class='ocrx_word' id='word_1_737' title='bbox 2137 4503 2270 4551; x_wconf 87' lang='lat' dir='ltr'><strong>eum,</strong></span> <span class='ocrx_word' id='word_1_738' title='bbox 2294 4495 2343 4540; x_wconf 88' lang='lat' dir='ltr'><strong>et</strong></span> <span class='ocrx_word' id='word_1_739' title='bbox 2368 4487 2436 4539; x_wconf 86' lang='lat' dir='ltr'><strong>ad</strong></span> <span class='ocrx_word' id='word_1_740' title='bbox 2462 4503 2576 4540; x_wconf 88' lang='lat' dir='ltr'><strong>eum</strong></span> <span class='ocrx_word' id='word_1_741' title='bbox 2603 4488 2880 4552; x_wconf 84' lang='lat' dir='ltr'><strong>veniemus,</strong></span> <span class='ocrx_word' id='word_1_742' title='bbox 2899 4495 2948 4539; x_wconf 90' lang='lat' dir='ltr'><strong>et</strong></span> <span class='ocrx_word' id='word_1_743' title='bbox 2971 4487 3288 4540; x_wconf 83' lang='lat' dir='ltr'><strong>mansionem</strong></span> <span class='ocrx_word' id='word_1_744' title='bbox 3317 4485 3454 4556; x_wconf 85' lang='lat' dir='ltr'><strong>apud</strong></span> <span class='ocrx_word' id='word_1_745' title='bbox 3477 4501 3593 4538; x_wconf 87' lang='lat' dir='ltr'><strong>eum</strong></span> <span class='ocrx_word' id='word_1_746' title='bbox 3633 4487 3725 4555; x_wconf 80' lang='lat' dir='ltr'><strong>{a—</strong></span> 
     </span>
    </p>
   </div>
   <div class='ocr_carea' id='block_1_91' title="bbox 461 4575 2026 4654">
    <p class='ocr_par' dir='ltr' id='par_1_91' title="bbox 461 4578 2026 4654">
     <span class='ocr_line' id='line_1_91' title="bbox 461 4578 2026 4654; baseline 0.006 -26"><span class='ocrx_word' id='word_1_747' title='bbox 461 4579 620 4638; x_wconf 80' lang='grc' dir='ltr'><strong>ζοιντο</strong></span> <span class='ocrx_word' id='word_1_748' title='bbox 642 4578 824 4645; x_wconf 83' lang='grc' dir='ltr'><strong>μένειν,</strong></span> <span class='ocrx_word' id='word_1_749' title='bbox 850 4585 941 4638; x_wconf 79' lang='grc' dir='ltr'><strong>τῆς</strong></span> <span class='ocrx_word' id='word_1_750' title='bbox 965 4579 1092 4633; x_wconf 84' lang='grc' dir='ltr'><strong>κατά</strong></span> <span class='ocrx_word' id='word_1_751' title='bbox 1115 4583 1206 4637; x_wconf 76' lang='grc' dir='ltr'><strong>τήν</strong></span> <span class='ocrx_word' id='word_1_752' title='bbox 1227 4582 1395 4634; x_wconf 83' lang='grc' dir='ltr'><strong>οὐσίαν</strong></span> <span class='ocrx_word' id='word_1_753' title='bbox 1415 4581 1666 4642; x_wconf 81' lang='grc' dir='ltr'><strong>κοινωνίας</strong></span> <span class='ocrx_word' id='word_1_754' title='bbox 1685 4586 2026 4654; x_wconf 71' lang='grc' dir='ltr'><strong>προσιεμένης,</strong></span> 
     </span>
    </p>
   </div>
   <div class='ocr_carea' id='block_1_92' title="bbox 2130 4575 3727 4654">
    <p class='ocr_par' dir='ltr' id='par_1_92' title="bbox 2141 4575 3727 4648">
     <span class='ocr_line' id='line_1_92' title="bbox 2141 4575 3727 4648; baseline -0.001 -16"><span class='ocrx_word' id='word_1_755' title='bbox 2141 4580 2331 4632; x_wconf 86' lang='lat' dir='ltr'><strong>ciemus</strong></span> <span class='ocrx_word' id='word_1_756' title='bbox 2357 4577 2537 4648; x_wconf 88' lang='lat' dir='ltr'><strong>(Joan.</strong></span> <span class='ocrx_word' id='word_1_757' title='bbox 2562 4594 2669 4643; x_wconf 74' lang='lat' dir='ltr'><strong>xxv,</strong></span> <span class='ocrx_word' id='word_1_758' title='bbox 2697 4576 2808 4647; x_wconf 67' lang='lat'><strong>25).</strong></span> <span class='ocrx_word' id='word_1_759' title='bbox 2843 4578 2897 4632; x_wconf 92' lang='lat' dir='ltr'><strong>Si</strong></span> <span class='ocrx_word' id='word_1_760' title='bbox 2933 4579 3074 4632; x_wconf 90' lang='lat' dir='ltr'><strong>enim</strong></span> <span class='ocrx_word' id='word_1_761' title='bbox 3108 4577 3248 4648; x_wconf 89' lang='lat' dir='ltr'><strong>apud</strong></span> <span class='ocrx_word' id='word_1_762' title='bbox 3277 4579 3541 4646; x_wconf 86' lang='lat' dir='ltr'><strong>quemque</strong></span> <span class='ocrx_word' id='word_1_763' title='bbox 3567 4575 3727 4645; x_wconf 85' lang='lat' dir='ltr'><strong>ejus-</strong></span> 
     </span>
    </p>
   </div>
   <div class='ocr_carea' id='block_1_93' title="bbox 462 4667 1569 4738">
    <p class='ocr_par' dir='ltr' id='par_1_93' title="bbox 462 4667 1569 4738">
     <span class='ocr_line' id='line_1_93' title="bbox 462 4667 1569 4738; baseline 0.002 -19"><span class='ocrx_word' id='word_1_764' title='bbox 462 4668 530 4725; x_wconf 78' lang='grc' dir='ltr'><strong>ώς</strong></span> <span class='ocrx_word' id='word_1_765' title='bbox 553 4667 706 4734; x_wconf 73' lang='grc' dir='ltr'><strong>εἷκός,</strong></span> <span class='ocrx_word' id='word_1_766' title='bbox 735 4670 816 4720; x_wconf 76' lang='grc' dir='ltr'><strong>καὶ</strong></span> <span class='ocrx_word' id='word_1_767' title='bbox 839 4673 927 4725; x_wconf 69' lang='grc' dir='ltr'><strong>τήν</strong></span> <span class='ocrx_word' id='word_1_768' title='bbox 947 4677 1036 4728; x_wconf 82' lang='grc' dir='ltr'><strong>τῆς</strong></span> <span class='ocrx_word' id='word_1_769' title='bbox 1062 4678 1214 4738; x_wconf 77' lang='grc' dir='ltr'><strong>μονῆς</strong></span> <span class='ocrx_word' id='word_1_770' title='bbox 1243 4674 1518 4738; x_wconf 73' lang='grc' dir='ltr'><strong>κοινωνίανς</strong></span> <span class='ocrx_word' id='word_1_771' title='bbox 1550 4688 1569 4721; x_wconf 73' lang='grc' dir='ltr'><strong>ε</strong></span> 
     </span>
    </p>
   </div>
   <div class='ocr_carea' id='block_1_94' title="bbox 530 4758 2034 4841">
    <p class='ocr_par' dir='ltr' id='par_1_94' title="bbox 530 4758 2034 4841">
     <span class='ocr_line' id='line_1_94' title="bbox 530 4758 2034 4841; baseline 0.005 -31"><span class='ocrx_word' id='word_1_772' title='bbox 530 4758 728 4811; x_wconf 81' lang='grc' dir='ltr'><strong>Τούτων</strong></span> <span class='ocrx_word' id='word_1_773' title='bbox 771 4762 938 4813; x_wconf 81' lang='grc' dir='ltr'><strong>τοίνυν</strong></span> <span class='ocrx_word' id='word_1_774' title='bbox 983 4760 1118 4814; x_wconf 69' lang='grc' dir='ltr'><strong>οὕτω</strong></span> <span class='ocrx_word' id='word_1_775' title='bbox 1146 4764 1290 4837; x_wconf 81' lang='grc' dir='ltr'><strong>παρὰ</strong></span> <span class='ocrx_word' id='word_1_776' title='bbox 1324 4768 1413 4816; x_wconf 91' lang='grc' dir='ltr'><strong>τοῦ</strong></span> <span class='ocrx_word' id='word_1_777' title='bbox 1454 4759 1739 4824; x_wconf 81' lang='grc' dir='ltr'><strong>δυσσεϐοῦς</strong></span> <span class='ocrx_word' id='word_1_778' title='bbox 1777 4761 2034 4841; x_wconf 76' lang='grc' dir='ltr'><strong>Θεοδώρου</strong></span> 
     </span>
    </p>
   </div>
   <div class='ocr_carea' id='block_1_95' title="bbox 461 4850 2036 4930">
    <p class='ocr_par' dir='ltr' id='par_1_95' title="bbox 461 4850 2036 4930">
     <span class='ocr_line' id='line_1_95' title="bbox 461 4850 2036 4930; baseline 0.005 -28"><span class='ocrx_word' id='word_1_779' title='bbox 461 4850 744 4922; x_wconf 75' lang='grc' dir='ltr'><strong>εἰρημένων,</strong></span> <span class='ocrx_word' id='word_1_780' title='bbox 776 4852 832 4903; x_wconf 88' lang='lat' dir='ltr'><strong>o6</strong></span> <span class='ocrx_word' id='word_1_781' title='bbox 864 4853 1183 4921; x_wconf 85' lang='grc' dir='ltr'><strong>θαυμαστὸν,</strong></span> <span class='ocrx_word' id='word_1_782' title='bbox 1223 4851 1364 4925; x_wconf 81' lang='grc' dir='ltr'><strong>εἴπερ</strong></span> <span class='ocrx_word' id='word_1_783' title='bbox 1389 4852 1416 4908; x_wconf 89' lang='lat'><strong>6</strong></span> <span class='ocrx_word' id='word_1_784' title='bbox 1443 4855 1665 4908; x_wconf 70' lang='grc' dir='ltr'><strong>ἐκπεσιὲν</strong></span> <span class='ocrx_word' id='word_1_785' title='bbox 1689 4860 1782 4909; x_wconf 89' lang='grc' dir='ltr'><strong>τοῦ</strong></span> <span class='ocrx_word' id='word_1_786' title='bbox 1816 4861 1942 4911; x_wconf 88' lang='grc' dir='ltr'><strong>Θεοῦ</strong></span> <span class='ocrx_word' id='word_1_787' title='bbox 1973 4863 2036 4930; x_wconf 75' lang='grc' dir='ltr'><strong>τῇ</strong></span> 
     </span>
    </p>
   </div>
   <div class='ocr_carea' id='block_1_96' title="bbox 460 4939 2041 5019">
    <p class='ocr_par' dir='ltr' id='par_1_96' title="bbox 460 4939 2041 5019">
     <span class='ocr_line' id='line_1_96' title="bbox 460 4939 2041 5019; baseline 0.004 -25"><span class='ocrx_word' id='word_1_788' title='bbox 460 4939 670 5012; x_wconf 75' lang='grc' dir='ltr'><strong>ἀσεϐείᾳ</strong></span> <span class='ocrx_word' id='word_1_789' title='bbox 694 4943 1086 5014; x_wconf 80' lang='grc' dir='ltr'><strong>συνεζευγμένην</strong></span> <span class='ocrx_word' id='word_1_790' title='bbox 1114 4941 1149 4997; x_wconf 78' lang='grc' dir='ltr'><em>ἴ</em></span> <span class='ocrx_word' id='word_1_791' title='bbox 1141 4963 1230 5013; x_wconf 91' lang='grc' dir='ltr'><strong>χει</strong></span> <span class='ocrx_word' id='word_1_792' title='bbox 1258 4945 1342 4997; x_wconf 79' lang='grc' dir='ltr'><strong>καὶ</strong></span> <span class='ocrx_word' id='word_1_793' title='bbox 1365 4946 1582 5018; x_wconf 78' lang='grc' dir='ltr'><strong>μωρίαν,</strong></span> <span class='ocrx_word' id='word_1_794' title='bbox 1611 4946 1776 5010; x_wconf 71' lang='grc' dir='ltr'><strong>καβὼς</strong></span> <span class='ocrx_word' id='word_1_795' title='bbox 1801 4950 1918 5019; x_wconf 85' lang='grc' dir='ltr'><strong>περί</strong></span> <span class='ocrx_word' id='word_1_796' title='bbox 1940 4956 2041 5003; x_wconf 90' lang='grc' dir='ltr'><strong>τῶν</strong></span> 
     </span>
    </p>
   </div>
   <div class='ocr_carea' id='block_1_97' title="bbox 460 5030 2036 5112">
    <p class='ocr_par' dir='ltr' id='par_1_97' title="bbox 460 5030 2036 5112">
     <span class='ocr_line' id='line_1_97' title="bbox 460 5030 2036 5112; baseline 0.004 -28"><span class='ocrx_word' id='word_1_797' title='bbox 460 5032 659 5085; x_wconf 79' lang='grc' dir='ltr'><strong>ἀσεϐῶν</strong></span> <span class='ocrx_word' id='word_1_798' title='bbox 698 5030 722 5085; x_wconf 87' lang='lat'><strong>6</strong></span> <span class='ocrx_word' id='word_1_799' title='bbox 751 5037 1011 5103; x_wconf 77' lang='grc' dir='ltr'><strong>προφήτης</strong></span> <span class='ocrx_word' id='word_1_800' title='bbox 1039 5033 1244 5096; x_wconf 71' lang='grc' dir='ltr'><strong>Ἡσαΐας</strong></span> <span class='ocrx_word' id='word_1_801' title='bbox 1269 5035 1419 5106; x_wconf 78' lang='grc' dir='ltr'><strong>λέγει,</strong></span> <span class='ocrx_word' id='word_1_802' title='bbox 1453 5053 1474 5086; x_wconf 80' lang='grc' dir='ltr'><strong>ε</strong></span> <span class='ocrx_word' id='word_1_803' title='bbox 1503 5047 1558 5090; x_wconf 88' lang='grc' dir='ltr'>Ὁ</span> <span class='ocrx_word' id='word_1_804' title='bbox 1581 5036 1752 5112; x_wconf 83' lang='grc' dir='ltr'><strong>μωρὸς</strong></span> <span class='ocrx_word' id='word_1_805' title='bbox 1775 5039 1922 5112; x_wconf 82' lang='grc' dir='ltr'><strong>μωρά</strong></span> <span class='ocrx_word' id='word_1_806' title='bbox 1946 5037 2036 5092; x_wconf 88' lang='grc' dir='ltr'><strong>λα·</strong></span> 
     </span>
    </p>
   </div>
   <div class='ocr_carea' id='block_1_98' title="bbox 451 5123 2040 5203">
    <p class='ocr_par' dir='ltr' id='par_1_98' title="bbox 451 5123 2040 5203">
     <span class='ocr_line' id='line_1_98' title="bbox 451 5123 2040 5203; baseline 0.003 -27"><span class='ocrx_word' id='word_1_807' title='bbox 451 5125 630 5187; x_wconf 82' lang='grc' dir='ltr'><strong>λήσει,</strong></span> <span class='ocrx_word' id='word_1_808' title='bbox 659 5125 742 5177; x_wconf 81' lang='grc' dir='ltr'><strong>καὶ</strong></span> <span class='ocrx_word' id='word_1_809' title='bbox 775 5125 804 5180; x_wconf 72' lang='grc' dir='ltr'>ἡ</span> <span class='ocrx_word' id='word_1_810' title='bbox 837 5123 1019 5198; x_wconf 80' lang='grc' dir='ltr'><strong>καρδία</strong></span> <span class='ocrx_word' id='word_1_811' title='bbox 1045 5126 1200 5180; x_wconf 82' lang='grc' dir='ltr'><strong>αὐτοῦ</strong></span> <span class='ocrx_word' id='word_1_812' title='bbox 1237 5128 1434 5196; x_wconf 81' lang='grc' dir='ltr'><strong>μάταια</strong></span> <span class='ocrx_word' id='word_1_813' title='bbox 1470 5130 1660 5193; x_wconf 74' lang='grc' dir='ltr'><strong>νοήσει.</strong></span> <span class='ocrx_word' id='word_1_814' title='bbox 1686 5145 1705 5178; x_wconf 77' lang='grc' dir='ltr'><strong>ε</strong></span> <span class='ocrx_word' id='word_1_815' title='bbox 1740 5136 1796 5179; x_wconf 82' lang='lat'>‘0</span> <span class='ocrx_word' id='word_1_816' title='bbox 1830 5129 1929 5203; x_wconf 79' lang='grc' dir='ltr'><strong>γὰρ</strong></span> <span class='ocrx_word' id='word_1_817' title='bbox 1955 5129 2040 5184; x_wconf 85' lang='grc' dir='ltr'><strong>τὸν</strong></span> 
     </span>
    </p>
   </div>
   <div class='ocr_carea' id='block_1_99' title="bbox 459 5214 2041 5292">
    <p class='ocr_par' dir='ltr' id='par_1_99' title="bbox 459 5214 2041 5292">
     <span class='ocr_line' id='line_1_99' title="bbox 459 5214 2041 5292; baseline 0.004 -24"><span class='ocrx_word' id='word_1_818' title='bbox 459 5214 660 5288; x_wconf 80' lang='grc' dir='ltr'><strong>πατέρα</strong></span> <span class='ocrx_word' id='word_1_819' title='bbox 699 5216 896 5270; x_wconf 81' lang='grc' dir='ltr'><strong>καὶτὸν</strong></span> <span class='ocrx_word' id='word_1_820' title='bbox 922 5216 1030 5269; x_wconf 78' lang='grc' dir='ltr'><strong>υἱόν</strong></span> <span class='ocrx_word' id='word_1_821' title='bbox 1065 5216 1199 5271; x_wconf 85' lang='grc' dir='ltr'><strong>οῦτω</strong></span> <span class='ocrx_word' id='word_1_822' title='bbox 1236 5219 1398 5288; x_wconf 82' lang='grc' dir='ltr'><strong>μένειν</strong></span> <span class='ocrx_word' id='word_1_823' title='bbox 1423 5220 1474 5272; x_wconf 76' lang='grc' dir='ltr'><strong>ἐν</strong></span> <span class='ocrx_word' id='word_1_824' title='bbox 1500 5227 1575 5290; x_wconf 83' lang='grc' dir='ltr'><strong>τῷ</strong></span> <span class='ocrx_word' id='word_1_825' title='bbox 1609 5227 1844 5292; x_wconf 76' lang='grc' dir='ltr'><strong>Χριστῷ,</strong></span> <span class='ocrx_word' id='word_1_826' title='bbox 1879 5221 2041 5281; x_wconf 82' lang='grc' dir='ltr'><strong>καθὼς</strong></span> 
     </span>
    </p>
   </div>
   <div class='ocr_carea' id='block_1_100' title="bbox 463 5303 2042 5386">
    <p class='ocr_par' dir='ltr' id='par_1_100' title="bbox 463 5303 2042 5386">
     <span class='ocr_line' id='line_1_100' title="bbox 463 5303 2042 5386; baseline 0.006 -31"><span class='ocrx_word' id='word_1_827' title='bbox 463 5307 548 5356; x_wconf 81' lang='grc' dir='ltr'><strong>καὶ</strong></span> <span class='ocrx_word' id='word_1_828' title='bbox 572 5303 619 5356; x_wconf 81' lang='grc' dir='ltr'><strong>ἐν</strong></span> <span class='ocrx_word' id='word_1_829' title='bbox 656 5313 764 5364; x_wconf 87' lang='grc' dir='ltr'><strong>τοῖς</strong></span> <span class='ocrx_word' id='word_1_830' title='bbox 801 5305 996 5366; x_wconf 84' lang='grc' dir='ltr'><strong>λοιποῖς</strong></span> <span class='ocrx_word' id='word_1_831' title='bbox 1029 5307 1309 5375; x_wconf 71' lang='grc' dir='ltr'><strong>ἀνθρώποις</strong></span> <span class='ocrx_word' id='word_1_832' title='bbox 1350 5307 1820 5386; x_wconf 72' lang='grc' dir='ltr'><strong>διισχυριζόμενος,</strong></span> <span class='ocrx_word' id='word_1_833' title='bbox 1848 5313 1932 5364; x_wconf 81' lang='grc' dir='ltr'><strong>καί</strong></span> <span class='ocrx_word' id='word_1_834' title='bbox 1971 5316 2042 5383; x_wconf 73' lang='grc' dir='ltr'><strong>μή</strong></span> 
     </span>
    </p>
   </div>
   <div class='ocr_carea' id='block_1_101' title="bbox 463 5393 2044 5476">
    <p class='ocr_par' dir='ltr' id='par_1_101' title="bbox 463 5393 2044 5476">
     <span class='ocr_line' id='line_1_101' title="bbox 463 5393 2044 5476; baseline 0.008 -30"><span class='ocrx_word' id='word_1_835' title='bbox 463 5393 713 5466; x_wconf 82' lang='grc' dir='ltr'><strong>ὁμολογῶν</strong></span> <span class='ocrx_word' id='word_1_836' title='bbox 741 5396 822 5450; x_wconf 85' lang='grc' dir='ltr'><strong>τὸν</strong></span> <span class='ocrx_word' id='word_1_837' title='bbox 847 5398 1062 5470; x_wconf 82' lang='grc' dir='ltr'><strong>Χριστόν</strong></span> <span class='ocrx_word' id='word_1_838' title='bbox 1104 5393 1230 5453; x_wconf 78' lang='grc' dir='ltr'><strong>εἶναι</strong></span> <span class='ocrx_word' id='word_1_839' title='bbox 1276 5401 1360 5454; x_wconf 86' lang='grc' dir='ltr'><strong>τόν</strong></span> <span class='ocrx_word' id='word_1_840' title='bbox 1396 5401 1514 5454; x_wconf 87' lang='grc' dir='ltr'><strong>Οεὸν</strong></span> <span class='ocrx_word' id='word_1_841' title='bbox 1553 5401 1692 5471; x_wconf 85' lang='grc' dir='ltr'><strong>λόγον</strong></span> <span class='ocrx_word' id='word_1_842' title='bbox 1721 5402 2044 5476; x_wconf 81' lang='grc' dir='ltr'><strong>σαρκωθέντα</strong></span> 
     </span>
    </p>
   </div>
   <div class='ocr_carea' id='block_1_102' title="bbox 466 5484 2040 5563">
    <p class='ocr_par' dir='ltr' id='par_1_102' title="bbox 466 5484 2040 5563">
     <span class='ocr_line' id='line_1_102' title="bbox 466 5484 2040 5563; baseline 0.005 -25"><span class='ocrx_word' id='word_1_843' title='bbox 466 5485 544 5538; x_wconf 74' lang='lat' dir='ltr'><strong>mi</strong></span> <span class='ocrx_word' id='word_1_844' title='bbox 569 5484 1050 5557; x_wconf 80' lang='grc' dir='ltr'><strong>ἐνανθρωπήσαντα,</strong></span> <span class='ocrx_word' id='word_1_845' title='bbox 1097 5496 1207 5550; x_wconf 86' lang='grc' dir='ltr'><strong>πῶς</strong></span> <span class='ocrx_word' id='word_1_846' title='bbox 1241 5489 1373 5561; x_wconf 78' lang='grc' dir='ltr'><strong>λέγει</strong></span> <span class='ocrx_word' id='word_1_847' title='bbox 1418 5491 1637 5562; x_wconf 83' lang='grc' dir='ltr'><strong>Χριστόν</strong></span> <span class='ocrx_word' id='word_1_848' title='bbox 1675 5493 1800 5547; x_wconf 79' lang='grc' dir='ltr'><strong>κατά</strong></span> <span class='ocrx_word' id='word_1_849' title='bbox 1845 5493 2040 5563; x_wconf 74' lang='grc' dir='ltr'><strong>σάρκας</strong></span> 
     </span>
    </p>
   </div>
   <div class='ocr_carea' id='block_1_103' title="bbox 463 5568 2042 5655">
    <p class='ocr_par' dir='ltr' id='par_1_103' title="bbox 463 5568 2042 5655">
     <span class='ocr_line' id='line_1_103' title="bbox 463 5568 2042 5655; baseline 0.006 -29"><span class='ocrx_word' id='word_1_850' title='bbox 463 5575 524 5627; x_wconf 78' lang='grc' dir='ltr'><strong>οἱ</strong></span> <span class='ocrx_word' id='word_1_851' title='bbox 547 5568 648 5649; x_wconf 77' lang='grc' dir='ltr'><strong>γάρ</strong></span> <span class='ocrx_word' id='word_1_852' title='bbox 680 5573 814 5646; x_wconf 82' lang='grc' dir='ltr'><strong>ἅγιοι</strong></span> <span class='ocrx_word' id='word_1_853' title='bbox 840 5579 1057 5652; x_wconf 83' lang='grc' dir='ltr'><strong>πατέρες</strong></span> <span class='ocrx_word' id='word_1_854' title='bbox 1078 5577 1434 5650; x_wconf 81' lang='grc' dir='ltr'><strong>ὁμολογοῦντες</strong></span> <span class='ocrx_word' id='word_1_855' title='bbox 1454 5581 1542 5636; x_wconf 85' lang='grc' dir='ltr'><strong>τὸν</strong></span> <span class='ocrx_word' id='word_1_856' title='bbox 1571 5583 1791 5655; x_wconf 80' lang='grc' dir='ltr'><strong>Χριστὸν</strong></span> <span class='ocrx_word' id='word_1_857' title='bbox 1811 5577 1936 5636; x_wconf 82' lang='grc' dir='ltr'><strong>εἶναι</strong></span> <span class='ocrx_word' id='word_1_858' title='bbox 1956 5583 2042 5636; x_wconf 88' lang='grc' dir='ltr'><strong>τὸν</strong></span> 
     </span>
    </p>
   </div>
   <div class='ocr_carea' id='block_1_104' title="bbox 464 5664 2043 5745">
    <p class='ocr_par' dir='ltr' id='par_1_104' title="bbox 464 5664 2043 5745">
     <span class='ocr_line' id='line_1_104' title="bbox 464 5664 2043 5745; baseline 0.006 -27"><span class='ocrx_word' id='word_1_859' title='bbox 464 5667 587 5722; x_wconf 82' lang='grc' dir='ltr'><strong>Θεὸν</strong></span> <span class='ocrx_word' id='word_1_860' title='bbox 621 5664 756 5737; x_wconf 73' lang='grc' dir='ltr'><strong>λόγον</strong></span> <span class='ocrx_word' id='word_1_861' title='bbox 793 5671 1114 5742; x_wconf 82' lang='grc' dir='ltr'><strong>σαρκωθέντα</strong></span> <span class='ocrx_word' id='word_1_862' title='bbox 1161 5674 1241 5726; x_wconf 80' lang='grc' dir='ltr'><strong>καὶ</strong></span> <span class='ocrx_word' id='word_1_863' title='bbox 1277 5672 1752 5745; x_wconf 73' lang='grc' dir='ltr'><strong>ἒνανθρωπήσαντα,</strong></span> <span class='ocrx_word' id='word_1_864' title='bbox 1791 5671 1864 5726; x_wconf 79' lang='grc' dir='ltr'><strong>ὅτ’</strong></span> <span class='ocrx_word' id='word_1_865' title='bbox 1893 5670 1952 5727; x_wconf 74' lang='grc' dir='ltr'><strong>ἄν</strong></span> <span class='ocrx_word' id='word_1_866' title='bbox 1991 5696 2043 5728; x_wconf 92' lang='grc' dir='ltr'><strong>τι</strong></span> 
     </span>
    </p>
   </div>
   <div class='ocr_carea' id='block_1_105' title="bbox 466 5759 2042 5838">
    <p class='ocr_par' dir='ltr' id='par_1_105' title="bbox 466 5759 2042 5838">
     <span class='ocr_line' id='line_1_105' title="bbox 466 5759 2042 5838; baseline 0.004 -29"><span class='ocrx_word' id='word_1_867' title='bbox 466 5759 583 5830; x_wconf 78' lang='grc' dir='ltr'><strong>περὶ</strong></span> <span class='ocrx_word' id='word_1_868' title='bbox 610 5759 770 5812; x_wconf 80' lang='grc' dir='ltr'><strong>αὐτοῦ</strong></span> <span class='ocrx_word' id='word_1_869' title='bbox 805 5764 1034 5814; x_wconf 81' lang='grc' dir='ltr'><strong>ταπεινόν</strong></span> <span class='ocrx_word' id='word_1_870' title='bbox 1059 5759 1318 5834; x_wconf 79' lang='grc' dir='ltr'><strong>λέγουσιν,</strong></span> <span class='ocrx_word' id='word_1_871' title='bbox 1353 5763 1510 5838; x_wconf 74' lang='grc' dir='ltr'><strong>ὀρθῶς</strong></span> <span class='ocrx_word' id='word_1_872' title='bbox 1545 5765 1791 5834; x_wconf 82' lang='grc' dir='ltr'><strong>ἐπάγουσι</strong></span> <span class='ocrx_word' id='word_1_873' title='bbox 1817 5763 1873 5817; x_wconf 83' lang='grc' dir='ltr'><strong>τὸ</strong></span> <span class='ocrx_word' id='word_1_874' title='bbox 1911 5764 2042 5817; x_wconf 83' lang='grc' dir='ltr'><strong>κατά</strong></span> 
     </span>
    </p>
   </div>
   <div class='ocr_carea' id='block_1_106' title="bbox 465 5837 2043 5926">
    <p class='ocr_par' dir='ltr' id='par_1_106' title="bbox 465 5837 2043 5926">
     <span class='ocr_line' id='line_1_106' title="bbox 465 5837 2043 5926; baseline 0.003 -24"><span class='ocrx_word' id='word_1_875' title='bbox 465 5847 652 5920; x_wconf 68' lang='grc' dir='ltr'><strong>σάρκα.</strong></span> <span class='ocrx_word' id='word_1_876' title='bbox 685 5847 806 5904; x_wconf 79' lang='grc' dir='ltr'><strong>Ἀλλ’</strong></span> <span class='ocrx_word' id='word_1_877' title='bbox 833 5851 875 5903; x_wconf 84' lang='grc' dir='ltr'><strong>εἱ</strong></span> <span class='ocrx_word' id='word_1_878' title='bbox 903 5853 987 5906; x_wconf 76' lang='grc' dir='ltr'><strong>καὶ</strong></span> <span class='ocrx_word' id='word_1_879' title='bbox 1013 5837 1267 5923; x_wconf 65' lang='grc' dir='ltr'><strong>προσῆκον</strong></span> <span class='ocrx_word' id='word_1_880' title='bbox 1295 5850 1348 5912; x_wconf 72' lang='grc' dir='ltr'><strong>ἦν</strong></span> <span class='ocrx_word' id='word_1_881' title='bbox 1376 5855 1492 5915; x_wconf 71' lang='grc' dir='ltr'><strong>τοὺς</strong></span> <span class='ocrx_word' id='word_1_882' title='bbox 1520 5852 1772 5926; x_wconf 86' lang='grc' dir='ltr'><strong>Θεόδωρον</strong></span> <span class='ocrx_word' id='word_1_883' title='bbox 1801 5851 2043 5908; x_wconf 59' lang='lat'><strong>67.60.056-</strong></span> 
     </span>
    </p>
   </div>
   <div class='ocr_carea' id='block_1_107' title="bbox 2134 4667 3730 4724">
    <p class='ocr_par' dir='ltr' id='par_1_107' title="bbox 2134 4667 3730 4724">
     <span class='ocr_line' id='line_1_107' title="bbox 2134 4667 3730 4724; baseline -0.003 0"><span class='ocrx_word' id='word_1_884' title='bbox 2134 4671 2280 4724; x_wconf 86' lang='lat' dir='ltr'><strong>modi</strong></span> <span class='ocrx_word' id='word_1_885' title='bbox 2328 4670 2602 4724; x_wconf 88' lang='lat' dir='ltr'><strong>hominum</strong></span> <span class='ocrx_word' id='word_1_886' title='bbox 2642 4677 2696 4723; x_wconf 90' lang='lat' dir='ltr'><strong>et</strong></span> <span class='ocrx_word' id='word_1_887' title='bbox 2742 4668 2901 4723; x_wconf 88' lang='lat' dir='ltr'><strong>Pater</strong></span> <span class='ocrx_word' id='word_1_888' title='bbox 2941 4680 2996 4723; x_wconf 88' lang='lat' dir='ltr'><strong>et</strong></span> <span class='ocrx_word' id='word_1_889' title='bbox 3034 4667 3198 4722; x_wconf 87' lang='lat' dir='ltr'><strong>Filius</strong></span> <span class='ocrx_word' id='word_1_890' title='bbox 3240 4669 3572 4722; x_wconf 89' lang='lat' dir='ltr'><strong>mansionem</strong></span> <span class='ocrx_word' id='word_1_891' title='bbox 3633 4667 3730 4720; x_wconf 80' lang='lat' dir='ltr'><strong>fa—</strong></span> 
     </span>
    </p>
   </div>
   <div class='ocr_carea' id='block_1_108' title="bbox 2135 4758 3724 4830">
    <p class='ocr_par' dir='ltr' id='par_1_108' title="bbox 2135 4758 3724 4830">
     <span class='ocr_line' id='line_1_108' title="bbox 2135 4758 3724 4830; baseline -0.003 -15"><span class='ocrx_word' id='word_1_892' title='bbox 2135 4761 2304 4825; x_wconf 91' lang='lat' dir='ltr'><strong>ciunt,</strong></span> <span class='ocrx_word' id='word_1_893' title='bbox 2333 4759 2462 4830; x_wconf 90' lang='lat' dir='ltr'><strong>quid</strong></span> <span class='ocrx_word' id='word_1_894' title='bbox 2499 4761 2693 4814; x_wconf 90' lang='lat' dir='ltr'><strong>mirum</strong></span> <span class='ocrx_word' id='word_1_895' title='bbox 2722 4760 2765 4813; x_wconf 89' lang='lat' dir='ltr'><strong>si</strong></span> <span class='ocrx_word' id='word_1_896' title='bbox 2807 4761 2860 4814; x_wconf 92' lang='lat' dir='ltr'><strong>in</strong></span> <span class='ocrx_word' id='word_1_897' title='bbox 2906 4759 3130 4814; x_wconf 89' lang='lat' dir='ltr'><strong>Domino</strong></span> <span class='ocrx_word' id='word_1_898' title='bbox 3169 4758 3460 4813; x_wconf 79' lang='lat' dir='ltr'><strong>secundum</strong></span> <span class='ocrx_word' id='word_1_899' title='bbox 3494 4773 3724 4812; x_wconf 87' lang='lat' dir='ltr'><strong>carnem</strong></span> 
     </span>
    </p>
   </div>
   <div class='ocr_carea' id='block_1_109' title="bbox 2137 4850 3724 4921">
    <p class='ocr_par' dir='ltr' id='par_1_109' title="bbox 2137 4850 3724 4921">
     <span class='ocr_line' id='line_1_109' title="bbox 2137 4850 3724 4921; baseline -0.001 -15"><span class='ocrx_word' id='word_1_900' title='bbox 2137 4851 2375 4918; x_wconf 88' lang='lat' dir='ltr'><strong>Christo,</strong></span> <span class='ocrx_word' id='word_1_901' title='bbox 2403 4853 2562 4906; x_wconf 89' lang='lat' dir='ltr'><strong>ambo</strong></span> <span class='ocrx_word' id='word_1_902' title='bbox 2585 4851 2742 4906; x_wconf 87' lang='lat' dir='ltr'><strong>simul</strong></span> <span class='ocrx_word' id='word_1_903' title='bbox 2765 4859 3079 4921; x_wconf 85' lang='lat' dir='ltr'><strong>putarentur</strong></span> <span class='ocrx_word' id='word_1_904' title='bbox 3106 4865 3342 4914; x_wconf 89' lang='lat' dir='ltr'><strong>manere,</strong></span> <span class='ocrx_word' id='word_1_905' title='bbox 3373 4850 3724 4904; x_wconf 81' lang='lat' dir='ltr'><strong>communio-</strong></span> 
     </span>
    </p>
   </div>
   <div class='ocr_carea' id='block_1_110' title="bbox 2139 4939 3730 5004">
    <p class='ocr_par' dir='ltr' id='par_1_110' title="bbox 2139 4939 3730 5004">
     <span class='ocr_line' id='line_1_110' title="bbox 2139 4939 3730 5004; baseline -0.003 -8"><span class='ocrx_word' id='word_1_906' title='bbox 2139 4955 2208 5002; x_wconf 87' lang='lat' dir='ltr'><strong>ne</strong></span> <span class='ocrx_word' id='word_1_907' title='bbox 2263 4955 2449 4995; x_wconf 89' lang='lat' dir='ltr'><strong>eorum</strong></span> <span class='ocrx_word' id='word_1_908' title='bbox 2513 4939 2806 4994; x_wconf 88' lang='lat' dir='ltr'><strong>secundum</strong></span> <span class='ocrx_word' id='word_1_909' title='bbox 2855 4939 3230 5004; x_wconf 88' lang='lat' dir='ltr'><strong>substantiam,</strong></span> <span class='ocrx_word' id='word_1_910' title='bbox 3282 4939 3730 4994; x_wconf 85' lang='lat' dir='ltr'><strong>communionem</strong></span> 
     </span>
    </p>
   </div>
   <div class='ocr_carea' id='block_1_111' title="bbox 2139 5027 3733 5100">
    <p class='ocr_par' dir='ltr' id='par_1_111' title="bbox 2139 5027 3733 5100">
     <span class='ocr_line' id='line_1_111' title="bbox 2139 5027 3733 5100; baseline -0.001 -15"><span class='ocrx_word' id='word_1_911' title='bbox 2139 5045 2356 5100; x_wconf 89' lang='lat' dir='ltr'><strong>quoque</strong></span> <span class='ocrx_word' id='word_1_912' title='bbox 2394 5029 2689 5084; x_wconf 88' lang='lat' dir='ltr'><strong>mansionis</strong></span> <span class='ocrx_word' id='word_1_913' title='bbox 2727 5028 2953 5084; x_wconf 82' lang='lat' dir='ltr'><strong>fortasse</strong></span> <span class='ocrx_word' id='word_1_914' title='bbox 2995 5029 3350 5098; x_wconf 87' lang='lat' dir='ltr'><strong>suscipiente?</strong></span> <span class='ocrx_word' id='word_1_915' title='bbox 3385 5047 3405 5080; x_wconf 70' lang='grc' dir='ltr'><strong>ι</strong></span> <span class='ocrx_word' id='word_1_916' title='bbox 3438 5027 3532 5083; x_wconf 90' lang='lat' dir='ltr'><strong>His</strong></span> <span class='ocrx_word' id='word_1_917' title='bbox 3555 5028 3733 5097; x_wconf 81' lang='lat' dir='ltr'><strong>igitur</strong></span> 
     </span>
    </p>
   </div>
   <div class='ocr_carea' id='block_1_112' title="bbox 2141 5119 3732 5190">
    <p class='ocr_par' dir='ltr' id='par_1_112' title="bbox 2141 5119 3732 5190">
     <span class='ocr_line' id='line_1_112' title="bbox 2141 5119 3732 5190; baseline -0.002 -15"><span class='ocrx_word' id='word_1_918' title='bbox 2141 5122 2194 5175; x_wconf 91' lang='lat' dir='ltr'><strong>in</strong></span> <span class='ocrx_word' id='word_1_919' title='bbox 2235 5121 2377 5175; x_wconf 90' lang='lat' dir='ltr'><strong>hune</strong></span> <span class='ocrx_word' id='word_1_920' title='bbox 2415 5120 2631 5174; x_wconf 88' lang='lat' dir='ltr'><strong>modum</strong></span> <span class='ocrx_word' id='word_1_921' title='bbox 2674 5119 2741 5173; x_wconf 90' lang='lat' dir='ltr'><strong>ab</strong></span> <span class='ocrx_word' id='word_1_922' title='bbox 2769 5119 2931 5187; x_wconf 88' lang='lat' dir='ltr'><strong>impio</strong></span> <span class='ocrx_word' id='word_1_923' title='bbox 2961 5119 3244 5174; x_wconf 88' lang='lat' dir='ltr'><strong>Theodoro</strong></span> <span class='ocrx_word' id='word_1_924' title='bbox 3283 5119 3590 5190; x_wconf 90' lang='lat' dir='ltr'><strong>pr0positis,</strong></span> <span class='ocrx_word' id='word_1_925' title='bbox 3615 5120 3732 5173; x_wconf 80' lang='lat' dir='ltr'><strong>mi-</strong></span> 
     </span>
    </p>
   </div>
   <div class='ocr_carea' id='block_1_113' title="bbox 2141 5211 3738 5281">
    <p class='ocr_par' dir='ltr' id='par_1_113' title="bbox 2141 5211 3738 5281">
     <span class='ocr_line' id='line_1_113' title="bbox 2141 5211 3738 5281; baseline 0 -14"><span class='ocrx_word' id='word_1_926' title='bbox 2141 5229 2261 5267; x_wconf 90' lang='lat' dir='ltr'><strong>rum</strong></span> <span class='ocrx_word' id='word_1_927' title='bbox 2290 5227 2411 5267; x_wconf 90' lang='lat' dir='ltr'><strong>esse</strong></span> <span class='ocrx_word' id='word_1_928' title='bbox 2435 5213 2655 5266; x_wconf 88' lang='lat' dir='ltr'><strong>minime</strong></span> <span class='ocrx_word' id='word_1_929' title='bbox 2694 5211 2854 5267; x_wconf 91' lang='lat' dir='ltr'><strong>debet</strong></span> <span class='ocrx_word' id='word_1_930' title='bbox 2880 5212 3022 5280; x_wconf 91' lang='lat' dir='ltr'><strong>quod</strong></span> <span class='ocrx_word' id='word_1_931' title='bbox 3050 5227 3081 5266; x_wconf 88' lang='lat' dir='ltr'><strong>a</strong></span> <span class='ocrx_word' id='word_1_932' title='bbox 3114 5212 3226 5268; x_wconf 89' lang='lat' dir='ltr'><strong>Deo</strong></span> <span class='ocrx_word' id='word_1_933' title='bbox 3251 5213 3504 5268; x_wconf 78' lang='lat' dir='ltr'><strong>excideris</strong></span> <span class='ocrx_word' id='word_1_934' title='bbox 3528 5212 3738 5281; x_wconf 81' lang='lat' dir='ltr'><strong>impie-</strong></span> 
     </span>
    </p>
   </div>
   <div class='ocr_carea' id='block_1_114' title="bbox 2143 5303 3734 5378">
    <p class='ocr_par' dir='ltr' id='par_1_114' title="bbox 2143 5303 3734 5378">
     <span class='ocr_line' id='line_1_114' title="bbox 2143 5303 3734 5378; baseline 0.002 -21"><span class='ocrx_word' id='word_1_935' title='bbox 2143 5305 2239 5357; x_wconf 90' lang='lat' dir='ltr'><strong>tati</strong></span> <span class='ocrx_word' id='word_1_936' title='bbox 2269 5304 2640 5378; x_wconf 88' lang='lat' dir='ltr'><strong>desipientiam</strong></span> <span class='ocrx_word' id='word_1_937' title='bbox 2661 5303 3000 5373; x_wconf 73' lang='lat' dir='ltr'><strong>adiunxerit,</strong></span> <span class='ocrx_word' id='word_1_938' title='bbox 3032 5305 3481 5374; x_wconf 91' lang='lat' dir='ltr'><strong>quemadmodum</strong></span> <span class='ocrx_word' id='word_1_939' title='bbox 3509 5306 3576 5360; x_wconf 93' lang='lat' dir='ltr'><strong>de</strong></span> <span class='ocrx_word' id='word_1_940' title='bbox 3611 5306 3734 5360; x_wconf 79' lang='lat' dir='ltr'><strong>im-</strong></span> 
     </span>
    </p>
   </div>
   <div class='ocr_carea' id='block_1_115' title="bbox 2143 5393 3744 5468">
    <p class='ocr_par' dir='ltr' id='par_1_115' title="bbox 2143 5393 3744 5468">
     <span class='ocr_line' id='line_1_115' title="bbox 2143 5393 3744 5468; baseline 0.003 -19"><span class='ocrx_word' id='word_1_941' title='bbox 2143 5395 2244 5466; x_wconf 87' lang='lat' dir='ltr'><strong>piis</strong></span> <span class='ocrx_word' id='word_1_942' title='bbox 2268 5393 2579 5464; x_wconf 88' lang='lat' dir='ltr'><strong>prophetica</strong></span> <span class='ocrx_word' id='word_1_943' title='bbox 2605 5393 2753 5450; x_wconf 79' lang='lat' dir='ltr'><strong>Isaiae</strong></span> <span class='ocrx_word' id='word_1_944' title='bbox 2774 5395 2989 5465; x_wconf 60' lang='lat' dir='ltr'><strong>praefert</strong></span> <span class='ocrx_word' id='word_1_945' title='bbox 3014 5398 3279 5453; x_wconf 87' lang='lat' dir='ltr'><strong>sententia</strong></span> <span class='ocrx_word' id='word_1_946' title='bbox 3308 5415 3321 5451; x_wconf 91' lang='lat'><strong>:</strong></span> <span class='ocrx_word' id='word_1_947' title='bbox 3353 5397 3445 5451; x_wconf 85' lang='lat' dir='ltr'><strong>Vir</strong></span> <span class='ocrx_word' id='word_1_948' title='bbox 3467 5399 3744 5468; x_wconf 67' lang='lat' dir='ltr'><strong>insipiens</strong></span> 
     </span>
    </p>
   </div>
   <div class='ocr_carea' id='block_1_116' title="bbox 2145 5485 3736 5560">
    <p class='ocr_par' dir='ltr' id='par_1_116' title="bbox 2145 5485 3736 5560">
     <span class='ocr_line' id='line_1_116' title="bbox 2145 5485 3736 5560; baseline 0.004 -23"><span class='ocrx_word' id='word_1_949' title='bbox 2145 5485 2302 5540; x_wconf 82' lang='lat' dir='ltr'><strong>stulta</strong></span> <span class='ocrx_word' id='word_1_950' title='bbox 2330 5486 2580 5557; x_wconf 85' lang='lat' dir='ltr'><strong>loquetur,</strong></span> <span class='ocrx_word' id='word_1_951' title='bbox 2603 5495 2653 5539; x_wconf 88' lang='lat' dir='ltr'><strong>et</strong></span> <span class='ocrx_word' id='word_1_952' title='bbox 2677 5502 2766 5540; x_wconf 87' lang='lat' dir='ltr'><strong>cor</strong></span> <span class='ocrx_word' id='word_1_953' title='bbox 2791 5487 2901 5555; x_wconf 86' lang='lat' dir='ltr'><strong>ejus</strong></span> <span class='ocrx_word' id='word_1_954' title='bbox 2930 5488 3076 5558; x_wconf 79' lang='lat' dir='ltr'><strong>fatua</strong></span> <span class='ocrx_word' id='word_1_955' title='bbox 3100 5489 3344 5559; x_wconf 87' lang='lat' dir='ltr'><strong>cogitabit</strong></span> <span class='ocrx_word' id='word_1_956' title='bbox 3366 5487 3519 5560; x_wconf 86' lang='lat' dir='ltr'><strong>(Isai.</strong></span> <span class='ocrx_word' id='word_1_957' title='bbox 3549 5504 3736 5554; x_wconf 76' lang='lat' dir='ltr'><strong>xxxii,</strong></span> 
     </span>
    </p>
   </div>
   <div class='ocr_carea' id='block_1_117' title="bbox 2147 5574 3742 5649">
    <p class='ocr_par' dir='ltr' id='par_1_117' title="bbox 2147 5574 3742 5649">
     <span class='ocr_line' id='line_1_117' title="bbox 2147 5574 3742 5649; baseline 0.002 -18"><span class='ocrx_word' id='word_1_958' title='bbox 2147 5577 2221 5649; x_wconf 86' lang='lat'><strong>6).</strong></span> <span class='ocrx_word' id='word_1_959' title='bbox 2267 5577 2517 5647; x_wconf 87' lang='lat' dir='ltr'><strong>Quisquis</strong></span> <span class='ocrx_word' id='word_1_960' title='bbox 2566 5577 2708 5632; x_wconf 91' lang='lat' dir='ltr'><strong>enim</strong></span> <span class='ocrx_word' id='word_1_961' title='bbox 2755 5574 2966 5632; x_wconf 89' lang='lat' dir='ltr'><strong>Patrem</strong></span> <span class='ocrx_word' id='word_1_962' title='bbox 3015 5585 3071 5632; x_wconf 88' lang='lat' dir='ltr'><strong>et</strong></span> <span class='ocrx_word' id='word_1_963' title='bbox 3093 5577 3285 5633; x_wconf 86' lang='lat' dir='ltr'><strong>Filium</strong></span> <span class='ocrx_word' id='word_1_964' title='bbox 3315 5579 3395 5634; x_wconf 86' lang='lat' dir='ltr'><strong>sie</strong></span> <span class='ocrx_word' id='word_1_965' title='bbox 3423 5579 3478 5632; x_wconf 89' lang='lat' dir='ltr'><strong>in</strong></span> <span class='ocrx_word' id='word_1_966' title='bbox 3507 5577 3742 5634; x_wconf 78' lang='lat' dir='ltr'><strong>Christo</strong></span> 
     </span>
    </p>
   </div>
   <div class='ocr_carea' id='block_1_118' title="bbox 2144 5669 3732 5740">
    <p class='ocr_par' dir='ltr' id='par_1_118' title="bbox 2144 5669 3732 5740">
     <span class='ocr_line' id='line_1_118' title="bbox 2144 5669 3732 5740; baseline 0.002 -17"><span class='ocrx_word' id='word_1_967' title='bbox 2144 5669 2594 5740; x_wconf 83' lang='lat' dir='ltr'><strong>quemadmodum</strong></span> <span class='ocrx_word' id='word_1_968' title='bbox 2616 5678 2671 5725; x_wconf 91' lang='lat' dir='ltr'><strong>ct</strong></span> <span class='ocrx_word' id='word_1_969' title='bbox 2691 5669 2742 5736; x_wconf 87' lang='lat' dir='ltr'><strong>in</strong></span> <span class='ocrx_word' id='word_1_970' title='bbox 2764 5669 2982 5738; x_wconf 89' lang='lat' dir='ltr'><strong>reliquis</strong></span> <span class='ocrx_word' id='word_1_971' title='bbox 3009 5669 3315 5727; x_wconf 85' lang='lat' dir='ltr'><strong>hominibus</strong></span> <span class='ocrx_word' id='word_1_972' title='bbox 3335 5687 3551 5727; x_wconf 90' lang='lat' dir='ltr'><strong>manere</strong></span> <span class='ocrx_word' id='word_1_973' title='bbox 3577 5670 3732 5726; x_wconf 45' lang='lat' dir='ltr'><strong>allis-</strong></span> 
     </span>
    </p>
   </div>
   <div class='ocr_carea' id='block_1_119' title="bbox 2146 5759 3750 5834">
    <p class='ocr_par' dir='ltr' id='par_1_119' title="bbox 2146 5759 3750 5834">
     <span class='ocr_line' id='line_1_119' title="bbox 2146 5759 3750 5834; baseline 0.003 -19"><span class='ocrx_word' id='word_1_974' title='bbox 2146 5769 2276 5820; x_wconf 86' lang='lat' dir='ltr'><strong>mat.</strong></span> <span class='ocrx_word' id='word_1_975' title='bbox 2302 5759 2579 5827; x_wconf 89' lang='lat' dir='ltr'><strong>Deumque</strong></span> <span class='ocrx_word' id='word_1_976' title='bbox 2612 5759 2838 5816; x_wconf 86' lang='lat' dir='ltr'><strong>Verbum</strong></span> <span class='ocrx_word' id='word_1_977' title='bbox 2867 5761 3136 5817; x_wconf 86' lang='lat' dir='ltr'><strong>Christum</strong></span> <span class='ocrx_word' id='word_1_978' title='bbox 3167 5764 3515 5834; x_wconf 70' lang='lat' dir='ltr'><strong>incarnatum,</strong></span> <span class='ocrx_word' id='word_1_979' title='bbox 3550 5767 3750 5820; x_wconf 84' lang='lat' dir='ltr'><strong>homi-</strong></span> 
     </span>
    </p>
   </div>
   <div class='ocr_carea' id='block_1_120' title="bbox 2149 5851 3740 5943">
    <p class='ocr_par' dir='ltr' id='par_1_120' title="bbox 2149 5851 3740 5943">
     <span class='ocr_line' id='line_1_120' title="bbox 2149 5851 3740 5943; baseline 0.005 -37"><span class='ocrx_word' id='word_1_980' title='bbox 2149 5853 2378 5943; x_wconf 75' lang='lat' dir='ltr'><strong>nemque</strong></span> <span class='ocrx_word' id='word_1_981' title='bbox 2405 5851 2602 5907; x_wconf 81' lang='lat' dir='ltr'><strong>factum</strong></span> <span class='ocrx_word' id='word_1_982' title='bbox 2631 5867 2749 5908; x_wconf 88' lang='lat' dir='ltr'><strong>csso</strong></span> <span class='ocrx_word' id='word_1_983' title='bbox 2773 5870 2879 5909; x_wconf 86' lang='lat' dir='ltr'><strong>non</strong></span> <span class='ocrx_word' id='word_1_984' title='bbox 2908 5857 3212 5926; x_wconf 79' lang='lat' dir='ltr'><strong>conﬁtetur,</strong></span> <span class='ocrx_word' id='word_1_985' title='bbox 3242 5858 3512 5926; x_wconf 86' lang='lat' dir='ltr'><strong>quomodo</strong></span> <span class='ocrx_word' id='word_1_986' title='bbox 3541 5865 3740 5928; x_wconf 65' lang='lat' dir='ltr'><strong>potest</strong></span> 
     </span>
    </p>
   </div>
  </div>
