4000 6186
300 329 408 386 285

1457 323 1824 381 JUSTH‘ilANl
1854 327 2000 382 'IMP.
2045 326 2394 384 EPISTULA.
3453 327 3559 384 9.86

299 481 414 526 τας,
435 464 520 516 καὶ
540 462 597 517 ἐκ
618 460 804 525 ταύτης
825 465 979 520 αὐτοῦ
1001 471 1093 525 τῆς
1119 465 1224 520 καθ’
1246 464 1530 535 ὑπερϐολὴν
1556 462 1877 535 βλασφημίας

1981 458 2249 516 Chris'tum
2273 459 2445 528 ipsum
2473 457 2760 512 secundum
2782 471 2996 512 carnem
3025 455 3338 511 nominare?
3363 455 3546 511 Sancti

303 560 384 610 τὲ»
409 555 597 625 τούτου
624 554 832 608 ἐκκλὲναι
860 552 1180 609 δυσσέϐειαν·
1215 554 1319 608 ἀλλ’
1344 549 1431 608 οὖν
1459 551 1545 610 διὰ
1569 558 1658 611 τίν
1685 555 1877 621 τούτων

299 642 570 707 invadam,
592 647 680 698 καὶ
704 642 856 706 ἄλλας
884 646 1041 701 αὐτοῦ
1060 645 1381 717 βλασφημίας
1399 645 1789 720 προαγάγωμεν,
1815 640 1880 696 δι’

297 729 362 784 ὗν
389 730 480 786 δύο
506 725 706 803 εἰσάγει
732 725 1012 804 πρόσωπα.
1556 786 1577 794 ..
1649 795 1652 799 ,

367 825 696 894 Μεμφόμενος
721 826 820 899 γὰρ
863 827 985 886 τοὺς
1028 825 1270 897 λέγοντας,
1315 822 1396 878 ὅτι
1437 822 1462 878 ὅ
1499 824 1621 884 Θεὸς
1659 819 1824 894 λόγος.
1856 819 1882 874 ὁ

294 917 401 986 πρὸ
439 918 656 980 αἰώνων,
685 909 889 988 γέγονεν’
915 916 994 971 ἐπ’
1024 914 1263 987 ἐσχάτων
1286 913 1568 990 ἅνθρωπος,
1595 915 1728 970 οὕτω
1753 915 1883 988 λέγει

293 1007 345 1058 ἐν
371 1014 447 1076 τῷ
477 1007 608 1060 κατά
629 1004 973 1081 ’Δπολιναρίου
999 1008 1225 1082 τετάρτῳ
1249 1005 1398 1079 λόγῳ⁶

377 1113 396 1144 ε
424 1106 477 1148 Ὁ
508 1098 612 1170 πρὸ
647 1098 872 1173 αἰώνων,
909 1100 1087 1168 φησὶν,
1115 1097 1307 1168 γέγονεν
1333 1095 1410 1158 ἐντ’
1437 1095 1703 1168 ἐσχάτων⁵
1735 1092 1884 1148 πάλιν

293 1188 366 1245 ὥς
397 1208 542 1240 τινων
569 1185 883 1252 δεδωκότων,
926 1190 1011 1240 καὶ
1051 1193 1218 1242 τοῦτο¹
1241 1187 1396 1258 λέγων
1425 1185 1624 1246 οὐδενὸς
1650 1190 1669 1207 ⁶
1697 1180 1757 1238 ἀν
1785 1193 1884 1239 τῶν

293 1280 532 1336 εὐσεϐεῖν
588 1278 973 1346 ἐσπουδακότων
1022 1279 1210 1340 ταύτην
1252 1281 1478 1351 ἑλομένου
1527 1287 1745 1338 νοσῆσαι
1794 1283 1884 1338 τήν

293 1365 492 1434 ἄνοιαν,
527 1371 661 1424 ὥστε
690 1369 777 1423 τὸν
801 1367 902 1444 πρό
935 1373 1128 1426 αἰώνων
1174 1372 1330 1424 εἰπεῖν
1365 1369 1444 1426 ἐπ’
1477 1371 1715 1439 ἐσχάτων
1738 1389 1883 1441 γεγε-

295 1461 506 1517 νῆσθαι·
524 1477 544 1511 s
577 1462 676 1513 Καὶ
693 1461 800 1529 μεθ’
818 1461 988 1534 ἕτερα⁸
1014 1479 1031 1511 ι
1052 1462 1235 1515 Οὐκοῦν
1248 1469 1353 1520 τοῖς
1369 1461 1628 1535 ὑμετέροις
1657 1460 1886 1529 ἑπόμενοι

294 1549 502 1619 νόμοις,
545 1554 633 1604 καὶ
673 1557 763 1610 τήν
793 1553 892 1608 ὑπὸ
919 1561 1010 1612 τῆς
1035 1561 1129 1612 σῆς
1164 1553 1430 1625 ἀγχινοίας
1465 1553 1885 1621 νομοθετουμένην

292 1644 669 1717 ἀντιστροζνῆν,
698 1643 881 1714 μᾶλλον
912 1641 964 1698 δὲ
994 1648 1342 1718 καταστροφὴν
1367 1641 1620 1714 δεξάμενοι
1637 1681 1659 1706 ,.
1681 1646 1795 1718 φέρε
1823 1641 1884 1701 δή

290 1731 473 1785 πάντα
502 1736 576 1792 ε’ς
607 1735 792 1788 ταυτὸν
817 1734 1151 1805 πγχέωμεν,
1183 1736 1266 1788 κίιέ
1297 1731 1518 1803 μηδεμία
1552 1733 1724 1788 λοιπὸν
1752 1731 1884 1787 ἴστω

1978 553 2174 621 quippe
2194 549 2381 605 Patres
2409 549 2675 618 Christum
2705 548 2869 602 Deum
2898 547 3131 602 Verbum
3159 562 3277 602 esse
3301 548 3549 616 incarna-

1982 649 2113 705 tum,
2138 648 2299 708 atque
2320 639 2592 693 hominem
2622 637 2818 691 factum
2843 637 3180 704 conﬁtentes,
3209 637 3253 690 si
3281 637 3551 707 quidpiam

1981 731 2049 784 de
2086 730 2203 798 ipso
2232 729 2430 783 humile
2453 730 2747 798 proferunt,
2772 735 2917 780 recte
2937 725 2989 779 id
3017 726 3306 779 secundum
3336 740 3550 780 carnem

1983 821 2032 875 ei
2074 820 2365 875 convenire
2404 818 2709 887 subjiciunt.
2744 816 3009 871 Caeterum
3039 831 3246 885 :nquum
3273 816 3554 871 videbatur

1983 909 2251 964 Theodori
2275 917 2696 978 propugnatores
2717 907 2800 959 vel
2822 906 2921 959 hac
2941 905 3282 973 exsuperanti
3303 904 3552 973 blasphe-

1982 1001 2088 1054 mia
2106 1008 2405 1054 commotos
2427 999 2492 1051 ab
2516 997 2678 1065 ipsius
2693 995 2965 1065 impietate
2981 995 3234 1050 recedere
3255 1012 3267 1048 :
3292 1003 3550 1064 attamen,

1986 1100 2043 1145 ut
2090 1092 2328 1160 ipsorum
2367 1089 2641 1151 refellatur
2691 1085 3049 1155 in'ipudentia,
3081 1086 3312 1155 reliquas
3339 1101 3554 1156 quoque

1985 1180 2101 1248 ejus
2126 1178 2482 1247 blasphemias
2511 1173 2840 1245 proferemus
2863 1174 2914 1226 in
2943 1175 3201 1238 medium,
3235 1174 3428 1241 quibus
3455 1174 3554 1227 du-

1985 1271 2176 1340 plicem
2207 1268 2399 1322 Christi
2440 1281 2722 1336 personam
2767 1264 2984 1318 inducit.
3031 1263 3346 1317 lnsimulans
3374 1263 3553 1331 itaque

1987 1377 2080 1417 eos
2106 1361 2198 1430 qui
2227 1359 2395 1412 Deum
2424 1357 2658 1413 Verbum
2687 1363 2810 1408 ante
2839 1354 3030 1408 sarcula
3066 1355 3325 1422 genitum,
3361 1353 3416 1407 in
3453 1369 3554 1408 no-

1988 1453 2203 1508 vissimo
2238 1451 2509 1506 hominem
2540 1447 2735 1501 factum
2767 1461 2885 1500 esse
2913 1443 3249 1516 prolitentur,
3280 1444 3333 1497 in
3362 1451 3555 1512 quarto

1987 1552 2172 1599 contra
2213 1539 2597 1609 Apollinarium
2627 1538 2761 1592 libro
2801 1536 2916 1590 hmo
2944 1533 3167 1589 scribit:
3204 1553 3221 1584 ι
3258 1533 3372 1589 Hoc
3412 1533 3555 1603 quod

1988 1633 2096 1704 [hic
2121 1603 2431 1702 quiﬁirwa]
2455 1636 2576 1682 ante
2605 1627 2795 1682 smcula
2823 1635 2961 1694 erat,
2989 1626 3041 1679 in
3083 1625 3382 1680 novissimis
3427 1625 3555 1680 dicit

1987 1723 2181 1778 factum
2209 1737 2330 1776 esse
2350 1720 2702 1790 temporibus,
2734 1725 2919 1788 utpote
2945 1715 3261 1786 quibusdam
3299 1716 3403 1770 hoc
3427 1731 3556 1770 con-

288 1820 581 1900 διςὲαρισις,
608 1829 678 1893 μὴ
704 1830 829 1878 Θεοῦ
857 1834 1070 1900 μορφῆς,
1101 1831 1177 1897 μὴ
1192 1824 1372 1880 δούλου
1399 1833 1622 1900 μορφῆς,
1659 1830 1728 1894 μή
1758 1832 1879 1888 ¹ναοῦ

1989 1818 2277 1884 ﬁtentibus,
2301 1833 2422 1871 cum
2443 1831 2602 1872 nemo
2624 1830 2690 1869 ex
2710 1815 2792 1868 his
2811 1814 2900 1882 qui
2922 1813 3136 1883 pietatis
3157 1827 3337 1866 curam
3357 1811 3556 1866 habent

287 1913 587 1986 ληφθέντος,
613 1921 685 1987 μὴ
705 1922 797 1971 τοῦ
819 1916 1125 1978 ἐνοικοῦντος
1153 1917 1202 1970 ἐν
1225 1925 1296 1986 τῷ
1323 1923 1454 1986 ναῷ,
1487 1921 1558 1987 μή
1602 1921 1690 1969 τοῦ
1718 1917 1886 1970 λυθέν-

286 2025 417 2065 τος.
448 2011 520 2074 μὴ
555 2013 646 2061 τοῦ
675 2008 986 2080 ἐγείραντος,
1017 2015 1088 2077 μή
1116 2014 1206 2082 τοῦ
1233 2006 1574 2066 τελειωθέντος
1603 2007 1651 2058 ἐν
1679 2005 1880 2068 πάθεσι,

286 2101 371 2163 μὴ
391 2102 481 2150 τοῦ
501 2097 871 2157 τελειώσαντος.
892 2102 962 2167 μή
981 2104 1072 2151 τοῦ
1094 2097 1537 2168 μνημονευοέντος,
1563 2101 1630 2164 μή
1646 2101 1738 2150 τοῦ
1758 2117 1882 2164 μνη·

287 2189 673 2255 μονεύσαντος.
723 2195 793 2261 μή
832 2194 922 2243 τοῦ
962 2189 1357 2260 ἐπισκεφθέντος,
1387 2178 1460 2258 μή
1493 2195 1580 2242 τοῦ
1608 2187 1882 2259 ἐπισκεψα-

286 2281 451 2350 μένου
472 2319 487 2340 .
529 2284 602 2350 μή
627 2285 716 2335 τοῦ
755 2281 934 2357 βραχῦ
971 2279 1097 2353 παρ’
1124 2281 1365 2352 ἀγγέλους
1394 2279 1775 2344 ἐλαττωθέντος,
1809 2284 1881 2350 μὴ

289 2374 387 2421 τοῦ
415 2369 825 2435 ἐλαττώσαντος,
855 2373 927 2440 μή
951 2375 1038 2422 τοῦ
1064 2366 1181 2441 δόξῃ
1207 2372 1292 2422 καὶ
1316 2377 1436 2439 τι.μῇ
1463 2368 1878 2440 στεφανωθέντος,

287 2463 366 2526 μή
386 2463 481 2511 τοῦ
509 2461 950 2529 στεφανώσαντος,
972 2462 1042 2528 μή
1069 2464 1154 2513 τοῦ
1181 2453 1522 2516 καταστάντος
1549 2459 1633 2511 ἐπὶ
1665 2458 1731 2512 τά
1755 2455 1882 2530 ἔργα

289 2554 397 2601 τῶν
423 2554 616 2619 χειρῶν
635 2555 726 2603 τοῦ
756 2555 902 2614 Θεοῦ,
917 2555 984 2620 μή
1005 2555 1093 2604 τοῦ
1118 2551 1558 2613 καταστήσαντος,
1587 2552 1654 2620 μὴ
1675 2554 1767 2603 τοῦ
1792 2548 1882 2602 λα-

293 2639 472 2701 ϐόντος
496 2643 627 2696 αὐτά
660 2643 708 2694 ἐν
739 2643 1003 2718 ὑποταγῇ,
1031 2648 1101 2714 μὴ
1129 2648 1218 2697 τοῦ
1247 2640 1423 2701 δόντος
1447 2646 1537 2700 τὴν
1563 2641 1874 2713 ὑποταγὴν.»

365 2740 447 2784 Ἐκ
469 2733 665 2787 τούτων
691 2736 852 2786 τοίνυν
874 2741 974 2788 τῶν
1002 2734 1201 2788 ἀσεϐῶν
1226 2730 1487 2803 Θεοδώρου
1515 2732 1770 2808 ῥημάτων,
1795 2735 1882 2786 καὶ

291 2829 387 2880 τῆς
410 2822 574 2883 οὕτως
599 2826 756 2878 αὐτοῦ
786 2832 1068 2898 προφανοῦς
1094 2825 1410 2898 βλασφημίας
1437 2823 1805 2900 ἐρυθριάσωσιν
1833 2825 1880 2878 οἱ

289 2915 699 2987 ἀντιποιούμενοι
737 2919 892 2971 αὐτοῦ
931 2937 984 2970 τε
1013 2919 1205 2976 καὶτῆς
1233 2916 1452 2976 ἀσεϐοῦς
1491 2917 1773 2976 ἐπιστολῆς.
1815 2917 1881 2970 Τὸ

293 3005 390 3077 γὰρ
414 3003 633 3065 ἀναιδῶς
659 3009 743 3060 καὶ
766 3006 1004 3067 πολλάκις
1031 3004 1175 3061 ἄλλον
1201 3002 1322 3062 εἶναι
1341 3011 1422 3062 τὸν
1448 3009 1572 3062 Θεὸν
1597 3007 1767 3078 λόγον,
1795 3010 1881 3062 καὶ

286 3091 442 3146 ἄλλον
462 3095 546 3149 τὸν
565 3099 777 3169 Χριστὸν
799 3097 954 3169 λέγειν
976 3099 1127 3152 αὐτὸν
1141 3139 1155 3162 ,
1180 3101 1260 3152 καὶ
1281 3099 1365 3154 τὸν
1390 3101 1479 3167 μὲν
1501 3100 1876 3172 εὐεργετοῦντα,

1986 1911 2148 1965 istum
2191 1924 2250 1964 se
2285 1908 2518 1978 patiatur
2556 1905 2802 1960 morbum
2831 1905 3028 1958 habere
3057 1901 3356 1966 dementim,
3391 1911 3448 1956 ut
3471 1901 3554 1956 di-

1984 2007 2090 2064 cat,
2127 2013 2248 2052 eum
2276 1996 2366 2065 qui
2406 2003 2489 2050 est
2519 2002 2644 2048 ante
2683 1993 2886 2060 secula,
2929 1993 2981 2046 in
3022 1992 3312 2046 novissimo
3355 1990 3554 2045 factum

1983 2105 2120 2146 esse.
2157 2107 2178 2141 s
2210 2087 2279 2141 Et
2315 2095 2438 2157 post
2480 2100 2649 2156 pauca
2674 2083 2888 2138 subdit:
2927 2101 2945 2134 ι
2979 2081 3196 2136 Vestras
3226 2082 3384 2150 igitur
3409 2081 3552 2147 leges

1982 2187 2289 2248 sequentes,
2333 2185 2389 2232 ct
2425 2191 2456 2229 a
2497 2183 2589 2230 tua
2615 2172 2876 2244 sapientia
2909 2171 3249 2226 constitutam
3277 2169 3551 2224 obversio—

1983 2285 2142 2337 nem,
2195 2271 2304 2324 imo
2350 2265 2518 2334 magis
2564 2262 2964 2319 subversionem
3011 2260 3393 2328 suscipientes,
3451 2271 3551 2324 age

1981 2359 2138 2415 simul
2167 2357 2343 2413 omnia
2373 2353 2776 2419 confundamus,
2800 2359 2856 2407 et
2880 2350 3022 2405 nulla
3045 2349 3155 2418 jam
3185 2349 3255 2404 sit
3281 2348 3550 2422 discrepa-

1983 2436 2077 2514 tio,
2121 2463 2220 2503 nec
2256 2446 2353 2501 Dei
2392 2444 2596 2510 formae,
2645 2457 2744 2498 nec
2788 2441 2927 2496 servi
2977 2439 3179 2504 formae,
3224 2454 3323 2493 nec
3366 2421 3548 2507 templi

1979 2540 2198 2611 sumpti,
2229 2553 2330 2594 nec
2369 2537 2484 2606 ejus
2519 2536 2610 2605 qui
2651 2535 2705 2589 in
2744 2532 2943 2602 templo
2985 2529 3259 2593 habitavit,
3297 2543 3398 2582 nec
3432 2527 3547 2596 ejus

1981 2629 2071 2698 qui
2100 2628 2307 2685 solutus
2335 2635 2438 2692 est,
2471 2641 2569 2680 nec
2597 2623 2713 2692 ejus
2743 2623 2835 2691 qui
2863 2619 3156 2685 suscitavit,
3190 2633 3290 2672 nec
3316 2617 3430 2686 ejus
3456 2617 3547 2687 qui

1981 2718 2248 2788 perlectus
2276 2724 2358 2771 est
2385 2716 2440 2769 in
2468 2713 2832 2784 passionibus,
2878 2726 2979 2765 nec
3017 2709 3134 2778 ejus
3171 2709 3261 2778 qui
3299 2707 3543 2778 perfecit,

1979 2826 2082 2866 nec
2120 2809 2236 2878 ejus
2273 2809 2364 2877 qui
2405 2807 2718 2862 memoriam
2762 2804 2980 2858 meritus
3021 2811 3120 2866 est,
3167 2816 3266 2856 nec
3305 2801 3419 2870 ejus
3455 2800 3545 2868 qui

1963 2916 2187 2956 memor
2208 2900 2378 2955 factus
2397 2907 2496 2963 est,
2526 2912 2627 2952 nec
2652 2895 2767 2964 ejus
2793 2895 2885 2964 qui
2905 2894 3147 2948 visitatus
3175 2901 3276 2957 est,
3309 2907 3406 2947 nec
3431 2892 3546 2958 ejus

1980 2993 2072 3060 qui
2117 2989 2370 3052 visitavit,
2413 3002 2515 3043 nec
2553 2987 2669 3055 ejus
2705 2985 2796 3056 qui
2835 2985 2994 3054 paulo
3030 2983 3202 3037 minus
3240 2983 3306 3036 ab
3346 2981 3544 3048 angelis

1980 3083 2276 3138 minoratus
2305 3089 2406 3143 est,
2433 3093 2532 3134 nec
2560 3077 2674 3146 ejus
2701 3077 2791 3146 qui
2820 3075 3124 3139 minoravit,
3168 3087 3268 3127 nec
3303 3071 3416 3140 ejus
3455 3069 3545 3138 qui

282 3185 378 3238 τὸν
401 3181 457 3238 δὲ
485 3187 924 3258 εὐεργετούμενον,
952 3191 1034 3242 καὶ
1060 3189 1142 3259 τὸν
1174 3191 1264 3258 μὲν
1294 3190 1560 3252 σώσαντα,
1586 3189 1672 3244 τὸν
1700 3186 1753 3244 δέ
1777 3209 1876 3242 σω-

1981 3175 2150 3245 gloria
2194 3182 2250 3229 et
2285 3173 2493 3228 honore
2543 3176 2832 3225 coronatus
2859 3175 2970 3227 est.
3001 3179 3102 3220 nec
3131 3165 3246 3232 ejus
3274 3163 3363 3232 qui
3391 3178 3544 3218 coro-

283 3277 475 3336 Θὲντά,
508 3285 732 3354 φανερῶς
771 3279 994 3347 ἀρνεῖται
1034 3284 1122 3336 τὴν
1160 3277 1245 3333 διά
1270 3285 1359 3332 τοῦ
1388 3278 1604 3351 μεγάλου
1628 3284 1758 3334 Θεοῦ
1788 3281 1876 3334 καὶ

285 3374 530 3442 σωτῆρος
571 3370 706 3437 ἡμῶν
733 3366 894 3426 Ἰησοῦ
929 3375 1151 3438 Χριστοῦ
1187 3369 1591 3444 προσγενομένην
1619 3371 1734 3438 ἡμῖν
1767 3390 1875 3423 σω·

285 3459 498 3528 τηριίαν.
531 3464 586 3507 ⁸0
611 3459 709 3530 γὰρ
738 3458 859 3530 παρ’
899 3455 1048 3512 ἄλλον
1073 3459 1356 3530 εῦεργεσέαν
1393 3458 1558 3513 λαϐὼν
1576 3497 1593 3521 ,
1620 3458 1732 3516 ἦτοι
1771 3481 1877 3514 σω·-

285 3546 430 3609 Orig,
461 3545 665 3619 ἐτέρους
700 3554 809 3606 πῶς
841 3545 1053 3602 δύναται
1087 3551 1292 3612 σώζειν;
1323 3547 1384 3600 Οἱ
1418 3548 1577 3600 τοίνυν
1602 3549 1686 3600 τόν
1713 3553 1878 3603 ταῦτα

288 3634 735 3708 βλασφημήσαντα
777 3635 1117 3702 ἐκδικοῦντες,
1171 3639 1304 3698 τινος
1354 3634 1538 3690 οἴονται
1590 3642 1740 3706 σῶμα
1794 3638 1875 3690 καὶ

289 3725 425 3797 eius:
448 3728 742 3800 λαμϐάνειν,
781 3736 870 3784 τοῦ
897 3729 1296 3801 εῦεργετηῦέντος
1329 3726 1359 3785 ἧ
1395 3732 1482 3780 τοῦ
1513 3727 1874 3800 εὐεργετήσαν-

289 3837 413 3884 tog;
451 3821 557 3873 ἀλλ’
587 3825 633 3875 εἰ
664 3822 754 3890 μὲν
791 3828 880 3876 τοῦ
921 3823 1336 3897 εὐεργετήσαντος
1373 3822 1502 3871 Θεοῦ
1546 3817 1726 3886 λόγου,
1766 3823 1877 3876 πῶς

292 3918 447 3966 τοῦτο
475 3913 703 3984 λέγουσιν
726 3918 797 3985 μή
829 3911 1184 3984 ὁμολογοῦντες
1214 3909 1374 3963 αὑτὸν
1401 3907 1720 3982 σαρκωθῆναι
1737 3945 1752 3968 ,
1793 3907 1880 3958 καὶ

293 4005 711 4081 ἒιανθρωπῆσαε;
757 4008 804 4059 si
833 4003 888 4060 δέ
915 4010 1009 4060 τοῦ
1035 4000 1461 4078 εὐεργετηθέντος.
1493 4001 1685 4070 ματαία
1711 3999 1878 4052 αὐτῶν

292 4100 324 4154 ιέ
346 4099 486 4158 arri;
508 4092 971 4174 ἀνθρωπολατρεὶαν
993 4095 1396 4172 πρεσϐευόντων,
1421 4091 1497 4148 ὅτι
1519 4089 1876 4152 ἠσεϐοἱσθησαν

291 4191 383 4244 καὶ
407 4190 718 4264 ἐλάτρευσαν
741 4197 805 4264 τῇ
831 4191 991 4244 κτίσει
1013 4189 1157 4264 παρά
1177 4189 1261 4242 τὸν
1292 4191 1555 4242 κτίσαντα.

1975 3266 2144 3332 navit,
2185 3280 2284 3320 nec
2319 3264 2434 3333 ejus
2462 3263 2552 3330 qui
2587 3262 2910 3317 constitutus
2931 3265 3013 3312 cst
3044 3270 3206 3325 super
3231 3269 3393 3324 opera
3433 3268 3544 3306 ma-

1977 3379 2140 3421 nuum
2182 3362 2299 3428 Dei,
2338 3375 2438 3416 nec
2476 3359 2590 3429 ejus
2618 3359 2708 3428 qui
2738 3356 3030 3421 constituit,
3065 3368 3164 3408 nec
3200 3352 3315 3423 ejus
3350 3351 3439 3421 qui
3478 3351 3544 3407 ad

1978 3453 2398 3510 subievationem
2417 3451 2532 3504 Ι]ωο
2559 3448 2782 3516 accepit,
2809 3461 2907 3500 nec
2930 3445 3045 3514 ejus
3071 3444 3163 3513 qui
3193 3443 3336 3498 dedit
3363 3442 3544 3497 suble-

1976 3545 2268 3600 vationem.
2306 3559 2325 3592 ι
2357 3541 2437 3594 Ex
2461 3539 2652 3608 quibus
2681 3537 2856 3606 impiis
2885 3533 3152 3590 Theodori
3184 3532 3379 3597 verbis,
3420 3546 3543 3598 pro-

1977 3637 2208 3703 l'anoque
2240 3631 2685 3702 blasphemiarum
2716 3641 2914 3696 genere
2956 3624 3203 3680 etIectum
3232 3629 3313 3676 est
3341 3629 3400 3675 ut
3447 3636 3542 3689 pu-

1974 3727 2106 3781 dore
2175 3723 2519 3779 al‘ﬁcerentur
2570 3736 2759 3776 omnes
2824 3718 2915 3789 qui
2968 3716 3068 3787 ipsi
3123 3714 3403 3784 impizeque
3470 3711 3542 3766 illi

1977 3815 2217 3886 epistolae
2242 3813 2677 3868 adversabantur.
2705 3809 2944 3877 Namque
2971 3805 3159 3862 crebro
3186 3813 3243 3859 et
3267 3801 3544 3872 impuden-

1980 3916 2064 3962 ter
2105 3907 2246 3962 aliud
2291 3921 2410 3962 esse
2454 3903 2550 3958 Dei
2591 3901 2821 3958 ‘.'erbum
2869 3900 3132 3968 inquiens,
3176 3896 3336 3950 alium
3363 3901 3542 3948 autem

1979 3996 2281 4063 Christum;
2324 3995 2483 4050 alium
2510 3993 2601 4063 qui
2626 3991 2946 4048 beneﬁcium
2981 3987 3234 4056 suscepit,
3265 3984 3428 4038 alium
3453 3982 3543 4052 qui

1981 4087 2238 4153 contulit;
2269 4086 2430 4140 alium
2456 4085 2548 4154 qui
2568 4085 2758 4146 salvat,
2784 4081 2945 4136 alium
2966 4079 3057 4148 qui
3081 4077 3340 4141 salvatur,
3361 4081 3544 4142 aperte

1979 4181 2206 4236 salutem
2243 4177 2511 4234 inﬁciatur
2541 4169 2746 4245 partam
2782 4173 2936 4228 nobis
2963 4185 3062 4240 per
3097 4181 3344 4237 magnum
3375 4163 3544 4219 Deum

1985 4279 2040 4326 et
2077 4269 2408 4324 Salvatorem
2448 4274 2688 4336 nostrum
2729 4262 2909 4316 Jesum
2944 4259 3230 4314 Christum.
3265 4252 3545 4320 Quomodo

288 4369 439 4423 cutim
487 4368 666 4425 salvos
704 4367 883 4424 facere
927 4375 1106 4438 potest
1147 4367 1401 4438 reliquos,
1434 4365 1507 4430 is,
1536 4363 1629 4432 qui
1657 4377 1764 4418 non
1787 4375 1944 4418 secus
1983 4375 2048 4413 ac
2077 4359 2256 4414 caeteri
2281 4356 2594 4412 beneﬁcium
2624 4353 2864 4422 percepit
2889 4349 3094 4414 salutis,
3123 4355 3284 4417 atque
3311 4344 3546 4398 salvatus

290 4460 412 4512 at?
456 4456 745 4528 Cujusnam
789 4435 950 4527 igitur
992 4473 1190 4528 corpus
1237 4435 1292 4512 et
1327 4456 1638 4526 sanguinem
1685 4467 1897 4508 sumere
1940 4468 1998 4508 se
2037 4450 2362 4512 existimant,
2420 4446 2509 4515 qui
2554 4445 2671 4499 haec
2723 4442 3184 4511 blasphemantem
3223 4435 3544 4490 defendunt?

295 4547 496 4614 Ejnsne
521 4522 612 4618 qui
640 4522 958 4603 beneﬁcium
983 4522 1224 4610 contulit,
1261 4560 1330 4599 an
1367 4522 1483 4614 ejus
1523 4539 1618 4612 qui
1652 4540 1922 4609 suscepit?
1959 4536 2109 4604 Quod
2136 4535 2182 4591 si
2214 4534 2370 4589 Verbi
2397 4531 2492 4587 Dei
2540 4527 2858 4586 beneﬁcium
2895 4522 3219 4581 conferentis
3257 4535 3450 4590 capere
3485 4535 3545 4574 se

292 4649 630 4695 sacramenta
670 4641 1071 4710 responderint,
1101 4637 1372 4708 quomodo
1411 4636 1464 4692 id
1502 4636 1704 4704 dicant,
1737 4648 1858 4688 cum
1902 4632 2074 4701 ipsum
2122 4630 2456 4684 incarnatum
2503 4634 2558 4680 et
2603 4623 2876 4678 hominem
2919 4622 3118 4676 factum
3170 4632 3289 4673 esse
3326 4617 3546 4671 minime

293 4728 691 4785 conﬁteantur?
728 4709 823 4786 Sin
851 4739 1032 4786 autem
1059 4729 1175 4799 ejus
1213 4729 1301 4784 cui
1338 4727 1654 4784 beneﬁcium
1692 4725 1946 4781 collatum
1975 4733 2058 4777 est
2097 4720 2347 4784 dixerint,
2395 4717 2558 4772 stulta
2600 4723 2683 4772 est
2722 4727 2850 4783 ergo
2896 4726 3084 4769 eorum
3113 4725 3256 4782 spes,
3305 4710 3396 4780 qui
3441 4709 3543 4764 ho-

292 4827 499 4884 minem
535 4827 683 4881 cultu
718 4837 1062 4896 venerantur,
1082 4827 1325 4896 quoniam
1371 4833 1660 4879 creaturam
1697 4838 1850 4894 super
1873 4820 2114 4875 Crantore
2143 4817 2487 4871 adoraeerunt
2511 4810 2666 4885 (Sap.
2695 4824 2786 4874 xv,
2809 4807 2924 4880 15).

365 4927 534 4991 Ἡμεῖς
559 4918 611 4974 δέ
639 4919 826 4981 πάντες
860 4921 908 4974 οὶ
943 4929 1030 4980 τῆς
1058 4919 1317 4981 καθοὴκῆς
1345 4917 1607 4977 ἐκκλησίας
1632 4918 1718 4971 τὸν
1743 4917 1866 4970 Θεὸν

2041 4909 2150 4965 Nos
2178 4915 2357 4963 autem
2385 4918 2594 4969 omnes,
2625 4901 2716 4972 qui
2736 4897 3015 4956 catholicas
3042 4891 3292 4950 Ecclesiae
3329 4904 3539 4955 sumus,

293 5015 441 5084 λᾶγον
462 5014 797 5086 σαρκωθέντα,
821 5015 901 5067 καὶ
934 5014 1384 5085 ἐνανθρωπήσαντα
1402 5051 1416 5074 ,
1447 5011 1532 5064 ἕνα
1559 5030 1613 5064 τε
1643 5005 1761 5064 ὄντα
1783 5015 1876 5067 τῆς

293 5104 447 5176 ἁγίας
478 5102 694 5178 Τριάδος
721 5105 1099 5174 ὁμολογοῦντες,
1128 5104 1286 5157 αὐτοῦ
1313 5104 1398 5157 καὶ
1422 5101 1480 5157 τὸ
1504 5113 1677 5171 σῶμα,
1707 5103 1792 5153 καὶ
1817 5100 1876 5154 τὸ

293 5193 425 5264 αἷμα
451 5192 707 5262 ὂεχὸμεθα
750 5195 822 5253 εἰς
856 5191 1032 5264 ἄφεσιν
1074 5193 1351 5267 ἁμαρτιῶν,
1379 5194 1462 5246 καὶ
1487 5194 1556 5251 εἰς
1582 5194 1713 5254 ζωήν
1752 5191 1878 5242 αέώ-

293 5306 416 5348 νισν,
457 5286 623 5343 καθώς
650 5287 737 5337 καὶ
778 5286 929 5342 αὐτὸς
955 5282 982 5338 ὁ
1008 5284 1182 5359 κύριος
1208 5282 1340 5354 λέγει
1367 5295 1380 5309 ’
1415 5297 1436 5332 ε
1463 5279 1522 5334 ⁸0
1548 5281 1752 5353 τρώγων
1781 5297 1877 5334 μου

293 5382 384 5432 τὴν
409 5378 601 5445 σάρκα,
631 5377 712 5428 καὶ
735 5379 892 5430 πίνων
933 5395 1033 5445 μου
1065 5375 1123 5429 τὸ
1166 5369 1314 5444 αἷμα,
1344 5370 1374 5426 ἐ
1376 5392 1466 5443 χει
1489 5376 1618 5436 ζωὴν
1656 5371 1874 5434 αἰώνιον,

293 5467 436 5536 κάτώ
462 5467 734 5522 ἀναστήσω
759 5466 909 5519 αὐτὸν
933 5466 983 5518 ἐν
1010 5472 1071 5537 τῇ
1101 5464 1304 5536 ἐσχάτῃ
1331 5463 1495 5536 ἡμέρᾳ
1519 5477 1532 5491 ⁸
1559 5462 1590 5518 ἡ
1613 5461 1712 5535 γάρ
1741 5459 1868 5535 σάρξ

293 5575 394 5623 μου
423 5555 620 5615 ἀληθῶς
654 5556 769 5609 ἐστι
797 5555 1011 5628 βρῶσις,
1037 5558 1121 5608 καὶ
1156 5554 1212 5608 τὸ
1235 5549 1359 5624 αἷμά
1381 5573 1480 5622 μου
1518 5551 1711 5610 ἀληθῶς
1753 5551 1869 5605 ἐστι

293 5645 476 5705 πόσις-
525 5653 581 5700 Ὀ
607 5646 812 5720 τρώγων
851 5664 953 5714 μου
1000 5649 1089 5704 τήν
1119 5643 1320 5720 σάρκα,
1365 5645 1448 5696 καὶ
1482 5640 1636 5697 πίνων
1668 5659 1766 5709 μου
1811 5639 1908 5694 τὸ“

297 5730 452 5804 ἅμ,
480 5735 532 5789 ἐν
558 5736 673 5803 ἐμοὶ
698 5737 852 5802 μένει,
876 5735 1010 5804 κάγὼ
1035 5735 1083 5788 ἐν
1112 5736 1266 5807 αὐτῷ.
1300 5733 1462 5792 Ιιαθώς
1491 5729 1777 5785 ἀπέστειλέν
1806 5747 1869 5797 με

1978 4999 2072 5054 Dei
2099 4997 2326 5052 Verbum
2354 4995 2690 5050 incarnatum
2735 4998 2792 5044 et
2843 4987 3115 5044 hominem
3145 4982 3343 5038 factum
3378 4998 3541 5038 unam

1977 5102 2044 5143 ex
2064 5095 2262 5142 sancta:
2290 5083 2565 5139 Trinitatis
2608 5078 2854 5151 personis
2894 5090 3014 5132 esse
3040 5071 3378 5134 conﬁtentes,
3424 5085 3544 5124 cor-

1978 5194 2078 5249 pus
2104 5177 2220 5246 ejus
2243 5185 2299 5232 et
2322 5175 2633 5244 sanguinem
2665 5169 2926 5227 sumimus
2954 5168 3010 5222 in
3030 5163 3398 5220 remissionem
3419 5175 3544 5229 pec-

1978 5277 2247 5333 catorum,
2283 5276 2338 5321 et
2365 5266 2420 5321 in
2446 5267 2612 5319 vitam
2639 5269 2929 5318 aeternam:
2971 5251 3420 5326 quemadmodum
3448 5252 3543 5306 do-

1977 5359 2090 5416 cuit
2115 5372 2214 5412 nos
2241 5357 2356 5425 ipse
2384 5353 2642 5409 Dominus
2677 5351 2900 5405 dicens:
2945 5345 3045 5410 Qui
3073 5341 3351 5397 manducet
3377 5356 3544 5394 meam

1979 5465 2187 5504 carnem
2214 5457 2265 5501 et
2291 5445 2417 5500 bibit
2445 5460 2612 5499 meum
2640 5440 2943 5511 sanguinem
2961 5477 2977 5504 ,
3026 5433 3176 5488 habet
3215 5433 3367 5486 vitam
3395 5442 3544 5486 teter-

1976 5555 2117 5604 nam,
2163 5545 2214 5590 et
2251 5552 2344 5606 ego
2373 5529 2685 5589 resuscitabo
2711 5545 2828 5584 eum
2853 5529 2910 5582 in
2942 5525 3220 5581 novissimo
3262 5524 3386 5579 die:
3420 5536 3544 5576 caro

1975 5632 2110 5686 enim
2138 5643 2252 5681 mea
2292 5641 2405 5680 vere
2431 5632 2509 5680 est
2550 5621 2713 5686 cibus,
2741 5629 2792 5674 et
2817 5619 3028 5690 sanguis
3067 5631 3209 5671 meus
3253 5624 3329 5670 est
3355 5622 3501 5684 potus
3522 5627 3542 5666 :

1976 5723 2064 5794 qui
2089 5719 2366 5775 manducat
2385 5731 2552 5772 meam
2572 5727 2778 5767 carnem
2807 5720 2857 5764 et
2881 5709 3005 5764 bibit
3033 5723 3200 5762 meum
3242 5702 3542 5773 sanguinem

380 5831 396 5846 ’
432 5823 602 5882 εοηθ
627 5822 906 5893 ﬂendum
931 5794 958 5878 ε.
975 5825 1031 5882 ’0
1059 5830 1199 5902 πρὸ..
1217 5794 1302 5882 ⁸...
1329 5825 1567 5894 ἐσχάτων
1591 5823 1756 5885 πάλιν,
1784 5794 1848 5880 ώς
1873 5838 2017 5872 τινων
2041 5811 2375 5870 διδασκόντων
2397 5815 2548 5865 τοῦτο
2576 5807 2658 5861 καὶ
2673 5802 2934 5876 λεγόντων,
2960 5799 3217 5860 οὐδενὸς...
3249 5794 3399 5852 Enn.
