4000 6186
449 352 552 408 287

1819 345 2109 414 VlClLlUS
2147 359 2341 416 PAPA.

3592 371 3694 425 9.88

445 470 473 526 ό
497 477 594 536 ζῶν
617 478 809 546 πατὴρ,
834 475 970 541 κάγώ
990 477 1060 536 ζῶ
1087 470 1172 527 διά
1201 470 1282 528 τόν
1308 474 1525 550 πατέρα,
1551 477 1640 528 καί
1679 473 1705 529 ό
1729 477 1940 550 τρώγων
1960 495 2024 545 με

2151 501 2185 538 η
2216 499 2295 537 me
2334 491 2530 544 manet,
2563 491 2717 551 etcgo
2749 483 2799 536 in
2824 499 2903 536 eo.
2928 480 3076 537 Sicut
3116 483 3255 536 misit
3288 499 3366 536 me
3399 486 3567 535 vivens
3595 482 3697 535 Pa-

446 563 670 623 κάκείνος
698 567 844 627 ζήσει
885 559 948 615 δι’
979 561 1084 630 ἐμέ.
1113 578 1133 612 ι
1176 565 1276 615 Καὶ
1317 569 1482 618 ταῦτα
1512 565 1602 634 μὲν
1641 562 1774 619 οὑτω
1815 565 1898 617 καί
1938 585 2027 619 πι-

447 653 705 719 στεύομεν,
731 654 818 705 καί
843 649 1199 722 ὁμολογοῦμεν.

520 830 684 886 Πόσον
711 828 762 885 δέ
793 829 1014 900 ψεύδους
1041 831 1181 884 ἐστίν
1212 830 1410 883 κάκεῖνο
1436 831 1634 902 μεστόν,
1657 827 1783 901 ὅπερ
1805 837 1867 900 τῇ
1906 851 2022 897 μνη·

451 924 744 995 μονωθείσῃ
774 923 952 976 ἀσεϐεῖ
978 921 1217 995 ἐπιστολῇ
1246 922 1547 996 περιέχεται
1573 925 1690 995 περὶ
1715 930 1814 975 τῶν
1835 920 2030 975 δώδεκα

449 1015 720 1086 κεφαλαίων
749 1021 838 1067 τοῦ
881 1015 929 1067 ἐν
957 1013 1117 1086 ἀγίοις
1147 1014 1420 1088 Κυρίλλου;
1463 1019 1766 1083 Συκοφαντεῖ
1797 1014 1894 1086 γάρ
1934 1013 2028 1065 αύ-

448 1107 550 1171 τόν,
593 1107 658 1164 ὡς
687 1106 805 1175 μίαν
836 1106 982 1176 φύσιν
1019 1112 1109 1164 τῆς
1135 1106 1381 1163 Θεότητος
1419 1106 1500 1157 καί
1526 1111 1617 1162 τῆς
1644 1104 2031 1176 ἀνθρωπότητος

449 1202 542 1250 τοῦ
585 1202 806 1270 Χριστοῦ
848 1195 894 1247 ἐν
921 1196 1119 1254 τούτοις
1159 1196 1390 1266 λέγοντα,
1429 1197 1515 1248 καί
1558 1192 1643 1249 διὰ
1671 1200 1822 1248 τοῦτο
1861 1194 2030 1254 πάσης

451 1289 688 1348 ἀσεϐεάς
725 1288 1089 1362 πεπληρῶσθαι
1123 1289 1189 1342 τά
1233 1289 1362 1343 αύτά
1406 1287 1648 1359 κεφάλαια
1690 1287 1841 1359 λέγει.
1865 1283 2030 1361 Ὀπερ

450 1378 478 1433 ό
503 1379 743 1452 ὑμέτερος
763 1376 1068 1438 διδάσκαλος
1093 1379 1390 1450 πανούργως
1413 1377 1717 1451 ἔρμὴνευσαι
1751 1377 1904 1447 λέγων
1934 1373 2026 1447 [1".

451 1471 764 1539 ἑρμηνεύσας
811 1465 993 1540 λέγει].
1031 1473 1100 1533 μή
1146 1467 1230 1523 διὰ
1273 1469 1336 1523 τὰ
1377 1466 1568 1522 δώδεκα
1619 1467 1862 1538 κεφάλαια
1890 1468 1936 1520 ἐν
1969 1474 2032 1539 τῇ

453 1559 695 1632 ἐπιστολῇ
735 1559 964 1628 εἰρῆσθαι
985 1555 1062 1613 ὅτι
1089 1562 1255 1612 ταῦτα
1282 1558 1450 1617 πάσης
1477 1558 1716 1618 ἀσεϐείας
1743 1558 2033 1634 πεπλήρων-

454 1674 559 1718 ται,
600 1651 703 1706 ἀλλ’
732 1649 809 1705 ὅτι
833 1649 1027 1723 εἴρηται
1052 1651 1170 1721 μίαν
1208 1646 1334 1704 εἶναι
1372 1649 1520 1724 φύσιν
1554 1649 1792 1710 Θεότητος
1828 1651 1912 1704 καί
1954 1651 2034 1705 ἀν-

454 1745 798 1821 θρωπότητος.
816 1740 979 1818 Ὀπερ
1008 1743 1253 1821 προςανές
1281 1741 1466 1813 ψεῦδός
1493 1744 1654 1797 ἔστιν.

2133 583 2229 640 ter,
2261 584 2309 628 ct
2340 591 2430 644 ego
2463 575 2572 626 viro
2601 583 2818 645 propter
2856 573 3089 638 Patrem,
3117 583 3164 628 et
3198 575 3287 642 qui
3311 575 3590 626 manduca!
3622 589 3700 626 me

2127 674 2175 718 et
2211 665 2320 732 ipse
2352 665 2480 718 vivet
2512 677 2729 736 propter
2761 681 2840 719 me
2875 664 3057 736 (Joan.
3118 679 3193 729 vx,
3259 664 3470 735 57-58).
3527 668 3704 734 Atque

2135 754 2250 810 haac
2307 755 2528 825 quidem
2556 757 2829 812 credimus
2856 765 2911 811 et
2936 757 3281 811 conﬁtemur.

2199 838 2396 904 Quanti
2443 853 2656 908 quoque
2703 837 2968 892 mendacii
3015 837 3230 906 plenum
3280 842 3363 891 est
3393 836 3443 890 id
3473 835 3614 905 quod
3650 837 3701 890 in

2128 938 2422 985 memorata
2452 930 2613 999 impia
2641 928 2868 999 epistola
2917 927 2984 983 de
3005 927 3288 984 duodecim
3319 928 3489 981 sancti
3519 926 3699 997 Cyrilli

2129 1021 2390 1091 capitibus
2417 1022 2724 1076 continetur
2751 1021 2764 1073 Ξ
2797 1019 3164 1075 Calumniatur
3187 1034 3417 1087 namque
3445 1017 3702 1088 Cyrillum

2129 1113 2321 1182 ipsum,
2353 1111 2498 1180 quod
2536 1127 2697 1165 unam
2725 1110 3018 1165 divinitatis
3041 1109 3498 1177 humanitatisque
3541 1117 3707 1164 natu-

2130 1216 2246 1255 ram
2274 1201 2327 1254 in
2355 1200 2590 1268 Christo,
2618 1201 2672 1254 in
2702 1199 2934 1270 praslatis
2975 1199 3238 1268 capitibus
3268 1198 3564 1263 admiserit,
3615 1199 3704 1252 in-

2129 1291 2305 1360 deque
2345 1299 2554 1346 scatere
2601 1304 2665 1344 ea
2694 1290 2870 1358 capita
2910 1287 3186 1345 concludit
3212 1287 3356 1341 omni
3405 1287 3710 1356 iniquitate,

2130 1381 2276 1451 quod
2305 1381 2478 1450 ipsum
2507 1379 2700 1434 callide
2729 1380 2796 1433 ab
2823 1387 3156 1448 praeceptore
3191 1386 3369 1431 vestro
3394 1378 3701 1446 expositum

2131 1482 2232 1538 est,
2283 1472 2512 1536 dicente,
2559 1486 2668 1526 non
2715 1477 2772 1525 ut
2818 1470 2919 1539 ipsi
2964 1470 3156 1539 injuria
3207 1469 3357 1524 ﬁeret
3405 1485 3469 1524 ea
3511 1481 3706 1524 vocata

2131 1565 2295 1620 fuisse
2325 1563 2587 1619 universze
2635 1562 2926 1633 impietatis
2965 1563 3162 1636 plena,
3215 1561 3312 1616 sed
3339 1562 3588 1630 quoniam
3632 1562 3708 1616 ibi

2132 1657 2346 1713 unicam
2372 1670 2492 1710 esse
2519 1653 2746 1709 docetur
2771 1653 3063 1708 divinitatis
3107 1642 3559 1722 humanitatisque
3602 1668 3705 1706 na-

2134 1755 2328 1801 turam.
2366 1744 2424 1799 Id
2451 1752 2632 1799 autem
2657 1742 2901 1814 putidum
2929 1750 3012 1797 est
3033 1751 3328 1812 patensque
3344 1744 3710 1798 mendacium.

525 1832 584 1888 Ὀ
629 1835 725 1906 γὰρ
756 1835 802 1886 ἐν
830 1834 991 1907 ἁγίοις
1031 1833 1263 1908 κύριλλος
1289 1829 1404 1887 οὔτε
1445 1833 1496 1885 ἐν
1536 1839 1648 1892 τοῖς
1683 1828 1845 1891 ἄλλοις
1876 1831 2029 1884 αὑτοῦ

2146 1835 2330 1889 Nullibi
2365 1833 2511 1888 enim
2551 1832 2953 1888 demonstratur
3003 1829 3283 1902 Cyrillum,
3325 1847 3498 1900 neque
3535 1832 3586 1886 in
3641 1847 3707 1890 ea

457 1925 868 1999 συγγράμμασιν,
904 1921 1019 1978 οὔτε
1055 1922 1103 1975 ἐν
1144 1929 1207 1994 τῇ
1248 1921 1508 1995 ἐπιστολῇ,
1621 1942 1718 1976 τινι
1746 1923 1812 1975 τά
1840 1917 2036 1974 δώδεκα

458 2015 698 2086 κεφάλαια
725 2015 1079 2078 ὑποτέτακται,
1109 2013 1216 2068 ἀλλ’
1259 2012 1373 2068 ούδέ
1415 2015 1462 2066 ἔν
1507 2014 1685 2073 αὑτοῖς
1735 2021 1843 2073 τοῖς
1891 2033 2040 2084 κεφα-

457 2106 613 2168 λαίοις
643 2111 762 2178 μίαν
790 2107 937 2177 φύσιν
967 2106 1199 2165 θεότητος
1244 2107 1327 2160 καί
1369 2106 1752 2180 ἀνθρωπότητος
1789 2103 2037 2160 δείκνυται

459 2203 700 2272 ε’ρηκώς,
745 2193 869 2252 ἀλλά
903 2202 1020 2270 μίαν
1048 2198 1332 2253 ὑπόστασιν
1359 2198 1468 2255 ἤτοι
1494 2195 1770 2272 πρόσωπον
1801 2205 1894 2258 τῆς
1933 2195 2037 2250 θεό-

459 2309 611 2349 τητος
648 2290 730 2343 καί
771 2295 858 2348 τῆς
889 2284 1275 2362 ἀνθρωπότητος
1313 2293 1402 2342 τοῦ
1445 2293 1665 2363 Χριστοῦ
1705 2281 1830 2340 εἶναι
1859 2283 2036 2340 διδάσ-

461 2401 557 2433 κει.
581 2377 744 2452 Ὀπερ
781 2380 864 2431 καί
888 2375 917 2431 ἡ
947 2377 1066 2449 ἀγία
1090 2384 1182 2432 τοῦ
1213 2383 1338 2432 Θεοῦ
1382 2377 1620 2434 ἐκκλησία
1661 2377 1915 2452 κηρύττει,
1957 2376 2041 2428 καί

461 2467 651 2527 πάντες
679 2467 725 2520 oi
761 2467 980 2539 πατέρες
1014 2464 1273 2530 ἐδίδαξαν,
1305 2467 1744 2536 ἀναθεματίζοντες
1780 2466 1898 2525 τούς
1924 2467 2042 2533 μίαν

465 2557 614 2628 φύσιν
643 2562 733 2614 τῆς
759 2555 991 2613 θεότητος
1019 2557 1103 2608 καί
1142 2562 1234 2614 τῆς
1272 2555 1659 2629 ἀνθρωπότητος
1700 2561 1791 2610 τοῦ
1823 2561 2040 2626 Χριστοῦ

463 2645 714 2717 λέγοντας.
743 2641 887 2702 ³Ἀλλο
931 2645 1029 2722 γάρ
1072 2645 1182 2698 ἐστι
1219 2645 1519 2722 φύσιςηκσί
1559 2641 1675 2698 ἄλλο
1727 2644 2038 2712 ὑπόστασις,

465 2735 577 2794 ἤτοι
603 2736 900 2806 πρόσωπον.
934 2737 1021 2788 Καὶ
1061 2736 1092 2792 ἦ
1127 2737 1220 2805 μὲν
1250 2736 1402 2806 φύσις
1429 2735 1486 2789 τό
1528 2741 1697 2793 κοινῶς
1725 2737 1805 2787 καί
1837 2741 2044 2804 γενικῶς

468 2831 596 2884 κατά
641 2829 843 2883 πάντων
895 2828 1183 2901 προσώπων
1231 2827 1665 2900 κατηγορούμενον
1711 2828 1963 2895 σημαίνει,
2013 2828 2044 2885 ἡ

467 2920 753 2978 ὑπόστασις
783 2915 835 2972 δέ
886 2915 995 2973 ἦτοι
1037 2916 1305 2989 πρόσωπον
1333 2917 1392 2970 τό
1427 2915 1582 2970 ὶδικόν
1616 2915 1858 2971 δείκνυσι⁸
1887 2916 2045 2989 πρόσ-

469 3029 605 3062 ωπον
652 3009 752 3083 γὰρ
797 3006 844 3058 ἐν
879 3002 1009 3075 ἄλλῳ
1037 3007 1294 3080 προσώπῳ
1332 3002 1425 3058 οῦκ
1452 3005 1822 3078 ἐπιθεωρεῑται.
1849 3001 1965 3058 Ὀτι
1991 3002 2045 3058 δὲ

469 3101 500 3156 ἡ
529 3099 740 3169 μυσαρά
769 3095 1010 3154 ἐπιστολή
1051 3097 1170 3168 περί
1201 3101 1302 3150 τῶν
1339 3091 1532 3149 δώδεκα
1571 3095 1842 3166 κεφαλαίων
1876 3099 1968 3150 τοῦ
1998 3096 2046 3148 ἐν

2133 1924 2361 1995 epistola
2391 1937 2510 1992 qua:
2535 1921 2816 1977 duodecim
2843 1921 3077 1990 capitula
3104 1922 3496 1989 complectitur,
3531 1937 3711 1990 neque

2135 2015 2189 2068 in
2218 2027 2404 2067 eorum
2432 2011 2666 2081 capitum
2706 2011 2909 2080 aliquo,
2960 2025 3138 2079 neque
3165 2011 3220 2065 in
3249 2013 3457 2065 ueteris
3483 2012 3711 2079 quibus-

2136 2105 2267 2160 libet
2312 2103 2462 2156 libris
2503 2102 2616 2158 suis
2663 2101 2878 2157 unicam
2923 2102 3214 2158 divinitatis
3259 2103 3716 2171 humanitatisque
3769 2135 3771 2138 ‹

2136 2205 2379 2251 naturam
2407 2195 2624 2260 dixisse,
2655 2207 2777 2248 cum
2807 2202 2996 2249 contra
3024 2194 3224 2249 diserte
3251 2194 3461 2259 doceat,
3494 2195 3718 2249 unicam

2138 2301 2258 2342 esse
2286 2287 2340 2340 in
2367 2285 2582 2340 Christo
2637 2284 2930 2340 divinitatis
2977 2285 3426 2354 humanitatisque
3453 2285 3720 2357 hyposta~

2138 2377 2238 2432 sim
2268 2378 2382 2431 sive
2409 2387 2714 2444 personam,
2761 2374 2906 2443 quod
2949 2384 3135 2431 sancta
3165 2375 3258 2430 Dei
3296 2376 3576 2445 proﬁtetur
3605 2374 3718 2430 Ec-

2140 2467 2323 2532 clesia,
2370 2467 2713 2534 universique
2759 2464 2945 2520 Patres
2987 2474 3248 2536 perpetuo
3295 2467 3545 2534 docuere,
3588 2483 3721 2522 ana-

2140 2561 2322 2615 thema
2370 2560 2424 2613 in
2453 2573 2548 2613 eos
2602 2557 2843 2612 dicentes
2887 2557 2979 2628 qui
3015 2559 3222 2614 unicam
3273 2558 3568 2614 divinitatis
3613 2559 3722 2613 hu-

2141 2653 2518 2718 manitatisque
2583 2656 2826 2704 naturam
2893 2661 3013 2704 esse
3069 2649 3122 2703 in
3177 2648 3392 2705 Christo
3431 2649 3721 2717 dicerent;

2144 2740 2288 2794 aliud
2352 2739 2549 2808 quippe
2603 2745 2792 2792 natura
2849 2746 2964 2806 est,
3040 2739 3181 2794 aliud
3241 2740 3544 2811 hypostasis
3595 2741 3724 2794 sive

2145 2843 2400 2900 persona.
2445 2826 2644 2885 Natura
2671 2825 2924 2883 videlicet
2951 2829 3308 2883 communiter
3358 2837 3520 2898 atque
3546 2841 3724 2895 gene-

2144 2919 2256 2974 riee
2283 2919 2352 2973 de
2392 2917 2580 2987 quavis
2605 2931 2835 2987 persona
2863 2917 3206 2986 praedicatur,
3256 2933 3485 2988 persona
3513 2925 3724 2981 autem,

2151 3009 2266 3065 sive
2291 3009 2600 3080 hypostasis
2624 3009 2876 3077 exprimit
2910 3009 3294 3078 proprietatem
3319 3027 3334 3077 ;
3365 3011 3729 3079 quamobrem

2150 3116 2255 3156 una
2299 3114 2532 3170 persona
2579 3099 2797 3154 minime
2848 3101 2901 3153 in
2947 3100 3123 3155 altera
3144 3099 3532 3156 consideratur.
3565 3098 3728 3165 Quo-

471 3186 632 3258 ἀγίοις
676 3185 911 3260 κυρίλλου
947 3183 1097 3256 λέγει,
1127 3186 1196 3244 ὡς
1223 3182 1397 3242 πάσης
1419 3182 1659 3242 ἀσεϐείας
1698 3183 2042 3255 πεπλήρωται,

2151 3191 2293 3244 niam
2317 3197 2494 3244 autem
2517 3189 2569 3242 in
2596 3189 2834 3257 improba
2857 3204 2920 3244 ea
2935 3191 3158 3260 epistola
3171 3190 3237 3246 de
3250 3191 3528 3246 duodecim
3545 3191 3729 3246 sancti

471 3275 664 3339 ἔξεστιν
689 3276 805 3346 ὑμῖν
833 3271 889 3329 ἐκ
918 3281 1016 3328 τῶν
1033 3275 1201 3345 ἐφεξῆς
1227 3281 1318 3332 τῆς
1347 3275 1504 3331 αὑτῆς
1530 3273 1752 3332 ἀσεϐοῦς
1778 3273 2047 3333 ἱπιστολῆς

472 3373 625 3421 τοῦτο
653 3367 843 3440 εὑρεῖν,
878 3367 926 3418 ἐν
969 3361 1040 3424 οἷς
1065 3373 1286 3438 φανερῶς
1326 3362 1460 3421 εἶπεν
1487 3368 1552 3420 τά
1588 3367 1718 3421 αύτά
1745 3364 1936 3422 δώδεκα
1963 3385 2048 3420 κε·-

473 3459 659 3529 φάλαια
685 3458 882 3511 ἐναντία
902 3451 1026 3510 εἶναι
1049 3463 1110 3530 τῇ
1138 3457 1259 3531 όρθῇ
1279 3458 1470 3511 πίστει.
1491 3455 1696 3516 Ἐπειδή
1724 3456 1777 3512 δέ
1805 3460 2050 3530 μέμφεται

475 3551 504 3606 ἦ
533 3550 657 3606 αύτή
696 3547 886 3607 ἀσεϐής
928 3547 1164 3605 ἐπιστολὴ
1206 3549 1237 3606 ἠ
1275 3547 1509 3618 λεγομένη
1529 3544 1644 3603 Ἴϐα
1669 3549 1758 3602 τόν
1803 3547 1854 3601 ἓν
1890 3546 2051 3619 ἁγίοις

475 3637 726 3714 Κύριλλον,
759 3640 826 3698 ὡς
855 3645 1024 3709 φωνῶν
1069 3635 1306 3710 διαφορὰν
1337 3639 1730 3711 ἀπαρνούμενον.
1779 3640 2050 3708 γινώσκετε

423 3797 425 3800 γ
479 3730 561 3786 ὅτι
603 3731 686 3783 καί
723 3731 772 3782 ἐν
812 3730 977 3796 τούτῳ
1006 3729 1091 3780 καί
1117 3727 1143 3780 ὁ
1170 3727 1374 3801 γράψας
1413 3733 1505 3785 τὴν
1549 3727 1714 3786 ἀσεϐῇ
1764 3727 2048 3792 ἐπιστολήν,

477 3821 562 3878 καί
601 3819 627 3873 ό
665 3819 904 3894 ὑμέτερος
930 3813 1232 3875 διδάσκαλος
1272 3814 1536 3884 ψεύδεται.
1560 3814 1633 3870 Ἐν
1661 3820 1790 3871 πᾶσι
1815 3817 1911 3890 γάρ
1949 3820 2072 3876 τοῖς

476 3913 623 3972 ἰδίοις
647 3911 810 3982 λόγοις
837 3909 864 3963 ό
887 3910 937 3963 ἐν
965 3908 1126 3980 ἁγίοις
1156 3908 1410 3984 Κύριλλος,
1451 3911 1572 3982 περί
1598 3914 1688 3964 τοῦ
1718 3910 1891 3979 κυρίου
1916 3910 2053 3980 ἡμῶν

473 4001 640 4062 Ἰησοῦ
661 4007 884 4075 Χριστοῦ
911 3999 1181 4065 διδάσκων,
1212 4007 1378 4072 φωνῶν
1403 4000 1536 4073 λέγει
1559 3999 1818 4075 διαφορὰν,
1848 4005 1933 4056 καὶ
1959 4003 2053 4062 τὰς

475 4097 566 4160 μίν
609 4093 807 4158 ὑψηλὰς
847 4093 978 4153 κατά
1021 4095 1112 4149 τήν
1145 4092 1357 4148 ϐιότητα
1401 4092 1591 4157 αὐτοῦ,
1617 4093 1710 4152 τάς
1735 4090 1788 4147 δὲ
1813 4094 2052 4151 ταπεινὰς

475 4186 603 4240 κατὰ
640 4190 726 4242 τήν
766 4183 1123 4257 ἀνθρωπότητα
1162 4167 1348 4246 αὑτοῦ,
1382 4185 1558 4243 πάσας
1585 4181 1640 4237 δέ
1669 4181 1804 4253 ὅμως
1841 4183 1890 4246 ἐξ
1917 4182 2050 4246 ἑνός,

475 4275 562 4329 καί
596 4275 712 4348 περί
745 4272 874 4335 ἐνὸς,
906 4274 990 4326 καί
1017 4275 1109 4325 τοῦ
1152 4271 1306 4324 αὑτοῦ
1335 4276 1462 4325 Θεοῦ
1491 4270 1634 4342 λόγου
1661 4273 2051 4346 σεσαρκωμένου

479 4348 730 4442 εἰρῆσθαι·
776 4365 1078 4440 ἀπαγορεύει
1129 4360 1182 4417 δὲ
1227 4361 1255 4416 ό
1299 4363 1446 4422 αὑτός
1490 4364 1539 4416 ἑν
1586 4363 1748 4436 ἁγίοις
1787 4364 2052 4438 Κύριλλος,

477 4454 612 4526 ἄλλῳ
665 4459 746 4510 καί
802 4452 930 4524 ἄλλῳ
976 4456 1236 4526 προσώπῳ
1287 4451 1602 4523 διανέμεσθαι
1647 4453 1860 4512 ταύτας.
1913 4451 2055 4510 Ἀ).λά

2148 3279 2330 3352 Cyrilli
2351 3277 2614 3348 capitibus
2648 3278 2861 3345 dicitur,
2901 3279 3016 3349 ipsa
3045 3294 3165 3336 esse
3194 3281 3488 3350 iniquitatis
3531 3280 3729 3351 plena,

2150 3373 2203 3428 id
2243 3385 2402 3442 quam
2448 3369 2638 3424 falsum
2686 3369 2756 3424 sit
2781 3385 2850 3426 ex
2879 3370 2993 3440 ipsa
3017 3372 3257 3442 epistolae
3299 3373 3442 3427 serie
3468 3373 3730 3442 pervesti-

2149 3477 2276 3532 gare
2304 3461 2483 3516 licebit
2513 3460 2708 3530 illaque
2737 3463 3070 3531 perquirere,
3119 3465 3173 3518 iu
3216 3465 3408 3533 quibus
3433 3463 3730 3520 duodecim

2150 3567 2214 3608 ea
2243 3552 2417 3622 capita
2445 3551 2676 3605 afﬁrmat
2699 3567 2822 3606 cum
2853 3563 2998 3607 recta
3030 3553 3132 3609 ﬁde
3156 3569 3414 3624 pugnare.
3458 3554 3590 3609 Cum
3615 3571 3726 3609 au-

2152 3649 2261 3695 tem
2285 3640 2447 3708 impia
2474 3654 2538 3694 ea
2564 3640 2790 3708 epistola
2817 3655 2935 3710 qua:
2959 3643 3062 3697 lbte
3086 3643 3302 3713 dicitur,
3332 3645 3509 3714 negati
3535 3647 3730 3715 appel-

2152 3728 2412 3783 lationum
2441 3727 2763 3783 discriminis
2781 3740 3023 3785 sanctum
3043 3730 3299 3803 Cyrillum
3321 3743 3555 3801 accuset,
3577 3736 3728 3789 scia-

2155 3820 2244 3887 tis,
2288 3819 2430 3874 circa
2479 3819 2585 3874 hoc
2630 3820 2807 3890 ipsum
2851 3835 3067 3890 quoque
3112 3837 3222 3876 non
3267 3821 3431 3878 modo
3477 3825 3732 3892 epistola:

2152 3909 2294 3964 illius
2318 3909 2656 3979 scriptorem,
2684 3925 2868 3965 verum
2898 3913 3207 3980 magistrum
3236 3928 3452 3983 quoque
3480 3922 3730 3969 vestrum

2151 4014 2273 4055 esse
2321 4000 2627 4054 mentitum.
2679 3999 2966 4058 Enimvero
3011 4018 3330 4074 quocunque
3373 4005 3426 4060 in
3470 4019 3730 4062 sermone

2151 4104 2249 4144 suo
2276 4097 2492 4145 sanctus
2514 4089 2744 4162 Cyrillus
2771 4091 2839 4145 de
2863 4089 2990 4146 Jesn
3032 4090 3247 4156 Christo
3276 4093 3504 4149 Domino
3534 4102 3728 4150 nostro

2151 4193 2456 4233 sermonem
2479 4179 2728 4244 instituit,
2759 4181 3175 4250 appellationum
3196 4183 3311 4238 sive
3329 4183 3730 4239 deuominatio-

2153 4284 2277 4324 num
2303 4269 2587 4325 discrimen
2611 4271 2715 4325 hoc
2741 4271 2918 4340 docet,
2943 4281 3000 4327 et
3019 4273 3272 4329 sublimes
3293 4273 3508 4342 quidem
3536 4274 3727 4329 dicen-

2152 4359 2207 4415 di
2240 4361 2478 4418 rationes
2507 4361 2608 4430 ipsi
2643 4361 2940 4419 secundum
2966 4362 3319 4432 divinitatem,
3365 4365 3595 4420 humiles
3637 4381 3729 4420 au-

2152 4458 2261 4504 tem
2312 4457 2369 4504 et
2396 4448 2660 4506 demissas
2684 4451 2973 4508 secundum
3002 4453 3389 4510 humanitatem
3414 4457 3728 4519 convenire,

476 4547 819 4618 ἀναμφιϐόλως
841 4546 987 4616 ὑμεῖς
1010 4543 1101 4599 δύο
1129 4547 1429 4619 προσώποις
1447 4542 1696 4614 διανέμειν
1719 4545 1937 4604 Θίλοντες
1960 4546 2045 4604 τὰς

2155 4554 2342 4596 omnes
2369 4548 2548 4596 tamen
2597 4556 2664 4596 ex
2695 4557 2802 4596 uno
2830 4550 2992 4612 atque
3030 4543 3099 4599 de
3129 4560 3238 4600 uno
3288 4546 3564 4601 incarnato
3614 4547 3732 4602 Deo

477 4635 675 4706 φωνάς,
709 4631 792 4688 διὰ
827 4643 980 4688 τοῦτο
1020 4635 1186 4706 λέγετε
1225 4635 1310 4689 τόν
1349 4635 1399 4687 ἂν
1437 4633 1598 4704 ἁγίοις
1630 4632 1858 4710 ιύριλλον
1886 4639 2045 4706 φωνῶν

2159 4627 2342 4684 Verbo
2369 4629 2668 4699 praedicari.
2706 4630 2868 4686 Vetat
2886 4641 3067 4688 autem
3093 4633 3324 4704 Cyrillus
3351 4650 3420 4691 ne
3462 4636 3732 4704 ejusmodi

478 4725 715 4799 διαφορὰν
763 4724 1174 4798 ἀπαρνήσασθαι.
1212 4719 1418 4781 Ἐπιειδή
1461 4720 1516 4777 δὶ
1570 4721 1864 4794 βουλόμενος
1919 4721 2057 4790 ὑμᾶς

479 4819 745 4877 ἀπατῆσαι
791 4817 877 4870 καί
904 4817 953 4868 ἐν
979 4816 1148 4886 τούτῳ
1172 4814 1202 4869 ό
1245 4813 1545 4876 διδάσκαλος
1577 4816 1720 4885 ὑμῶν
1756 4811 1924 4878 εἶπεν,
1969 4819 2058 4874 τήν

474 4908 630 4965 αὑτήν
665 4905 825 4963 ἀσεϐῇ
872 4905 1131 4964 ἐπιστολήν
1164 4909 1257 4964 τὴν
1288 4905 1558 4976 λεγομένην
1594 4903 1713 4960 Ἴϐα
1736 4914 1828 4965 τῆς
1863 4907 2057 4962 ’Δπολι-

473 4998 650 5072 ναρίου
671 4995 909 5055 ἀσεϐείας
928 4994 1282 5070 καταγράφειν,
1305 4997 1390 5049 καί
1401 4993 1484 5050 διά
1501 5001 1653 5051 τοῦτο
1675 4996 1880 5068 ὀφείλειν
1896 4997 2052 5056 αὐτὴν

477 5085 733 5158 όρθόδοξον
756 5088 1064 5158 νομίζεσθαι⁰
1102 5085 1282 5142 εἰδέναι
1304 5087 1442 5158 ὑμᾶς
1466 5077 1591 5164 χρή
1607 5084 1686 5143 ὅτι
1711 5091 1796 5144 καί
1817 5089 1866 5142 ἐν
1885 5090 2052 5161 τούτῳ

476 5177 748 5248 ἐψεύσατοο
771 5176 888 5233 οὔτε
909 5180 1008 5253 γὰρ
1029 5179 1155 5232 κατά
1179 5178 1544 5253 ’Δπολιναρίοω
1563 5176 1793 5254 καθάπερ
1823 5180 2053 5254 ἀνωτέρω

475 5272 769 5342 εἰρήκαμεν,
799 5270 1103 5342 γέγραπται·
1129 5263 1270 5336 ὅμως
1290 5266 1344 5322 δέ
1368 5269 1413 5321 εί
1432 5271 1514 5322 καί
1536 5267 1644 5325 καθ’
1669 5269 1805 5339 ὑμᾶς
1823 5276 1970 5325 τοῦτο
1995 5267 2055 5331 ἦν

472 5359 672 5422 ἀληθὲς,
695 5360 753 5412 ού
775 5357 858 5414 διά
877 5363 1030 5415 τοῦτο
1051 5358 1377 5433 ἠλευθεροῦτο
1396 5366 1488 5419 τῆς
1508 5361 1848 5432 κατακρίσεως
1868 5362 1900 5419 ἦ
1922 5362 2056 5420 αὑτὴ

474 5450 737 5508 ἐπιστολή.
776 5445 872 5503 Κάν
907 5447 1004 5524 γὰρ
1042 5447 1094 5504 εἴ
1111 5469 1190 5508 τις
1231 5449 1480 5524 αίρετικός
1508 5445 1638 5505 κατὰ
1676 5451 1958 5527 αἱρετικοῦ,
1997 5448 2058 5504 οὑ

471 5536 558 5591 διά
579 5543 734 5592 τοῦτο
753 5539 904 5598 αὐτὸς
917 5536 1184 5613 ὀρθόδοξος-
1197 5536 1464 5594 δείκνυται.
1489 5542 1576 5593 Καὶ
1595 5537 1793 5615 ’Δρειος
1811 5541 1909 5616 γὰρ
1930 5543 2059 5598 κατά

474 5626 739 5680 ὶὶιϐελλίου
767 5622 908 5691 εἶπεν
925 5667 938 5691 ,
971 5631 1056 5683 καί
1077 5627 1420 5704 ’Δπολινᾶριος
1443 5629 1573 5685 κατά
1600 5631 1786 5708 ’Δρείου
1803 5674 1818 5698 ,
1855 5635 1942 5685 καί
1969 5634 2059 5687 EG-

474 5717 651 5783 ωχής
695 5709 830 5770 κατά
873 5720 1168 5792 Νεστορίου.
1211 5721 1302 5773 καί
1338 5715 1429 5773 κάν
1471 5721 1538 5775 τά
1576 5720 1804 5788 μάλιστα
1837 5719 2058 5798 διαφόρῳ

477 5802 636 5872 πλάνῃ
663 5804 848 5865 πάντες
881 5803 1024 5862 οὗτοι
1062 5809 1390 5879 κατείχοντο,
1436 5807 1572 5881 ὅμως
1611 5809 1775 5872 οὐδεὶς
1805 5813 1970 5867 αὐτῶν
2005 5811 2060 5866 ἐκ

2155 4718 2621 4780 deuominationes
2646 4721 2738 4777 alii
2787 4731 2844 4779 et
2871 4723 2962 4778 alii
2989 4739 3236 4794 personas
3257 4727 3467 4783 divisim
3496 4729 3732 4784 tribuan-

2157 4817 2266 4866 tur.
2307 4809 2413 4866 Vos
2441 4818 2622 4868 autem
2650 4813 2838 4882 procul
2866 4813 3030 4874 dubio
3057 4814 3258 4885 duplici
3290 4815 3573 4886 seiunctim
3603 4833 3734 4888 per-

2158 4933 2307 4974 sonae
2367 4918 2631 4989 ejusmodi
2687 4922 3075 4992 appellationes
3145 4927 3384 4983 tribuere
3440 4916 3683 4983 Veientes
3709 4969 3728 4994 ,

2152 5009 2416 5084 Cyrillum
2461 5013 2584 5068 ideo
2631 5015 3048 5084 appellationum
3093 5017 3401 5075 discrimina
3445 5019 3734 5075 sustulisse

2154 5101 2574 5158 calumniamini.
2615 5103 2750 5158 Cum
2795 5106 2940 5160 enim
2980 5107 3124 5163 circa
3163 5109 3266 5164 hoc
3293 5121 3510 5178 quoque
3545 5125 3642 5165 vos
3669 5109 3730 5163 in

2155 5203 2392 5247 errorem
2411 5191 2664 5248 inducere
2685 5193 2785 5249 sibi
2808 5197 3174 5266 proposuisset
3201 5199 3255 5254 in
3275 5199 3454 5255 animo
3473 5200 3736 5269 magister

2157 5287 2356 5346 vester,
2404 5280 2588 5349 itaque
2635 5278 2970 5341 commentus
2993 5293 3136 5342 esset
3164 5301 3286 5343 eam
3312 5302 3432 5357 qua:
3457 5287 3560 5343 [hae
3589 5288 3737 5342 dici-

2162 5376 2252 5423 tur
2277 5367 2562 5438 epistolam
2583 5367 2842 5426 adversus
2871 5371 3184 5443 Apollinarii
3209 5376 3537 5446 impietatem
3565 5375 3740 5433 fuisse

2160 5461 2511 5530 perscriptam
2531 5500 2548 5526 ,
2598 5461 2930 5533 proindeque
2995 5467 3251 5535 expedire
3303 5476 3364 5523 ut
3419 5467 3735 5523 orthodoxa

2156 5545 2510 5616 judicaretur,
2539 5549 2977 5607 animadvertatis
3019 5560 3256 5622 oportet,
3288 5568 3355 5610 eo
3377 5568 3594 5624 quoque
3619 5553 3736 5610 loci

2160 5640 2442 5691 mentitum
2469 5637 2671 5706 pariter
2699 5652 2818 5694 esse
2845 5657 2860 5691 :
2897 5655 3004 5696 non
3034 5643 3200 5707 enim,
3231 5651 3290 5702 ut
3315 5644 3562 5713 sdperius
3586 5642 3738 5698 indi-

2154 5725 2418 5792 cavimus,
2433 5725 2688 5782 adversus
2699 5727 3082 5798 Apollinarium
3100 5733 3301 5802 scripta
3321 5731 3736 5793 estactum),

2159 5813 2393 5874 etiamsi.
2423 5821 2480 5870 ut
2509 5814 2662 5875 vobis
2689 5816 2886 5889 placet,
2915 5820 2968 5877 id
2991 5823 3164 5892 ipsum
3185 5835 3284 5894 pro
3309 5837 3439 5880 vero
3463 5819 3729 5879 conceda-
