4000 6186
239 291 349 346 ἱ89

1411 292 1778 350 JUSTINIANI
1818 295 1957 351 1MP.
2014 297 2362 356 EPISTOL.-\.

3414 325 3519 382 290

235 423 332 471 τῆς
392 407 633 468 τοιαύτης
690 409 1031 481 ἆντιρρήσεως
1087 406 1352 483 ὸρθόἃοξος
1422 409 1675 486 κρίνεται,
1732 411 1837 466 ἀλλ’

1942 417 2046 476 tur,
2078 428 2186 467 non
2235 424 2522 484 propterea
2566 418 2678 489 ipsa
2729 422 2980 481 immunis
3027 432 3296 488 censenda
3339 440 3440 492 erit
3490 457 3517 493 τι

232 497 424 567 ὁμοίως
451 502 637 561 πάντες
661 501 760 554 ἀπὸ
781 510 872 562 τῆς
898 501 1164 563 καθολικῆς
1189 501 1450 561 ἐκκλησίας
1482 501 1835 566 καταδικάζον-

230 612 338 645 ται.
379 594 465 645 Καὶ
493 592 546 644 ἐκ
578 593 768 648 τούτου
796 591 849 647 δὲ
881 591 1094 666 ’,φανερός
1120 594 1258 648 ἔστιν
1292 592 1318 647 ὸ
1347 599 1437 651 τήν
1472 595 1836 664 μνημονευθεῖ-

225 703 331 736 σαν
358 683 523 741 ἀσεεῆ
542 684 752 756 γράψας
781 686 1054 743 ἐπιστολήν
1078 684 1170 740 δύο
1197 686 1452 761 πρόσωπα
1481 686 1730 760 εἰσάγων,
1757 686 1835 742 ὅτι

227 770 393 839 εἶπεν,
429 793 448 825 ε
474 784 583 837 Πῶς
607 775 824 832 δυνατὸν
841 777 1083 849 ληφθῆναι
1104 779 1192 834 τὸν
1221 780 1268 832 ἐν
1301 781 1447 854 ἀρχῇ
1474 780 1617 852 λόγον
1642 782 1719 834 ἐπὶ
1747 787 1836 836 τοῦ

226 873 354 921 ναοῦ
376 874 469 921 τοῦ
491 868 546 922 ἐκ
569 871 777 944 Μαρίας
792 873 1143 944 γεννηθέντος-ξ
1170 891 1188 924 ε
1215 873 1286 928 Δι’
1313 871 1376 926 ὧν
1395 875 1630 952 ῥημάτων
1643 873 1836 931 δείκνυ·

227 981 318 1015 ται
361 971 621 1037 φανερῶς,
668 963 747 1019 ὅτι
787 967 846 1019 οὐ
871 967 960 1020 τὸν
1007 969 1128 1020 Θεὸν
1176 967 1324 1041 λόγον
1359 969 1714 1042 σαρκωθῆναι,
1753 972 1838 1022 καὶ

228 1053 476 1122 τεχθῆναι
501 1055 558 1107 ἐκ
581 1062 675 1116 τῆς
698 1055 846 1128 ἁγίας
865 1057 1116 1134 παρθένου
1142 1057 1340 1132 Μαρίας
1362 1059 1516 1132 λέγει,
1542 1055 1669 1114 ἀλλά
1692 1059 1836 1131 ψιλὸν

227 1142 494 1220 ἄνθρωπον
535 1149 626 1201 τ-Ξν
674 1150 898 1223 Χριστὸν
942 1147 994 1204 ὸν
1035 1151 1156 1206 ναὸν
1197 1152 1459 1207 ἀποκαλεῖ.
1489 1150 1604 1206 Ὀτι
1648 1151 1702 1207 δὲ
1753 1157 1837 1208 καὶ

227 1239 418 1294 ταύτην
445 1242 539 1295 τήν
567 1238 807 1292 ἀσέϐειαν
833 1240 886 1292 ἐκ
904 1247 994 1300 τῆς
1016 1239 1278 1316 Θεοδώρου
1309 1239 1634 1303 διδασκαλίας
1657 1239 1834 1298 ἔλαϐεν

227 1326 367 1384 in}?
396 1331 645 1400 μυσαρὰν
668 1330 856 1388 ἐκείνην
882 1332 1088 1404 γράψας
1116 1333 1412 1395 ἓπιστολήν,
1440 1331 1584 1392 δήλον
1612 1335 1662 1398 ἐξ
1687 1332 1768 1387 ὧνν
1786 1337 1834 1389 ἔν

227 1425 300 1487 τῷ
335 1421 498 1494 τρίτῳ
525 1420 660 1492 λόγῳ
687 1423 818 1476 κατὰ
841 1422 1196 1494 Ἀπολιναρίου
1222 1429 1318 1478 τοῦ
1348 1424 1606 1499 αίρετικοῦ
1631 1425 1656 1481 ὸ
1683 1428 1838 1488 αὐτὸς

226 1510 422 1570 ὀσεξής
447 1507 715 1584 Θεόδωρος
744 1509 966 1587 ἔγραψεν
994 1514 1151 1586 λέγων
1169 1514 1338 1575 οὕτως
1355 1532 1370 1546 ·
1407 1533 1426 1566 ε
1453 1514 1576 1569 Ἀλλ’
1603 1514 1687 1589 ὅγε
1717 1519 1839 1578 Θεὸς

226 1604 310 1654 καί
334 1602 387 1654 ἐκ
415 1608 549 1657 Θεοῦ
577 1605 665 1678 καί
687 1602 953 1673 ὸμοούσιος
979 1613 1050 1676 τῷ
1077 1609 1266 1682 πατρί,
1294 1615 1367 1679 τῷ
1393 1609 1482 1678 μὲν
1503 1608 1558 1661 ἐκ
1585 1622 1677 1668 τῆς
1706 1629 1840 1682 παρ·

225 1698 369 1750 θένου
399 1698 711 1768 γεννηθέντι,
745 1693 785 1751 ὧ
813 1699 1065 1769 θαυμάσιε
1083 1741 1098 1767 ,
1138 1702 1225 1754 καί
1252 1701 1354 1755 ὑπὸ
1383 1706 1476 1756 τοῦ
1506 1700 1654 1774 ἁγίου
1684 1699 1840 1756 πνεύ-

1939 505 2403 563 condemnationis
2434 509 2672 578 judicio;
2725 529 2830 570 non
2879 519 3023 574 enim
3068 523 3188 580 ideo
3237 527 3522 584 haereticus

1937 595 2202 664 quispiam
2247 597 2304 651 lit
2351 600 2707 669 orthodoxus,
2755 614 3044 677 propterea
3091 614 3236 682 quod
3263 618 3524 674 adversus

1938 687 2102 741 alium
2131 689 2443 745 hazreticum
2470 691 2845 764 disputaverit.
2886 700 3131 772 Namque
3161 706 3318 764 Arius
3355 712 3520 767 etiam

1938 776 2196 834 adversus
2237 779 2530 838 Sabellium
2577 785 2870 854 disseruit,
2923 800 2978 846 et
3027 795 3286 854 adversus
3331 801 3520 860 Arium

1936 868 2319 940 Apollinarius,
2343 883 2400 930 et
2419 874 2688 948 Eutyches
2709 891 2897 939 contra
2919 883 3244 956 Nestorium,
3274 904 3328 948 et
3346 911 3521 966 quan-

1935 977 2095 1032 quam
2125 965 2352 1023 diversis
2379 970 2713 1038 potissimum
2743 978 3015 1035 erroribus
3041 965 3378 1041 adhtererent
3401 990 3524 1044 uni-

1938 1057 2100 1124 versi,
2148 1073 2310 1114 nemo
2358 1069 2540 1118 tamen
2579 1078 2650 1118 ex
2694 1065 2856 1135 ipsis,
2906 1080 3210 1128 mutuarum
3253 1077 3522 1146 ejusmodi

1936 1151 2401 1207 concertationum
2430 1170 2612 1222 causa,
2663 1160 2997 1216 orthodoxus
3039 1174 3128 1219 est
3164 1167 3394 1231 habitus.
3426 1174 3522 1227 sed

1937 1256 2126 1296 omnes
2150 1243 2268 1312 pari
2297 1245 2518 1301 omnino
2551 1249 2762 1305 ratione
2783 1251 2851 1306 ab
2879 1252 3120 1310 Ecclesia
3151 1261 3520 1316 condemnan-

1936 1338 2044 1385 tur.
2079 1334 2156 1387 Ex
2197 1334 2304 1390 hoc
2345 1351 2506 1406 porro
2538 1341 2880 1410 perspicuum
2906 1352 3010 1408 est,
3061 1361 3374 1406 memoratae
3407 1355 3522 1424 epi-

1935 1423 2086 1476 stola:
2113 1425 2432 1496 scriptorem
2458 1428 2727 1500 duplicem
2757 1448 3042 1503 personam
3073 1437 3346 1508 inducere,
3377 1423 3520 1511 quod

1936 1514 2134 1570 dixerit
2160 1535 2172 1570 :
2207 1536 2231 1569 ι
2260 1517 2545 1584 Quomodo
2573 1521 2691 1577 ﬁeri
2719 1533 2900 1594 potest
2928 1533 2986 1580 ut
3004 1527 3240 1585 Verbum
3273 1533 3340 1585 ab
3369 1533 3522 1588 initio

1935 1605 2005 1661 de
2032 1609 2234 1678 templo
2261 1612 2560 1681 acceperit,
2593 1615 2738 1683 quod
2771 1632 2840 1671 ex
2869 1616 3036 1673 Maria
3064 1622 3305 1689 genitum
3340 1626 3469 1678 est?
3497 1643 3516 1676 ε

1938 1696 2147 1764 Quibus
2173 1701 2351 1756 verbis
2395 1705 2652 1774 exprimit
2692 1707 2972 1764 evidenter
3011 1725 3070 1766 sc
3100 1699 3323 1770 minime
3350 1716 3524 1770 conti-

224 1808 394 1856 ματος
424 1791 560 1844 κατά
593 1790 690 1848 τὰς
718 1788 855 1848 θεία-ς
883 1789 1246 1846 διαπλασθέντι
1285 1793 1509 1865 γραφὰς,
1548 1795 1628 1846 καί
1657 1796 1747 1850 τήν
1775 1813 1832 1864 γε

1941 1791 2040 1844 teri
2068 1791 2303 1848 Verbum
2333 1794 2504 1850 Deum
2549 1797 2882 1854 incarnatum
2931 1816 3070 1867 esse,
3119 1819 3186 1859 ac
3227 1805 3299 1858 de
3338 1816 3523 1863 sancta

223 1883 498 1936 σύστασιν
522 1881 607 1934 ἐπὶ
623 1889 716 1942 τῆς
738 1882 1026 1954 γυναικείας
1050 1880 1298 1954 δεξαμένῳ
1320 1885 1566 1958 γαστρὸς,
1594 1884 1703 1942 ἐνῆν
1720 1926 1734 1948 ,
1766 1887 1834 1945 ὡς

223 1972 385 2039 εἰκὸς,
422 1969 601 2029 ἐπειδὴ
639 1970 750 2042 ἅμα
793 1979 867 2045 τῷ
894 1970 1297 2038 διαπλασθῆναι,
1339 1977 1423 2029 καί
1459 1975 1517 2029 τὸ
1557 1969 1682 2031 εἶναι
1707 1983 1834 2030 Θεοῦ

223 2065 345 2117 ναὸν
375 2064 600 2136 εἰλήφει·
640 2066 700 2117 οὐ
727 2069 825 2136 μὴν
855 2065 939 2119 τὸν
977 2067 1099 2120 Θεὸν
1139 2069 1440 2139 γεγενῆσθαι
1479 2069 1688 2138 ἡγητέον
1713 2070 1834 2140 ἡμῖν

223 2157 278 2208 ἐκ
307 2163 406 2215 τξς
431 2156 708 2228 παρθένου,
736 2156 779 2211 εἰ
797 2162 865 2226 μὴ
881 2155 985 2230 ἄρα
1006 2159 1193 2213 ταυτὸν
1213 2160 1422 2231 ἡγητέον
1437 2161 1559 2225 ἡμῖν
1575 2160 1634 2214 τὸ
1654 2180 1708 2215 τε
1723 2180 1835 2234 γιν-

224 2249 370 2305 maia
402 2253 491 2301 mi
517 2250 579 2304 τὸ
603 2251 656 2302 ἐν
693 2256 759 2321 τῷ
787 2252 1065 2322 γεννηῗέντι
1092 2254 1177 2306 τὸν
1195 2255 1335 2318 ναὸν,
1358 2255 1440 2307 καί
1460 2254 1546 2308 τὸν
1567 2254 1616 2306 ἐν
1635 2261 1708 2327 τῷ
1731 2263 1836 2328 ναῷ

225 2340 350 2394 Θεὸν
380 2341 557 2412 λόγον·
587 2341 649 2395 οὐ
675 2347 772 2410 μήν
793 2341 903 2396 οὐδέ
931 2345 1059 2397 κατά
1085 2349 1175 2402 τήν
1206 2348 1300 2402 σὴν
1330 2350 1492 2417 paeanis
1526 2349 1836 2418 ἇποφαντέον

225 2433 395 2489 πάντη
421 2433 512 2487 τὸν
540 2434 594 2486 ἐκ
620 2441 713 2494 τῆς
736 2435 985 2506 παρθένου
1013 2435 1303 2506 γεννηθέντα
1330 2439 1454 2494 Θεὸν
1484 2431 1604 2491 εἶναι
1631 2438 1684 2490 ὲκ
1705 2443 1835 2492 Θεοῦ

227 2523 509 2593 ὸμοοῦσιον
532 2531 606 2596 τῷ
635 2528 816 2596 πατρί.
846 2528 902 2579 Εἰ
915 2521 1012 2601 γὰρ
1039 2531 1128 2580 οὐκ
1155 2524 1417 2598 ἄνθρωπός
1442 2531 1602 2592 ἐστιν,
1632 2531 1700 2588 ὠς
1721 2534 1835 2601 φής,

228 2618 531 2690 ἀναληφθεῖς
552 2617 578 2672 ὅ
597 2619 843 2690 ’γεννηθεὶς
857 2621 909 2672 ἐκ
922 2628 1015 2679 τῆς
1027 2621 1302 2694 παρθένου,
1318 2619 1511 2689 Θεὸς,δέ
1534 2623 1836 2695 σλρκωθείς,

227 2717 341 2769 πῶς
380 2710 411 2764 ὁ
451 2711 678 2780 γενηθείς
703 2712 826 2771 Θεὸς
851 2712 904 2764 ἐκ
930 2717 1091 2775 Θεοῦ,
1136 2716 1216 2767 καὶ
1259 2711 1529 2784 ὁμοούσιος
1551 2713 1743 2786 λέγοιτο
1780 2710 1840 2767 ἄν

225 2809 298 2870 τῷ
337 2805 534 2875 πατρί,
565 2809 657 2862 τῆς
689 2803 877 2879 σαρκὸς
915 2805 972 2856 οὐ
1001 2801 1280 2874 δυναμένης
1308 2794 1498 2863 ταύτην
1536 2807 1841 2880 προσίεσθαι

224 2897 316 2952 τήν
338 2897 544 2964 Ma;
571 2895 750 2949 Ἔστιν
785 2895 876 2964 μὲν
917 2897 1018 2967 γὰρ
1060 2895 1267 2953 ἀνζητον
1290 2897 1349 2950 τὸ
1389 2897 1472 2951 τὸν
1511 2897 1635 2951 Θεὸν
1673 2899 1728 2950 ἐκ
1751 2906 1841 2957 τῆς

224 2986 495 3058 παρθένον
510 2987 832 3057 γεγεννῆσθαι
850 2985 1026 3057 λέγειν.
1043 2994 1204 3041 Τοῦτο
1217 2994 1316 3060 γὰρ
1333 2986 1474 3042 οὐδὲν
1490 2989 1656 3059 ἕτερὸν
1679 2989 1835 3050 ἐστιν,

224 3076 255 3136 ἦ
284 3077 344 3130 is:
372 3076 681 3151 σπέρματος
721 3076 872 3129 αὐτὸν
899 3075 1058 3147 λέγειν
1100 3074 1258 3131 Δαϐίδ
1298 3077 1350 3130 ἐκ
1392 3085 1484 3137 τῆς
1528 3079 1708 3137 οὐσίας
1749 3085 1841 3136 τῆς

1937 1878 2155 1950 Virgine
2183 1892 2390 1951 natum,
2420 1887 2515 1942 sed
2545 1903 2735 1957 purum
2761 1889 3036 1947 hominem
3060 1891 3335 1950 Christum
3361 1912 3523 1966 quem

1936 1975 2122 2044 templi
2145 1979 2410 2034 vocabulo
2432 1979 2696 2050 designat.
2727 1981 3012 2039 Constabit
3039 1987 3242 2054 pariter
3270 1988 3521 2052 dilucide,

1935 2064 2074 2121 hanc
2099 2081 2317 2138 quoque
2345 2070 2680 2140 impietatem
2727 2073 2795 2128 ab
2843 2075 3090 2145 improbo
3120 2079 3362 2146 epistolae
3391 2081 3522 2135 scri-

1935 2164 2092 2226 ptore
2119 2159 2370 2213 haustam
2411 2176 2531 2216 esse
2575 2177 2644 2218 ex
2692 2163 2960 2220 Theodori
3003 2166 3271 2234 doctrina,
3321 2173 3367 2226 si
3395 2185 3520 2226 cum

1937 2249 2002 2304 iis
2027 2265 2147 2318 qua:
2175 2250 2490 2309 Theodorus
2521 2255 2634 2324 ipse
2665 2256 2718 2311 in
2750 2258 2910 2312 tertio
2931 2259 3188 2316 adversus
3207 2261 3522 2320 hazreticum
3553 2329 3561 2338 _

1937 2337 2326 2408 Apollinarium
2375 2344 2512 2400 libro
2557 2347 2765 2416 scribit,
2810 2350 3139 2406 conferatur.
3187 2373 3207 2405 ι
3236 2354 3302 2408 At
3350 2358 3518 2422 enim,

1939 2429 2129 2498 inquit,
2162 2431 2327 2500 Deus,
2350 2442 2406 2488 et
2433 2451 2500 2490 ex
2528 2436 2662 2499 Deo,
2692 2441 3170 2499 consubstantialis
3200 2443 3366 2512 Patri,
3396 2456 3450 2502 et
3477 2449 3522 2503 is

1940 2524 2080 2579 idem
2104 2524 2295 2597 [Gram
2321 2526 2420 2598 illi]
2434 2529 2523 2598 qui
2546 2543 2614 2584 ex
2629 2530 2848 2600 Virgine
2865 2541 3024 2589 natus
3044 2543 3182 2600 erat,
3208 2551 3242 2590 o
3258 2539 3520 2605 mirande,

1939 2624 1994 2670 et
2016 2618 2104 2686 qui
2124 2633 2221 2687 per
2239 2617 2500 2689 Spiritum
2523 2629 2793 2691 sanctum,
2817 2625 3110 2679 secundum
3132 2625 3345 2682 divinas
3371 2627 3522 2684 Scri-

1942 2715 2127 2778 pturas
2155 2709 2452 2792 plasmatus
2481 2719 2564 2767 est
2604 2719 2661 2767 et
2705 2713 2761 2767 in
2808 2715 3058 2770 muliebri
3093 2726 3285 2774 ventre
3313 2721 3522 2792 accepit

1941 2801 2340 2867 conﬁctionem,
2366 2791 2543 2859 inerat
2566 2801 2811 2869 forsitan,
2835 2805 2958 2874 quia
2979 2821 3128 2872 mox,
3153 2816 3214 2862 ut
3228 2791 3522 2879 plasmatus

1942 2901 2044 2958 est,
2077 2901 2133 2947 et
2176 2899 2236 2948 ut
2265 2894 2528 2964 templum
2556 2893 2668 2950 -Dei
2714 2905 2859 2951 esset
2899 2899 3151 2967 accepit:
3182 2915 3291 2955 non
3339 2910 3521 2958 tamen

1943 2983 2356 3038 existimandum
2385 2992 2468 3039 est
2497 2984 2666 3040 Deum
2697 3000 2763 3041 ex
2788 2985 3007 3056 Virgine
3035 2997 3218 3044 natum
3248 3005 3388 3058 esse,
3421 2993 3522 3049 nisi

1945 3073 2084 3130 forte
2109 3075 2252 3130 idem
2279 3077 2696 3133 existimandum
2726 3079 2882 3135 nobis
2909 3088 3010 3146 est,
3061 3091 3118 3138 et
3145 3084 3289 3152 quod
3337 3095 3521 3140 natum

228 3169 497 3244 παρθένον
558 3169 886 3239 τετεγμένον,
943 3171 1026 3222 ναί
1076 3169 1127 3221 ἓν
1181 3170 1307 3242 αὐτῇ
1353 3166 1835 3240 διαπεπλασμένον·

1942 3170 2043 3227 est,
2071 3169 2127 3218 et
2147 3163 2290 3232 quod
2313 3171 2397 3218 est
2419 3163 2476 3218 in
2495 3174 2624 3224 nato
2644 3169 2995 3239 templum,et
3013 3172 3100 3242 qui
3125 3173 3180 3226 in
3209 3173 3412 3242 templo
3432 3183 3522 3229 est

225 3261 410 3329 ὶπείγε
440 3260 499 3313 τὸ
527 3259 578 3311 ἐκ
615 3262 910 3336 σπέρματος
959 3257 1121 3315 Λαϐίδ
1170 3262 1256 3314 καί
1298 3261 1350 3313 ἐκ
1391 3268 1481 3321 τῆς
1526 3262 1704 3320 οὐσίας
1747 3269 1838 3321 τῆς

227 3351 491 3426 παρθένου
513 3353 711 3407 συστὰν
734 3352 782 3404 ἐν
806 3360 869 3425 τῇ
889 3354 1104 3426 μητρῴῳ
1125 3355 1338 3426 γαστρὶ,
1371 3356 1456 3407 καί
1484 3359 1546 3425 τῇ
1573 3359 1662 3406 τοῦ
1689 3352 1838 3425 ἁγίου

227 3446 537 3511 πνεύματος
559 3440 867 3498 διαπλασθέν
892 3441 1102 3513 δυνάμει
1125 3444 1452 3515 γεγεννῆσθαί
1484 3463 1644 3514 φαμεν
1673 3445 1725 3497 ἐκ
1748 3451 1841 3504 τῆς

227 3534 520 3609 παρθένου.
554 3552 572 3586 ε

1941 3251 2089 3307 Deus
2117 3251 2348 3307 Verbum
2375 3271 2388 3306 :
2418 3268 2527 3308 non
2557 3262 2755 3322 tamen,
2802 3272 2903 3312 nec
2926 3259 3218 3315 secundum
3247 3269 3395 3317 tuam
3427 3281 3516 3320 vo-

1944 3362 2062 3404 cem
2091 3346 2546 3416 pronuntiandum
2595 3355 2680 3403 est
2721 3349 2964 3414 omnino,
2997 3365 3066 3405 ex
3111 3350 3330 3422 Virgine
3355 3353 3522 3411 Deum

1946 3446 2130 3492 natum
2153 3452 2291 3502 esse,
2323 3444 2380 3492 et
2403 3451 2472 3492 ex
2498 3437 2610 3492 Deo
2636 3438 3151 3496 consubstantialem
3177 3441 3342 3497 Patri.
3391 3445 3524 3499 Nam

1945 3530 1992 3586 si
2032 3545 2140 3584 non
2185 3529 2350 3583 homo
2381 3536 2484 3594 est,
2515 3529 2654 3582 sicut
2682 3528 2836 3595 dicis,
2866 3540 3192 3601 assumptus.
3235 3535 3326 3604 qui
3366 3545 3524 3591 natus

1946 3632 2030 3681 est
2065 3638 2134 3679 ex
2154 3603 2396 3691 Virgine,
2439 3619 2580 3674 Deus
2603 3635 2734 3674 vero
2771 3621 3096 3686 incarnatus,
3128 3603 3402 3691 quomodo
3430 3625 3524 3693 qui

229 3727 406 3774 natus
447 3728 535 3775 εει
590 3719 731 3776 Deus
783 3736 852 3777 ex
909 3721 1024 3778 Deo
1048 3764 1064 3790 ,
1119 3731 1176 3778 et
1223 3722 1696 3779 consubstantialis
1725 3721 1922 3778 dicitur
1957 3717 2124 3782 Patri,
2163 3729 2327 3770 carne
2365 3727 2472 3768 non
2517 3719 2739 3780 petente
2780 3712 2918 3766 hanc
2967 3727 3154 3767 vocem
3201 3714 3525 3784 suscipere!

231 3811 379 3868 Nam
425 3823 514 3869 est
557 3815 771 3882 quidem
820 3814 1089 3870 dementia
1118 3815 1301 3872 dicere
1347 3815 1516 3872 Deum
1563 3831 1631 3870 ex
1682 3815 1904 3884 Virgine
1941 3819 2124 3867 natum
2155 3823 2295 3864 esse.
2345 3804 2460 3860 Hoc
2486 3805 2630 3860 enim
2655 3804 2789 3858 nihil
2815 3803 2957 3858 aliud
2986 3813 3249 3874 estquam
3278 3822 3342 3862 ex
3365 3809 3534 3863 semi-'

233 3920 302 3959 ne
346 3920 481 3960 eum
533 3904 709 3960 dicere
756 3906 940 3972 David,
991 3914 1050 3962 et
1088 3906 1156 3962 de
1205 3907 1505 3962 substantia
1543 3907 1782 3976 Virginis
1821 3905 2080 3976 genitum,
2130 3911 2187 3957 et
2232 3902 2286 3954 in
2329 3900 2446 3970 ipsa
2471 3899 2814 3969 plasmatum,
2863 3899 2988 3966 quia
3032 3899 3175 3967 quod
3213 3915 3280 3953 ex
3321 3902 3524 3956 semine

233 3996 430 4062 David,
481 4004 540 4051 et
589 3996 655 4052 de
689 3997 994 4053 substantia
1045 3997 1279 4067 Virginis
1328 4006 1412 4054 est
1458 3998 1509 4052 in
1568 4005 1816 4054 materno
1840 4004 2034 4052 ventre
2060 3992 2325 4055 constitit,
2378 3999 2434 4046 et
2477 3989 2652 4044 sancti
2681 3988 2913 4060 Spiritus
2940 3989 3263 4060 plasmatum
3309 3992 3523 4057 virtute,

231 4097 428 4143 natum
461 4086 625 4142 fuisse
650 4087 879 4142 dicimus
903 4103 972 4142 ex
1002 4087 1240 4156 Virg-ine.
1271 4107 1290 4140 ε

307 4180 470 4234 οὕτω
518 4181 683 4234 τοίνυν
729 4179 1147 4253 βλασφημοῦντος
1171 4177 1455 4255 Θεοδώρου,
1488 4182 1572 4234 καί
1599 4180 1841 4242 πολλάκις

231 4266 694 4338 διαξεϐαισνμένου
733 4273 805 4340 μὴ
845 4267 1061 4323 δυνατὸν
1089 4265 1212 4323 εἶναι
1240 4269 1326 4323 τὸν
1364 4269 1486 4324 Θεὸν
1513 4273 1598 4324 καί
1627 4271 1684 4324 ἐκ
1711 4275 1837 4325 Θεοῦ

230 4367 324 4416 καὶ
373 4360 651 4433 ὃμοούσιον
694 4367 770 4433 τῷ
812 4362 1007 4436 πατρὶ,
1040 4361 1366 4434 σαρκωθῆναι
1404 4363 1491 4415 καί
1521 4361 1762 4432 τεχθῆναι
1784 4362 1838 4416 ίκ

230 4465 327 4515 τῆς
372 4453 664 4530 παρθένου,
703 4450 880 4512 ἐπειδή
931 4450 1047 4506 οὐδὲ
1076 4454 1106 4510 ἡ
1132 4453 1264 4526 σὰρξ
1309 4451 1581 4523 ὸμοούσιός
1612 4454 1726 4507 ἐστι
1764 4459 1838 4523 τῷ

230 4554 425 4626 πατρί,
463 4556 571 4609 πῶς
617 4551 702 4602 οὐκ
747 4547 1044 4625 ίρυθριῶσιν
1091 4546 1139 4600 οἱ
1185 4546 1272 4600 τὸν
1317 4552 1546 4602 τοιοῦτον
1590 4546 1837 4620 αἱρετικὸν
1867 4590 1914 4649 D

231 4641 596 4702 ὶιόιιοῦντεςς
629 4639 687 4701 ὅς
709 4661 782 4700 τις
811 4645 963 4695 τοῦτο
991 4641 1079 4710 μέν
1100 4646 1212 4698 ταῖς
1242 4639 1399 4698 θείαις
1422 4645 1662 4714 γραφαῖς,
1684 4643 1837 4693 τοῦτο

231 4735 291 4790 δὲ
324 4739 416 4789 γαί
465 4743 569 4794 τοῖς
597 4733 759 4805 ἁγίοις
803 4735 1060 4805 πατράσιν
1108 4732 1304 4786 ἐναντία
1341 4737 1590 4801 μυσαρῶς
1625 4730 1836 4794 ἐξέθετο,

229 4826 394 4882 ὅπιᾷτε
447 4823 592 4882 δήλου
626 4830 762 4879 πᾶσι
808 4825 1112 4880 καθέστηκεν
1150 4824 1220 4883 ὡς
1265 4824 1516 4897 ἆπαρχῆς
1546 4823 1597 4886 ἓξ
1626 4819 1840 4896 οὗπερὸ

228 4924 367 4981 Θεὸς
420 4923 514 4977 τήν
560 4917 814 4975 ίκκλησίαν
863 4915 1191 4986 ἐθεμελίωσεν
1233 4917 1284 4970 εν
1323 4922 1389 4988 τῇ
1429 4916 1550 4990 ὀρθῇ
1577 4913 1838 4989 ὃμολογίᾳ’

230 5017 440 5071 πάντες
469 5012 514 5064 οἷ
555 5016 644 5064 τοῦ
678 5015 808 5065 Θεοῦ
847 5011 1000 5087 ίερεῖς
1034 5006 1279 5082 ἐκήρυξαν
1320 5006 1403 5061 τὸν
1438 5008 1563 5060 Θεὸν
1588 5004 1732 5074 λόγον
1756 5005 1841 5059 τὸν

230 5108 288 5159 ἐκ
321 5111 464 5161 Θεοῦ
492 5104 810 5178 σαρκωθῆναι
840 5101 893 5154 ἐκ
918 5109 1010 5161 τῆς
1052 5100 1200 5172 ἁγίας
1232 5103 1314 5152 καί
1355 5096 1552 5161 ὺδόξου
1588 5097 1840 5170 παρθένου

229 5199 445 5274 Παρίοις
479 5197 630 5270 σαρκί
667 5193 981 5265 ἓψυχωμίνῃ
1025 5191 1179 5266 ψυχῇ
1219 5191 1390 5264 λογικῇ
1433 5191 1516 5243 καὶ
1554 5192 1728 5263 νοερᾷ,
1759 5192 1842 5242 καί

228 5289 634 5363 (suamnam
651 5289 734 5340 καί
760 5285 809 5349 ἐξ
831 5285 992 5343 αὐτῆς
1019 5287 1280 5353 τεχθῆναι·
1308 5285 1387 5335 γαί
1409 5282 1542 5336 οῗτω
1575 5278 1838 5334 διδάσκονο

225 5403 347 5446 τις,
382 5376 504 5433 οὐδέ
534 5382 725 5453 τροπὴν
750 5383 843 5436 τῆς
865 5377 1098 5435 Θεὸτητςς
1123 5379 1196 5436 εἰς
1226 5376 1392 5451 σάρκα
1419 5374 1706 5446 εἰσήγαγον,
1727 5373 1839 5429 οῦδί

227 5473 323 5529 διὰ
358 5476 453 5529 τήν
480 5473 651 5545 σάρκα
679 5469 946 5539 ὁμοούσισν
983 5469 1138 5523 αὐτὸν
1163 5461 1288 5521 εἶναι
1317 5473 1389 5539 τῷ
1418 5470 1575 5539 πατρί
1611 5469 1838 5542 ἀπηρνὴ-

228 5585 427 5626 σαντο,
471 5564 636 5622 καθὼς
675 5561 934 5636 Θεόδωρος
979 5561 1151 5636 ληρεῖ·
1182 5558 1286 5613 ἀλλ’
1312 5559 1402 5614 ἕνα
1445 5562 1527 5612 καί
1563 5560 1648 5614 τὸν
1691 5559 1840 5614 αὐτὸν

231 5654 417 5734 nifus
455 5658 543 5710 καί
585 5654 706 5709 Θεὸν
743 5655 885 5723 ἡμῶν
911 5658 1108 5710 Ἰησοῦν
1158 5649 1413 5724 Χριστὸν,
1443 5651 1572 5704 κατὰ
1611 5650 1700 5720 μὲν
1749 5653 1839 5708 τήν

231 5745 461 5805 huius:
489 5744 761 5817 ὃμοοῦσιον
783 5739 907 5799 εἶναι
930 5751 1004 5812 τῷ
1030 5745 1207 5816 πντρί,
1231 5741 1361 5794 κατὰ
1380 5737 1435 5793 δὲ
1465 5745 1555 5797 τὸν
1580 5739 1840 5817 ἀνθρωπό-

241 5859 392 5898 nrt:
411 5838 496 5894 τὸν
527 5837 675 5895 αὐτὸν
703 5836 974 5903 ὸμοούσιον
1002 5838 1118 5905 ἡμῖν
1145 5829 1266 5888 εἶναι
1292 5827 1538 5894 ἐδίδαξαν.

2015 4175 2106 4232 Sic
2151 4174 2333 4244 itaque
2376 4173 2785 4244 blasphemante
2837 4173 3144 4239 Theodoro,
3195 4183 3356 4244 atque
3384 4185 3526 4248 saepe

1943 4268 2138 4338 smpius
2185 4264 2517 4336 argumentis
2575 4264 2892 4339 decertante
2937 4265 3158 4319 minime
3208 4265 3322 4320 ﬁeri
3367 4283 3526 4336 posse

1943 4358 2113 4414 Deum
2140 4357 2210 4413 de
2241 4357 2374 4425 Deo,
2404 4354 2660 4426 Patrique
2687 4354 3205 4411 consubstantialem
3234 4355 3525 4422 incarnari,

1941 4457 1997 4505 et
2023 4464 2090 4505 ex
2120 4447 2337 4518 Virgine
2365 4446 2535 4510 nasci,
2559 4461 2681 4501 cum
2709 4460 2837 4500 caro
2865 4443 3011 4499 Patri
3045 4446 3524 4503 consubstantialis

1941 4556 2060 4598 esse
2101 4555 2209 4595 non
2237 4539 2427 4610 possit,
2459 4537 2729 4608 quomodo
2754 4536 2958 4607 pudore
2989 4536 3226 4590 maximo
3271 4537 3388 4606 ejus
3418 4538 3526 4592 ha:-

1939 4633 2092 4689 retici
2121 4631 2335 4703 patroni
2367 4645 2476 4686 non
2505 4627 2828 4693 afﬁciuntur,
2869 4628 2961 4698 qui
3008 4627 3112 4683 hoc
3140 4629 3310 4684 sacris
3335 4629 3526 4684 litteris

1941 4725 2299 4789 contrarium,
2348 4721 2402 4778 id
2443 4737 2567 4778 cum
2608 4729 2919 4776 sanctorum
2965 4718 3186 4776 Patrum
3239 4721 3526 4776 traditione

1941 4830 2184 4887 pugnans
2233 4814 2516 4879 invexerit,
2569 4813 2623 4866 in
2674 4811 2868 4880 quibus
2913 4811 3122 4866 scilicet
3167 4811 3525 4867 certissimum

1939 4919 2024 4964 est
2052 4908 2358 4976 unicuique,
2412 4905 2581 4960 Deum
2627 4905 2696 4959 ab
2743 4902 2897 4957 initio
2949 4899 3244 4958 Ecclesiam
3285 4914 3440 4957 suam
3470 4899 3525 4952 in

1941 5009 2090 5056 recta
2135 4995 2479 5053 confessione
2520 4992 2907 5050 constituisse?
2957 4990 3205 5046 Universi
3244 4990 3386 5045 enim
3428 4989 3525 5044 Dei

1943 5089 2257 5148 sacerdotes
2301 5086 2663 5158 prmdicarunt
2709 5083 2880 5139 Deum
2926 5082 3188 5146 Verbum,
3240 5080 3408 5134 Deum
3457 5079 3526 5134 de

1944 5185 2077 5250 Deo,
2107 5199 2175 5239 ex
2201 5191 2389 5238 sancta
2413 5189 2575 5250 atque
2608 5179 2843 5249 gloriosa
2872 5176 3040 5232 Maria
3071 5177 3287 5244 Virgine
3338 5184 3524 5230 natum

1942 5286 2000 5334 et
2029 5277 2363 5332 incarnatum
2402 5287 2541 5339 esse,
2584 5284 2913 5339 carnemque
2958 5268 3136 5322 anima
3175 5268 3426 5324 rationali
3470 5277 3526 5325 et

1942 5367 2291 5424 intellectuali
2311 5363 2632 5420 viviﬁcatam
2659 5360 3031 5432 assumpsisse,
3061 5368 3115 5414 et
3139 5359 3412 5416 hominem
3444 5360 3525 5416 fa-

1941 5468 2089 5517 ctum
2118 5473 2256 5522 esse,
2294 5465 2456 5526 atque
2481 5455 2548 5510 de
2576 5455 2691 5526 ipsa
2719 5451 2938 5521 Virgine
2965 5460 3151 5505 natum
3175 5469 3188 5504 :
3243 5451 3402 5522 idque
3427 5452 3527 5506 do.

1941 5562 2126 5609 centes
2161 5565 2336 5620 neque
2365 5550 2778 5605 conversionem
2801 5545 3100 5601 divinitatis
3128 5546 3180 5601 in
3215 5548 3525 5602 humanita—

1942 5654 2050 5700 tern
2073 5643 2411 5705 invexerunt,
2436 5653 2611 5710 neque
2629 5639 2802 5708 ipsum
2823 5638 3118 5694 secundum
3138 5653 3354 5694 carnem
3377 5635 3523 5694 Patri

1943 5731 2454 5790 consubstantialem
2503 5743 2623 5787 esse
2654 5729 2950 5784 commenti
2979 5737 3127 5798 sunt,
3157 5736 3320 5801 prout
3346 5725 3525 5784 Theu-

1943 5827 2107 5884 dorus
2139 5825 2362 5895 ineptit;
2403 5824 2500 5882 sed
2547 5823 2763 5878 unicum
2795 5831 2850 5880 et
2883 5821 3133 5880 eumdem
3157 5823 3441 5880 Dominum
3473 5831 3523 5879 et
