4000 6186
458 273 552 329 291

1838 267 2131 328 VlCllJUS
2170 272 2345 329 PAPA
2357 317 2369 329 .

3621 287 3724 344 202

461 390 630 447 Deum
674 399 916 447 nostrum
967 389 1148 446 Jesum
1187 385 1485 460 Christum,
1535 381 1830 439 secundum
1875 383 2209 439 divinitatem
2258 386 2402 441 Patri
2455 391 2964 450 consubstantialem
3009 411 3166 463 esse,
3221 398 3373 456 nobis
3418 406 3601 459 autem
3642 420 3726 460 se-

454 475 688 536 cundum
747 477 1138 534 humanitatem
1187 489 1313 530 esse.
1365 472 1875 529 consubstantialem
1937 473 2258 531 docuerunt.
2403 491 2406 494 '
3443 493 3446 495 ·

524 575 672 630 Πάλιν
701 572 754 627 δέ
785 574 832 625 ἐν
863 578 934 640 τῷ
959 568 1295 644 προλεχθέντι
1318 569 1452 642 λόγῳ
1483 567 1507 621 6
1535 563 1799 638 δυσσεξής
1838 563 2040 621 Θεόδω-

2218 569 2423 628 Rursus
2462 583 2642 630 autem
2690 577 2889 647 impius
2921 578 3241 638 Theodorus
3276 583 3330 638 in
3362 585 3586 656 prazl'ato
3613 603 3726 644 ser-

452 683 542 738 ρος
570 664 875 734 βλασφημῶν
899 664 983 716 καί
1010 666 1171 716 ταῦτα
1191 660 1343 732 λέγει’
1377 676 1400 709 4
1423 657 1545 714 Ἀλλ’
1562 661 1665 729 οὐχ
1687 661 1719 717 ή
1749 659 1857 712 θεία
1885 660 2039 731 φύσις

453 753 508 807 in
534 755 784 828 παρθένου
825 753 1142 824 γεγέννηται·
1188 751 1482 839 γεγέννηται
1509 747 1563 804 δὲ
1593 751 1647 803 ἔκ
1673 757 1765 810 τῆς
1788 749 2039 839 παρθένου

453 843 480 900 6
508 845 560 899 ἐκ
587 854 678 905 τῆς
707 845 886 906 οὐσίας
909 851 1000 904 τῆς
1024 843 1277 915 παρθένου
1306 837 1523 900 συστάς*
1553 841 1654 911 οὐχ
1687 838 1714 893 6
1742 841 1867 900 Θεὸς
1895 837 2041 912 λόγος

451 937 508 990 ἑκ
531 943 622 995 τῆς
647 937 840 1009 Μαρίας
867 933 1155 1005 γεγέννηται
1175 948 1188 961 ⁸
1216 931 1502 1004 γεγέννηται
1531 929 1586 985 δὲ
1615 931 1669 984 ἐκ
1709 933 1904 1007 Μαρίας
1933 929 1959 985 6
1989 931 2042 985 ἐκ

453 1027 750 1102 σπέρματος
780 1023 959 1080 Δαϐίδ.
997 1025 1118 1094 Οὐχ
1147 1027 1172 1076 6
1197 1024 1319 1082 Θεὸς
1346 1022 1492 1092 λόγος
1520 1023 1573 1075 ἐκ
1597 1023 1836 1093 γυναικὸς
1866 1024 2036 1094 γεγέν·

439 1117 616 1176 ¹νήει-αι’
647 1119 935 1190 γεγέννηται
962 1114 1017 1171 δὲ
1058 1118 1113 1171 ἐκ
1141 1117 1370 1188 γυναικὸς
1401 1115 1532 1190 ὸτῇ,
1556 1121 1647 1172 τοῦ
1693 1115 1839 1188 ἁγίου
1882 1114 2041 1171 πνεύ-

451 1230 612 1279 ματος
660 1207 868 1280 δυνάμει
915 1207 1246 1270 διαπλασθείς
1290 1207 1340 1262 ἓν
1389 1209 1554 1282 aii-qi“
1601 1208 1694 1261 οὐκ
1739 1206 1792 1261 ἐκ
1837 1213 2041 1284 μήτρας

449 1303 680 1358 τέτεκται
707 1301 733 1358 6
762 1301 1038 1372 ὁμοούσιος
1063 1310 1137 1374 τῷ
1161 1303 1342 1375 πατρὶ,
1372 1301 1583 1378 ἀμήτωρ
1602 1304 1704 1375 γάρ
1739 1297 1892 1362 οὗτος
1911 1302 2042 1357 κατά

450 1397 538 1450 τήν
579 1399 674 1448 τοῦ
722 1393 970 1468 μακαρίου
1013 1393 1212 1448 Παύλου
1257 1397 1436 1466 φωνήν,
1469 1391 1594 1447 ἀλλά
1643 1391 1669 1446 6
1711 1393 1762 1446 ἐν
1803 1393 2042 1467 ὑστέροις

451 1491 646 1560 καιροῖς
683 1484 731 1537 ἐν
767 1492 831 1559 τῇ
859 1486 1072 1558 μητρῷα
1102 1487 1298 1556 γαστρί
1324 1490 1388 1559 τῇ
1415 1489 1508 1539 τοῦ
1555 1481 1704 1552 ἆγίου
1751 1484 2042 1556 πνεύματος

451 1571 658 1646 δυνάμει
686 1572 1032 1639 διαπλασθείς,
1057 1574 1146 1630 ἅτε
1177 1577 1264 1630 καί
1291 1575 1508 1649 ἀπάτωρ
1550 1573 1633 1630 διά
1655 1581 1807 1631 τοῦτο
1833 1575 2042 1648 λεγόμε-

451 1687 553 1728 νος.
578 1687 596 1720 ε
624 1673 714 1724 Καὶ
740 1677 908 1726 ταῦτα
935 1672 1026 1741 μὲν
1053 1669 1079 1729 6
1106 1671 1297 1733 ἀσεϐής
1315 1669 1573 1746 Θεόδωρος
1591 1671 2045 1748 παραλογιζόμενος·

452 1767 540 1822 τήν
567 1766 686 1839 περί
713 1766 896 1819 τούτου
927 1763 1256 1820 διδασκαλίαν
1283 1774 1374 1821 τοῦ
1405 1767 1688 1822 ἀποστόλου
1733 1767 1964 1840 λέγοντος
1991 1770 2042 1822 ἐν

450 1863 514 1928 τῇ
556 1858 688 1931 πρὸς
729 1855 997 1932 Ἐϐραίους
1042 1858 1284 1933 ἐπιστολῇ
1323 1861 1443 1934 περί
1489 1865 1579 1913 τοῦ
1620 1862 1798 1934 κυρίου
1841 1858 2040 1920 οὕτως·

2143 677 2304 718 mone
2347 663 2460 722 haec
2489 681 2706 736 quoque
2733 669 3073 741 blasphemat
3096 688 3113 728 :
3133 693 3151 726 ι
3181 674 3296 729 Non
3327 685 3508 733 autem
3541 669 3724 736 dixiina

2143 763 2334 810 natura
2363 771 2432 833 ex
2460 758 2677 829 Virgine
2705 771 2829 818 nata
2858 772 2960 830 est,
2993 765 3086 819 sed
3108 774 3263 822 natus
3291 777 3461 824 estex
3481 769 3721 839 Virgine,

2141 847 2230 915 qui
2254 863 2321 902 ex
2343 849 2637 905 substantia
2663 852 2888 921 Virginis
2915 862 3125 909 constat
3150 874 3164 909 :
3190 871 3293 912 non
3322 855 3463 913 Deus
3485 859 3722 916 Verbum

2143 953 2206 992 ex
2239 938 2402 994 Maria
2429 945 2585 997 natus
2614 954 2732 1008 est;
2766 954 2923 1000 natus
2968 955 3050 1001 est
3073 952 3266 1003 autem
3309 965 3374 1004 ex
3417 950 3582 1006 Maria
3630 954 3723 1021 qui

2142 1043 2209 1084 ex
2237 1032 2441 1087 semine
2485 1042 2569 1088 est
2594 1033 2780 1090 David.
2815 1036 2929 1091 Non
2960 1037 3101 1093 Deus
3133 1039 3366 1094 Verbum
3398 1055 3465 1096 ex
3495 1042 3725 1100 muliere

2143 1131 2300 1178 natus
2329 1133 2430 1188 est,
2481 1119 2762 1182 Sed-natus
2792 1137 2874 1182 est
2920 1144 2987 1183 ex
3017 1130 3260 1196 muliere,
3309 1132 3400 1202 qui
3429 1146 3496 1187 ex
3521 1133 3724 1189 virtute

2142 1212 2373 1284 Spiritus
2400 1218 2570 1272 sancti
2599 1218 2894 1288 plasmatus
2924 1229 3031 1276 est-
3053 1223 3106 1277 in
3135 1237 3198 1278 ea
3225 1240 3237 1276 :
3285 1239 3392 1279 non
3447 1240 3515 1280 ex
3545 1235 3724 1282 matre

2141 1317 2299 1363 natus
2325 1311 2408 1364 est
2431 1310 2904 1367 consubstantialis
2918 1311 3084 1379 Patri,
3117 1315 3232 1370 sine
3256 1324 3426 1372 matre
3449 1319 3590 1372 enim
3615 1327 3722 1389 est,

2141 1401 2437 1458 secundum
2465 1392 2610 1458 beati
2639 1398 2790 1458 Pauli
2819 1419 3035 1470 vocem,
3076 1405 3172 1461 sed
3199 1407 3292 1475 qui
3319 1406 3373 1462 in
3401 1409 3727 1480 posteriori-

2140 1491 2241 1546 bus
2294 1493 2624 1564 temporibus
2666 1494 2724 1549 in
2773 1503 3020 1551 materno
3064 1505 3255 1552 ventre
3289 1499 3461 1554 sancti
3489 1497 3726 1570 Spiritus

2141 1582 2344 1638 virtute
2369 1584 2667 1652 plasmatus
2695 1593 2796 1652 est,
2827 1585 2944 1641 sine
2977 1583 3135 1642 Patre
3164 1597 3453 1666 propterea
3472 1589 3663 1646 dictus.
3701 1611 3720 1644 ε

2143 1672 2270 1729 Haec
2297 1675 2490 1746 impius
2515 1675 2833 1734 Theodorus
2878 1687 3194 1748 pervertens
3235 1679 3534 1737 doctrinam
3562 1683 3727 1753 Ἀρο-

2142 1768 2266 1823 stoli
2297 1768 2350 1822 in
2379 1767 2620 1839 Epistola
2657 1769 2724 1825 ad
2763 1769 3017 1826 Hebraeos
3045 1771 3112 1827 de
3143 1771 3360 1828 Christo
3382 1773 3609 1830 Domino
3638 1776 3726 1830 di-

2144 1860 2316 1914 centis
2343 1878 2355 1913 :
2390 1859 2568 1914 Primo
2596 1862 2800 1931 quidem
2822 1863 3190 1933 interpretatus
3217 1875 3294 1919 est
3324 1863 3439 1920 Rea:
3457 1866 3725 1937 justitite;

458 1953 727 2021 ε-Πρῶτον
759 1949 872 2019 -μὲν
919 1948 1310 2022 ἑρμηνευόμενος
1374 1933 1618 2020 βασιλεὺς
1668 1933 1994 2011 δικαιοσύνης
2019 1991 2033 2015 ,

2142 1949 2327 2004 deinde
2370 1967 2488 2005 vero
2534 1952 2690 2004 etiam
2736 1969 2829 2006 rex
2873 1951 3072 2019 Salem,
3122 1956 3258 2026 quod
3302 1967 3380 2011 est
3423 1933 3536 2012 lies:
3555 1933 3728 2030 pacis,

451 2033 627 2092 ἔπειτα
653 2036 709 2092 δὲ
737 2040 820 2091 καί
849 2035 1088 2108 βασιλεύς
1113 2039 1278 2109 Σαλήμ
1298 2078 1313 2104 ,
1340 2037 1368 2093 6
1395 2040 1507 2095 ἐστι
1546 2039 1790 2110 βασιλεὺς
1819 2043 2033 2110 εἰρήνης,

450 2131 683 2206 ἀπάτωρ,
725 2135 958 2210 ἀμήτωρ,
990 2135 1392 2206 ἀγενεαλόγητος,
1425 2145 1550 2206 μήτε
1595 2137 1768 2210 ἀρχήν
1810 2138 2033 2209 ήμερῶν,

449 2223 574 2287 μήτε
596 2224 728 2284 ζωῆς
747 2223 886 2282 τέλος
908 2221 1074 2294 ἔχων.
1097 2239 1115 2273 t
1137 2229 1241 2278 Τοῦ
1259 2227 1359 2299 γάρ
1379 2224 1670 2280 ἀποστόλου
1693 2227 1810 2305 περὶ
1830 2225 1932 2286 ἐνὸς
1954 2228 2037 2280 καί

450 2316 540 2375 τοῦ
561 2312 717 2366 αὐτοῦ
733 2314 978 2374 εἰπόντος.
1007 2313 1292 2390 ἀπάτωρ,
1323 2317 1605 2390 ἀμήτωρ,
1635 2317 2038 2390 ἀγενεαλόγη-

451 2421 572 2464 τος.
593 2407 746 2475 μήτε
770 2406 976 2482 ἀρχήν
1001 2409 1264 2482 ήμερῶν,
1290 2412 1441 2477 μήτε
1471 2410 1628 2472 ζωῆς
1648 2408 1820 2468 τέλος
1844 2407 2031 2479 ἔχων,

451 2491 476 2547 6
519 2492 774 2556 δυσσεϐὴς
813 2497 1071 2575 Θεόδωρος
1101 2497 1246 2553 ἄλλον
1281 2501 1414 2570 λέγει
1454 2502 1725 2575 ἀπάτορα,
1765 2505 1852 2556 καί
1892 2500 2037 2557 ἄλλον

450 2585 704 2660 ἀμήτορα⁹
755 2587 878 2643 ἀλλά
921 2588 1226 2662 διελέγξομεν
1271 2596 1362 2650 τήν
1407 2599 1506 2646 τῶν
1550 2592 1684 2647 οὕτω
1727 2596 2036 2670 φρονούντων

451 2675 700 2737 ἀσέϐειαν,
734 2680 818 2731 καί
858 2679 913 2732 ἐκ
949 2687 1042 2740 τῆς
1087 2686 1187 2734 τῶν
1232 2679 1387 2751 ἁγίων
1417 2683 1653 2758 πατέρων
1685 2681 2032 2744 διδασκαλίας.

451 2769 596 2841 Λέγει
620 2769 721 2843 γάρ
751 2768 777 2824 6
805 2771 856 2823 ἐν
895 2770 1056 2843 ἁγίοις
1095 2771 1366 2845 ι’ρηγόριος
1399 2771 1426 2830 6
1453 2777 1733 2838 Ναζιανζοῦ
1761 2775 2038 2844 ἐπίσκοπος

454 2857 502 2911 έν
526 2865 598 2925 τῷ
618 2862 736 2932 περί
757 2867 855 2916 τῶν
876 2863 1140 2933 θεοφανίων
1158 2863 1285 2933 λόγῳ
1308 2863 1486 2923 οὕτως·
1517 2880 1535 2912 ι
1562 2865 1648 2936 Τίς
1681 2867 1739 2918 οὐ
1761 2874 2046 2937 προσκυνεῖ

453 2948 538 3002 τὸν
578 2951 858 3026 ἀπαρχῆς;
887 2956 965 3013 τίς
993 2954 1050 3006 ού
1078 2952 1277 3018 δοξάζει
1321 2957 1408 3010 τὸν
1453 2954 1776 3014 τελευταῖονε
1807 2957 1954 3012 πάλιν
1979 2961 2038 3013 τὸ

453 3039 632 3101 σκότος
669 3041 858 3110 λύεται,
889 3044 1038 3100 πάλιν
1063 3046 1120 3100 τὸ
1159 3052 1260 3118 φῶς
1286 3046 1580 3117 ὑφίσταται,
1610 3048 1760 3103 πάλιν
1785 3047 2040 3121 Αἴγυπτος

453 3130 623 3202 σκότῳ
661 3133 942 3200 κολάζεται,
987 3136 1135 3191 πάλιν
1179 3136 1381 3211 Ἰσραήλ
1421 3137 1591 3208 στύλῳ
1636 3129 1924 3210 φωτίζεταιξ
1977 3151 2069 3194 Ὀ-

454 3218 574 3285 Mc
597 3222 624 3279 6
649 3227 924 3298 καθήμενος
951 3229 1001 3282 ἐν
1028 3228 1199 3284 σκότει
1225 3236 1316 3289 τῆς
1342 3230 1566 3301 ἀγνοίας,
1597 3229 1744 3285 ἰδέτω
1783 3238 1884 3304 φῶς
1910 3233 2038 3305 μέγα

454 3323 546 3376 τῆς
561 3318 898 3390 ἐπιγνώσεως.
915 3322 991 3375 Τά
1007 3321 1216 3396 ἀρχαῖα
1237 3323 1479 3392 παρῆλθε,
1498 3327 1580 3378 καί
1598 3323 1766 3396 γέγονε
1783 3326 1848 3379 τά
1871 3328 2037 3381 πάντα
2063 3298 2114 3364 C

455 3410 619 3472 καινά,
647 3412 706 3465 τὸ
737 3413 950 3486 γράμμα
973 3414 1265 3489 ὑποχωρεῖ,
1297 3417 1354 3470 τὸ
1383 3424 1584 3490 πνεῦμα
1607 3416 2036 3496 παρρησιάζεταιο

455 3509 510 3556 αἱ
537 3506 682 3558 σκιαί
706 3508 1151 3582 παρατρέχουσιν,
1174 3509 1204 3566 ri
1231 3508 1432 3567 ἀλήθεμα
1461 3511 1840 3587 ἐπεισέρχεται·
1865 3511 1891 3566 6
1916 3513 2043 3566 Μελ-

458 3591 670 3662 χισεδέκ
685 3596 987 3664 συνάγεταιθ
1017 3595 1042 3651 6
1071 3599 1301 3674 ἀμήτωρ.
1335 3599 1547 3674 ἀπάτωρ
1587 3602 1795 3669 γίνεται,
1829 3601 2041 3676 ἀμήτωρ

455 3687 514 3740 τὸ
540 3687 801 3760 πρότερον,
825 3688 1042 3764 ἀπάτωρ
1072 3689 1129 3744 τὸ
1159 3687 1410 3764 δεύτερον.
1457 3691 1617 3760 Νόμοι
1644 3689 1845 3763 φύσεως
1881 3715 2042 3749 κατα·

455 3774 682 3838 λύονται,
713 3778 1031 3850 πληρωθῆναι
1071 3775 1152 3831 δεῖ
1194 3777 1276 3830 τὸν
1327 3775 1427 3831 ἅνω
1475 3779 1684 3846 κόσμον⁶
1712 3781 1930 3853 Χριστὸς
1958 3803 2042 3835 κε·

456 3865 590 3921 λεύει
617 3871 685 3936 μή
711 3868 1083 3938 ἀντιτείνωμεν.
1125 3884 1143 3916 ι
1179 3867 1304 3941 Πρὸς
1342 3865 1537 3929 τούτοις
1558 3866 1612 3922 δὲ
1641 3872 1724 3923 καί
1749 3869 1774 3924 6
1801 3872 1852 3924 ἒν
1881 3870 2044 3942 ἀγίοις

456 3957 668 4031 Πρόκλος
698 3956 722 4011 6
754 3958 1027 4018 ἐπίσκοπος
1089 3958 1664 4018 Κωνσταντινουπόλεως
1717 3959 1766 4012 έν
1803 3967 1878 4030 τῷ
1912 3961 2044 4034 λόγῳ

456 4054 530 4120 τῷ
554 4050 624 4109 είς
651 4053 741 4107 τήν
763 4049 1002 4104 Θεοτόκον
1029 4048 1160 4103 οὕτω
1183 4050 1332 4121 λέγει’
1365 4068 1383 4100 ε
1408 4049 1467 4104 Ὀ
1497 4049 1562 4105 ὢν
1588 4053 1719 4118 κατά
1745 4054 1892 4123 φύσιν
1913 4055 2046 4109 ἀπα-

457 4141 566 4203 ang,
596 4141 762 4211 γέγονε
789 4137 853 4195 δι’
874 4137 1032 4195 οἶκτον
1055 4141 1369 4202 πόλυπαθής’
1402 4143 1493 4196 οὐκ
1522 4145 1576 4196 ἐκ
1598 4153 1854 4218 προκοπῆς
1873 4148 2042 4217 γέγονε

457 4229 601 4308 βιὸς,
636 4229 662 4286 6
689 4232 930 4301 Χριστὸς,
959 4236 1030 4299 μή
1055 4234 1268 4302 γένοιτο,
1291 4233 1421 4307 ἀλλά
1452 4229 1516 4287 δι’
1533 4228 1694 4288 οἶκτον
1721 4237 1916 4308 γέγονεν
1945 4234 2044 4290 ἅν-

457 4307 705 4395 θρωποςό
736 4321 889 4384 Θεὸς,
1014 4328 1342 4391 πιστεύομεν·
1385 4325 1470 4376 οὐκ
1518 4315 1779 4400 ἄνθρωπον
1822 4328 2047 4382 ἀποθεω-

457 4413 600 4469 θέντα
625 4416 961 4491 κηρύττομεν,
993 4415 1117 4472 ἀλλά
1155 4417 1276 4471 Θεὸν
1314 4419 1635 4492 σαρκωθέντα
1685 4417 2040 4492 ὁμολογοῦμεν.

373 4517 375 4519 ‘
456 4508 554 4563 Τήν
601 4507 786 4567 οἰκείαν
825 4504 1002 4564 δούλην
1048 4506 1371 4582 ἐπεγράψατο
1425 4510 1620 4583 μητέρα
1666 4508 1692 4565 6
1738 4511 2042 4566 κατόὐτίαν

457 4599 670 4667 ἀμήτωρ
690 4638 704 4659 ,
735 4600 822 4652 καί
850 4599 1249 4671 κατόίκονομίαν
1289 4604 1526 4678 ἀπάτωρ⁶
1557 4605 1666 4657 ἐπεὶ
1694 4609 1802 4664 πῶς
1833 4603 1858 4658 6
1887 4607 2041 4666 αὐτὸς

2139 2041 2249 2094 sine
2275 2049 2439 2111 patre,
2470 2043 2582 2095 sine
2610 2054 2793 2109 matre,
2827 2044 2940 2098 sine
2969 2046 3292 2118 genealogia,
3324 2052 3485 2119 neque
3513 2049 3730 2105 initium

2139 2131 2339 2185 dierum
2371 2132 2591 2199 habens,
2642 2150 2802 2206 neque
2839 2135 3040 2190 vivendi
3083 2136 3241 2206 ﬁnem
3283 2137 3470 2211 (Hebr.
3504 2156 3606 2206 nt,
3637 2139 3726 2212 5).

2137 2221 2272 2277 Cum
2311 2225 2458 2279 enim
2488 2214 2778 2295 Apostolus
2822 2226 2891 2282 de
2937 2242 3046 2283 uno
3075 2227 3377 2299 eodemque
3403 2229 3565 2297 dicat,
3609 2233 3735 2286 sine

2136 2323 2302 2383 patre,
2339 2315 2452 2368 sine
2477 2324 2662 2384 matre,
2689 2317 2799 2370 sine
2829 2319 3148 2390 genealogia,
3181 2336 3342 2390 neque
3371 2321 3576 2376 initium
3607 2322 3734 2378 die-

2137 2421 2253 2460 rum
2275 2404 2496 2470 habens,
2536 2422 2697 2478 neque
2719 2409 2917 2462 vivendi
2943 2410 3135 2480 ﬁnem;
3167 2411 3359 2482 impius
3388 2413 3503 2484 ipse
3539 2413 3581 2468 Τ
3587 2415 3733 2470 beo-

2136 2497 2301 2554 dorus
2344 2498 2572 2553 alterum
2617 2500 2732 2555 sine
2775 2507 2931 2571 patre
2970 2502 3237 2559 ab'altero
3264 2504 3382 2561 sine
3409 2514 3580 2561 matre
3608 2506 3735 2562 dis-

2138 2590 2330 2644 cernit.
2397 2588 2664 2646 Creterum
2721 2606 2791 2647 ex
2858 2602 3169 2649 sanctorum
3223 2611 3440 2666 quoque
3494 2596 3730 2653 Patrum

2138 2679 2383 2735 doctrina
2435 2680 2704 2750 ejusmodi
2749 2683 3129 2755 desipientium
3187 2685 3438 2758 impietas
3484 2689 3728 2746 demon-

2139 2775 2363 2824 stratur.
2395 2767 2626 2826 Sanetus
2655 2773 2798 2827 enim
2828 2773 3120 2846 Gregorius
3155 2777 3409 2834 Nazianzi
3438 2781 3736 2851 episcOpus

2140 2861 2193 2914 in
2219 2875 2286 2915 eo
2313 2875 2566 2916 sermone
2593 2862 2683 2932 qui
2730 2863 2796 2918 de
2825 2855 3028 2921 s’anctis
3073 2866 3459 2937 Theophaniis,
3487 2871 3625 2926 tsive
3663 2871 3738 2926 de

2139 2949 2336 3008 Christi
2357 2951 2647 3008 Nativitate
2665 2948 2999 3024 inscribitur,
3026 2956 3138 3012 haec
3163 2957 3361 3013 habet:
3397 2978 3417 3011 ι
3435 2952 3563 3026 Quis
3579 2975 3738 3026 eum,

2140 3043 2233 3112 qui
2280 3059 2311 3097 a
2339 3044 2605 3114 principio
2642 3045 2743 3112 est,
2797 3063 2905 3102 non
2952 3048 3191 3104 adoret?
3219 3051 3342 3118 quis
3373 3051 3742 3108 novissimum

2140 3148 2248 3188 non
2277 3133 2460 3190 laudet
2496 3150 2561 3191 ac
2589 3136 2871 3192 celebret?
2905 3138 3196 3194 Solvuntur
3239 3140 3433 3196 iterum
3465 3142 3740 3209 tenebrae,

2140 3241 2356 3282 rursum
2397 3236 2613 3284 creatur
2653 3228 2779 3297 lux;
2810 3230 3002 3286 iterum
3031 3232 3268 3288 tenebris
3295 3241 3526 3288 vexatur
3554 3233 3743 3307 Egy-

2145 3325 2286 3386 ptus,
2319 3333 2504 3380 rursus
2529 3317 2696 3375 Israel
2727 3334 2824 3390 per
2866 3321 3173 3377 columnam
3215 3323 3568 3380 illuminatur.
3619 3324 3742 3382 Po-

2143 3411 2302 3482 pulus
2343 3412 2435 3481 qui
2489 3412 2542 3466 in
2584 3414 2824 3470 tenebris
2865 3401 3047 3478 sedet,
3097 3431 3347 3491 magnam
3399 3420 3744 3489 cognitionis

2145 3499 2320 3555 lucem
2351 3501 2616 3570 inspiciat,
2648 3511 2834 3558 vetera
2862 3507 3258 3576 prmterierunt,
3289 3523 3418 3564 ecce
3444 3508 3584 3564 facta
3601 3520 3744 3567 sunt

2147 3594 2326 3646 omnia
2357 3607 2495 3649 nova
2523 3611 2536 3646 :
2591 3593 2768 3649 littera
2810 3597 2972 3663 cedit,
3004 3597 3226 3667 spiritus
3251 3608 3492 3670 superat,
3523 3602 3769 3659 umbrm‘

2143 3692 2493 3754 praetereunt,
2523 3687 2724 3742 veritas
2746 3687 3069 3757 ingreditur;
3103 3689 3496 3748 Melchisedech
3518 3695 3745 3765 colligi-

2145 3783 2260 3828 tur:
2281 3774 2382 3843 qui
2401 3775 2525 3831 sine
2546 3785 2720 3831 matre
2748 3788 2884 3839 erat,
2916 3779 3032 3834 sine
3061 3788 3216 3849 patre
3239 3779 3313 3846 lit,
3340 3784 3488 3853 prius
3509 3785 3744 3853 quidem

2146 3863 2263 3919 sine
2294 3874 2486 3930 matre,
2517 3875 2642 3937 post
2665 3875 2843 3921 autem
2867 3870 2984 3924 sine
3007 3879 3177 3939 patre.
3221 3871 3436 3930 Natura:
3458 3876 3605 3944 leges
3636 3879 3746 3932 ob-

2149 3965 2464 4025 vertuntur,
2526 3975 2839 4030 supremum
2897 3963 3152 4019 mundum
3204 3967 3415 4036 impleri
3467 3977 3746 4038 oportet“;

2146 4048 2390 4106 Christus
2408 4050 2562 4120 jubet
2591 4067 2658 4106 ne
2687 4053 3030 4116 obsistamus.
3056 4075 3073 4107 ι
3103 4055 3306 4112 Horum
3350 4059 3543 4113 similia
3567 4060 3747 4117 habet

2145 4141 2202 4196 S.
2224 4131 2444 4198 Proclus
2457 4142 3376 4221 Constantinopolitanusepiscopus
3401 4153 3452 4208 in
3475 4169 3746 4211 sermone

2145 4233 2388 4289 suodeS.
2406 4234 2650 4305 Deipara.
2673 4255 2691 4289 ι
2713 4236 2810 4304 Qui
2827 4247 3038 4306 natura,
3056 4227 3244 4311 inquit,
3263 4242 3606 4312 impassibilis
3623 4258 3742 4312 est,

2152 4324 2332 4382 factus
2351 4335 2436 4380 est
2463 4339 2558 4394 per
2578 4327 2918 4384 calamitates
2942 4328 3133 4402 [ϐπ-ωε.
3156 4347 3250 4402 per
3270 4335 3746 4413 misericordiam]

2151 4418 2338 4472 multis
2385 4415 2666 4484 subjectus
2718 4421 3066 4488 passionibus
3109 4438 3122 4473 :
3162 4438 3269 4478 non
3314 4442 3379 4482 ex
3435 4443 3744 4497 progressu

2154 4508 2333 4564 factus
2365 4513 2449 4562 est
2478 4505 2621 4563 Deus
2651 4507 2926 4573 Christus,
2960 4512 3129 4568 absit!
3156 4515 3249 4570 sed
3289 4531 3384 4586 per
3416 4519 3748 4573 misericor-

2149 4597 2293 4653 diam
2321 4598 2464 4654 Deus
2493 4598 2666 4656 factus
2693 4608 2774 4656 est
2798 4599 2983 4666 homo,
3017 4601 3070 4656 in
3099 4616 3258 4672 quem
3285 4603 3592 4670 credimus;
3618 4622 3747 4662 non

456 4691 584 4745 κατά
611 4691 799 4744 Παῦλον
843 4693 1054 4766 ἀμήτωρ
1097 4696 1179 4748 καί
1206 4696 1456 4767 ἀπάτωρς
1487 4698 1543 4749 Ei
1569 4695 1712 4768 ψιλὸς
1755 4693 2036 4765 ἅνθρωπος,

2144 4691 2414 4745 hominem
2439 4689 2750 4747 Deiticatum
2772 4694 3143 4763 prmdicamus,
3164 4696 3260 4750 sed
3290 4689 3453 4751 Deum
3475 4695 3749 4752 incarna-

456 4783 544 4835 οὐκ
574 4783 807 4857 ἀμήτωρ,
833 4780 952 4853 ἔχει
989 4786 1085 4858 γάρ
1125 4787 1342 4858 μητέρα·
1388 4792 1476 4838 νῦν
1502 4784 1556 4840 δέ
1585 4785 1610 4840 6
1643 4787 1791 4846 αὐτὸς
1827 4789 2038 4860 ἀμήτωρ

455 4875 524 4933 ὡς
562 4873 813 4935 πλάστης,
851 4874 1060 4948 ἀπάτωρ
1105 4876 1173 4936 ὡς
1207 4875 1433 4947 πλάσμα.
1467 4895 1484 4928 ι
1522 4879 1606 4931 Καί
1631 4876 1658 4932 6
1687 4879 1735 4930 έν
1782 4876 1944 4947 ἀγίοες
1985 4877 2040 4931 δέ

455 4963 784 5033 Δύγουστῖνος
807 4961 853 5014 ἓν
874 4970 946 5030 τῷ
968 4966 1086 5034 περί
1109 4973 1200 5024 τῆς
1229 4965 1470 5026 ἐκθέσεως
1498 4973 1589 5020 τοῦ
1619 4967 1806 5039 συμϐόῖί
1818 4989 1876 5021 ου
1908 4969 2036 5039 λόγῳ

454 5054 622 5114 οὕτως
645 5055 796 5128 λέγειν
831 5056 1179 5128 ε’ῐιιστεύομεν
1209 5059 1280 5117 είς
1305 5059 1390 5112 τὸν
1418 5059 1527 5113 υίὸν
1557 5059 1710 5113 αὐτοῦ
1738 5058 1930 5117 Ἰησοῦν
1951 5061 2037 5114 τὸν

453 5146 667 5218 Χριστὸν
693 5145 983 5216 γεννηθέντα
1006 5147 1059 5200 ἐκ
1082 5148 1378 5216 ,πνεύματος
1419 5147 1586 5222 ἀγίου,
1616 5152 1704 5204 καί
1729 5159 1820 5210 τῆς
1845 5153 2033 5222 παρθέ-

450 5255 532 5287 νου
577 5239 795 5313 Μαρίας.
847 5241 987 5291 Διατί
1031 5237 1222 5295 ταύτην
1262 5242 1353 5308 τήν
1387 5239 1632 5310 γέννησιν,
1659 5235 1698 5291 ὦ
1725 5237 1929 5303 ἄπιστε,
1957 5242 2039 5295 έκ-

456 5328 725 5392 πλήττεις;
757 5331 1064 5402 μῄπίστευε
1105 5332 1149 5384 εἰ
1173 5329 1324 5398 μόνον
1361 5327 1620 5408 ἄνθρωπος
1643 5328 1746 5389 ἧνό
1775 5333 2036 5404 γεννηθείς·

451 5423 496 5473 εἰ
517 5417 570 5474 δέ
591 5422 714 5480 Θεὸς
735 5419 994 5497 ἅνθρωπος
1017 5421 1092 5485 ἦν,
1111 5423 1222 5486 ἑξῆς
1243 5421 1336 5494 [Ρ.
1364 5424 1410 5487 ἐξ
1432 5420 1514 5492 ἧς]
1533 5425 1768 5496 ἠθέλησεν
1789 5425 2037 5496 ἐγεννήθη,

449 5511 625 5573 ἐπειδή
643 5517 712 5575 ὡς
732 5516 963 5574 ἠθέλησεν
990 5517 1236 5588 ἐγεννήθη·
1258 5518 1419 5572 ἐκεῖνο
1441 5519 1699 5590 θαύμασον
1725 5519 1926 5580 μᾶλλον,
1954 5517 2036 5572 ὅτι

452 5604 480 5661 6
498 5606 640 5679 λόγος
659 5604 834 5663 ἔλαϐεν
857 5608 1050 5679 σάρκα,
1077 5611 1158 5662 καί
1186 5611 1272 5663 οὐκ
1299 5610 1492 5684 ἐτράπη
1519 5611 1592 5670 είς
1619 5610 1807 5686 σάρκα·
1842 5606 1919 5664 ὅτι
1945 5612 2036 5678 μὲ-

449 5715 542 5750 rata
587 5698 708 5757 Θεὸς
751 5698 948 5768 γέγονεν
988 5695 1278 5774 ἄνθρωπος’
1311 5700 1438 5759 πλήν
1479 5702 1531 5755 τί
1573 5701 1845 5770 θαυμάζεις
1883 5699 1964 5755 ὅτι
2004 5702 2035 5758 ή

453 5791 758 5860 γιννήσασα,
782 5789 867 5844 τὸν
907 5787 1034 5843 ἴδιον
1070 5791 1334 5863 ’ἐγέννησεν
1377 5793 1606 5858 κτίστην,
1640 5789 1812 5861 ὅτιτὸ
1840 5795 2037 5862 ποίημα

2144 4787 2254 4834 tum
2284 4780 2603 4836 conﬁtemur
2630 4799 2644 4834 :
2676 4782 2924 4838 ancillam
2945 4799 3096 4839 suam
3126 4780 3225 4840 sibi
3249 4795 3471 4841 matrem
3497 4787 3738 4857 delegit,

2141 4869 2234 4937 qui
2263 4877 2452 4929 natura
2479 4870 2596 4926 sine
2622 4879 2794 4926 matre
2822 4881 2931 4938 est,
2971 4881 3026 4926 et
3053 4873 3453 4943 dispensatione
3481 4875 3602 4931 sine
3627 4892 3746 4946 pa-

2145 4971 2248 5015 tre.
2285 4962 2567 5028 Quomodo
2617 4963 2761 5018 enim
2819 4965 2964 5033 ipse,
3004 4963 3158 5034 juxta
3209 4960 3359 5021 Pauli
3402 4971 3746 5024 sententiam

2141 5053 2258 5117 sine
2304 5063 2458 5124 patre
2499 5063 2554 5110 et
2597 5056 2716 5110 sine
2738 5066 2912 5112 matre
2942 5060 3068 5114 est?
3115 5058 3171 5114 Si
3199 5073 3368 5129 purus
3397 5061 3583 5128 homo,
3619 5079 3751 5118 mm

2140 5145 2257 5200 sine
2286 5149 2494 5211 matre;
2544 5155 2771 5202 matrem
2799 5148 2942 5202 enim
2973 5147 3175 5224 habet:
3227 5150 3310 5205 sin
3341 5159 3517 5206 autem
3550 5153 3752 5206 nudus

2141 5236 2300 5303 Deus,
2330 5252 2437 5297 non
2466 5237 2581 5292 sine
2609 5247 2782 5308 patre,
2815 5230 3027 5294 Patrem
3058 5232 3254 5312 quippe
3283 5243 3444 5298 habet
3469 5261 3480 5296 :
3512 5251 3596 5297 est
3625 5230 3756 5298 ita-

2140 5342 2246 5404 que
2291 5327 2435 5382 idem
2483 5328 2598 5398 ipse
2646 5331 2832 5384 matris
2877 5320 3091 5400 expers.
3121 5341 3178 5386 ut
3226 5343 3481 5398 creator;
3530 5349 3756 5390 carens

2141 5430 2321 5476 autem
2351 5431 2525 5490 patre,
2557 5430 2616 5475 ut
2646 5431 2912 5476 creatura.
2948 5441 2964 5474 ι
3021 5424 3254 5479 Sanctus
3283 5426 3442 5479 etiam
3473 5425 3756 5499 Augusti-

2142 5527 2242 5567 nus
2272 5513 2323 5566 in
2350 5526 2602 5567 sermone
2629 5511 2696 5566 de
2725 5514 3065 5582 expositione
3095 5514 3335 5586 Symboli
3376 5517 3494 5571 hch
3525 5517 3712 5570 habet
3733 5535 3752 5571 :

2147 5623 2165 5654 ι
2192 5602 2472 5657 Credimus
2501 5604 2552 5656 in
2583 5602 2774 5660 Filium
2821 5604 2938 5672 ejus
2980 5603 3162 5660 Jesum
3211 5607 3485 5662 Christum
3540 5617 3754 5664 natum

2143 5695 2210 5749 de
2224 5693 2422 5764 Spiritu
2453 5702 2660 5760 sancto,
2687 5703 2820 5749 etex
2848 5695 3012 5750 Maria
3032 5697 3271 5766 Virgine.
3310 5697 3440 5767 Cur,
3473 5700 3756 5767 infractis,

2146 5790 2283 5843 iane
2331 5785 2666 5840 nativitatem
2712 5787 3043 5855 perturbas?
3086 5789 3165 5845 Ne
3213 5775 3402 5847 cred-as
3431 5792 3512 5846 vel
3539 5792 3752 5850 solum
