4000 6186
275 249 392 314 293
1495 261 1878 320 JUSTINIANI’
1899 265 2034 322 IMP.
2081 267 2428 328 EPISTOLA.
3451 279 3559 338 9.9!

271 368 364 422 τὸν
389 375 604 430 ποιητήν
628 371 925 444 ἐγέννησεν;
971 375 1132 437 οὕτως
1172 376 1425 436 ἠϐουλήοη
1463 378 1489 433 ὁ
1523 379 1740 451 ὕψιστος
1764 402 1843 452 γεν

1981 383 2254 440 hominem
2281 402 2402 442 esse
2429 388 2520 458 qui
2552 395 2708 444 natus
2735 396 2839 456 est,
2866 391 2954 446 vel
2983 393 3028 448 si
3055 393 3196 450 Deus
3222 395 3384 453 homo
3413 409 3558 464 erat,

270 465 477 520 πρηθῆναι
502 463 767 527 ταπεινὸς,
792 465 877 520 ἵνα
901 465 949 518 ἐν
972 468 1099 526 αῦτῆ
1127 474 1192 540 τῇ
1230 473 1528 526 ταπεινώσει
1556 471 1843 537 ἐπιδείξηται

1972 473 2230 546 deinceps
2260 479 2407 534 nasci
2438 479 2670 536 voluisse
2711 499 2724 533 :
2777 496 2904 535 nam
2945 484 3399 551 quemadmodum
3443 487 3557 554 ipso

267 559 366 613 τήν
390 555 807 626 mutatam.»
1970 569 2158 634 voluit,
2190 570 2270 624 sic
2297 580 2456 626 natus
2484 582 2586 626 est.
2617 572 2750 626 Illud
2780 573 2958 643 potius
2991 576 3209 642 mirare,
3239 579 3386 649 quod
3413 577 3553 638 Ver-

1968 660 2094 714 bum
2125 676 2252 716 caro
2283 660 2479 716 factum
2509 671 2607 727 est,
2640 671 2694 718 et
2734 680 2840 718 non
2868 673 2950 721 est
2991 682 3312 724 conversum
3343 671 3398 725 in
3426 687 3550 727 car-

267 751 420 804 nem,
448 736 704 808 quodque
751 753 974 794 manens
1022 739 1165 796 Deus
1187 781 1205 805 ,
1256 741 1429 799 lactus
1465 754 1547 802 est
1596 747 1777 803 homo.
1829 748 1934 804 Sed
1975 751 2100 820 quid
2130 754 2344 817 mirare,
2376 768 2496 808 eam
2527 769 2645 824 qua:
2675 757 2862 823 genuit
2886 759 3161 829 proprium
3189 762 3438 829 genuisse
3467 765 3549 817 ra-

263 834 475 880 ctorem
498 867 516 892 ,
561 836 985 896 creaturamque.
1012 843 1168 883 suum
1214 842 1518 887 creatorem
1555 837 1890 903 protulisse?
1947 837 2039 895 Sic
2077 839 2250 896 voluit
2280 843 2583 900 Altissimus
2612 845 2826 914 humilis
2853 847 2999 901 nasci
3019 886 3037 912 ,
3088 857 3145 903 ut
3171 865 3321 906 suam
3349 851 3402 906 in
3433 853 3548 924 ipsa

264 917 575 973 humilitate
599 918 1055 988 magniﬁcentiam
1082 923 1414 979 ostenderet.
1445 945 1464 978 ι

339 1016 431 1066 καὶ
455 1019 629 1067 ταῦτα
781 1014 828 1068 οἱ
872 1015 1007 1088 ἅγιοι
1037 1019 1280 1093 πατέρες.
1307 1018 1422 1078 Ὀτι
1447 1020 1502 1076 δέ
1531 1027 1616 1077 καὶ
1647 1026 1699 1079 αἱ
1725 1027 1860 1083 θεῖαι

261 1108 480 1174 vaga},
521 1101 605 1163 ατς
647 1104 982 1165 ἠκολούθησαν
1011 1110 1059 1165 οἱ
1109 1109 1243 1182 ἅγιοι
1287 1115 1533 1188 πατέρες,
1581 1119 1734 1172 αὐτὸν
1771 1122 1858 1175 τὸν

259 1197 393 1249 Θεὸν
431 1195 577 1266 λόγον
603 1199 922 1273 σαρωθῆναι
964 1203 1052 1252 καὶ
1078 1204 1322 1272 τεχθῆναι
1353 1206 1408 1258 ἐκ
1432 1216 1523 1266 τῆς
1552 1207 1701 1279 ἁγίας
1723 1233 1858 1286 παρ-

257 1287 408 1340 θένου
435 1290 657 1360 Μαρίας,
680 1291 767 1343 καὶ
790 1289 1164 1365 ἐνανθρωπῆσαι
1189 1291 1494 1350 διδάσκουσι
1518 1295 1662 1356 δῆλον
1691 1301 1862 1376 ὑπάρ-

255 1398 378 1447 χει.
412 1379 556 1450 Λέγει
596 1383 698 1455 γὰρ
738 1387 936 1455 πρῶτον
973 1380 1000 1434 ό
1039 1387 1304 1456 προφήτης
1341 1386 1572 1454 Ἡσαΐας,
1617 1407 1636 1439 ε
1663 1388 1784 1445 Ἰδοὺ
1827 1393 1858 1450 ἠ

259 1470 515 1542 παρῦέδος
547 1473 601 1523 ἐν
627 1474 820 1544 γαστρὶ
843 1472 944 1536 ἕξει
971 1475 1051 1526 καὶ
1079 1475 1272 1537 τέξεται
1301 1475 1428 1541 υἱόν,
1465 1481 1549 1533 καὶ
1582 1480 1855 1536 καλέσουσι

254 1558 315 1610 τό
365 1554 525 1628 ὄνομα
565 1561 724 1615 αὐτοῦ
757 1559 1089 1630 Ἐμμανουήλ,
1121 1581 1141 1614 ε
1176 1561 1205 1618 ὅ
1225 1567 1335 1622 ἐστι
1375 1568 1855 1642 μεθερμηνευόμενον

251 1647 397 1720 μεῖν
423 1653 593 1719 ἡμῶν
621 1651 646 1706 ό
683 1656 835 1732 Θεὸς
850 1694 865 1707 .
915 1650 1036 1711 Εἶτα
1054 1660 1138 1711 καὶ
1158 1657 1356 1714 Δαϐὶδὸ
1377 1666 1637 1736 προφήτης
1657 1665 1786 1735 λέγει
1807 1667 1856 1720 έν

2037 1031 2106 1086 Ει
2145 1034 2260 1088 haec
2287 1034 2505 1103 quidem
2536 1051 2566 1090 a
2603 1037 2701 1092 SS.
2735 1039 2988 1106 Patribus
3030 1042 3387 1112 diSputantur.
3437 1043 3544 1099 Sed

1965 1121 2106 1178 haud
2137 1125 2471 1194 perspicuum
2495 1129 2766 1183 estminus
2794 1131 3000 1186 divinas
3021 1131 3268 1198 Litteras,
3297 1149 3432 1203 quas
3458 1151 3543 1192 so-

1965 1217 2077 1269 cuti
2105 1225 2231 1270 sunt
2252 1218 2419 1272 sancti
2451 1217 2703 1274 Ecclesiae
2734 1219 2922 1278 Patres
2956 1224 3180 1294 idipsum
3210 1225 3428 1294 docere,
3459 1229 3541 1283 ni-

1963 1309 2156 1363 mirum
2185 1309 2352 1365 Deum
2394 1313 2626 1368 Verbum
2657 1315 3012 1386 incarnatum,
3043 1327 3098 1372 et
3121 1334 3184 1374 ex
3213 1329 3400 1376 sancta
3429 1320 3540 1375 Ma-

1964 1396 2043 1450 ria
2093 1397 2310 1466 Virgine
2363 1409 2568 1466 natum,
2625 1412 2680 1458 et
2728 1406 3002 1462 hominem
3050 1409 3246 1464 factum
3292 1425 3432 1467 esse.
3461 1413 3541 1467 Ae

1962 1487 2133 1557 primo
2164 1489 2326 1544 Isaias
2351 1493 2612 1562 propheta
2637 1513 2650 1547 :
2683 1494 2838 1562 Ecce,
2866 1498 3057 1568 inquit,
3090 1499 3246 1571 Virgo
3266 1504 3538 1574 concipiet,

1960 1585 2010 1630 et
2034 1580 2200 1647 pariet
2227 1582 2416 1649 ﬁlium,
2464 1593 2513 1637 et
2556 1586 2816 1641 vocabitur
2845 1605 3030 1644 nomen
3069 1593 3179 1662 ejus
3209 1592 3537 1663 Emmanuel,

1961 1669 2106 1738 quod
2154 1678 2238 1726 est
2285 1673 2725 1743 interpretatum,
2779 1678 3065 1735 Nobiscum
3115 1682 3274 1738 Deus.
3334 1684 3539 1742 Rursus

251 1749 330 1807 τῷ
358 1743 627 1815 ἑκατοστῷ
648 1745 781 1818 ἕκτῳ
797 1747 1005 1818 Ψαλμῷ’
1037 1765 1053 1798 ι
1074 1747 1382 1808 ’Δπέστειλεν
1402 1755 1487 1809 τόν
1513 1755 1656 1829 λόγον
1676 1761 1843 1827 αὐτοῦ,

1962 1759 2127 1814 David
2153 1762 2416 1832 prepheta
2447 1765 2653 1835 psalmo
2683 1768 2981 1823 centesimo
3022 1779 3178 1825 sexto
3209 1773 3357 1826 canit
3383 1791 3395 1826 :
3428 1773 3529 1827 Mi-

249 1836 338 1885 ιαὶ
368 1833 562 1891 ἰάσατο
584 1837 791 1902 αὐτοὺς,
825 1841 907 1892 καὶ
951 1839 1204 1915 ἐρρύσατο
1237 1844 1426 1904 αὐτοὺς
1452 1846 1506 1899 ἐκ
1533 1855 1632 1902 τῶν
1653 1847 1852 1920 διαφξοο

245 1929 355 1994 ρῶν
381 1924 574 1977 αὐτῶν.
600 1942 618 1976 ε
647 1922 790 1980 ’Δλλά
832 1930 915 1981 καὶ
941 1927 966 1982 ό
998 1928 1139 2002 ἅγιος
1183 1931 1464 2004 ἀπόστολος
1492 1937 1687 1998 Παῦλος
1718 1941 1853 2004 οὕτω

247 2011 407 2084 λέγει·
438 2035 458 2064 ε
489 2011 611 2086 ’φτε
638 2015 687 2071 δζ
713 2015 821 2076 ἦλθε
845 2020 900 2072 τό
920 2018 1172 2093 πλήρωμα
1207 2030 1306 2076 τῶν
1332 2034 1535 2102 καιρῶν,
1566 2030 1853 2093 ἐξαπέστει-

251 2104 336 2156 λεν
361 2104 390 2158 ὁ
419 2106 548 2165 Θεὸς
575 2108 658 2161 τόν
676 2109 785 2163 υἱὸν
809 2111 969 2166 αὐτοῦ
995 2113 1256 2184 γενόμενον
1281 2117 1336 2170 ἐκ
1363 2121 1620 2188 γυναικός,
1649 2123 1853 2193 γενόμε-

249 2216 332 2250 νον
362 2199 475 2253 ὑπὸ
501 2198 776 2270 νόμον.ἶνα
820 2205 944 2265 τοὺς
990 2205 1091 2260 ὑπὸ
1136 2207 1287 2277 νόμον
1329 2210 1632 2286 ἐξαγοράσῃ,
1653 2216 1735 2268 ἵνα
1761 2222 1852 2276 τήν

249 2289 513 2343 υέοθεσίαν
544 2290 894 2359 ἀπολάϐωμεν.
929 2312 946 2344 ι
979 2296 1181 2353 Τούτων
1209 2301 1574 2369 τοίνυν-οὕτως
1600 2306 1847 2377 ἑχόντων,

249 2387 329 2442 τίς
355 2383 499 2436 οὕτω
527 2385 780 2453 μαίνεται,
803 2387 875 2448 ὥς
905 2408 959 2443 τε
998 2390 1249 2459 τολμῆσαι
1273 2395 1447 2458 εἰπεῖν,
1479 2395 1559 2453 ὅτι
1588 2396 1851 2474 ἅνθρωπος

249 2469 306 2530 ἦν
356 2476 410 2526 ἐν
459 2481 576 2534 τοῖς
621 2477 882 2547 οὐρανοῖς,
915 2480 1144 2540 κάκεῖνος
1185 2483 1449 2543 ἀπεστάλη
1492 2486 1575 2540 ἴνα
1645 2489 1852 2562 γένηται

246 2563 301 2616 ἐκ
327 2567 599 2637 γυναικός,
627 2569 713 2629 καὶ
747 2568 851 2622 ὑπό
882 2569 1054 2641 νόμον;
1087 2572 1146 2624 Οἱ
1180 2569 1435 2646 ἅνθρωποι
1475 2577 1575 2652 γὰρ
1620 2580 1722 2650 πρό
1762 2587 1850 2639 τῆς

246 2659 342 2707 τοῦ
369 2655 533 2724 λόγου
557 2658 870 2729 σαρκώσεως
897 2659 998 2714 ὑπό
1028 2660 1175 2730 νόμον
1200 2659 1352 2719 ἦσαν’
1383 2663 1649 2726 ἀλλάὐτδς
1679 2661 1703 2722 ὃ
1726 2673 1850 2732 Θεές

241 2744 396 2814 λόγος
429 2745 458 2802 ὅ
497 2754 769 2820 μονογενὴς
793 2751 902 2810 υἱὸς
943 2760 1032 2806 τοῦ
1077 2760 1224 2820 Θεοῦ,
1256 2754 1282 2810 ὁ
1313 2761 1382 2827 μή
1421 2755 1490 2812 ὢν
1530 2760 1632 2815 ὑπὸ
1676 2763 1846 2832 νόμον,

241 2839 353 2893 ἀλλ’
363 2842 525 2901 αῦτ“ς
543 2839 771 2902 δεδωκὼς
791 2843 874 2898 τὸν
893 2842 1059 2915 νόμον,
1079 2849 1336 2908 ἀπεστάλη
1358 2854 1504 2927 παρά
1523 2860 1616 2908 τοῦ
1631 2859 1846 2930 πατρὸς,

241 2933 325 2982 καὶ
355 2931 420 2983 ἐκ
446 2933 678 3000 γυναικός
713 2932 977 3004 γενόμενος
1016 2937 1214 3006 γέγονεν
1247 2939 1359 2993 ὑπὸ
1391 2940 1560 3010 νόμον,
1589 2944 1673 3000 ἵνα
1715 2948 1849 3014 ἡμᾶς

1957 1849 2026 1901 sit
2063 1848 2283 1904 Verbum
2305 1869 2472 1919 suum,
2504 1863 2554 1907 et
2581 1857 2784 1910 sanauit
2812 1874 2918 1923 eos,
2951 1866 2999 1912 et
3020 1861 3209 1927 eripuit
3239 1878 3325 1916 eos
3363 1863 3425 1916 de
3450 1863 3536 1916 in-

1914 1952 1916 1954 '
1954 1939 2275 1995 teritionibus
2304 1959 2502 1997 eorum.
2533 1943 2821 2014 Apostolus
2847 1948 3048 2017 pariter
3064 1948 3291 2005 Paulus:
3317 1952 3539 2016 Quando

1953 2039 2142 2094 autem,
2202 2032 2396 2101 inquit,
2444 2035 2580 2087 venit
2627 2036 2893 2106 plenitudo
2934 2045 3196 2109 temporis,
3226 2052 3368 2096 misit
3398 2044 3536 2098 Deus

1953 2117 2152 2174 Filium
2181 2138 2351 2188 suum,
2384 2125 2578 2194 factum
2601 2142 2666 2178 ex
2694 2127 2928 2190 muliere,
2968 2130 3166 2199 factum
3193 2129 3286 2184 sub
3325 2131 3452 2204 lege.
3478 2143 3535 2187 ut

1951 2211 2036 2264 eos
2060 2213 2145 2281 qui
2172 2212 2262 2266 sub
2289 2214 2397 2284 lege
2418 2224 2569 2268 erant
2598 2217 2890 2284 redimeret,
2920 2228 2978 2273 ut
3017 2222 3350 2292 adoptionem
3388 2226 3533 2294 ﬁlio-

1951 2317 2067 2354 rum
2095 2303 2456 2372 reciperemus.
2491 2304 2619 2370 Quae
2640 2321 2762 2360 cum
2790 2308 2863 2362 ita
2889 2323 2948 2364 se
2977 2309 3231 2376 habeant,
3250 2312 3369 2380 quis
3394 2313 3532 2370 adeo

1951 2389 2200 2459 desipiet,
2253 2393 2535 2449 utdicere
2581 2395 2776 2452 audeat
2824 2398 3098 2455 hominem
3138 2404 3444 2473 quempiam
3476 2405 3532 2462 in

1951 2482 2099 2538 ctelis
2126 2482 2309 2548 fuisse,
2357 2485 2638 2555 ipsumque
2665 2488 2886 2544 missum
2929 2479 3069 2556 esse,
3124 2501 3181 2546 ut
3210 2509 3273 2548 ex
3306 2496 3532 2552 muliere

1949 2582 2110 2647 atque
2138 2574 2235 2654 sub
2266 2575 2384 2643 lege
2411 2581 2764 2650 nasceretur?
2794 2579 3006 2637 Etenim
3035 2583 3284 2638 homines
3312 2589 3530 2654 quidem

1949 2672 2076 2718 ante
2124 2653 2554 2721 lnCarnationem
2604 2669 2703 2723 sub
2735 2668 2852 2738 lege
2897 2680 3090 2739 erant;
3133 2683 3190 2729 at
3236 2653 3352 2746 ipse
3391 2678 3530 2734 Deus

1954 2753 2182 2810 Verbum
2215 2757 2520 2827 unigenitus
2547 2759 2641 2817 Dei
2672 2760 2858 2828 Filius,
2889 2763 2982 2832 qui
3011 2779 3120 2819 non
3141 2767 3530 2836 subjiciebatur
3613 2815 3624 2824 .

1949 2844 2070 2913 legi,
2103 2845 2198 2901 sed
2227 2856 2342 2902 erat
2367 2848 2481 2918 ipsc
2509 2849 2802 2918 legislator,
2855 2852 3046 2908 missus
3074 2864 3157 2910 est
3185 2871 3214 2910 a
3239 2855 3416 2925 Patre,
3474 2869 3529 2916 et

1953 2936 2128 2994 factus
2156 2956 2225 2994 ex
2253 2941 2498 3009 muliere,
2525 2941 2724 2998 ~laetus
2753 2953 2850 2999 est
2877 2946 2978 3002 sub
3007 2947 3142 3016 lege,
3194 2957 3254 3003 ut
3284 2965 3402 3015 nos,
3435 2953 3528 3021 qui

241 3024 366 3081 τοὺς
424 3021 525 3074 ὑπὸ
570 3021 717 3093 νόμον
763 3024 1081 3099 ἐξαγοράσῃ,
1106 3031 1193 3082 καὶ
1225 3033 1314 3088 τήν
1355 3031 1604 3088 υἱοθεσίαν
1647 3037 1843 3094 ἀπολά-

244 3113 273 3133 ρ

1948 3029 2048 3084 sub
2073 3029 2191 3099 lege
2219 3045 2454 3112 eramus,
2486 3034 2794 3101 redimeret,
2830 3043 2887 3090 ut
2907 3035 3260 3133 adoptionem
3299 3041 3528 3099 liliorum

242 3113 428 3186 ευμεν
437 3153 447 3164 .

311 3208 382 3258 Εἰ
410 3207 599 3270 τοίνυν,
635 3209 704 3267 ὡς
734 3205 758 3262 ό
785 3208 986 3282 γράψας
1011 3209 1100 3272 τήν
1141 3214 1301 3274 ἀσεϐῆ
1332 3217 1512 3278 έκείνην
1554 3218 1844 3284 ἐπιστολήν,

239 3299 326 3350 καὶ
357 3296 391 3351 ὁ
425 3298 674 3372 αἱρετικὸς
701 3298 987 3376 Θεόδωρος,
1011 3304 1300 3373 μαίνονται,
1331 3307 1422 3360 οῦκ
1448 3303 1508 3367 ἦν
1533 3301 1726 3372 άληθῶς
1763 3315 1848 3372 καὶ

238 3391 443 3465 κυρίως
484 3391 593 3450 υἱός
639 3398 735 3446 τοῦ
776 3400 904 3464 Θεοῦ
933 3393 1190 3464 ότεχθεὶς
1218 3399 1276 3467 ἐκ,
1298 3402 1554 3475 γυναικός,
1585 3408 1694 3464 πῶς
1721 3402 1846 3464 ἠδύ-

237 3500 367 3534 νατο
382 3480 505 3549 ipf»
519 3481 770 3542 υἱοθεσίας
788 3481 1144 3560 δωρήσασθαις
1170 3489 1298 3561 Πρός
1321 3491 1526 3551 τούτοις
1546 3494 1847 3566 περιέχεται

241 3571 292 3624 ἐν
567 3574 747 3628 ἀσεϐεῖ
763 3575 1022 3647 ἐπιστολῇ,
1045 3574 1123 3631 ὅτι
1147 3580 1228 3642 τὸ,
1257 3579 1634 3643 ἠλάττωσας
1661 3585 1844 3639 αὐτὸν

241 3661 476 3731 βραχύ
507 3684 567 3717 τι
592 3665 752 3737 παρ’-
773 3666 1112 3738 ἀγγέλους,
1142 3669 1228 3722 οὐκ
1255 3668 1594 3728 ἔστιδυνατόν
1611 3680 1729 3751 περὶ
1755 3684 1845 3737 τῆς

243 3751 492 3838 euitare;
537 3759 626 3805 τοῦ
667 3762 962 3824 μονογενοῦς
1005 3757 1236 3829 ῥηθῆναι·
1269 3757 1392 3838 ὅπερ
1439 3764 1522 3816 καὶ
1565 3763 1731 3836 ὑμεῖς,
1777 3768 1845 3826 ὡς

243 3839 413 3914 ὀρθῶς
445 3839 591 3913 ῥηθέν
614 3844 964 3918 προτεθείκατε
990 3846 1215 3918 λέγοντες
1232 3887 1246 3910 ,
1279 3847 1361 3903 ὅτι
1388 3854 1506 3925 περί
1533 3859 1623 3907 τοῦ
1651 3855 1845 3930 ἀνθρὼ-

244 3949 368 3992 me,
399 3932 494 3982 καὶ
532 3932 650 4000 οὐχί
693 3936 810 4008 περὶ
854 3941 948 3988 τοῦ
998 3943 1126 3991 Θεοῦ
1175 3937 1324 4010 λόγου
1363 3948 1454 3995 τοῦ
1503 3945 1844 4018 σαρκωοένττς

242 4029 399 4076 τοῦτο
426 4022 639 4077 δύναται
663 4025 916 4097 λέγεσθαι.
937 4024 1054 4083 Ὀτι
1078 4027 1130 4084 δέ
1162 4033 1245 4085 καὶ
1274 4033 1465 4092 ταύτην
1493 4042 1581 4093 τήν
1605 4037 1843 4094 ἀσέϐειαν

242 4113 388 4185 παρά
418 4110 681 4187 Θεοδώρου
712 4122 799 4169 τοῦ
828 4117 1079 4186 αἱρετικοῦ
1106 4118 1370 4192 διδαχθεὶς
1405 4124 1433 4177 ὁ
1460 4128 1548 4184 τήν
1576 4127 1844 4200 ἐπιστολήν

482 4204 545 4257 τά
568 4213 782 4261 τοιαῦτα
811 4208 1214 4281 ἐϐλασφήμησεν,
1240 4213 1450 4288 φανερόν
1477 4221 1768 4290 ποιήσωμεν
1789 4222 1842 4274 ἐκ

239 4301 342 4348 τῶν
372 4302 452 4365 τῷ
487 4297 619 4368 αυτῷ
670 4297 916 4370 Θεοδώρῳ
959 4304 1226 4378 εἰρημένων
1254 4297 1303 4358 ἐν
1333 4316 1419 4381 τῷ,
1441 4311 1672 4383 τετάρτῳ
1711 4313 1842 4384 λόγῳ

239 4395 314 4460 τῷ
333 4388 481 4440 κατά
497 4386 857 4467 ’Δπολιναρίου.
879 4389 1032 4464 Ἐχει
1048 4393 1100 4450 δὲ
1123 4396 1307 4459 οὕτως’
1336 4416 1355 4448 ε
1377 4402 1467 4454 Τόν
1488 4399 1540 4454 δέ
1563 4399 1839 4476 ἄνθρωπον,

1867 3115 1912 3176 C
1945 3119 2326 3189 reciperemus.

2019 3207 2075 3289 Si
2106 3211 2287 3281 itaque
2315 3212 2360 3266 is
2387 3211 2480 3282 qui
2508 3227 2577 3268 ex
2607 3215 2834 3290 muliere
2861 3223 3021 3272 natus
3049 3225 3161 3283 est,
3193 3233 3322 3274 vere
3351 3219 3536 3274 excel-

1947 3286 2228 3372 lenterque
2254 3318 2368 3381 non,
2397 3303 2536 3360 foret
2565 3306 2662 3362 Dei
2693 3286 2882 3375 Filius,
2929 3310 3380 3379 quemadmodum
3429 3313 3526 3367 imo

1949 3391 2049 3462 pice
2077 3392 2221 3450 illius
2258 3394 2502 3463 epistolae
2527 3397 2760 3467 scriptor
2788 3399 3184 3472 haereticusque
3211 3402 3526 3462 Theodorus

1947 3483 2128 3554 inepte
2156 3486 2511 3564 contendunt,
2538 3490 2810 3558 quomodo
2839 3494 3100 3561 potuisset
3123 3496 3276 3551 nobis
3299 3497 3530 3552 ﬁliorum

1947 3581 2290 3652 ad0ptioncm
2321 3583 2571 3654 elargiri?
2601 3584 2871 3642 Prteterea
2902 3592 2956 3643 in
2979 3593 3303 3647 exsecrabili
3330 3609 3392 3648 ea
3423 3597 3538 3664 epi-

1945 3675 2085 3730 stola
2114 3675 2422 3730 continetur
2450 3676 2578 3732 illud
2605 3678 2816 3748 psalmi,
2847 3682 3080 3747 minuisti
3104 3699 3224 3738 eum
3247 3687 3402 3754 paulo
3431 3687 3533 3739 mi-

1946 3781 2043 3820 nus
2070 3765 2134 3819 ab
2164 3769 2389 3839 angelis,
2427 3769 2650 3824 minime
2678 3769 2936 3826 aﬁirmari
2973 3787 3132 3843 posse
3158 3773 3228 3830 de
3257 3773 3524 3844 Unigeniti

1945 3856 2224 3912 divinitate
2244 3858 2445 3913 dictum
2475 3874 2613 3926 esse,
2645 3861 2790 3931 quod
2816 3877 2934 3931 vos,
2961 3878 3062 3918 ceu
3097 3864 3367 3921 catholice
3394 3881 3523 3936 pro-

1947 3950 2250 4002 nuntiatum
2280 3949 2482 4018 pariter
2511 3951 2886 4021 proposuistis,
2914 3953 3122 4010 aientes
3150 3954 3351 4010 homini
3370 3952 3523 4022 ,Vnon

1945 4045 2127 4093 autem
2150 4037 2326 4092 Verbo
2357 4039 2634 4095 lncarnato
2666 4041 2718 4096 id
2750 4042 2910 4096 tribui
2939 4058 3122 4113 posse.
3167 4044 3320 4102 Hanc
3345 4057 3524 4102 autem

1944 4128 2190 4197 similiter
2220 4129 2550 4200 impietatem
2582 4131 2650 4186 ab
2683 4118 2936 4201 haeretico
2966 4133 3252 4191 Theodoro
3273 4137 3523 4194 edoctum

1943 4218 2183 4295 epistola:
2203 4220 2516 4290 scrip-torem
2533 4220 2794 4288 ejusmodi
2816 4223 3100 4291 protulisse
3116 4225 3521 4295 blaSphemiam.

1943 4293 2282 4381 perspicuum
2313 4326 2342 4364 a
2372 4311 2528 4365 nobis
2557 4309 2648 4364 ﬁet
2676 4327 2742 4366 ex
2772 4313 2838 4368 iis
2865 4327 2986 4382 quas
3013 4293 3248 4384 ipsemet
3276 4315 3520 4374 Theodo-

1943 4416 2034 4454 rus
2064 4400 2281 4455 disserit
2328 4401 2381 4454 in
2410 4409 2603 4469 quarto
2633 4402 2888 4458 adversus
2927 4405 3316 4475 Apollinarium
3361 4409 3519 4465 libro.

238 4480 362 4552 περὶ
406 4474 475 4531 οὗ
513 4483 675 4536 ταῦτά
720 4504 866 4555 φησιν
913 4483 940 4539 ό
984 4491 1265 4559 προφήτης,
1295 4496 1469 4562 σαφῶς
1517 4490 1544 4547 ὁ
1586 4494 1833 4568 μακάριος

1948 4509 1961 4541 ε
1993 4487 2294 4555 llominem,
2325 4491 2514 4559 inquit,
2545 4491 2612 4544 de
2638 4474 3036 4562 quoipropbet’a
3066 4494 3320 4565 loquitur,
3350 4499 3520 4553 mani-

227 4566 389 4644 finloi
414 4571 626 4637 Παῦλος,
650 4574 732 4627 τὸν
754 4574 972 4630 ὑπόντοῦ
1003 4586 1299 4651 μονογενοῦς
1324 4582 1611 4654 εἰλημμένον
1639 4582 1833 4661 ἅνθρω-

238 4681 337 4713 πον
368 4657 519 4716 εἶναι’
551 4666 760 4738 εἰρηκώς
787 4669 904 4744 γάρ,
928 4665 1004 4722 ὅτι
1032 4667 1410 4747 διεμαρτύρατο
1438 4672 1491 4730 δέ
1516 4679 1619 4732 πού
1645 4698 1722 4738 τις
1751 4679 1833 4734 λέ⁶

235 4774 370 4824 γων,
397 4780 473 4792 -
493 4757 552 4807 Τί
577 4759 714 4812 ἐστιν
753 4756 1028 4836 ἅνθρωπος,
1061 4760 1141 4818 ὅτι
1167 4769 1427 4846 μιμνήσκῃ,
1451 4769 1636 4835 αὐτοῦ,
1664 4769 1694 4830 ἣ
1724 4773 1833 4836 υἱός

1940 4579 2072 4636 l‘este
2089 4579 2278 4634 beatus
2301 4580 2498 4636 indicat
2517 4580 2735 4648 Paulus,
2759 4597 2880 4635 eum
2899 4596 3018 4638 esse
3038 4584 3129 4652 qui
3147 4585 3214 4640 ab
3231 4584 3520 4656 Unigenito

1938 4681 2242 4742 assumptus
2270 4681 2390 4738 est;
2423 4672 2668 4742 inquiens
2699 4671 3049 4750 [Grmc.,cum
3088 4677 3229 4731 enim
3275 4680 3517 4754 dixisset}

1938 4765 2298 4820 testimonium
2326 4765 2393 4821 de
2420 4766 2537 4839 ipso
2576 4781 2697 4821 esse
2727 4768 2996 4844 prolatum
3031 4769 3106 4831 ab
3138 4785 3204 4825 eo
3248 4772 3340 4839 qui
3385 4773 3516 4826 dixit

232 4845 530 4918 ἀνθρὼπου,
565 4845 640 4901 ὅτι
683 4851 958 4924 ἐπισκέπτῃ
986 4851 1168 4915 αὖτόνς
1198 4850 1501 4918 ἠλάττωσας
1527 4861 1676 4916 αὐτόν
1700 4862 1843 4938 βρα-“

1948 4855 2108 4927 [Ρεαι.
2137 4871 2249 4924 vm,
2271 4834 2624 4927 6seq.)tQuid
2650 4834 2900 4914 est—hoino
2922 4861 3057 4933 quod
3092 4834 3360 4915 memores
3380 4862 3511 4931 ejus,

233 4935 313 5003 κύ
339 4956 390 4988 τι
427 4937 551 5012 παρ’
569 4939 841 5011 ἀγγέλους,
873 4940 988 5014 δόξῃ
1017 4947 1098 4998 ναὶ
1123 4954 1244 5018 τιμῇ¹
1274 4948 1621 5021 ἐστεφάνωσας
1650 4955 1822 5020 αὐτόν,

229 5030 320 5120 ἰαὶ
352 5029 669 5092 κατίσττισας
715 5033 866 5089 αὐτόν
908 5037 994 5090 ἐπὶ
1039 5037 1104 5092 τά
1147 5037 1280 5111 ἔργα
1324 5049 1423 5095 τῶν
1471 5053 1663 5120 χειρῶν
1703 5068 1820 5112 σου,

1179 5101 1188 5110 .
1219 5101 1232 5111 .
1471 5101 1512 5114 η.
1561 5101 1572 5120 ,
1807 5101 1818 5112 .

229 5101 408 5176 πάντα
431 5127 682 5190 ὑπέταξας
707 5127 947 5184 ἑποκάτω
977 5137 1074 5185 τῶν
1103 5130 1272 5186 ποδῶν
1299 5135 1489 5201 αὐτοῦ,
1517 5165 1584 5177 -
1612 5138 1818 5213 έπάγει⁹

231 5241 298 5250 ...
312 5214 414 5266 τόν
435 5210 483 5266 δέ
509 5214 689 5297 βραχὺ
720 5239 769 5273 τι
790 5217 913 5290 παρ’
934 5222 1178 5292 ἀγγέλους
1198 5223 1537 5296 ἠλαττωμένον
1575 5210 1823 5304 βλέπομεν
1841 5245 1860 5258 κ

225 5301 457 5368 Ἰησοῦν,
484 5302 569 5360 διὰ
596 5308 654 5361 τὸ
677 5309 887 5383 πάθημα
908 5318 999 5366 τοῦ
1027 5313 1240 5368 Θανάτου
1273 5313 1388 5388 δόξῃ
1429 5319 1510 5372 καὶ
1533 5327 1650 5393 τιμῇ
1673 5321 1824 5376 ἔστε-

225 5395 542 5465 φα-ιωμένον·
557 5407 806 5471 -σαοῶς
823 5399 1013 5462 δεικνὺς
1035 5400 1112 5457 ὅτι
1130 5411 1321 5465 Ἰησοῦς
1348 5402 1608 5482 ἄνθρωπος
1628 5414 1744 5484 περὶ
1767 5407 1826 5465 οὗ

223 5483 250 5538 ὃ
277 5487 535 5564 μακάριός
557 5511 679 5559 φησι
710 5490 862 5546 Δαϐὶδ
890 5494 1277 5565 ἐκπληττόμενος
1303 5493 1380 5551 ὅτι
1403 5500 1432 5556 ἠ
1457 5499 1564 5552 θεία
1589 5500 1736 5569 φύσις
1767 5503 1825 5560 ἣν

223 5573 367 5647 ἴσχε
397 5581 510 5634 τότε
533 5585 687 5634 αὐτοῦ
714 5587 1015 5641 ποιήσασθαι
1035 5593 1230 5659 μνήμην
1255 5587 1400 5660 (sie)'
1423 5595 1505 5644 καὶ
1533 5589 1592 5651 di}
1610 5596 1692 5648 καὶ
1715 5595 1825 5649 ἐπι-

225 5666 460 5734 erdiu;
481 5672 746 5735 ἀξιώσασα
768 5678 966 5737 οἰκείας·
993 5679 1174 5752 βραχὺ
1196 5683 1286 5753 μέν
1307 5704 1358 5737 τι
1383 5683 1520 5758 ποτρά
1541 5685 1658 5744 τοὺς
1679 5686 1824 5758 ἀγίέ·

224 5751 351 5816 ὶονς
367 5762 516 5816 αἰτόν
535 5763 823 5822 η’λὰττωσαι
839 5767 958 5833 (sic)
976 5765 1031 5828 τό
1048 5775 1334 5835 γεύσασθαι
1356 5783 1567 5834 ποιῆσαι
1585 5779 1821 5843 θανάτου»

1933 4956 2022 5000 aut
2043 4948 2182 5018 ﬁlius
2213 4948 2453 5012 hominis,
2477 4950 2598 5019 quia
2627 4950 2924 5005 consideras
2949 4951 3106 5006 eum?
3127 4950 3365 5004 Minuisti
3398 4968 3513 5006 eum

1929 5039 2084 5107 paulo
2105 5039 2275 5092 minus
2289 5036 2352 5090 ab
2373 5039 2569 5110 angelis
2582 5056 2600 5116 ,j
2623 5041 2790 5111 gloria
2809 5050 2858 5093 et
2879 5042 3072 5096 honore
3093 5042 3354 5095 coronasti
3373 5057 3511 5111 eum,

1929 5145 1978 5190 et
1999 5136 2306 5190 constituisti
2323 5151 2438 5189 eum
2457 5153 2609 5206 super
2629 5154 2786 5208 opera
2807 5155 3052 5192 manuum
3074 5147 3278 5192 tuarum
3291 5155 3308 5202 ;
3335 5141 3512 5200 omnia

1929 5227 2189 5304 subjecisti
2241 5228 2331 5289 sub
2359 5229 2572 5299 pedibus
2627 5230 2758 5300 ejus,
2791 5230 2870 5284 sic
2902 5231 3076 5304 pergit
3102 5228 3288 5299 (Hebr.
3320 5246 3376 5296 tl,
3410 5231 3506 5304 9):

1932 5319 1984 5373 Μ
1993 5321 2250 5381 inoratum
2271 5336 2388 5376 uero
2409 5320 2563 5390 paulo
2584 5322 2752 5375 minus
2773 5319 2837 5374 ab
2859 5321 3058 5392 angelis
3081 5319 3306 5376 videmus
3326 5320 3507 5378 Iesum

1924 5421 2135 5483 propter
2161 5413 2453 5482 passionem
2470 5413 2671 5479 mortis,
2687 5414 2856 5484 gloria
2875 5423 2924 5468 et
2945 5413 3138 5468 honore
3159 5425 3462 5470 coronatum
3485 5432 3505 5471 :

1926 5503 2204 5558 evidenter
2231 5504 2508 5560 declarans
2528 5504 2708 5559 Jesum
2730 5519 2853 5560 eum
2875 5505 3149 5560 hominem
3171 5521 3291 5562 esse
3311 5505 3378 5561 de
3397 5522 3505 5576 quo

1923 5603 2140 5650 sanctus
2171 5595 2401 5663 loquitur
2428 5595 2590 5650 David
2621 5603 2840 5668 stupore
2867 5597 3108 5664 allectus,
3139 5598 3285 5668 quod
3313 5598 3507 5653 divinat

1923 5700 2083 5754 quam
2127 5685 2355 5741 habebat
2403 5694 2604 5742 naturae
2653 5685 2726 5741 ibi
2771 5690 2976 5745 mentio
3023 5689 3166 5746 facta
3213 5697 3396 5755 esset;
3447 5695 3505 5743 et

1929 5778 2068 5849 quod
2097 5781 2311 5844 propria
2362 5781 2532 5846 ipsum
2573 5779 2821 5848 dignatus
2851 5792 2994 5841 esset
3022 5780 3368 5841 visitatione:
3408 5777 3512 5833 mi-
