4000 6186
251 354 359 409 9.97

1457 346 1825 404 JUSTINIANI
1864 349 2003 405 iMP.
2045 350 2415 413 EPISTULA‘

3425 373 3532 427 9.98

241 459 449 524 ἑαυτὸν,
479 457 619 530 ὅμως
664 464 793 515 πᾶσι
819 467 922 520 τοῖς
952 460 1236 533 ὀρθοδὸξοις
1266 458 1412 521 δῆλόν
1447 460 1615 528 ἐστιν,
1651 463 1677 517 ὁ
1705 463 1836 517 ἁπό-

1972 470 2186 517 orutum
2217 477 2335 516 esse
2359 461 2673 530 Apostolum
2697 463 2984 534 dicentem,
3016 470 3159 539 quod
3188 481 3537 545 semetipsum

238 550 428 609 στολος
486 549 642 604 αὖτόν
695 551 780 603 τὸν
827 551 952 604 Θεὸν
999 549 1142 623 λόγον
1195 551 1378 606 ἑαυτὸν
1428 554 1641 608 κενῶσαί
1682 575 1849 625 φησιν,

238 640 423 702 ἔπειδή
471 643 523 696 έν
567 649 733 717 μορφῇ
777 648 907 697 Θεοῦ
936 643 1221 721 ὑπάρχων,
1262 644 1531 699 τουτέστιν
1570 645 1619 698 ἐν
1654 654 1716 719 τῇ
1747 647 1854 720 θεία

235 735 674 809 εύσειιήξίωσεν
712 739 907 809 μορφὴν
936 732 1119 788 δούλου
1162 730 1353 789 λαϐεῖν
1398 736 1429 793 ἦ
1475 734 1530 790 δέ
1570 741 1733 809 μορφὴ
1758 744 1849 791 τοῦ

235 824 429 880 δούλου
458 831 553 885 τήν
580 828 894 900 ἀνθρωπίνην
916 827 1065 899 «φύσιν
1095 828 1329 897 σημαίνει
1349 866 1363 888 ,
1393 828 1451 886 ἢν
1487 828 1536 881 έν
1566 834 1629 903 τῇ
1661 831 1852 905 γαστρί

234 926 334 977 τῆς
361 917 654 991 παρθένου,
699 920 787 972 καί
814 917 864 982 έξ
901 919 1057 977 aia-5;
1085 925 1147 991 τῇ
1186 916 1289 992 ἰδίᾳ
1327 918 1615 973 ὑποστάσει
1656 918 1682 972 ὁ
1726 920 1849 981 Θεὸς

236 1008 392 1080 λόγος
416 1010 636 1067 ἥνωσεν.
679 1012 782 1064 Καί
819 1012 875 1064 οὐ
908 1008 1376 1086 προδιαπλασθέντι
1404 1012 1644 1087 ἀνθρώπῳ
1666 1014 1847 1077 ἦνώθη,

238 1102 472 1177 καθάπερ
498 1102 531 1159 ’ὁ
550 1103 830 1173 Νεστορίου
862 1105 949 1157 καί
975 1101 1237 1179 Θεοδώρου
1264 1102 1615 1177 παραδέδωκεν
1642 1105 1850 1160 ἀσέϐεια

238 1202 349 1253 τᾶς
392 1195 760 1248 ἀκολουθοῦσιν
787 1195 979 1253 αὐτοῖς.
1010 1194 1282 1269 Νεστόριος
1316 1197 1403 1265 μέν
1430 1196 1532 1270 γὰρ
1568 1195 1734 1263 λέγει,
1770 1193 1853 1251 ὅτι

240 1289 270 1343 ὅ
299 1290 427 1348 Θεὸς
449 1289 601 1362 λόγος
629 1298 785 1348 συνῆν
813 1298 884 1363 τῷ
912 1290 1160 1365 ἀνθρώπῳ
1186 1297 1263 1364 τῷ
1290 1290 1344 1343 ix
1371 1294 1570 1364 Μαρίας
1590 1291 1848 1361 τεχθέντι.

238 1379 511 1456 Θεόδωρος
543 1380 597 1437 δέ
625 1383 757 1456 λέγει
785 1378 909 1453 [ὅτι]
934 1382 1043 1440 ένῆν
1068 1382 1137 1441 ὡς
1167 1381 1295 1442 εἰκὸς
1318 1389 1391 1452 τῷ
1411 1382 1665 1452 τεχθέντι.

1957 554 2271 616 exinanivit,
2333 553 2499 607 nihilo
2531 564 2709 609 tamen
2754 558 2932 613 secius
2979 562 3320 631 exploratum
3351 566 3541 620 catho-

1958 644 2073 699 licis
2096 644 2345 699 omnibus
2374 652 2474 710 est,
2509 644 2823 714 Apostolum
2854 649 2921 705 de
2950 649 3065 720 ipso
3109 650 3221 707 Deo
3246 652 3426 709 Verbo
3457 656 3542 710 sui

1958 736 2128 806 ipsius
2152 736 2570 791 exinanitioncm
2599 737 2817 807 docere,
2853 742 3105 810 quoniam
3136 758 3259 799 cum
3291 745 3341 800 in
3371 744 3543 801 forma

1954 825 2053 883 Dei
2077 836 2239 893 esset,
2267 828 2320 883 in
2350 829 2529 884 divina
2572 829 2779 885 scilicet
2808 843 3021 899 natura,
3044 834 3292 903 dignatus
3323 845 3408 891 est
3433 835 3543 891 for-

1956 935 2100 975 mam
2122 920 2264 975 servi
2288 918 2561 989 accipere:
2586 918 2756 975 forma
2785 936 2948 991 porro
2970 925 3112 979 servi
3135 926 3426 981 humanam
3453 942 3544 981 na-

1954 1021 2130 1067 turam
2159 1011 2446 1080 signiﬁcat,
2493 1026 2652 1082 quam
2690 1027 2756 1067 cx
2785 1012 3039 1083 Virgineo
3096 1025 3251 1073 utero
3280 1028 3440 1088 atque
3472 1035 3539 1074 cx

1953 1105 2169 1175 propria
2216 1104 2557 1159 subsistentia
2588 1103 2730 1159 Deus
2777 1104 3011 1160 Verbum
3052 1107 3154 1163 sibi
3183 1108 3411 1179 perfecit
3440 1127 3453 1162 :
3485 1118 3545 1165 et

1960 1212 2066 1251 non
2089 1196 2235 1265 prius
2256 1196 2523 1265 plasmato
2542 1194 2747 1249 homini
2770 1197 3104 1254 extrinsecus
3126 1198 3343 1271 adjecit,
3359 1216 3545 1271 quem-
3578 1228 3593 1277 ε

1958 1285 2245 1339 admodum
2276 1285 2437 1354 impia
2467 1284 2705 1341 Nestorii
2727 1285 3105 1359 Theodorique
3132 1291 3409 1361 disciplina
3440 1304 3544 1348 tra-

1926 1398 1932 1405 -
1955 1365 2129 1422 ditum
2155 1376 2261 1424 est.
2286 1367 2468 1438 lnquit
2490 1367 2637 1422 enim
2656 1366 2946 1425 Nestorius
2969 1368 3135 1423 Deum
3161 1366 3395 1426 Verbum
3413 1387 3538 1433 esse

1932 1458 2118 1513 'simul
2145 1475 2269 1514 cum
2298 1476 2363 1515 eo
2391 1460 2611 1515 liuinine
2630 1460 2722 1530 qui
2740 1475 2805 1515 ex
2834 1458 3002 1515 Maria
3025 1462 3206 1519 editus
3229 1471 3339 1519 est:
3359 1463 3539 1519 Theo—

239 1564 412 1618 dorus
432 1572 636 1629 autem,
653 1574 797 1632 quoa
820 1563 869 1618 ei
892 1579 960 1618 ex
987 1562 1154 1619 Maria
1182 1563 1328 1619 edito
1350 1562 1546 1632 inerat,
1563 1569 1621 1616 ut
1642 1561 1833 1625 simile,
1874 1558 2264 1631 pronuntiavit.

318 1655 436 1714 Ὀτι
477 1656 533 1712 δέ
563 1661 799 1735 περὶτοῦ
838 1664 968 1713 Θεοῦ
995 1658 1139 1729 λόγου
1170 1666 1260 1713 τοῦ
1289 1658 1635 1733 σαρκωθέντος
1656 1654 1853 1731 ὄρηται

2027 1650 2182 1717 Quod
2226 1657 2407 1705 autem
2455 1651 2523 1706 de
2551 1650 2663 1707 Deo
2689 1652 2870 1709 Verbo
2928 1654 3210 1709 incarnato
3236 1652 3441 1707 dictum
3478 1654 3548 1706 sit

240 1749 334 1811 τὸ,
372 1766 393 1798 ε
423 1747 737 1808 ἠλάττωσας
769 1746 922 1804 αὺτὸν
951 1747 1135 1824 βραχύ
1183 1773 1233 1805 τι
1261 1748 1389 1824 παρ’
1414 1748 1687 1820 ἀγγέλους,
1720 1764 1737 1796 ι
1770 1749 1857 1799 καί

244 1860 264 1891 ε
286 1843 535 1897 ἐκένωσεν
554 1842 734 1897 ἔαυτὲν
750 1849 942 1917 μορφγζν
963 1841 1140 1897 δούλου
1155 1843 1345 1906 λαϐὼν,
1370 1859 1387 1892 ι
1415 1844 1499 1895 καί
1520 1843 1569 1905 ἐξ
1591 1837 1748 1895 ἄλλων
1765 1841 1852 1916 ιιήε

240 1935 421 2002 μάτων
455 1939 552 1987 τοῦ
590 1933 881 1988 ἀποστόλου
918 1931 1257 2001 διδασκόμεθα
1293 1931 1689 2003 οὕτωλέσγοντοςο
1726 1948 1743 1980 ι
1766 1942 1851 1987 Γι-

241 2027 470 2078 νώσνετε
495 2024 596 2097 γὰρ
624 2028 717 2082 τήν
746 2025 901 2102 χάριν
923 2029 1015 2077 τοῦ
1035 2026 1213 2098 κυρίου
1239 2025 1379 2096 ἡμῶν
1404 2020 1572 2081 ἰησοῦ
1599 2027 1849 2097 Χριστοῦ,

241 2113 323 2169 ὅτι
352 2113 422 2170 δι’
444 2117 583 2187 ἡμᾶς
604 2115 941 2185 ἐπτώχευσεν
970 2115 1217 2175 πλούσιος
1246 2112 1330 2174 ὢν.
1360 2114 1449 2168 ἶνα
1472 2116 1613 2184 ἡμεῖς
1641 2122 1703 2185 τῇ
1734 2114 1856 2168 ini-

245 2228 334 2259 νου
364 2207 616 2281 πτωχείᾳ
644 2205 1027 2276 πλιυτείσωμεν.
1060 2223 1081 2258 ι
1115 2208 1201 2265 Τίς
1225 2208 1391 2260 τοίνυν
1410 2205 1649 2276 τολμήσει
1677 2205 1856 2277 λέγειν,

246 2295 327 2350 ὅτι
354 2295 630 2372 ἅνθρωπος
671 2296 920 2358 πλούσιος
961 2294 1020 2355 ἧν
1040 2338 1053 2361 ,
1086 2298 1172 2350 καί
1200 2299 1538 2369 ἐπτώχευσεν
1557 2339 1570 2362 ,
1597 2298 1681 2351 ’ίνα
1723 2300 1858 2367 ἡμᾶς

246 2388 554 2461 elo-atrior);
585 2385 786 2446 Ἐπειδὴ
826 2386 880 2442 δέ
920 2388 1088 2459 λέγετε
1109 2430 1123 2454 ,
1162 2386 1241 2443 ὅτι
1285 2386 1335 2442 εἴ
1366 2409 1444 2448 τις
1472 2386 1589 2459 εἴπῃ
1617 2390 1736 2462 περὶ
1768 2394 1856 2442 τοῦ

247 2472 607 2555 εαρκωθέντος
635 2486 766 2533 Θεοῦ
800 2477 950 2551 λόγου
979 2485 1070 2535 τοῦ
1111 2484 1411 2551 μονογενοῦς
1436 2478 1550 2532 υἱοῦ
1584 2485 1676 2533 τοῦ
1704 2483 1856 2542 Θεοῦ,

249 2566 279 2619 ὅ
286 2590 335 2621 τι
362 2569 523 2628 αὐτὸς
550 2567 833 2632 ἠλαττώθη,
856 2566 887 2627 ἣ
910 2568 1143 2631 έκενώθη,
1164 2573 1359 2643 τροπὴν
1388 2575 1479 2627 τῆς
1500 2568 1634 2628 θείας
1662 2569 1860 2639 φύσεως

252 2666 393 2711 ποιεῖ
440 2660 575 2711 γεετά
602 2663 693 2717 τήν
719 2655 1062 2735 Ἀπολιναρίου
1090 2660 1351 2725 ἀσέϐειαν,
1378 2658 1408 2718 ἦ
1432 2662 1653 2719 παθητὴν
1674 2662 1865 2734 είσάγει

251 2756 346 2807 τήν
367 2751 591 2805 θεότητα
615 2754 746 2807 κατὰ
772 2758 864 2811 τήν
882 2749 1071 2829 ’Δρείου
1101 2754 1308 2823 μανίαν,
1340 2752 1547 2826 ἁρμόζει
1578 2749 1705 2829 πρὸς
1729 2755 1866 2824 ὑμᾶς

253 2843 340 2897 τὸν
361 2843 687 2916 εῦαοῃελικόν
707 2844 887 2898 ἐκεῖνον
901 2845 1043 2918 λόγον
1062 2844 1245 2900 εἰπεῖν’
1276 2864 1293 2895 ε
1313 2846 1561 2901 Πλανᾶσθε
1584 2851 1654 2918 μὴ
1675 2845 1863 2907 είδότες

254 2933 350 2994 sic
383 2935 619 3010 γραφάς,
665 2933 790 3005 μηδέ
819 2941 908 2996 τήν
945 2934 1154 3009 δύναμιν
1191 2942 1283 2991 τοῦ
1314 2943 1442 2994 Θεοῦ
1464 2939 1808 3010 ἐπιστάμενοι.
1839 2955 1859 2988 ε

1960 1742 2089 1797 illud
2124 1761 2143 1795 ι
2164 1740 2401 1798 Minuisti
2432 1758 2553 1799 eum
2580 1746 2740 1815 paulo
2768 1747 2947 1801 minus
2966 1747 3033 1801 ab
3056 1745 3281 1815 angelis,
3305 1764 3322 1796 ι
3356 1754 3544 1815 atque,

1965 1855 1983 1887 ε
2002 1830 2668 1906 Ειείηθηίνίιεοιηοιίρειιιη
2691 1837 2918 1894 formam
2932 1839 3073 1895 servi
3086 1838 3378 1910 accipiens,
3400 1858 3417 1889 ι
3439 1839 3547 1893 alio

1959 1928 2203 1998 Apostoli
2256 1929 2379 1984 loco
2419 1929 2675 1985 docemur
2721 1932 2789 1986 de
2818 1932 2935 2001 ipso
2963 1931 3233 1988 dicentis:
3272 1950 3292 1983 ι
3327 1933 3547 2001 (Σοςιιοο

1964 2019 2103 2073 scite
2148 2020 2375 2087 gratiam
2421 2019 2632 2074 Domini
2664 2021 2834 2075 nostri
2870 2019 2996 2076 Iesu
3044 2021 3259 2085 Christi,
3292 2024 3547 2090 quoniam

1954 2108 2084 2165 "cum
2110 2110 2261 2165 dives
2308 2118 2473 2166 esset.
2514 2119 2735 2182 propter
2779 2126 2880 2167 nos
2924 2125 3128 2181 egenus
3153 2111 3328 2167 factus
3355 2120 3458 2179 est,
3489 2120 3549 2166 ut

1965 2214 2064 2254 nos
2112 2198 2229 2268 ejus
2274 2199 2453 2269 inopia
2494 2199 2687 2254 divites
2714 2215 2955 2257 essemus
2986 2199 3074 2272 (II
3102 2201 3219 2256 Cor.
3268 2217 3374 2265 vm,
3405 2202 3482 2271 9).
3524 2221 3543 2254 ι

1964 2292 2096 2359 Quis
2118 2301 2298 2346 autem
2321 2290 2501 2346 dicere
2522 2290 2719 2346 audeat
2745 2291 3018 2347 hominem
3041 2290 3260 2347 divitem
3292 2292 3475 2361 fuisse,
3496 2305 3551 2351 et

1964 2398 2194 2454 egenum
2243 2381 2440 2438 factum
2493 2398 2632 2450 esse,
2686 2391 2746 2438 ut
2772 2398 2873 2438 nos
2900 2383 3285 2454 locupletaret?
3307 2382 3552 2455 Cumque

1964 2490 2151 2531 rursus
2176 2474 2366 2530 dicatis
2394 2489 2516 2529 eum
2562 2472 2652 2543 qui
2676 2471 2745 2529 de
2772 2473 3051 2529 incarnato
3071 2472 3183 2528 Deo
3209 2472 3408 2540 Verbo,
3435 2476 3551 2530 uni-

1965 2569 2253 2638 genitoque
2299 2565 2394 2621 Dei
2436 2562 2570 2621 Filio
2610 2563 2841 2619 afﬁrmet
2867 2564 3193 2619 minoratum
3221 2579 3342 2619 esse
3372 2563 3548 2635 ipsum

1928 2666 1931 2675 ‘
1967 2666 2129 2728 atque
2174 2656 2527 2721 exinanitum,
2559 2656 2969 2710 conversionem
2999 2654 3193 2709 divina:
3226 2662 3433 2709 natura:
3471 2656 3550 2710 in-

1967 2750 2165 2806 ducere
2188 2748 2343 2818 juxta
2374 2748 2692 2819 Apollinarii
2740 2747 3093 2819 impietatem,
3132 2746 3217 2801 vel
3258 2749 3552 2806 secundum

1969 2843 2081 2896 Arii
2111 2857 2350 2897 errorem
2380 2841 2715 2897 divinitatem
2765 2841 3070 2912 passibilem
3100 2842 3301 2913 facere,
3339 2846 3555 2914 egregie

1972 2933 2230 2988 adversus
2255 2946 2353 2987 vos
2397 2932 2631 3001 quadrat
2676 2931 2984 3001 evangelica
3026 2933 3293 2987 sententia
3322 2933 3506 2989 dicens
3535 2951 3551 2989 :

255 3028 317 3079 τί
345 3026 455 3099 γὰρ
492 3028 649 3080 εἰπεῖν
689 3024 841 3096 ἔχετε
873 3030 993 3103 περί
1021 3034 1115 3082 τοῦ
1159 3028 1393 3105 ῥηθέντος
1422 3024 1525 3082 ὐπὸ
1565 3034 1655 3083 τοῦ
1686 3030 1865 3104 κυρίου

1974 3024 2178 3080 Erratis
2204 3064 2221 3089 ,
2273 3026 2554 3079 nescientes
2608 3023 2910 3095 Scriptura:
2964 3041 3126 3097 neque
3175 3026 3413 3081 virtutem
3456 3025 3563 3085 Dei

263 3135 283 3168 ε
316 3116 414 3173 ὅτε
440 3116 602 3173 οὐδείς·
630 3118 941 3177 ἀναϐέϐηκεν
969 3120 1041 3179 είς
1069 3118 1155 3173 τὸν
1185 3120 1428 3194 οὺρανίν,
1462 3120 1505 3172 εί
1535 3124 1606 3190 μή
1637 3118 1662 3173 ὁ
1697 3120 1750 3173 ἐκ
1777 3126 1868 3174 τοῦ

260 3210 495 3282 οὐρανοῦ
517 3208 763 3269 καταϐὰς.
792 3208 817 3263 ὁ
845 3210 957 3270 υίὸς
986 3216 1077 3265 τοῦ
1108 3211 1378 3284 ἀνθρώπου
1401 3208 1428 3264 ὁ
1452 3207 1518 3263 ὧν
1542 3210 1592 3263 έν
1612 3217 1683 3279 τῷ
1711 3211 1869 3284 οὐρα-

263 3308 359 3371 νῷς
387 3319 411 3350 ν
434 3303 514 3356 κὴ
536 3297 797 3372 ἄνθρωπον
813 3300 985 3373 λέγετε
1029 3300 1430 3358 καταϐεϐηκέναι
1449 3301 1503 3353 ίκ
1522 3305 1612 3353 τοῦ
1634 3301 1878 3376 οὖρανοῦς

265 3390 409 3444 ille?
435 3388 679 3463 πρόδηλον
720 3388 802 3446 ὅτι
845 3392 1000 3451 αὐτὸς
1042 3389 1067 3445 ὁ
1098 3391 1222 3452 Θεός
1248 3390 1391 3462 λόγος
1423 3392 1658 3445 έύνωσεν
1694 3391 1873 3447 ἑαυτὸν

269 3485 325 3536 έν
360 3488 470 3535 τῶν
499 3483 721 3556 οὖιιανῶν
751 3482 1026 3545 κατελθών,
1054 3484 1140 3535 καί
1168 3482 1447 3556 σαρκωθείς
1475 3483 1577 3535 ἀπὸ
1604 3488 1696 3543 τῆς
1728 3480 1876 3554 ἀνίας

271 3574 526 3629 ὃτπὸκω
576 3577 662 3628 καί
697 3575 1022 3649 ἀειπαρθένου
1060 3578 1285 3648 Μαρίας,
1341 3577 1422 3628 καί
1462 3575 1875 3652 ένανθρωπήσας,

272 3668 364 3718 καὶ
400 3664 600 3733 τεχθεὶς
633 3666 684 3730 ἐξ
708 3670 898 3729 αὐτῆς,
943 3668 1027 3719 καί
1054 3664 1081 3721 ὁ
1116 3666 1344 3726 καταέάς
1369 3668 1521 3727 αὑτός
1562 3670 1703 3725 ἔστιν
1741 3673 1826 3725 καί
1851 3669 1878 3725 ὁ

275 3758 506 3819 ἀναϐὰς,
532 3760 615 3811 καί
654 3762 809 3814 αὑτοῦ
842 3758 1042 3831 λέγεται
1082 3761 1113 3818 ἦ
1136 3759 1451 3827 ἐλάττωσις,
1478 3764 1566 3815 καί
1600 3763 1631 3819 ἡ
1666 3763 1876 3823 κένωσις

280 3846 370 3904 Bri
393 3853 491 3909 τήν
511 3851 807 3907 κατάϐασιν.
1816 3847 1820 3850 ⁴

1973 3115 2049 3186 (Μ
2059 3116 2188 3169 αιιΙι.
2208 3130 2343 3183 nu,
2364 3114 2476 3185 21).
2508 3113 2647 3181 Quid
2666 3115 2808 3170 enim
2837 3115 2992 3170 vobis
3015 3117 3300 3186 supererit,
3325 3125 3387 3172 ut
3411 3118 3557 3174 dica-

1975 3212 2062 3276 tis,
2095 3210 2162 3266 de
2183 3225 2251 3266 eo
2277 3209 2421 3279 quod
2452 3208 2655 3264 dictum
2685 3217 2769 3264 est
2797 3224 2827 3264 a
2850 3208 3100 3276 Domino,
3134 3207 3303 3265 Nemo
3327 3212 3561 3267 ascendit

1975 3305 2031 3359 in
2052 3302 2253 3369 catum,
2274 3303 2373 3356 nisi
2394 3302 2482 3372 qui
2496 3302 2755 3357 descendit
2777 3302 2841 3357 de
2860 3303 3005 3369 creto,
3023 3302 3070 3356 F
3073 3304 3193 3359 ilius
3216 3304 3460 3372 hominis,
3474 3309 3564 3378 qui

1980 3396 2133 3451 estin
2163 3395 2289 3449 creto
2344 3392 2521 3465 (Joan.
2574 3409 2652 3457 ιιι,
2702 3393 2829 3458 1'5)?
2865 3393 2983 3449 Non
3038 3394 3309 3451 hominem
3338 3396 3560 3453 dicitde.

1982 3488 2122 3545 etclo
2169 3485 2537 3554 descendisse,
2592 3486 2688 3541 sed
2736 3486 3137 3544 evidentissime
3165 3489 3357 3543 astruit
3395 3489 3561 3544 Deum

1982 3581 2219 3637 Verbum
2242 3596 2364 3636 eum
2394 3595 2515 3635 csse
2535 3579 2627 3649 qui
2649 3580 2996 3651 semetipsum
3023 3581 3335 3645 exinanivit,
3367 3582 3457 3650 qui
3480 3581 3573 3637 de.

1984 3671 2193 3729 scendit
2221 3671 2288 3727 de
2314 3670 2475 3740 caelo,
2507 3679 2561 3725 et
2586 3672 2892 3726 incarnatus
2919 3679 3001 3726 est
3026 3686 3093 3727 ex
3122 3679 3309 3727 sancta
3340 3672 3562 3743 Deipara

1983 3780 2303 3837 semperque
2350 3764 2556 3834 virgine
2599 3763 2789 3830 Maria,
2818 3772 2874 3820 et
2917 3764 3081 3820 homo
3108 3764 3278 3821 factus
3297 3775 3398 3831 est,
3422 3775 3477 3821 et
3500 3781 3563 3822 cs

1983 3857 2098 3929 ipsa
2123 3865 2299 3922 natus,
2316 3863 2369 3910 et
2390 3856 2435 3911 is
2462 3855 2550 3926 qui
2577 3855 2856 3911 descendit
2882 3854 2971 3911 ille
2993 3856 3134 3911 idem
3155 3866 3235 3913 est
3264 3858 3353 3926 qui
3383 3873 3562 3913 ascen-

1984 3948 2081 4013 dit,
2131 3949 2217 4003 cui
2266 3947 2335 4005 ob
2365 3945 2773 4003 descensionem
2826 3946 3122 4003 exinanitio
3175 3948 3569 4018 minoratioque

1989 4038 2315 4093 tribuuntur.

357 4126 562 4187 Ἐπειδὴ
589 4126 641 4184 δέ
682 4130 768 4182 καί
809 4130 862 4182 ἐν
899 4123 1034 4197 ἄλλῳ
1069 4126 1210 4197 τόπῳ
1249 4122 1386 4181 εἶπεν
1418 4124 1444 4180 ὁ
1486 4127 1659 4200 κύριος
1694 4127 1746 4180 έν
1769 4135 1865 4188 τοῖς

2051 4134 2275 4191 Dicente
2302 4133 2467 4190 etiam
2496 4130 2619 4190 alibi
2642 4149 2856 4206 quoque
2883 4134 3114 4191 Domino
3144 4135 3198 4189 in
3227 4133 3564 4204 Evangelits:

287 4220 621 4294 εὐαγγελίοις,
650 4238 669 4272 ε
696 4217 775 4276 ὅτι
796 4225 821 4274 ὁ
841 4225 1014 4297 πατήρ
1036 4240 1135 4290 μου
1156 4221 1339 4289 μείζων
1361 4239 1456 4290 μου
1479 4219 1610 4284 ἔστί,
1638 4237 1655 4269 ι
1682 4224 1752 4289 μή
1777 4213 1879 4295 ἆρα

288 4308 558 4386 ἇνθρωπὸν
578 4333 686 4367 τινα
712 4314 828 4380 περί
855 4308 1014 4366 αὐτοῦ
1046 4315 1213 4365 ταῦτα
1245 4311 1493 4383 εἰρηκέναι
1517 4312 1740 4377 νομίζετε
1756 4352 1771 4377 ,
1797 4314 1881 4365 καί

286 4408 421 4474 οὐχί
454 4403 538 4458 τὸν
568 4407 690 4461 Θεὸν
712 4405 860 4477 λόγον
887 4405 972 4459 τὸν
997 4405 1486 4482 ἐνανθρωπὴσαντας
1518 4404 1643 4459 ἀλλά
1671 4406 1881 4479 φανερόν

290 4497 461 4559 ἐστιν,
482 4493 596 4551 ὅτιὸ
616 4500 788 4563 εἰπὼν,
812 4515 830 4549 ι
851 4497 1057 4576 ὁπατὴρ
1076 4520 1176 4568 μου
1198 4498 1379 4568 μείζων
1394 4516 1490 4568 μου
1507 4496 1663 4565 ἐστίν,
1687 4516 1707 4549 ν
1728 4500 1881 4558 αὑτῖς

292 4582 461 4649 εἶπεν,
486 4601 506 4637 ι
524 4586 617 4658 έγώ
632 4590 716 4642 καί
735 4587 762 4642 ὁ
780 4592 952 4665 πατὴρ
971 4588 1022 4642 έν
1043 4590 1217 4659 έσμεν.
1246 4605 1265 4639 ι
1293 4586 1415 4641 Ἀλλ’
1430 4588 1479 4643 έν
1494 4593 1584 4662 μέν
1605 4598 1677 4662 τῷ
1696 4591 1875 4659 εἰπεῖν,

240 4700 249 4749 f
295 4700 315 4733 ι
335 4686 445 4753 ἐγὼ
477 4685 558 4736 καί
585 4682 797 4757 ὁπατὴρ
818 4683 870 4735 ἕν
887 4684 1061 4753 ἔσμεν,
1084 4698 1103 4732 ι
1127 4687 1216 4741 τήν
1241 4683 1471 4748 ἰσότητα,
1496 4686 1554 4744 ἢν
1582 4684 1734 4744 αὐτὸς
1755 4680 1879 4753 ἔχει

252 4776 428 4847 Ὶπρός
470 4775 554 4827 τὸν
579 4775 777 4848 πατέρα
805 4777 933 4828 κατά
959 4778 1051 4832 τήν
1078 4773 1214 4828 θείαν
1251 4775 1402 4846 φύσιτδ
1443 4773 1599 4834 δηλοῖ.
1623 4780 1702 4826 Ἑν
1731 4773 1783 4827 δέ
1806 4779 1880 4844 τῷ

290 4866 550 4938 λέγειντὸν
567 4867 738 4925 αὑτὸν,
763 4882 781 4913 t
802 4864 828 4919 ὁ
846 4870 1017 4939 πατήρ
1034 4885 1133 4935 μου
1160 4868 1340 4938 μείζων
1361 4887 1460 4938 μου
1486 4868 1646 4924 έστίν.
1668 4882 1685 4912 ι
1708 4870 1797 4923 τήν
1817 4861 1882 4917 δι’

290 4960 430 5027 ὑμᾶς
475 4958 794 5027 οἰκονομικῶς
824 4958 1086 5029 γενομένην
1123 4958 1400 5012 ἐλάττωσιν
1427 4955 1581 5016 δηλοῖ.
1615 4959 1878 5032 Ἑκάτερον

289 5050 368 5111 δέ.
399 5053 484 5104 καί
508 5054 538 5107 ἠ
561 5050 733 5110 ἰσότης·
771 5052 853 5103 καί
886 5052 917 5107 ἡ
951 5050 1247 5118 ἐλάττωσις,
1277 5053 1396 5125 περί
1418 5051 1522 5111 ένὸς
1550 5053 1633 5104 καί
1660 5056 1749 5104 τοῦ
1782 5051 1877 5104 αὖε

290 5149 383 5197 τοῦ
411 5146 588 5214 κυρίου
609 5145 691 5194 καί
717 5147 845 5197 Θεοῦ
869 5143 1009 5215 ἡμῶν
1031 5138 1195 5199 Ἰησοῦ
1220 5147 1474 5218 Χριστοῦ,
1504 5142 1766 5197 τουτέστιν
1790 5147 1880 5197 τοῦ

290 5240 421 5289 Θεοῦ
618 5239 709 5287 τοῦ
741 5234 1111 5306 σαρκωθέντος,
1136 5232 1354 5305 λέγεται.

362 5419 459 5471 ἰαί
497 5418 738 5491 ’Δρειανοί
786 5416 878 5486 μέν
920 5420 1113 5490 πονηρᾷ
1158 5413 1356 5491 διανοίᾳ
1402 5418 1456 5469 ἐκ
1499 5422 1598 5471 τῶν
1634 5423 1879 5470 ταπεινῶν

292 5510 535 5580 ῥημάτων
567 5507 838 5577 ὃμοούσιον
866 5502 988 5562 εἶναι
1025 5515 1098 5576 τῷ
1137 5510 1298 5582 πατρί
1326 5507 1409 5562 τὸν
1447 5507 1552 5561 υἱὸν
1581 5508 1843 5580 ἀρνοῦνται
1864 5546 1877 5568 ,

290 5603 379 5653 καί
407 5596 489 5653 ὂιά
509 5604 665 5651 τοῦτο
687 5596 925 5651 ἐλάττονα
947 5597 1100 5651 αὑτὸν
1124 5592 1251 5652 εἶναι
1279 5594 1711 5652 διαϐεϐαιοῦνταν
1736 5600 1882 5666 ὑμεῖς

290 5688 343 5744 δέ
371 5715 441 5755 μα
472 5689 697 5749 θέλοντες
722 5692 841 5762 περὶ
874 5693 965 5742 τοῦ
991 5691 1334 5765 σαρκωθέντος
1370 5695 1500 5745 Θεοῦ
1519 5690 1670 5762 λόγου
1698 5687 1762 5744 τά
1790 5710 1879 5742 τα·

293 5785 440 5839 δεενά
464 5782 725 5847 δέξασθαι,
751 5779 868 5837 alo
891 5784 1163 5861 πρόσωπον
1272 5786 1441 5865 τριάδι
1477 5788 1705 5859 είσάγετε
1749 5792 1881 5845 κοιτά

293 5880 389 5933 τήν
413 5872 680 5948 Θεοδώρου
707 5875 795 5927 καί
819 5878 1090 5952 Νεστορίου
1124 5879 1452 5941 δυσσέϐειαν.
1476 5875 1597 5931 Ἀλλ’
1623 5880 1766 5949 ὀμιῖς
1795 5877 1883 5933 καί

548 5984 823 6046 Ρετιιοι..
853 5981 1056 6050 LXIX

1988 4224 2150 4279 Pater
2185 4224 2357 4296 major
2401 4239 2482 4279 me
2509 4231 2587 4279 est
2611 4222 2792 4297 (Joan.
2827 4240 2936 4288 xw,
2967 4222 3081 4295 28),
3109 4239 3181 4280 ne
3219 4226 3467 4294 cogitetis
3493 4227 3566 4281 ibi

1985 4316 2259 4371 hominem
2303 4316 2644 4387 quempiam,
2693 4331 2800 4370 non
2848 4324 3028 4371 autem
3079 4315 3247 4370 Deum
3292 4315 3566 4372 hominem

1988 4404 2188 4461 factum
2232 4421 2299 4462 eo
2328 4405 2490 4461 modo
2533 4404 2602 4461 de
2631 4420 2691 4460 se
2735 4404 2897 4461 fuisse
2924 4405 3182 4460 locutum.
3215 4403 3566 4462 Evidentissi-

1988 4512 2135 4553 mum
2156 4498 2356 4568 quippe
2381 4504 2463 4554 est
2486 4495 2732 4553 eumdem
2764 4496 2935 4567 ipsum
2958 4497 3047 4566 qui
3077 4496 3234 4567 dixit,
3266 4496 3429 4552 Pater
3455 4474 3609 4559 ma-

1977 4590 2069 4663 jor
2094 4607 2174 4645 me
2200 4599 2298 4656 est,
2328 4588 2530 4645 dixisse
2556 4586 2780 4659 pariter,
2799 4587 2914 4661 Ego
2943 4598 2993 4643 et
3016 4588 3178 4644 Pater
3202 4605 3363 4645 unum
3389 4606 3565 4645 sumus
3584 4572 3601 4581 Α

1989 4682 2235 4755 (Ibidem,
2265 4700 2319 4751 ι,
2349 4683 2461 4753 30).
2509 4681 2627 4759 Quo
2668 4684 2812 4738 enim
2867 4682 2988 4739 loco
3037 4684 3132 4752 ait,
3180 4683 3295 4757 Ego
3321 4693 3372 4739 et
3405 4683 3568 4739 Pater

1988 4791 2148 4830 unum
2170 4792 2366 4842 sumus,
2391 4775 2750 4852 mqualitaterp
2778 4775 2971 4833 divina:
3003 4784 3232 4845 nature,
3260 4791 3420 4847 quam
3442 4791 3567 4832 cum

1990 4866 2150 4922 Patre
2174 4867 2355 4932 habet,
2378 4866 2658 4936 designat:
2685 4882 2795 4938 quo
2816 4875 2995 4923 autem
3018 4867 3147 4923 illud
3163 4906 3178 4933 ,
3208 4866 3371 4922 Pater
3398 4868 3569 4938 major

1986 4976 2068 5014 me
2087 4967 2183 5025 est,
2214 4959 2435 5030 profert,
2466 4959 2880 5014 minorationem
2909 4975 3059 5016 suam
3082 4967 3303 5030 propter
3327 4973 3449 5025 nos,
3469 4975 3566 5015 sua

1980 5051 2413 5123 dispensatione,
2451 5050 2647 5107 factam
2696 5053 2946 5109 ostendit.
2990 5052 3285 5124 Utrumque
3334 5054 3561 5116 scilicet.

1980 5141 2260 5212 mqualitas
2299 5149 2460 5212 atque
2486 5142 2798 5209 minoratio,
2820 5141 2887 5195 de
2916 5157 3025 5197 uno
3052 5150 3214 5212 atque
3241 5141 3435 5197 eodem
3460 5142 3567 5197 Do-

1980 5231 2128 5287 mino
2152 5242 2339 5288 nostro
2358 5229 2486 5286 Jesu
2540 5229 2777 5300 Christo,
2804 5231 2909 5287 hoc
2937 5240 3022 5287 cst
3048 5231 3117 5287 de
3157 5232 3437 5292 incarnato
3468 5235 3563 5292 Dei

1992 5321 2185 5387 Verbo,
2212 5323 2413 5377 dictum
2438 5330 2541 5377 est.

2061 5413 2235 5481 Atque
2255 5412 2440 5467 Ariani
2486 5412 2702 5483 quidem
2730 5428 2956 5469 erronea
2978 5414 3291 5485 opinatione
3328 5433 3394 5475 ex
3422 5420 3569 5489 ejus-

1992 5501 2137 5558 modi
2165 5501 2417 5569 loquendi
2464 5501 2711 5557 demissis
2737 5503 2911 5558 modis
2936 5502 3132 5561 Filium
3160 5505 3305 5564 Patri
3336 5511 3572 5565 consub-

1989 5591 2295 5648 stantialem
2325 5607 2445 5648 esse
2491 5591 2820 5659 inﬁciantur,
2852 5596 3111 5667 aiuntque
3139 5610 3424 5673 propterea
3452 5615 3574 5659 esse

1989 5685 2160 5755 ipsum
2205 5685 2369 5740 Patre
2395 5686 2687 5741 minorem:
2715 5702 2815 5743 vos
2842 5699 3022 5745 autem
3060 5688 3224 5750 fateri
3265 5702 3578 5758 renuentes,

1989 5778 2205 5835 humilia
2235 5776 2351 5835 hmc
2378 5777 2517 5834 dicta
2543 5778 2609 5834 de
2636 5777 2915 5837 incarnato
2943 5782 3038 5837 Dei
3067 5781 3259 5843 Verbo
3282 5801 3397 5843 esse
3423 5782 3575 5840 intel-

1988 5871 2221 5947 ligenda,
2267 5888 2462 5930 novam
2515 5869 2769 5928 invehitis
2823 5874 2878 5928 in
2934 5871 3225 5935 Trinitate
3275 5882 3585 5947 personant,

3068 5983 3176 6047 10

3597 4384 3623 4425 ί
