  <div class='ocr_page' id='page_1' title='image "/cluster/home/n/w/nwhite01/storage/ocr_20150623/69/hvd.32044054758727/165.png"; bbox 0 0 4000 6186; ppageno 0'>
   <div class='ocr_carea' id='block_1_1' title="bbox 492 348 595 406">
    <p class='ocr_par' dir='ltr' id='par_1_1' title="bbox 492 348 595 406">
     <span class='ocr_line' id='line_1_1' title="bbox 492 348 595 406; baseline 0 -2"><span class='ocrx_word' id='word_1_1' title='bbox 492 348 595 406; x_wconf 66' lang='grc'><strong>299</strong></span> 
     </span>
    </p>
   </div>
   <div class='ocr_carea' id='block_1_2' title="bbox 1858 339 2078 404">
    <p class='ocr_par' dir='ltr' id='par_1_2' title="bbox 1858 341 2078 397">
     <span class='ocr_line' id='line_1_2' title="bbox 1858 341 2078 397; baseline -0.018 0"><span class='ocrx_word' id='word_1_2' title='bbox 1858 341 2078 397; x_wconf 80' lang='lat' dir='ltr'><strong>VlGlLll</strong></span> 
     </span>
    </p>
   </div>
   <div class='ocr_carea' id='block_1_3' title="bbox 2185 339 3727 404">
    <p class='ocr_par' dir='ltr' id='par_1_3' title="bbox 2192 339 3727 404">
     <span class='ocr_line' id='line_1_3' title="bbox 2192 339 3727 404; baseline 0 -11"><span class='ocrx_word' id='word_1_3' title='bbox 2192 339 2387 396; x_wconf 70' lang='lat' dir='ltr'><strong>I’APA.</strong></span> <span class='ocrx_word' id='word_1_4' title='bbox 3635 346 3727 404; x_wconf 73' lang='lat'><strong>300</strong></span> 
     </span>
    </p>
   </div>
   <div class='ocr_carea' id='block_1_4' title="bbox 482 449 2078 537">
    <p class='ocr_par' dir='ltr' id='par_1_4' title="bbox 482 457 2056 537">
     <span class='ocr_line' id='line_1_4' title="bbox 482 457 2056 537; baseline -0.012 -12"><span class='ocrx_word' id='word_1_5' title='bbox 482 473 550 525; x_wconf 88' lang='grc' dir='ltr'><strong>τά</strong></span> <span class='ocrx_word' id='word_1_6' title='bbox 567 464 756 537; x_wconf 59' lang='grc' dir='ltr'>ὑψηλὰ,</span> <span class='ocrx_word' id='word_1_7' title='bbox 779 465 860 522; x_wconf 81' lang='grc' dir='ltr'><strong>καί</strong></span> <span class='ocrx_word' id='word_1_8' title='bbox 885 462 949 518; x_wconf 80' lang='grc' dir='ltr'><strong>τὰ</strong></span> <span class='ocrx_word' id='word_1_9' title='bbox 968 459 1173 517; x_wconf 76' lang='grc' dir='ltr'>ταπεινά</span> <span class='ocrx_word' id='word_1_10' title='bbox 1202 458 1320 533; x_wconf 79' lang='grc' dir='ltr'>περὶ</span> <span class='ocrx_word' id='word_1_11' title='bbox 1347 457 1482 522; x_wconf 85' lang='grc' dir='ltr'>ἐνὸς,</span> <span class='ocrx_word' id='word_1_12' title='bbox 1517 457 1600 509; x_wconf 87' lang='grc' dir='ltr'><strong>καί</strong></span> <span class='ocrx_word' id='word_1_13' title='bbox 1626 462 1712 507; x_wconf 78' lang='grc' dir='ltr'>τοῦ</span> <span class='ocrx_word' id='word_1_14' title='bbox 1743 458 1901 508; x_wconf 72' lang='grc' dir='ltr'>αὑτοῦ</span> <span class='ocrx_word' id='word_1_15' title='bbox 1933 459 2056 507; x_wconf 80' lang='grc' dir='ltr'>Θεοῦ</span> 
     </span>
    </p>
   </div>
   <div class='ocr_carea' id='block_1_5' title="bbox 2185 449 3733 537">
    <p class='ocr_par' dir='ltr' id='par_1_5' title="bbox 2185 449 3733 520">
     <span class='ocr_line' id='line_1_5' title="bbox 2185 449 3733 520; baseline 0.001 -14"><span class='ocrx_word' id='word_1_16' title='bbox 2185 449 2431 506; x_wconf 81' lang='lat' dir='ltr'><strong>l&#39;heodori</strong></span> <span class='ocrx_word' id='word_1_17' title='bbox 2450 449 2789 519; x_wconf 81' lang='lat' dir='ltr'><strong>Nestoriique</strong></span> <span class='ocrx_word' id='word_1_18' title='bbox 2810 450 3100 519; x_wconf 74' lang='lat' dir='ltr'><strong>probantes</strong></span> <span class='ocrx_word' id='word_1_19' title='bbox 3123 449 3454 520; x_wconf 73' lang='lat' dir='ltr'><strong>impietatem</strong></span> <span class='ocrx_word' id='word_1_20' title='bbox 3504 465 3601 507; x_wconf 88' lang='lat' dir='ltr'><strong>nos</strong></span> <span class='ocrx_word' id='word_1_21' title='bbox 3612 465 3733 510; x_wconf 83' lang='lat' dir='ltr'><strong>vero</strong></span> 
     </span>
    </p>
   </div>
   <div class='ocr_carea' id='block_1_6' title="bbox 482 544 2059 629">
    <p class='ocr_par' dir='ltr' id='par_1_6' title="bbox 482 544 2059 629">
     <span class='ocr_line' id='line_1_6' title="bbox 482 544 2059 629; baseline -0.009 -18"><span class='ocrx_word' id='word_1_22' title='bbox 482 555 629 629; x_wconf 76' lang='grc' dir='ltr'>λόγου</span> <span class='ocrx_word' id='word_1_23' title='bbox 657 564 748 613; x_wconf 88' lang='grc' dir='ltr'><strong>τοῦ</strong></span> <span class='ocrx_word' id='word_1_24' title='bbox 772 553 1136 625; x_wconf 79' lang='grc' dir='ltr'>σαρκωθέντος,</span> <span class='ocrx_word' id='word_1_25' title='bbox 1167 555 1255 605; x_wconf 85' lang='grc' dir='ltr'>τοῦ</span> <span class='ocrx_word' id='word_1_26' title='bbox 1286 550 1463 621; x_wconf 90' lang='grc' dir='ltr'>κυρίου</span> <span class='ocrx_word' id='word_1_27' title='bbox 1491 547 1628 618; x_wconf 73' lang='grc' dir='ltr'><strong>ἡμῶν</strong></span> <span class='ocrx_word' id='word_1_28' title='bbox 1648 544 1813 602; x_wconf 80' lang='grc' dir='ltr'>Ἰησοῦ</span> <span class='ocrx_word' id='word_1_29' title='bbox 1835 548 2059 620; x_wconf 76' lang='grc' dir='ltr'>Χριστοῦ</span> 
     </span>
    </p>
   </div>
   <div class='ocr_carea' id='block_1_7' title="bbox 482 636 2064 722">
    <p class='ocr_par' dir='ltr' id='par_1_7' title="bbox 482 636 2064 722">
     <span class='ocr_line' id='line_1_7' title="bbox 482 636 2064 722; baseline -0.011 -17"><span class='ocrx_word' id='word_1_30' title='bbox 482 652 736 722; x_wconf 84' lang='grc' dir='ltr'>λέγοντες,</span> <span class='ocrx_word' id='word_1_31' title='bbox 777 643 893 700; x_wconf 84' lang='grc' dir='ltr'>οῦτε</span> <span class='ocrx_word' id='word_1_32' title='bbox 941 644 1242 713; x_wconf 83' lang='grc' dir='ltr'>σύγχυσιν,</span> <span class='ocrx_word' id='word_1_33' title='bbox 1291 636 1407 693; x_wconf 67' lang='grc' dir='ltr'>οὔτε</span> <span class='ocrx_word' id='word_1_34' title='bbox 1452 636 1690 715; x_wconf 60' lang='grc' dir='ltr'>διαίρεσιν</span> <span class='ocrx_word' id='word_1_35' title='bbox 1735 643 1824 691; x_wconf 78' lang='grc' dir='ltr'><strong>τῶν</strong></span> <span class='ocrx_word' id='word_1_36' title='bbox 1864 637 2064 708; x_wconf 68' lang='grc' dir='ltr'>φύσεων</span> 
     </span>
    </p>
   </div>
   <div class='ocr_carea' id='block_1_8' title="bbox 482 728 2064 811">
    <p class='ocr_par' dir='ltr' id='par_1_8' title="bbox 482 728 2064 811">
     <span class='ocr_line' id='line_1_8' title="bbox 482 728 2064 811; baseline -0.009 -17"><span class='ocrx_word' id='word_1_37' title='bbox 482 736 860 811; x_wconf 63' lang='grc' dir='ltr'>εἰσάγομεν,’έξ</span> <span class='ocrx_word' id='word_1_38' title='bbox 886 730 953 787; x_wconf 78' lang='grc' dir='ltr'><strong>ὧν</strong></span> <span class='ocrx_word' id='word_1_39' title='bbox 991 737 1079 791; x_wconf 76' lang='grc' dir='ltr'><strong>τήν</strong></span> <span class='ocrx_word' id='word_1_40' title='bbox 1106 733 1224 800; x_wconf 83' lang='grc' dir='ltr'>μίαν</span> <span class='ocrx_word' id='word_1_41' title='bbox 1254 730 1488 784; x_wconf 85' lang='grc' dir='ltr'>σύνθετον</span> <span class='ocrx_word' id='word_1_42' title='bbox 1516 728 1806 784; x_wconf 76' lang='grc' dir='ltr'><strong>ὑπόστασιν</strong></span> <span class='ocrx_word' id='word_1_43' title='bbox 1841 732 1934 781; x_wconf 85' lang='grc' dir='ltr'><strong>τοῦ</strong></span> <span class='ocrx_word' id='word_1_44' title='bbox 1972 749 2064 780; x_wconf 89' lang='grc' dir='ltr'><strong>κυ-</strong></span> 
     </span>
    </p>
   </div>
   <div class='ocr_carea' id='block_1_9' title="bbox 480 816 2064 906">
    <p class='ocr_par' dir='ltr' id='par_1_9' title="bbox 480 816 2064 906">
     <span class='ocr_line' id='line_1_9' title="bbox 480 816 2064 906; baseline -0.007 -23"><span class='ocrx_word' id='word_1_45' title='bbox 480 830 592 906; x_wconf 88' lang='grc' dir='ltr'>ρίου</span> <span class='ocrx_word' id='word_1_46' title='bbox 622 828 707 881; x_wconf 82' lang='grc' dir='ltr'><strong>καί</strong></span> <span class='ocrx_word' id='word_1_47' title='bbox 729 829 857 881; x_wconf 83' lang='grc' dir='ltr'>Θεοῦ</span> <span class='ocrx_word' id='word_1_48' title='bbox 881 825 1019 893; x_wconf 73' lang='grc' dir='ltr'><strong>ἡμῶν</strong></span> <span class='ocrx_word' id='word_1_49' title='bbox 1044 819 1206 878; x_wconf 82' lang='grc' dir='ltr'>ἰησοῦ</span> <span class='ocrx_word' id='word_1_50' title='bbox 1236 824 1460 896; x_wconf 79' lang='grc' dir='ltr'><strong>Χριστοῦ</strong></span> <span class='ocrx_word' id='word_1_51' title='bbox 1484 818 1840 891; x_wconf 71' lang='grc' dir='ltr'>ὁμολογοῦμεν,</span> <span class='ocrx_word' id='word_1_52' title='bbox 1865 816 1978 873; x_wconf 69' lang='grc' dir='ltr'>οῗτε</span> <span class='ocrx_word' id='word_1_53' title='bbox 2009 816 2064 873; x_wconf 78' lang='grc' dir='ltr'><strong>δέ</strong></span> 
     </span>
    </p>
   </div>
   <div class='ocr_carea' id='block_1_10' title="bbox 481 906 1818 996">
    <p class='ocr_par' dir='ltr' id='par_1_10' title="bbox 481 906 1818 996">
     <span class='ocr_line' id='line_1_10' title="bbox 481 906 1818 996; baseline -0.009 -21"><span class='ocrx_word' id='word_1_54' title='bbox 481 923 722 993; x_wconf 81' lang='grc' dir='ltr'>τέταρτον</span> <span class='ocrx_word' id='word_1_55' title='bbox 740 917 1013 996; x_wconf 63' lang='grc' dir='ltr'>πρόσωπίν</span> <span class='ocrx_word' id='word_1_56' title='bbox 1037 914 1373 986; x_wconf 82' lang='grc' dir='ltr'>έπεισάγομεν</span> <span class='ocrx_word' id='word_1_57' title='bbox 1401 920 1463 989; x_wconf 73' lang='grc' dir='ltr'>τῇ</span> <span class='ocrx_word' id='word_1_58' title='bbox 1491 911 1612 986; x_wconf 64' lang='grc' dir='ltr'>ἁγίᾳ</span> <span class='ocrx_word' id='word_1_59' title='bbox 1630 906 1818 989; x_wconf 79' lang='grc' dir='ltr'><strong>τριάδι.</strong></span> 
     </span>
    </p>
   </div>
   <div class='ocr_carea' id='block_1_11' title="bbox 551 1093 2058 1179">
    <p class='ocr_par' dir='ltr' id='par_1_11' title="bbox 551 1093 2058 1179">
     <span class='ocr_line' id='line_1_11' title="bbox 551 1093 2058 1179; baseline -0.011 -19"><span class='ocrx_word' id='word_1_60' title='bbox 551 1102 663 1162; x_wconf 83' lang='grc' dir='ltr'>Ὀτι</span> <span class='ocrx_word' id='word_1_61' title='bbox 694 1104 747 1160; x_wconf 82' lang='grc' dir='ltr'><strong>δέ</strong></span> <span class='ocrx_word' id='word_1_62' title='bbox 778 1107 896 1179; x_wconf 87' lang='grc' dir='ltr'>περί</span> <span class='ocrx_word' id='word_1_63' title='bbox 926 1109 1016 1159; x_wconf 88' lang='grc' dir='ltr'><strong>τοῦ</strong></span> <span class='ocrx_word' id='word_1_64' title='bbox 1048 1104 1344 1174; x_wconf 75' lang='grc' dir='ltr'><strong>μονογενοῦς</strong></span> <span class='ocrx_word' id='word_1_65' title='bbox 1365 1103 1491 1153; x_wconf 86' lang='grc' dir='ltr'>Θεοῦ</span> <span class='ocrx_word' id='word_1_66' title='bbox 1517 1095 1680 1165; x_wconf 81' lang='grc' dir='ltr'>Λόγου</span> <span class='ocrx_word' id='word_1_67' title='bbox 1717 1093 2058 1164; x_wconf 77' lang='grc' dir='ltr'>σαρκωθέντος</span> 
     </span>
    </p>
   </div>
   <div class='ocr_carea' id='block_1_12' title="bbox 483 1184 2057 1269">
    <p class='ocr_par' dir='ltr' id='par_1_12' title="bbox 483 1184 2057 1269">
     <span class='ocr_line' id='line_1_12' title="bbox 483 1184 2057 1269; baseline -0.012 -15"><span class='ocrx_word' id='word_1_68' title='bbox 483 1200 611 1254; x_wconf 82' lang='grc' dir='ltr'>καθὰ</span> <span class='ocrx_word' id='word_1_69' title='bbox 630 1200 929 1269; x_wconf 83' lang='grc' dir='ltr'>προείρηται</span> <span class='ocrx_word' id='word_1_70' title='bbox 944 1197 1019 1260; x_wconf 82' lang='grc' dir='ltr'><strong>τὸ,</strong></span> <span class='ocrx_word' id='word_1_71' title='bbox 1038 1213 1056 1245; x_wconf 86' lang='grc' dir='ltr'><strong>ι</strong></span> <span class='ocrx_word' id='word_1_72' title='bbox 1074 1193 1393 1251; x_wconf 74' lang='grc' dir='ltr'>’Πλάττωσας</span> <span class='ocrx_word' id='word_1_73' title='bbox 1405 1189 1556 1243; x_wconf 84' lang='grc' dir='ltr'>αὑτὸν</span> <span class='ocrx_word' id='word_1_74' title='bbox 1566 1185 1750 1260; x_wconf 85' lang='grc' dir='ltr'>βραχὺ</span> <span class='ocrx_word' id='word_1_75' title='bbox 1769 1205 1818 1238; x_wconf 88' lang='grc' dir='ltr'><strong>τι</strong></span> <span class='ocrx_word' id='word_1_76' title='bbox 1834 1184 1952 1254; x_wconf 82' lang='grc' dir='ltr'>παρ’</span> <span class='ocrx_word' id='word_1_77' title='bbox 1965 1185 2029 1253; x_wconf 86' lang='grc' dir='ltr'><strong>άγ</strong></span> <span class='ocrx_word' id='word_1_78' title='bbox 2046 1213 2057 1220; x_wconf 92' lang='lat'><strong>-</strong></span> 
     </span>
    </p>
   </div>
   <div class='ocr_carea' id='block_1_13' title="bbox 479 1270 2068 1351">
    <p class='ocr_par' dir='ltr' id='par_1_13' title="bbox 479 1270 2068 1351">
     <span class='ocr_line' id='line_1_13' title="bbox 479 1270 2068 1351; baseline -0.004 -18"><span class='ocrx_word' id='word_1_79' title='bbox 479 1280 656 1351; x_wconf 79' lang='grc' dir='ltr'>γελους</span> <span class='ocrx_word' id='word_1_80' title='bbox 679 1296 694 1327; x_wconf 76' lang='grc' dir='ltr'><strong>ι</strong></span> <span class='ocrx_word' id='word_1_81' title='bbox 728 1280 1036 1351; x_wconf 77' lang='grc' dir='ltr'>γέγραπται,</span> <span class='ocrx_word' id='word_1_82' title='bbox 1063 1276 1149 1329; x_wconf 79' lang='grc' dir='ltr'>καὶ</span> <span class='ocrx_word' id='word_1_83' title='bbox 1174 1274 1215 1326; x_wconf 92' lang='grc' dir='ltr'><strong>οί</strong></span> <span class='ocrx_word' id='word_1_84' title='bbox 1250 1274 1383 1345; x_wconf 85' lang='grc' dir='ltr'>ἆγιοι</span> <span class='ocrx_word' id='word_1_85' title='bbox 1416 1275 1633 1351; x_wconf 79' lang='grc' dir='ltr'>πατέρες</span> <span class='ocrx_word' id='word_1_86' title='bbox 1670 1274 1752 1327; x_wconf 89' lang='grc' dir='ltr'><strong>καί</strong></span> <span class='ocrx_word' id='word_1_87' title='bbox 1776 1270 2068 1327; x_wconf 74' lang='grc' dir='ltr'>διδάσκαλοι</span> 
     </span>
    </p>
   </div>
   <div class='ocr_carea' id='block_1_14' title="bbox 481 1362 2070 1438">
    <p class='ocr_par' dir='ltr' id='par_1_14' title="bbox 481 1362 2070 1438">
     <span class='ocr_line' id='line_1_14' title="bbox 481 1362 2070 1438; baseline -0.004 -14"><span class='ocrx_word' id='word_1_88' title='bbox 481 1377 569 1429; x_wconf 71' lang='grc' dir='ltr'>τῆς</span> <span class='ocrx_word' id='word_1_89' title='bbox 593 1366 894 1435; x_wconf 85' lang='grc' dir='ltr'>έκκλησίας,</span> <span class='ocrx_word' id='word_1_90' title='bbox 922 1366 967 1418; x_wconf 90' lang='grc' dir='ltr'>οί</span> <span class='ocrx_word' id='word_1_91' title='bbox 992 1365 1089 1424; x_wconf 85' lang='grc' dir='ltr'>τὰς</span> <span class='ocrx_word' id='word_1_92' title='bbox 1124 1363 1273 1438; x_wconf 79' lang='grc' dir='ltr'>άγίας</span> <span class='ocrx_word' id='word_1_93' title='bbox 1300 1366 1493 1437; x_wconf 69' lang='grc' dir='ltr'>γραφὰς</span> <span class='ocrx_word' id='word_1_94' title='bbox 1518 1364 1938 1438; x_wconf 73' lang='grc' dir='ltr'>ἑρμηνεύσαντες,</span> <span class='ocrx_word' id='word_1_95' title='bbox 1968 1362 2070 1419; x_wconf 78' lang='grc' dir='ltr'>ἐδί-</span> 
     </span>
    </p>
   </div>
   <div class='ocr_carea' id='block_1_15' title="bbox 483 1456 2073 1538">
    <p class='ocr_par' dir='ltr' id='par_1_15' title="bbox 483 1456 2073 1538">
     <span class='ocr_line' id='line_1_15' title="bbox 483 1456 2073 1538; baseline -0.006 -20"><span class='ocrx_word' id='word_1_96' title='bbox 483 1460 639 1528; x_wconf 70' lang='grc' dir='ltr'>δαξαν</span> <span class='ocrx_word' id='word_1_97' title='bbox 667 1463 821 1538; x_wconf 76' lang='grc' dir='ltr'><strong>ἡμᾶς.</strong></span> <span class='ocrx_word' id='word_1_98' title='bbox 853 1460 946 1517; x_wconf 69' lang='grc' dir='ltr'><strong>Καὶ</strong></span> <span class='ocrx_word' id='word_1_99' title='bbox 969 1456 994 1512; x_wconf 89' lang='grc' dir='ltr'><strong>ό</strong></span> <span class='ocrx_word' id='word_1_100' title='bbox 1018 1459 1069 1511; x_wconf 80' lang='grc' dir='ltr'><strong>έν</strong></span> <span class='ocrx_word' id='word_1_101' title='bbox 1098 1456 1260 1530; x_wconf 77' lang='grc' dir='ltr'>ἁγίοις</span> <span class='ocrx_word' id='word_1_102' title='bbox 1282 1458 1373 1527; x_wconf 81' lang='grc' dir='ltr'>μέν</span> <span class='ocrx_word' id='word_1_103' title='bbox 1396 1456 1628 1532; x_wconf 70' lang='grc' dir='ltr'>Κὺριλλος</span> <span class='ocrx_word' id='word_1_104' title='bbox 1657 1458 1707 1511; x_wconf 83' lang='grc' dir='ltr'><strong>έν</strong></span> <span class='ocrx_word' id='word_1_105' title='bbox 1739 1466 1799 1528; x_wconf 79' lang='grc' dir='ltr'>τῇ</span> <span class='ocrx_word' id='word_1_106' title='bbox 1824 1458 1954 1531; x_wconf 77' lang='grc' dir='ltr'>πρὸς</span> <span class='ocrx_word' id='word_1_107' title='bbox 1983 1460 2073 1519; x_wconf 68' lang='grc' dir='ltr'><strong>τήν</strong></span> 
     </span>
    </p>
   </div>
   <div class='ocr_carea' id='block_1_16' title="bbox 482 1543 2071 1624">
    <p class='ocr_par' dir='ltr' id='par_1_16' title="bbox 482 1543 2071 1624">
     <span class='ocr_line' id='line_1_16' title="bbox 482 1543 2071 1624; baseline -0.003 -15"><span class='ocrx_word' id='word_1_108' title='bbox 482 1551 719 1610; x_wconf 76' lang='grc' dir='ltr'>Βασιλίδα</span> <span class='ocrx_word' id='word_1_109' title='bbox 766 1551 1004 1624; x_wconf 76' lang='grc' dir='ltr'>έπιστολῇ</span> <span class='ocrx_word' id='word_1_110' title='bbox 1046 1549 1207 1612; x_wconf 85' lang='grc' dir='ltr'>οὑτως</span> <span class='ocrx_word' id='word_1_111' title='bbox 1251 1543 1422 1604; x_wconf 83' lang='grc' dir='ltr'>εἶπεν⁶</span> <span class='ocrx_word' id='word_1_112' title='bbox 1462 1566 1480 1599; x_wconf 85' lang='grc' dir='ltr'><strong>ι</strong></span> <span class='ocrx_word' id='word_1_113' title='bbox 1511 1555 1617 1608; x_wconf 84' lang='grc' dir='ltr'><strong>Πῶς</strong></span> <span class='ocrx_word' id='word_1_114' title='bbox 1653 1544 1739 1603; x_wconf 69' lang='grc' dir='ltr'>οὖν</span> <span class='ocrx_word' id='word_1_115' title='bbox 1783 1549 2071 1608; x_wconf 78' lang='grc' dir='ltr'>ἠλάττωται</span> 
     </span>
    </p>
   </div>
   <div class='ocr_carea' id='block_1_17' title="bbox 485 1639 2071 1720">
    <p class='ocr_par' dir='ltr' id='par_1_17' title="bbox 485 1639 2071 1720">
     <span class='ocr_line' id='line_1_17' title="bbox 485 1639 2071 1720; baseline 0 -23"><span class='ocrx_word' id='word_1_116' title='bbox 485 1646 626 1716; x_wconf 72' lang='grc' dir='ltr'><strong>πγρά</strong></span> <span class='ocrx_word' id='word_1_117' title='bbox 653 1645 773 1703; x_wconf 79' lang='grc' dir='ltr'>τοὺς</span> <span class='ocrx_word' id='word_1_118' title='bbox 793 1642 1031 1717; x_wconf 80' lang='grc' dir='ltr'>ἀγγέλους</span> <span class='ocrx_word' id='word_1_119' title='bbox 1057 1640 1083 1697; x_wconf 85' lang='grc' dir='ltr'>ὁ</span> <span class='ocrx_word' id='word_1_120' title='bbox 1111 1639 1234 1716; x_wconf 77' lang='grc' dir='ltr'>παρ’</span> <span class='ocrx_word' id='word_1_121' title='bbox 1253 1642 1421 1696; x_wconf 85' lang='grc' dir='ltr'>αὑτῶν</span> <span class='ocrx_word' id='word_1_122' title='bbox 1447 1641 1920 1720; x_wconf 73' lang='grc' dir='ltr'>προσκυνούμενος;</span> <span class='ocrx_word' id='word_1_123' title='bbox 1946 1644 2071 1697; x_wconf 80' lang='grc' dir='ltr'>ἀλλά</span> 
     </span>
    </p>
   </div>
   <div class='ocr_carea' id='block_1_18' title="bbox 484 1736 2071 1818">
    <p class='ocr_par' dir='ltr' id='par_1_18' title="bbox 484 1736 2071 1818">
     <span class='ocr_line' id='line_1_18' title="bbox 484 1736 2071 1818; baseline 0.002 -28"><span class='ocrx_word' id='word_1_124' title='bbox 484 1739 598 1796; x_wconf 77' lang='grc' dir='ltr'>ἐστι</span> <span class='ocrx_word' id='word_1_125' title='bbox 627 1745 786 1812; x_wconf 73' lang='grc' dir='ltr'>σαφής</span> <span class='ocrx_word' id='word_1_126' title='bbox 812 1743 843 1801; x_wconf 78' lang='grc' dir='ltr'>ἡ</span> <span class='ocrx_word' id='word_1_127' title='bbox 871 1741 1147 1818; x_wconf 71' lang='grc' dir='ltr'>πρόφασις.</span> <span class='ocrx_word' id='word_1_128' title='bbox 1168 1742 1426 1797; x_wconf 72' lang='grc' dir='ltr'>Καθείκετο</span> <span class='ocrx_word' id='word_1_129' title='bbox 1454 1736 1545 1814; x_wconf 59' lang='grc' dir='ltr'><strong>[Ιῗ.</strong></span> <span class='ocrx_word' id='word_1_130' title='bbox 1571 1738 1868 1811; x_wconf 77' lang='grc' dir='ltr'><strong>κατείχετο]</strong></span> <span class='ocrx_word' id='word_1_131' title='bbox 1894 1743 1995 1816; x_wconf 82' lang='grc' dir='ltr'>γὰρ</span> <span class='ocrx_word' id='word_1_132' title='bbox 2022 1742 2071 1793; x_wconf 84' lang='grc' dir='ltr'><strong>ἐν</strong></span> 
     </span>
    </p>
   </div>
   <div class='ocr_carea' id='block_1_19' title="bbox 482 1831 2069 1907">
    <p class='ocr_par' dir='ltr' id='par_1_19' title="bbox 482 1831 2069 1907">
     <span class='ocr_line' id='line_1_19' title="bbox 482 1831 2069 1907; baseline 0.004 -25"><span class='ocrx_word' id='word_1_133' title='bbox 482 1836 588 1890; x_wconf 85' lang='grc' dir='ltr'>τοῖς</span> <span class='ocrx_word' id='word_1_134' title='bbox 611 1839 702 1893; x_wconf 77' lang='grc' dir='ltr'>τῆς</span> <span class='ocrx_word' id='word_1_135' title='bbox 725 1831 1116 1906; x_wconf 82' lang='grc' dir='ltr'>ἁνθρωπότητος</span> <span class='ocrx_word' id='word_1_136' title='bbox 1133 1834 1358 1907; x_wconf 79' lang='grc' dir='ltr'><strong>μέτροις·</strong></span> <span class='ocrx_word' id='word_1_137' title='bbox 1374 1835 1457 1886; x_wconf 82' lang='grc' dir='ltr'><strong>καί</strong></span> <span class='ocrx_word' id='word_1_138' title='bbox 1478 1833 1535 1887; x_wconf 69' lang='lat'><strong>1-3</strong></span> <span class='ocrx_word' id='word_1_139' title='bbox 1558 1833 1882 1891; x_wconf 76' lang='grc' dir='ltr'><strong>ἀποθνήσκειν</strong></span> <span class='ocrx_word' id='word_1_140' title='bbox 1908 1853 2069 1905; x_wconf 73' lang='grc' dir='ltr'>πεφυ-</span> 
     </span>
    </p>
   </div>
   <div class='ocr_carea' id='block_1_20' title="bbox 484 1922 2074 1999">
    <p class='ocr_par' dir='ltr' id='par_1_20' title="bbox 484 1922 2074 1999">
     <span class='ocr_line' id='line_1_20' title="bbox 484 1922 2074 1999; baseline 0.003 -22"><span class='ocrx_word' id='word_1_141' title='bbox 484 1923 567 1981; x_wconf 78' lang='grc' dir='ltr'>κὸς</span> <span class='ocrx_word' id='word_1_142' title='bbox 597 1930 749 1993; x_wconf 83' lang='grc' dir='ltr'>σῶμα</span> <span class='ocrx_word' id='word_1_143' title='bbox 771 1923 961 1991; x_wconf 78' lang='grc' dir='ltr'>λαϐὼν,</span> <span class='ocrx_word' id='word_1_144' title='bbox 997 1922 1123 1980; x_wconf 82' lang='grc' dir='ltr'>ἴδιόν</span> <span class='ocrx_word' id='word_1_145' title='bbox 1165 1944 1220 1978; x_wconf 88' lang='grc' dir='ltr'><strong>τε</strong></span> <span class='ocrx_word' id='word_1_146' title='bbox 1258 1925 1381 1980; x_wconf 86' lang='grc' dir='ltr'><strong>αὑτὸ</strong></span> <span class='ocrx_word' id='word_1_147' title='bbox 1423 1924 1793 1996; x_wconf 81' lang='grc' dir='ltr'><strong>ποιησάμενος,</strong></span> <span class='ocrx_word' id='word_1_148' title='bbox 1838 1926 1890 1979; x_wconf 86' lang='grc' dir='ltr'>έν</span> <span class='ocrx_word' id='word_1_149' title='bbox 1936 1926 2074 1999; x_wconf 80' lang='grc' dir='ltr'><strong>αὖτῷ</strong></span> 
     </span>
    </p>
   </div>
   <div class='ocr_carea' id='block_1_21' title="bbox 482 2013 2076 2087">
    <p class='ocr_par' dir='ltr' id='par_1_21' title="bbox 482 2013 2076 2087">
     <span class='ocr_line' id='line_1_21' title="bbox 482 2013 2076 2087; baseline 0.001 -19"><span class='ocrx_word' id='word_1_150' title='bbox 482 2016 715 2068; x_wconf 64' lang='grc' dir='ltr'>πέπονθεν</span> <span class='ocrx_word' id='word_1_151' title='bbox 730 2014 876 2078; x_wconf 82' lang='grc' dir='ltr'>έκών,</span> <span class='ocrx_word' id='word_1_152' title='bbox 891 2017 969 2070; x_wconf 89' lang='grc' dir='ltr'><strong>καί</strong></span> <span class='ocrx_word' id='word_1_153' title='bbox 990 2022 1102 2076; x_wconf 89' lang='grc' dir='ltr'>ταῖς</span> <span class='ocrx_word' id='word_1_154' title='bbox 1118 2016 1359 2072; x_wconf 80' lang='grc' dir='ltr'>ἀνωτάτω</span> <span class='ocrx_word' id='word_1_155' title='bbox 1377 2013 1545 2080; x_wconf 85' lang='grc' dir='ltr'>δόξα·ς</span> <span class='ocrx_word' id='word_1_156' title='bbox 1566 2022 1899 2087; x_wconf 61' lang='grc' dir='ltr'>στεφανοῦται</span> <span class='ocrx_word' id='word_1_157' title='bbox 1913 2014 1998 2071; x_wconf 83' lang='grc' dir='ltr'>διὰ</span> <span class='ocrx_word' id='word_1_158' title='bbox 2019 2019 2076 2072; x_wconf 87' lang='grc' dir='ltr'><strong>τό</strong></span> 
     </span>
    </p>
   </div>
   <div class='ocr_carea' id='block_1_22' title="bbox 480 2103 2076 2185">
    <p class='ocr_par' dir='ltr' id='par_1_22' title="bbox 480 2103 2076 2185">
     <span class='ocr_line' id='line_1_22' title="bbox 480 2103 2076 2185; baseline 0.002 -26"><span class='ocrx_word' id='word_1_159' title='bbox 480 2104 663 2167; x_wconf 81' lang='grc' dir='ltr'>πάθος,</span> <span class='ocrx_word' id='word_1_160' title='bbox 681 2106 747 2165; x_wconf 82' lang='grc' dir='ltr'>ὡς</span> <span class='ocrx_word' id='word_1_161' title='bbox 770 2103 836 2159; x_wconf 76' lang='grc' dir='ltr'>δι’</span> <span class='ocrx_word' id='word_1_162' title='bbox 864 2107 1020 2160; x_wconf 85' lang='grc' dir='ltr'>αὑτοῦ</span> <span class='ocrx_word' id='word_1_163' title='bbox 1047 2109 1381 2182; x_wconf 77' lang='grc' dir='ltr'>καταργήσας</span> <span class='ocrx_word' id='word_1_164' title='bbox 1401 2108 1485 2161; x_wconf 84' lang='grc' dir='ltr'>τὸν</span> <span class='ocrx_word' id='word_1_165' title='bbox 1506 2106 1716 2162; x_wconf 86' lang='grc' dir='ltr'>θάνατον</span> <span class='ocrx_word' id='word_1_166' title='bbox 1732 2151 1745 2174; x_wconf 89' lang='grc'><strong>,</strong></span> <span class='ocrx_word' id='word_1_167' title='bbox 1765 2109 1851 2162; x_wconf 79' lang='grc' dir='ltr'><strong>καί</strong></span> <span class='ocrx_word' id='word_1_168' title='bbox 1875 2103 2076 2185; x_wconf 82' lang='grc' dir='ltr'>ἄπρακ-</span> 
     </span>
    </p>
   </div>
   <div class='ocr_carea' id='block_1_23' title="bbox 481 2193 2078 2274">
    <p class='ocr_par' dir='ltr' id='par_1_23' title="bbox 481 2193 2078 2274">
     <span class='ocr_line' id='line_1_23' title="bbox 481 2193 2078 2274; baseline 0.002 -25"><span class='ocrx_word' id='word_1_169' title='bbox 481 2215 563 2250; x_wconf 79' lang='grc' dir='ltr'>τον</span> <span class='ocrx_word' id='word_1_170' title='bbox 589 2196 848 2269; x_wconf 72' lang='grc' dir='ltr'>ἀποφήνας</span> <span class='ocrx_word' id='word_1_171' title='bbox 877 2200 966 2255; x_wconf 72' lang='grc' dir='ltr'>τὴν</span> <span class='ocrx_word' id='word_1_172' title='bbox 991 2197 1171 2270; x_wconf 68' lang='grc' dir='ltr'>φθοράν</span> <span class='ocrx_word' id='word_1_173' title='bbox 1187 2210 1203 2227; x_wconf 85' lang='grc'><strong>⁹</strong></span> <span class='ocrx_word' id='word_1_174' title='bbox 1223 2193 1313 2251; x_wconf 84' lang='grc' dir='ltr'>ἆτε</span> <span class='ocrx_word' id='word_1_175' title='bbox 1336 2193 1397 2254; x_wconf 73' lang='grc' dir='ltr'><em>δή</em></span> <span class='ocrx_word' id='word_1_176' title='bbox 1425 2197 1511 2249; x_wconf 79' lang='grc' dir='ltr'><strong>καί</strong></span> <span class='ocrx_word' id='word_1_177' title='bbox 1540 2195 1797 2273; x_wconf 79' lang='grc' dir='ltr'>ὑπάρχων</span> <span class='ocrx_word' id='word_1_178' title='bbox 1820 2198 2078 2274; x_wconf 64' lang='grc' dir='ltr'>ἁφθαρσία</span> 
     </span>
    </p>
   </div>
   <div class='ocr_carea' id='block_1_24' title="bbox 482 2284 2078 2360">
    <p class='ocr_par' dir='ltr' id='par_1_24' title="bbox 482 2284 2078 2360">
     <span class='ocr_line' id='line_1_24' title="bbox 482 2284 2078 2360; baseline 0.004 -20"><span class='ocrx_word' id='word_1_179' title='bbox 482 2291 566 2341; x_wconf 75' lang='grc' dir='ltr'><strong>καί</strong></span> <span class='ocrx_word' id='word_1_180' title='bbox 593 2291 717 2352; x_wconf 77' lang='grc' dir='ltr'>ζωή.</span> <span class='ocrx_word' id='word_1_181' title='bbox 746 2285 865 2342; x_wconf 82' lang='grc' dir='ltr'>Ὀτε</span> <span class='ocrx_word' id='word_1_182' title='bbox 912 2284 971 2341; x_wconf 79' lang='grc' dir='ltr'>ἂν</span> <span class='ocrx_word' id='word_1_183' title='bbox 1013 2284 1099 2342; x_wconf 80' lang='grc' dir='ltr'><strong>οὑν</strong></span> <span class='ocrx_word' id='word_1_184' title='bbox 1135 2286 1329 2347; x_wconf 76' lang='grc' dir='ltr'>Ἰησοῦν</span> <span class='ocrx_word' id='word_1_185' title='bbox 1360 2289 1603 2360; x_wconf 78' lang='grc' dir='ltr'><strong>ὀνομάζῃ,</strong></span> <span class='ocrx_word' id='word_1_186' title='bbox 1640 2292 1722 2343; x_wconf 83' lang='grc' dir='ltr'><strong>καί</strong></span> <span class='ocrx_word' id='word_1_187' title='bbox 1757 2289 2078 2349; x_wconf 81' lang='grc' dir='ltr'>ἠλαττῶσθαι</span> 
     </span>
    </p>
   </div>
   <div class='ocr_carea' id='block_1_25' title="bbox 481 2376 2078 2457">
    <p class='ocr_par' dir='ltr' id='par_1_25' title="bbox 481 2376 2078 2457">
     <span class='ocr_line' id='line_1_25' title="bbox 481 2376 2078 2457; baseline 0.004 -26"><span class='ocrx_word' id='word_1_188' title='bbox 481 2376 614 2450; x_wconf 82' lang='grc' dir='ltr'>λέγοι</span> <span class='ocrx_word' id='word_1_189' title='bbox 636 2379 779 2453; x_wconf 87' lang='grc' dir='ltr'><strong>παρά</strong></span> <span class='ocrx_word' id='word_1_190' title='bbox 804 2380 926 2437; x_wconf 87' lang='grc' dir='ltr'><strong>τοὺς</strong></span> <span class='ocrx_word' id='word_1_191' title='bbox 952 2379 1192 2453; x_wconf 77' lang='grc' dir='ltr'>ἀγγέλους</span> <span class='ocrx_word' id='word_1_192' title='bbox 1216 2381 1387 2445; x_wconf 77' lang='grc' dir='ltr'>αὑτὸν,</span> <span class='ocrx_word' id='word_1_193' title='bbox 1402 2383 1495 2435; x_wconf 85' lang='grc' dir='ltr'>οὑκ</span> <span class='ocrx_word' id='word_1_194' title='bbox 1518 2378 1779 2456; x_wconf 70' lang='grc' dir='ltr'>ἄνθρωπον</span> <span class='ocrx_word' id='word_1_195' title='bbox 1810 2383 1905 2437; x_wconf 82' lang='grc' dir='ltr'><strong>ἀνά</strong></span> <span class='ocrx_word' id='word_1_196' title='bbox 1923 2384 2078 2457; x_wconf 85' lang='grc' dir='ltr'>μέρος</span> 
     </span>
    </p>
   </div>
   <div class='ocr_carea' id='block_1_26' title="bbox 398 2466 2077 2549">
    <p class='ocr_par' dir='ltr' id='par_1_26' title="bbox 398 2466 2077 2549">
     <span class='ocr_line' id='line_1_26' title="bbox 398 2466 2077 2549; baseline 0.004 -28"><span class='ocrx_word' id='word_1_197' title='bbox 398 2534 405 2543; x_wconf 33' lang='grc' dir='ltr'>δ</span> <span class='ocrx_word' id='word_1_198' title='bbox 482 2470 566 2521; x_wconf 86' lang='grc' dir='ltr'><strong>καί</strong></span> <span class='ocrx_word' id='word_1_199' title='bbox 593 2466 795 2534; x_wconf 85' lang='grc' dir='ltr'>ίδικῶς,</span> <span class='ocrx_word' id='word_1_200' title='bbox 846 2466 949 2522; x_wconf 79' lang='grc' dir='ltr'>ἀλλ’</span> <span class='ocrx_word' id='word_1_201' title='bbox 976 2468 1128 2525; x_wconf 72' lang='grc' dir='ltr'>αὑτὸν</span> <span class='ocrx_word' id='word_1_202' title='bbox 1160 2477 1365 2542; x_wconf 75' lang='grc' dir='ltr'><strong>νοοῦμεν</strong></span> <span class='ocrx_word' id='word_1_203' title='bbox 1403 2472 1491 2527; x_wconf 82' lang='grc' dir='ltr'><strong>τὸν</strong></span> <span class='ocrx_word' id='word_1_204' title='bbox 1530 2481 1772 2544; x_wconf 78' lang='grc' dir='ltr'><strong>μονογενῆ</strong></span> <span class='ocrx_word' id='word_1_205' title='bbox 1811 2495 2077 2549; x_wconf 88' lang='grc' dir='ltr'>παραχω-</span> 
     </span>
    </p>
   </div>
   <div class='ocr_carea' id='block_1_27' title="bbox 484 2558 2076 2637">
    <p class='ocr_par' dir='ltr' id='par_1_27' title="bbox 484 2558 2076 2637">
     <span class='ocr_line' id='line_1_27' title="bbox 484 2558 2076 2637; baseline 0.006 -25"><span class='ocrx_word' id='word_1_206' title='bbox 484 2564 671 2633; x_wconf 90' lang='grc' dir='ltr'>ροῦντα</span> <span class='ocrx_word' id='word_1_207' title='bbox 710 2559 769 2615; x_wconf 87' lang='grc' dir='ltr'><strong>τό</strong></span> <span class='ocrx_word' id='word_1_208' title='bbox 808 2558 1065 2636; x_wconf 69' lang='grc' dir='ltr'>προῦχειν</span> <span class='ocrx_word' id='word_1_209' title='bbox 1104 2565 1423 2633; x_wconf 86' lang='grc' dir='ltr'>ο“κονομικῶς</span> <span class='ocrx_word' id='word_1_210' title='bbox 1468 2572 1581 2625; x_wconf 88' lang='grc' dir='ltr'>τοῖς</span> <span class='ocrx_word' id='word_1_211' title='bbox 1623 2564 1785 2636; x_wconf 79' lang='grc' dir='ltr'>ἁγίοις</span> <span class='ocrx_word' id='word_1_212' title='bbox 1831 2567 2076 2637; x_wconf 75' lang='grc' dir='ltr'>ἀγγέλοις,</span> 
     </span>
    </p>
   </div>
   <div class='ocr_carea' id='block_1_28' title="bbox 484 2650 2079 2733">
    <p class='ocr_par' dir='ltr' id='par_1_28' title="bbox 484 2650 2079 2733">
     <span class='ocr_line' id='line_1_28' title="bbox 484 2650 2079 2733; baseline 0.004 -27"><span class='ocrx_word' id='word_1_213' title='bbox 484 2650 561 2708; x_wconf 76' lang='grc' dir='ltr'>ὅτι</span> <span class='ocrx_word' id='word_1_214' title='bbox 606 2653 741 2707; x_wconf 80' lang='grc' dir='ltr'>κατὰ</span> <span class='ocrx_word' id='word_1_215' title='bbox 810 2651 1042 2712; x_wconf 81' lang='grc' dir='ltr'>ἀλήθειαν</span> <span class='ocrx_word' id='word_1_216' title='bbox 1092 2652 1293 2728; x_wconf 78' lang='grc' dir='ltr'>γέγονεν</span> <span class='ocrx_word' id='word_1_217' title='bbox 1355 2652 1618 2733; x_wconf 70' lang='grc' dir='ltr'>ἄνθρωπος</span> <span class='ocrx_word' id='word_1_218' title='bbox 1669 2656 1697 2713; x_wconf 86' lang='grc' dir='ltr'><strong>ό</strong></span> <span class='ocrx_word' id='word_1_219' title='bbox 1742 2666 1834 2719; x_wconf 77' lang='grc' dir='ltr'>τῆς</span> <span class='ocrx_word' id='word_1_220' title='bbox 1883 2659 2079 2714; x_wconf 82' lang='grc' dir='ltr'><strong>ἐκείνων</strong></span> 
     </span>
    </p>
   </div>
   <div class='ocr_carea' id='block_1_29' title="bbox 486 2745 2155 2823">
    <p class='ocr_par' dir='ltr' id='par_1_29' title="bbox 486 2745 2155 2823">
     <span class='ocr_line' id='line_1_29' title="bbox 486 2745 2155 2823; baseline 0.005 -25"><span class='ocrx_word' id='word_1_221' title='bbox 486 2746 754 2822; x_wconf 74' lang='grc' dir='ltr'>ὑπεροχῆς</span> <span class='ocrx_word' id='word_1_222' title='bbox 795 2747 1079 2816; x_wconf 77' lang='grc' dir='ltr'><strong>ἡττώμενος</strong></span> <span class='ocrx_word' id='word_1_223' title='bbox 1105 2762 1118 2775; x_wconf 88' lang='grc'><em>’</em></span> <span class='ocrx_word' id='word_1_224' title='bbox 1159 2748 1225 2802; x_wconf 84' lang='grc' dir='ltr'>τὰ</span> <span class='ocrx_word' id='word_1_225' title='bbox 1261 2745 1314 2803; x_wconf 80' lang='grc' dir='ltr'><strong>δέ</strong></span> <span class='ocrx_word' id='word_1_226' title='bbox 1348 2756 1440 2808; x_wconf 83' lang='grc' dir='ltr'><strong>τῆς</strong></span> <span class='ocrx_word' id='word_1_227' title='bbox 1475 2750 1745 2823; x_wconf 78' lang='grc' dir='ltr'><strong>ὑπεροχῆς</strong></span> <span class='ocrx_word' id='word_1_228' title='bbox 1783 2759 1894 2811; x_wconf 89' lang='grc' dir='ltr'>τοῖς</span> <span class='ocrx_word' id='word_1_229' title='bbox 1923 2750 2084 2822; x_wconf 84' lang='grc' dir='ltr'>άγίοις</span> <span class='ocrx_word' id='word_1_230' title='bbox 2144 2808 2155 2813; x_wconf 71' lang='grc'><strong>,</strong></span> 
     </span>
    </p>
   </div>
   <div class='ocr_carea' id='block_1_30' title="bbox 491 2833 2080 2917">
    <p class='ocr_par' dir='ltr' id='par_1_30' title="bbox 491 2833 2080 2917">
     <span class='ocr_line' id='line_1_30' title="bbox 491 2833 2080 2917; baseline 0.004 -28"><span class='ocrx_word' id='word_1_231' title='bbox 491 2836 740 2909; x_wconf 72' lang='grc' dir='ltr'>ἀγγέλους,</span> <span class='ocrx_word' id='word_1_232' title='bbox 766 2834 844 2892; x_wconf 83' lang='grc' dir='ltr'>ὅτε</span> <span class='ocrx_word' id='word_1_233' title='bbox 868 2838 948 2890; x_wconf 80' lang='grc' dir='ltr'><strong>καί</strong></span> <span class='ocrx_word' id='word_1_234' title='bbox 982 2833 1082 2901; x_wconf 79' lang='grc' dir='ltr'><strong>ἕξω</strong></span> <span class='ocrx_word' id='word_1_235' title='bbox 1109 2838 1300 2913; x_wconf 81' lang='grc' dir='ltr'>σαρκός</span> <span class='ocrx_word' id='word_1_236' title='bbox 1327 2842 1409 2894; x_wconf 88' lang='grc' dir='ltr'><strong>καί</strong></span> <span class='ocrx_word' id='word_1_237' title='bbox 1435 2846 1529 2894; x_wconf 88' lang='grc' dir='ltr'><strong>τοῦ</strong></span> <span class='ocrx_word' id='word_1_238' title='bbox 1559 2844 1787 2897; x_wconf 73' lang='grc' dir='ltr'>τεθνάναι</span> <span class='ocrx_word' id='word_1_239' title='bbox 1816 2846 2080 2917; x_wconf 76' lang='grc' dir='ltr'>κρείττους</span> 
     </span>
    </p>
   </div>
   <div class='ocr_carea' id='block_1_31' title="bbox 488 2925 2081 3001">
    <p class='ocr_par' dir='ltr' id='par_1_31' title="bbox 488 2925 2081 3001">
     <span class='ocr_line' id='line_1_31' title="bbox 488 2925 2081 3001; baseline 0.006 -20"><span class='ocrx_word' id='word_1_240' title='bbox 488 2928 642 2993; x_wconf 87' lang='grc' dir='ltr'>εἰσίν,</span> <span class='ocrx_word' id='word_1_241' title='bbox 672 2925 938 3001; x_wconf 81' lang='grc' dir='ltr'>γεγονότος</span> <span class='ocrx_word' id='word_1_242' title='bbox 963 2930 1014 2982; x_wconf 81' lang='grc' dir='ltr'><strong>έν</strong></span> <span class='ocrx_word' id='word_1_243' title='bbox 1037 2926 1243 2991; x_wconf 72' lang='grc' dir='ltr'>τούτοις</span> <span class='ocrx_word' id='word_1_244' title='bbox 1266 2936 1357 2987; x_wconf 92' lang='grc' dir='ltr'><strong>τοῦ</strong></span> <span class='ocrx_word' id='word_1_245' title='bbox 1380 2932 1491 2987; x_wconf 90' lang='grc' dir='ltr'>υίοῦ</span> <span class='ocrx_word' id='word_1_246' title='bbox 1517 2931 1601 2988; x_wconf 81' lang='grc' dir='ltr'>διὰ</span> <span class='ocrx_word' id='word_1_247' title='bbox 1629 2939 1720 2993; x_wconf 77' lang='grc' dir='ltr'>τήν</span> <span class='ocrx_word' id='word_1_248' title='bbox 1751 2934 1974 2992; x_wconf 78' lang='grc' dir='ltr'>έκοὺσιον</span> <span class='ocrx_word' id='word_1_249' title='bbox 2000 2938 2081 2991; x_wconf 84' lang='grc' dir='ltr'><strong>κέ⁴</strong></span> 
     </span>
    </p>
   </div>
   <div class='ocr_carea' id='block_1_32' title="bbox 484 3019 2083 3100">
    <p class='ocr_par' dir='ltr' id='par_1_32' title="bbox 484 3019 2083 3100">
     <span class='ocr_line' id='line_1_32' title="bbox 484 3019 2083 3100; baseline 0.008 -26"><span class='ocrx_word' id='word_1_250' title='bbox 484 3041 658 3076; x_wconf 88' lang='grc' dir='ltr'>νωσεν.</span> <span class='ocrx_word' id='word_1_251' title='bbox 690 3021 812 3076; x_wconf 72' lang='grc' dir='ltr'>Ἀλλ’</span> <span class='ocrx_word' id='word_1_252' title='bbox 837 3019 867 3077; x_wconf 84' lang='grc' dir='ltr'><strong>ὃ</strong></span> <span class='ocrx_word' id='word_1_253' title='bbox 899 3022 1086 3096; x_wconf 83' lang='grc' dir='ltr'>βραχὺ</span> <span class='ocrx_word' id='word_1_254' title='bbox 1115 3024 1238 3100; x_wconf 86' lang='grc' dir='ltr'>παρ’</span> <span class='ocrx_word' id='word_1_255' title='bbox 1268 3024 1510 3098; x_wconf 73' lang='grc' dir='ltr'>ἀγγέλους</span> <span class='ocrx_word' id='word_1_256' title='bbox 1536 3026 1885 3099; x_wconf 76' lang='grc' dir='ltr'>ἡλαττωμὲνος</span> <span class='ocrx_word' id='word_1_257' title='bbox 1913 3027 1995 3084; x_wconf 81' lang='grc' dir='ltr'><strong>διὰ</strong></span> <span class='ocrx_word' id='word_1_258' title='bbox 2024 3029 2083 3086; x_wconf 85' lang='grc' dir='ltr'>τὸ</span> 
     </span>
    </p>
   </div>
   <div class='ocr_carea' id='block_1_33' title="bbox 488 3109 2083 3195">
    <p class='ocr_par' dir='ltr' id='par_1_33' title="bbox 488 3109 2083 3195">
     <span class='ocr_line' id='line_1_33' title="bbox 488 3109 2083 3195; baseline 0.008 -32"><span class='ocrx_word' id='word_1_259' title='bbox 488 3116 579 3169; x_wconf 79' lang='grc' dir='ltr'>τῆς</span> <span class='ocrx_word' id='word_1_260' title='bbox 606 3109 996 3186; x_wconf 84' lang='grc' dir='ltr'>ἀνθρωπότητος</span> <span class='ocrx_word' id='word_1_261' title='bbox 1021 3114 1206 3189; x_wconf 78' lang='grc' dir='ltr'>μέτρον</span> <span class='ocrx_word' id='word_1_262' title='bbox 1235 3114 1285 3168; x_wconf 83' lang='grc' dir='ltr'><strong>έν</strong></span> <span class='ocrx_word' id='word_1_263' title='bbox 1305 3115 1547 3191; x_wconf 78' lang='grc' dir='ltr'>ὑπεροχῇ</span> <span class='ocrx_word' id='word_1_264' title='bbox 1575 3116 1809 3178; x_wconf 90' lang='grc' dir='ltr'>θεότητος</span> <span class='ocrx_word' id='word_1_265' title='bbox 1828 3117 1895 3173; x_wconf 83' lang='grc' dir='ltr'><strong>ὢν</strong></span> <span class='ocrx_word' id='word_1_266' title='bbox 1916 3140 2083 3195; x_wconf 84' lang='grc' dir='ltr'>προσ-</span> 
     </span>
    </p>
   </div>
   <div class='ocr_carea' id='block_1_34' title="bbox 489 3201 2079 3283">
    <p class='ocr_par' dir='ltr' id='par_1_34' title="bbox 489 3201 2079 3283">
     <span class='ocr_line' id='line_1_34' title="bbox 489 3201 2079 3283; baseline 0.009 -31"><span class='ocrx_word' id='word_1_267' title='bbox 489 3206 711 3255; x_wconf 85' lang='grc' dir='ltr'>κυνεῖται</span> <span class='ocrx_word' id='word_1_268' title='bbox 736 3201 864 3277; x_wconf 84' lang='grc' dir='ltr'>παρ’</span> <span class='ocrx_word' id='word_1_269' title='bbox 885 3203 1066 3269; x_wconf 85' lang='grc' dir='ltr'>αὑτῶν,</span> <span class='ocrx_word' id='word_1_270' title='bbox 1091 3206 1175 3259; x_wconf 91' lang='grc' dir='ltr'><strong>καί</strong></span> <span class='ocrx_word' id='word_1_271' title='bbox 1198 3202 1453 3279; x_wconf 80' lang='grc' dir='ltr'>ένίδρυται</span> <span class='ocrx_word' id='word_1_272' title='bbox 1484 3209 1661 3268; x_wconf 83' lang='grc' dir='ltr'>θώκοις</span> <span class='ocrx_word' id='word_1_273' title='bbox 1683 3207 1771 3269; x_wconf 83' lang='grc' dir='ltr'>οῦς</span> <span class='ocrx_word' id='word_1_274' title='bbox 1808 3219 2079 3283; x_wconf 80' lang='grc' dir='ltr'>περιιστᾶ-</span> 
     </span>
    </p>
   </div>
   <div class='ocr_carea' id='block_1_35' title="bbox 489 3288 2076 3373">
    <p class='ocr_par' dir='ltr' id='par_1_35' title="bbox 489 3288 2076 3373">
     <span class='ocr_line' id='line_1_35' title="bbox 489 3288 2076 3373; baseline 0.007 -28"><span class='ocrx_word' id='word_1_275' title='bbox 489 3311 570 3345; x_wconf 85' lang='grc' dir='ltr'><strong>σιν</strong></span> <span class='ocrx_word' id='word_1_276' title='bbox 603 3291 785 3347; x_wconf 79' lang='grc' dir='ltr'>ἐκεῖνοι</span> <span class='ocrx_word' id='word_1_277' title='bbox 813 3288 1192 3367; x_wconf 81' lang='grc' dir='ltr'>δοξολογοῦντες</span> <span class='ocrx_word' id='word_1_278' title='bbox 1229 3296 1336 3362; x_wconf 81' lang='grc' dir='ltr'>ἀεί,</span> <span class='ocrx_word' id='word_1_279' title='bbox 1380 3300 1463 3352; x_wconf 82' lang='grc' dir='ltr'><strong>καί</strong></span> <span class='ocrx_word' id='word_1_280' title='bbox 1489 3305 1590 3353; x_wconf 84' lang='grc' dir='ltr'>τῶν</span> <span class='ocrx_word' id='word_1_281' title='bbox 1628 3298 1890 3373; x_wconf 85' lang='grc' dir='ltr'>δυνάμεων</span> <span class='ocrx_word' id='word_1_282' title='bbox 1924 3303 2076 3358; x_wconf 86' lang='grc' dir='ltr'>αὑτὸν</span> 
     </span>
    </p>
   </div>
   <div class='ocr_carea' id='block_1_36' title="bbox 490 3379 2077 3458">
    <p class='ocr_par' dir='ltr' id='par_1_36' title="bbox 490 3379 2077 3458">
     <span class='ocr_line' id='line_1_36' title="bbox 490 3379 2077 3458; baseline 0.009 -24"><span class='ocrx_word' id='word_1_283' title='bbox 490 3379 814 3451; x_wconf 75' lang='grc' dir='ltr'>ὀνομάζοντες</span> <span class='ocrx_word' id='word_1_284' title='bbox 852 3386 1039 3458; x_wconf 80' lang='grc' dir='ltr'>κύριον.</span> <span class='ocrx_word' id='word_1_285' title='bbox 1073 3404 1091 3436; x_wconf 74' lang='grc' dir='ltr'><strong>ι</strong></span> <span class='ocrx_word' id='word_1_286' title='bbox 1119 3381 1235 3443; x_wconf 81' lang='grc' dir='ltr'>Ὀτι</span> <span class='ocrx_word' id='word_1_287' title='bbox 1271 3385 1325 3442; x_wconf 80' lang='grc' dir='ltr'><strong>δέ</strong></span> <span class='ocrx_word' id='word_1_288' title='bbox 1363 3390 1446 3443; x_wconf 83' lang='grc' dir='ltr'><strong>καί</strong></span> <span class='ocrx_word' id='word_1_289' title='bbox 1483 3390 1513 3447; x_wconf 76' lang='grc' dir='ltr'>ἡ</span> <span class='ocrx_word' id='word_1_290' title='bbox 1542 3391 1750 3452; x_wconf 78' lang='grc' dir='ltr'>κένωσις</span> <span class='ocrx_word' id='word_1_291' title='bbox 1790 3393 1943 3447; x_wconf 87' lang='grc' dir='ltr'>αὑτοῦ</span> <span class='ocrx_word' id='word_1_292' title='bbox 1985 3400 2077 3448; x_wconf 87' lang='grc' dir='ltr'><strong>τοῦ</strong></span> 
     </span>
    </p>
   </div>
   <div class='ocr_carea' id='block_1_37' title="bbox 491 3471 2086 3558">
    <p class='ocr_par' dir='ltr' id='par_1_37' title="bbox 491 3471 2086 3558">
     <span class='ocr_line' id='line_1_37' title="bbox 491 3471 2086 3558; baseline 0.007 -32"><span class='ocrx_word' id='word_1_293' title='bbox 491 3475 621 3526; x_wconf 89' lang='grc' dir='ltr'>Θεοῦ</span> <span class='ocrx_word' id='word_1_294' title='bbox 641 3471 792 3544; x_wconf 87' lang='grc' dir='ltr'>λόγου</span> <span class='ocrx_word' id='word_1_295' title='bbox 819 3475 1165 3548; x_wconf 85' lang='grc' dir='ltr'>σαρκωθέντος</span> <span class='ocrx_word' id='word_1_296' title='bbox 1187 3473 1345 3542; x_wconf 79' lang='grc' dir='ltr'>ἐστίν,</span> <span class='ocrx_word' id='word_1_297' title='bbox 1368 3475 1395 3532; x_wconf 87' lang='grc' dir='ltr'><strong>ό</strong></span> <span class='ocrx_word' id='word_1_298' title='bbox 1417 3478 1574 3539; x_wconf 85' lang='grc' dir='ltr'>αὑτὸς</span> <span class='ocrx_word' id='word_1_299' title='bbox 1592 3480 1643 3534; x_wconf 89' lang='grc' dir='ltr'><strong>έν</strong></span> <span class='ocrx_word' id='word_1_300' title='bbox 1664 3478 1825 3553; x_wconf 78' lang='grc' dir='ltr'>ἁγίοις</span> <span class='ocrx_word' id='word_1_301' title='bbox 1849 3482 2086 3558; x_wconf 73' lang='grc' dir='ltr'>κὺριλλος</span> 
     </span>
    </p>
   </div>
   <div class='ocr_carea' id='block_1_38' title="bbox 490 3561 2085 3650">
    <p class='ocr_par' dir='ltr' id='par_1_38' title="bbox 490 3561 2085 3650">
     <span class='ocr_line' id='line_1_38' title="bbox 490 3561 2085 3650; baseline 0.008 -33"><span class='ocrx_word' id='word_1_302' title='bbox 490 3561 677 3625; x_wconf 69' lang='grc' dir='ltr'>ἕντοῖς</span> <span class='ocrx_word' id='word_1_303' title='bbox 701 3564 826 3644; x_wconf 75' lang='grc' dir='ltr'>πρὸς</span> <span class='ocrx_word' id='word_1_304' title='bbox 866 3567 961 3627; x_wconf 78' lang='grc' dir='ltr'>τὰς</span> <span class='ocrx_word' id='word_1_305' title='bbox 998 3566 1316 3646; x_wconf 65' lang='grc' dir='ltr'>ἀντιρρήσεις</span> <span class='ocrx_word' id='word_1_306' title='bbox 1351 3569 1670 3650; x_wconf 87' lang='grc' dir='ltr'>Θεοδωρίτου</span> <span class='ocrx_word' id='word_1_307' title='bbox 1697 3583 1990 3649; x_wconf 73' lang='grc' dir='ltr'>γραφεῖσιν,</span> <span class='ocrx_word' id='word_1_308' title='bbox 2023 3574 2085 3637; x_wconf 87' lang='grc' dir='ltr'><strong>ἃς</strong></span> 
     </span>
    </p>
   </div>
   <div class='ocr_carea' id='block_1_39' title="bbox 492 3655 2081 3742">
    <p class='ocr_par' dir='ltr' id='par_1_39' title="bbox 492 3655 2081 3742">
     <span class='ocr_line' id='line_1_39' title="bbox 492 3655 2081 3742; baseline 0.008 -33"><span class='ocrx_word' id='word_1_309' title='bbox 492 3655 774 3717; x_wconf 73' lang='grc' dir='ltr'>έποιήσατο</span> <span class='ocrx_word' id='word_1_310' title='bbox 799 3656 826 3712; x_wconf 87' lang='grc' dir='ltr'><strong>ό</strong></span> <span class='ocrx_word' id='word_1_311' title='bbox 855 3659 1006 3720; x_wconf 80' lang='grc' dir='ltr'>αὑτὸς</span> <span class='ocrx_word' id='word_1_312' title='bbox 1033 3658 1347 3733; x_wconf 83' lang='grc' dir='ltr'>Θεοδῶριτος</span> <span class='ocrx_word' id='word_1_313' title='bbox 1375 3664 1502 3718; x_wconf 83' lang='grc' dir='ltr'>κατὰ</span> <span class='ocrx_word' id='word_1_314' title='bbox 1528 3671 1620 3719; x_wconf 89' lang='grc' dir='ltr'><strong>τοῦ</strong></span> <span class='ocrx_word' id='word_1_315' title='bbox 1646 3667 1892 3742; x_wconf 77' lang='grc' dir='ltr'>τετάρτου</span> <span class='ocrx_word' id='word_1_316' title='bbox 1920 3669 2081 3724; x_wconf 86' lang='grc' dir='ltr'>αὑτοῦ</span> 
     </span>
    </p>
   </div>
   <div class='ocr_carea' id='block_1_40' title="bbox 492 3749 2084 3832">
    <p class='ocr_par' dir='ltr' id='par_1_40' title="bbox 492 3749 2084 3832">
     <span class='ocr_line' id='line_1_40' title="bbox 492 3749 2084 3832; baseline 0.008 -29"><span class='ocrx_word' id='word_1_317' title='bbox 492 3749 753 3822; x_wconf 61' lang='grc' dir='ltr'>κεγοιλαίου</span> <span class='ocrx_word' id='word_1_318' title='bbox 782 3749 945 3812; x_wconf 78' lang='grc' dir='ltr'>οὕτως</span> <span class='ocrx_word' id='word_1_319' title='bbox 969 3752 1121 3824; x_wconf 75' lang='grc' dir='ltr'>λέγει’</span> <span class='ocrx_word' id='word_1_320' title='bbox 1146 3770 1165 3804; x_wconf 83' lang='grc' dir='ltr'><strong>ι</strong></span> <span class='ocrx_word' id='word_1_321' title='bbox 1186 3749 1304 3808; x_wconf 84' lang='grc' dir='ltr'>ὀτι</span> <span class='ocrx_word' id='word_1_322' title='bbox 1333 3757 1423 3826; x_wconf 82' lang='grc' dir='ltr'>μέν</span> <span class='ocrx_word' id='word_1_323' title='bbox 1447 3757 1641 3832; x_wconf 82' lang='grc' dir='ltr'>σμικρά</span> <span class='ocrx_word' id='word_1_324' title='bbox 1666 3764 1740 3830; x_wconf 83' lang='grc' dir='ltr'>τῷ</span> <span class='ocrx_word' id='word_1_325' title='bbox 1765 3759 1819 3812; x_wconf 83' lang='grc' dir='ltr'>έκ</span> <span class='ocrx_word' id='word_1_326' title='bbox 1839 3765 1926 3815; x_wconf 86' lang='grc' dir='ltr'><strong>τοῦ</strong></span> <span class='ocrx_word' id='word_1_327' title='bbox 1955 3766 2084 3815; x_wconf 83' lang='grc' dir='ltr'>Θεοῦ</span> 
     </span>
    </p>
   </div>
   <div class='ocr_carea' id='block_1_41' title="bbox 494 3839 2085 3920">
    <p class='ocr_par' dir='ltr' id='par_1_41' title="bbox 494 3839 2085 3920">
     <span class='ocr_line' id='line_1_41' title="bbox 494 3839 2085 3920; baseline 0.008 -29"><span class='ocrx_word' id='word_1_328' title='bbox 494 3841 637 3909; x_wconf 62' lang='grc' dir='ltr'>φύντι</span> <span class='ocrx_word' id='word_1_329' title='bbox 673 3839 807 3913; x_wconf 75' lang='grc' dir='ltr'>λόγῳ</span> <span class='ocrx_word' id='word_1_330' title='bbox 833 3842 1007 3897; x_wconf 83' lang='grc' dir='ltr'>πάντα</span> <span class='ocrx_word' id='word_1_331' title='bbox 1052 3844 1165 3898; x_wconf 83' lang='grc' dir='ltr'>έστί</span> <span class='ocrx_word' id='word_1_332' title='bbox 1212 3844 1278 3898; x_wconf 81' lang='grc' dir='ltr'>τὰ</span> <span class='ocrx_word' id='word_1_333' title='bbox 1315 3844 1605 3920; x_wconf 77' lang='grc' dir='ltr'>ἀνθρώπινα</span> <span class='ocrx_word' id='word_1_334' title='bbox 1654 3851 1801 3920; x_wconf 76' lang='grc' dir='ltr'>φαίην</span> <span class='ocrx_word' id='word_1_335' title='bbox 1840 3843 1899 3904; x_wconf 80' lang='grc' dir='ltr'>ἂν</span> <span class='ocrx_word' id='word_1_336' title='bbox 1944 3846 2085 3904; x_wconf 79' lang='grc' dir='ltr'>ὄκνου</span> 
     </span>
    </p>
   </div>
   <div class='ocr_carea' id='block_1_42' title="bbox 492 3925 2094 4013">
    <p class='ocr_par' dir='ltr' id='par_1_42' title="bbox 492 3925 2094 4013">
     <span class='ocr_line' id='line_1_42' title="bbox 492 3925 2094 4013; baseline 0.009 -30"><span class='ocrx_word' id='word_1_337' title='bbox 492 3925 628 3999; x_wconf 80' lang='grc' dir='ltr'>δίχα</span> <span class='ocrx_word' id='word_1_338' title='bbox 674 3929 884 4013; x_wconf 75' lang='grc' dir='ltr'>παντός.</span> <span class='ocrx_word' id='word_1_339' title='bbox 932 3938 1075 3990; x_wconf 83' lang='grc' dir='ltr'>Ζητῶ</span> <span class='ocrx_word' id='word_1_340' title='bbox 1118 3929 1173 3988; x_wconf 80' lang='grc' dir='ltr'><strong>δέ</strong></span> <span class='ocrx_word' id='word_1_341' title='bbox 1201 3938 1293 3993; x_wconf 69' lang='grc' dir='ltr'><strong>τήν</strong></span> <span class='ocrx_word' id='word_1_342' title='bbox 1333 3935 1540 3990; x_wconf 86' lang='grc' dir='ltr'>κένωσιν</span> <span class='ocrx_word' id='word_1_343' title='bbox 1583 3938 1713 3999; x_wconf 92' lang='grc' dir='ltr'>τίνος</span> <span class='ocrx_word' id='word_1_344' title='bbox 1762 3934 1821 3993; x_wconf 85' lang='grc' dir='ltr'>ἂν</span> <span class='ocrx_word' id='word_1_345' title='bbox 1860 3940 2094 4013; x_wconf 85' lang='grc' dir='ltr'>γενέσθαι</span> 
     </span>
    </p>
   </div>
   <div class='ocr_carea' id='block_1_43' title="bbox 494 4006 2088 4109">
    <p class='ocr_par' dir='ltr' id='par_1_43' title="bbox 494 4020 2088 4109">
     <span class='ocr_line' id='line_1_43' title="bbox 494 4020 2088 4109; baseline 0.009 -38"><span class='ocrx_word' id='word_1_346' title='bbox 494 4023 668 4076; x_wconf 64' lang='grc' dir='ltr'>νοοῖτοτ</span> <span class='ocrx_word' id='word_1_347' title='bbox 702 4022 785 4076; x_wconf 80' lang='grc' dir='ltr'><strong>καί</strong></span> <span class='ocrx_word' id='word_1_348' title='bbox 817 4023 896 4084; x_wconf 88' lang='grc' dir='ltr'><strong>τίς</strong></span> <span class='ocrx_word' id='word_1_349' title='bbox 924 4020 951 4078; x_wconf 91' lang='grc' dir='ltr'><strong>ό</strong></span> <span class='ocrx_word' id='word_1_350' title='bbox 990 4031 1144 4080; x_wconf 88' lang='grc' dir='ltr'>τοῦτο</span> <span class='ocrx_word' id='word_1_351' title='bbox 1169 4026 1343 4081; x_wconf 83' lang='grc' dir='ltr'>παθῶν</span> <span class='ocrx_word' id='word_1_352' title='bbox 1379 4026 1640 4090; x_wconf 78' lang='grc' dir='ltr'>ἑκουσίως.</span> <span class='ocrx_word' id='word_1_353' title='bbox 1673 4030 1730 4083; x_wconf 75' lang='grc' dir='ltr'><strong>Εἰ</strong></span> <span class='ocrx_word' id='word_1_354' title='bbox 1755 4031 1845 4100; x_wconf 76' lang='grc' dir='ltr'><strong>μέν</strong></span> <span class='ocrx_word' id='word_1_355' title='bbox 1869 4033 1989 4109; x_wconf 85' lang='grc' dir='ltr'>γὰρ,</span> <span class='ocrx_word' id='word_1_356' title='bbox 2019 4034 2088 4094; x_wconf 86' lang='grc' dir='ltr'>ὡς</span> 
     </span>
    </p>
   </div>
   <div class='ocr_carea' id='block_1_44' title="bbox 495 4110 2085 4196">
    <p class='ocr_par' dir='ltr' id='par_1_44' title="bbox 495 4110 2085 4196">
     <span class='ocr_line' id='line_1_44' title="bbox 495 4110 2085 4196; baseline 0.009 -31"><span class='ocrx_word' id='word_1_357' title='bbox 495 4110 638 4165; x_wconf 75' lang='grc' dir='ltr'>αὐτοί</span> <span class='ocrx_word' id='word_1_358' title='bbox 661 4131 835 4183; x_wconf 75' lang='grc' dir='ltr'>φασιν,</span> <span class='ocrx_word' id='word_1_359' title='bbox 862 4113 895 4172; x_wconf 75' lang='grc' dir='ltr'>ἡ</span> <span class='ocrx_word' id='word_1_360' title='bbox 914 4118 1005 4169; x_wconf 89' lang='grc' dir='ltr'><strong>τοῦ</strong></span> <span class='ocrx_word' id='word_1_361' title='bbox 1038 4110 1220 4169; x_wconf 80' lang='grc' dir='ltr'>δούλου</span> <span class='ocrx_word' id='word_1_362' title='bbox 1247 4122 1438 4192; x_wconf 70' lang='grc' dir='ltr'><strong>μορφὴ,</strong></span> <span class='ocrx_word' id='word_1_363' title='bbox 1463 4116 1579 4178; x_wconf 72' lang='grc' dir='ltr'>ἦτοι</span> <span class='ocrx_word' id='word_1_364' title='bbox 1611 4121 1670 4174; x_wconf 82' lang='grc' dir='ltr'>τὸ</span> <span class='ocrx_word' id='word_1_365' title='bbox 1708 4120 1764 4173; x_wconf 88' lang='grc' dir='ltr'><strong>έκ</strong></span> <span class='ocrx_word' id='word_1_366' title='bbox 1787 4122 2085 4196; x_wconf 81' lang='grc' dir='ltr'>σπέρματος</span> 
     </span>
    </p>
   </div>
   <div class='ocr_carea' id='block_1_45' title="bbox 496 4200 2083 4290">
    <p class='ocr_par' dir='ltr' id='par_1_45' title="bbox 496 4200 2083 4290">
     <span class='ocr_line' id='line_1_45' title="bbox 496 4200 2083 4290; baseline 0.01 -35"><span class='ocrx_word' id='word_1_367' title='bbox 496 4200 793 4266; x_wconf 54' lang='lat' dir='ltr'><strong>datadari):</strong></span> <span class='ocrx_word' id='word_1_368' title='bbox 824 4202 857 4264; x_wconf 71' lang='grc' dir='ltr'>ἦ</span> <span class='ocrx_word' id='word_1_369' title='bbox 880 4206 992 4261; x_wconf 90' lang='grc' dir='ltr'>τίνα</span> <span class='ocrx_word' id='word_1_370' title='bbox 1018 4208 1280 4265; x_wconf 80' lang='grc' dir='ltr'>κεκένωται</span> <span class='ocrx_word' id='word_1_371' title='bbox 1306 4209 1492 4287; x_wconf 79' lang='grc' dir='ltr'>τρόπον</span> <span class='ocrx_word' id='word_1_372' title='bbox 1517 4212 1563 4266; x_wconf 82' lang='grc' dir='ltr'><strong>εί</strong></span> <span class='ocrx_word' id='word_1_373' title='bbox 1588 4213 1908 4285; x_wconf 64' lang='grc' dir='ltr'>προσελήγθη</span> <span class='ocrx_word' id='word_1_374' title='bbox 1934 4217 2083 4290; x_wconf 85' lang='grc' dir='ltr'>παρὰ</span> 
     </span>
    </p>
   </div>
   <div class='ocr_carea' id='block_1_46' title="bbox 496 4294 2084 4379">
    <p class='ocr_par' dir='ltr' id='par_1_46' title="bbox 496 4294 2084 4379">
     <span class='ocr_line' id='line_1_46' title="bbox 496 4294 2084 4379; baseline 0.006 -29"><span class='ocrx_word' id='word_1_375' title='bbox 496 4302 654 4361; x_wconf 88' lang='grc' dir='ltr'>Θεοῦ;</span> <span class='ocrx_word' id='word_1_376' title='bbox 681 4298 737 4351; x_wconf 81' lang='grc' dir='ltr'><strong>Εἰ</strong></span> <span class='ocrx_word' id='word_1_377' title='bbox 760 4294 815 4352; x_wconf 83' lang='grc' dir='ltr'><strong>δέ</strong></span> <span class='ocrx_word' id='word_1_378' title='bbox 849 4298 1002 4358; x_wconf 85' lang='grc' dir='ltr'>αὑτὸς</span> <span class='ocrx_word' id='word_1_379' title='bbox 1029 4297 1055 4355; x_wconf 85' lang='grc' dir='ltr'><strong>ὃ</strong></span> <span class='ocrx_word' id='word_1_380' title='bbox 1095 4301 1146 4354; x_wconf 79' lang='grc' dir='ltr'><strong>ἐν</strong></span> <span class='ocrx_word' id='word_1_381' title='bbox 1176 4308 1341 4379; x_wconf 71' lang='grc' dir='ltr'>μορφῇ</span> <span class='ocrx_word' id='word_1_382' title='bbox 1374 4304 1462 4357; x_wconf 80' lang='grc' dir='ltr'><strong>καί</strong></span> <span class='ocrx_word' id='word_1_383' title='bbox 1488 4303 1684 4362; x_wconf 80' lang='grc' dir='ltr'>ἰσότητι</span> <span class='ocrx_word' id='word_1_384' title='bbox 1723 4310 1814 4360; x_wconf 90' lang='grc' dir='ltr'><strong>τοῦ</strong></span> <span class='ocrx_word' id='word_1_385' title='bbox 1844 4312 1969 4360; x_wconf 81' lang='grc' dir='ltr'>Θεοῦ</span> <span class='ocrx_word' id='word_1_386' title='bbox 2000 4309 2084 4360; x_wconf 87' lang='grc' dir='ltr'><strong>καί</strong></span> 
     </span>
    </p>
   </div>
   <div class='ocr_carea' id='block_1_47' title="bbox 497 4388 2083 4469">
    <p class='ocr_par' dir='ltr' id='par_1_47' title="bbox 497 4388 2083 4469">
     <span class='ocr_line' id='line_1_47' title="bbox 497 4388 2083 4469; baseline 0.007 -28"><span class='ocrx_word' id='word_1_387' title='bbox 497 4389 696 4462; x_wconf 79' lang='grc' dir='ltr'>πατρὸς</span> <span class='ocrx_word' id='word_1_388' title='bbox 716 4388 973 4461; x_wconf 79' lang='grc' dir='ltr'>ὑπάρχων</span> <span class='ocrx_word' id='word_1_389' title='bbox 995 4389 1163 4463; x_wconf 83' lang='grc' dir='ltr'>λόγος,</span> <span class='ocrx_word' id='word_1_390' title='bbox 1190 4391 1371 4449; x_wconf 87' lang='grc' dir='ltr'>έαυτόν</span> <span class='ocrx_word' id='word_1_391' title='bbox 1398 4400 1614 4449; x_wconf 81' lang='grc' dir='ltr'>κενῶσαι</span> <span class='ocrx_word' id='word_1_392' title='bbox 1638 4395 1856 4469; x_wconf 87' lang='grc' dir='ltr'>λέγεται,</span> <span class='ocrx_word' id='word_1_393' title='bbox 1887 4404 1997 4456; x_wconf 84' lang='grc' dir='ltr'>πῶς</span> <span class='ocrx_word' id='word_1_394' title='bbox 2022 4395 2083 4457; x_wconf 71' lang='grc' dir='ltr'><strong>δὴ</strong></span> 
     </span>
    </p>
   </div>
   <div class='ocr_carea' id='block_1_48' title="bbox 2163 548 3735 617">
    <p class='ocr_par' dir='ltr' id='par_1_48' title="bbox 2163 548 3735 617">
     <span class='ocr_line' id='line_1_48' title="bbox 2163 548 3735 617; baseline 0.003 -14"><span class='ocrx_word' id='word_1_395' title='bbox 2163 549 2416 617; x_wconf 81' lang='lat' dir='ltr'><strong>humiles,</strong></span> <span class='ocrx_word' id='word_1_396' title='bbox 2442 549 2581 603; x_wconf 85' lang='lat' dir='ltr'><strong>haud</strong></span> <span class='ocrx_word' id='word_1_397' title='bbox 2605 564 2761 603; x_wconf 91' lang='lat' dir='ltr'><strong>secus</strong></span> <span class='ocrx_word' id='word_1_398' title='bbox 2783 562 2944 617; x_wconf 87' lang='lat' dir='ltr'><strong>atque</strong></span> <span class='ocrx_word' id='word_1_399' title='bbox 2964 549 3216 604; x_wconf 91' lang='lat' dir='ltr'><strong>sublimes</strong></span> <span class='ocrx_word' id='word_1_400' title='bbox 3231 550 3529 605; x_wconf 72' lang='lat' dir='ltr'><strong>sententias</strong></span> <span class='ocrx_word' id='word_1_401' title='bbox 3547 548 3611 604; x_wconf 90' lang='lat' dir='ltr'><strong>de</strong></span> <span class='ocrx_word' id='word_1_402' title='bbox 3635 567 3735 609; x_wconf 90' lang='lat' dir='ltr'><strong>uno</strong></span> 
     </span>
    </p>
   </div>
   <div class='ocr_carea' id='block_1_49' title="bbox 2167 638 3737 708">
    <p class='ocr_par' dir='ltr' id='par_1_49' title="bbox 2167 638 3737 708">
     <span class='ocr_line' id='line_1_49' title="bbox 2167 638 3737 708; baseline 0.003 -14"><span class='ocrx_word' id='word_1_403' title='bbox 2167 639 2468 708; x_wconf 89' lang='lat' dir='ltr'><strong>eodemque</strong></span> <span class='ocrx_word' id='word_1_404' title='bbox 2479 639 2590 693; x_wconf 90' lang='lat' dir='ltr'><strong>Deo</strong></span> <span class='ocrx_word' id='word_1_405' title='bbox 2603 638 2781 693; x_wconf 76' lang='lat' dir='ltr'><strong>Verbo</strong></span> <span class='ocrx_word' id='word_1_406' title='bbox 2798 639 3097 704; x_wconf 74' lang='lat' dir='ltr'><strong>ineat-nato,</strong></span> <span class='ocrx_word' id='word_1_407' title='bbox 3112 655 3174 694; x_wconf 89' lang='lat' dir='ltr'><strong>ac</strong></span> <span class='ocrx_word' id='word_1_408' title='bbox 3186 640 3411 695; x_wconf 84' lang='lat' dir='ltr'><strong>Domino</strong></span> <span class='ocrx_word' id='word_1_409' title='bbox 3426 650 3610 696; x_wconf 82' lang='lat' dir='ltr'><strong>nostro</strong></span> <span class='ocrx_word' id='word_1_410' title='bbox 3623 639 3737 705; x_wconf 76' lang='lat' dir='ltr'><strong>Jesu</strong></span> 
     </span>
    </p>
   </div>
   <div class='ocr_carea' id='block_1_50' title="bbox 2168 729 3740 803">
    <p class='ocr_par' dir='ltr' id='par_1_50' title="bbox 2168 729 3740 803">
     <span class='ocr_line' id='line_1_50' title="bbox 2168 729 3740 803; baseline 0.001 -17"><span class='ocrx_word' id='word_1_411' title='bbox 2168 729 2386 786; x_wconf 86' lang='lat' dir='ltr'><strong>Christo</strong></span> <span class='ocrx_word' id='word_1_412' title='bbox 2415 738 2766 800; x_wconf 83' lang='lat' dir='ltr'><strong>exponentes,</strong></span> <span class='ocrx_word' id='word_1_413' title='bbox 2780 730 3151 785; x_wconf 81' lang='lat' dir='ltr'><strong>confusionem</strong></span> <span class='ocrx_word' id='word_1_414' title='bbox 3170 731 3590 803; x_wconf 85' lang='lat' dir='ltr'><strong>divisionemque</strong></span> <span class='ocrx_word' id='word_1_415' title='bbox 3609 734 3740 802; x_wconf 88' lang='lat' dir='ltr'><strong>pari-</strong></span> 
     </span>
    </p>
   </div>
   <div class='ocr_carea' id='block_1_51' title="bbox 2169 820 3743 889">
    <p class='ocr_par' dir='ltr' id='par_1_51' title="bbox 2169 820 3743 889">
     <span class='ocr_line' id='line_1_51' title="bbox 2169 820 3743 889; baseline 0.002 -13"><span class='ocrx_word' id='word_1_416' title='bbox 2169 830 2252 876; x_wconf 93' lang='lat' dir='ltr'><strong>ter</strong></span> <span class='ocrx_word' id='word_1_417' title='bbox 2266 821 2495 876; x_wconf 82' lang='lat' dir='ltr'><strong>vitamus</strong></span> <span class='ocrx_word' id='word_1_418' title='bbox 2511 828 2913 886; x_wconf 87' lang='lat' dir='ltr'><strong>naturarum,ex</strong></span> <span class='ocrx_word' id='word_1_419' title='bbox 2925 821 3118 889; x_wconf 86' lang='lat' dir='ltr'><strong>quibus</strong></span> <span class='ocrx_word' id='word_1_420' title='bbox 3135 821 3341 876; x_wconf 90' lang='lat' dir='ltr'><strong>unicam</strong></span> <span class='ocrx_word' id='word_1_421' title='bbox 3358 820 3450 876; x_wconf 88' lang='lat' dir='ltr'><strong>Dei</strong></span> <span class='ocrx_word' id='word_1_422' title='bbox 3467 837 3531 877; x_wconf 86' lang='lat' dir='ltr'><strong>ac</strong></span> <span class='ocrx_word' id='word_1_423' title='bbox 3542 822 3743 879; x_wconf 83' lang='lat' dir='ltr'><strong>Domini</strong></span> 
     </span>
    </p>
   </div>
   <div class='ocr_carea' id='block_1_52' title="bbox 2171 910 3742 975">
    <p class='ocr_par' dir='ltr' id='par_1_52' title="bbox 2171 910 3742 975">
     <span class='ocr_line' id='line_1_52' title="bbox 2171 910 3742 975; baseline 0.001 -9"><span class='ocrx_word' id='word_1_424' title='bbox 2171 912 2343 967; x_wconf 79' lang='lat' dir='ltr'><strong>nostri</strong></span> <span class='ocrx_word' id='word_1_425' title='bbox 2360 910 2484 966; x_wconf 74' lang='lat' dir='ltr'><strong>Jesu</strong></span> <span class='ocrx_word' id='word_1_426' title='bbox 2502 911 2697 966; x_wconf 80' lang='lat' dir='ltr'><strong>Christi</strong></span> <span class='ocrx_word' id='word_1_427' title='bbox 2725 912 2973 968; x_wconf 77' lang='lat' dir='ltr'><strong>constitui</strong></span> <span class='ocrx_word' id='word_1_428' title='bbox 2997 911 3392 968; x_wconf 84' lang='lat' dir='ltr'><strong>subsistentiam</strong></span> <span class='ocrx_word' id='word_1_429' title='bbox 3415 915 3742 975; x_wconf 85' lang='lat' dir='ltr'><strong>contitemur,</strong></span> 
     </span>
    </p>
   </div>
   <div class='ocr_carea' id='block_1_53' title="bbox 2174 1000 3742 1071">
    <p class='ocr_par' dir='ltr' id='par_1_53' title="bbox 2174 1000 3742 1071">
     <span class='ocr_line' id='line_1_53' title="bbox 2174 1000 3742 1071; baseline 0.001 -15"><span class='ocrx_word' id='word_1_430' title='bbox 2174 1010 2605 1071; x_wconf 81' lang='lat' dir='ltr'><strong>nequequartam</strong></span> <span class='ocrx_word' id='word_1_431' title='bbox 2625 1000 2926 1057; x_wconf 80' lang='lat' dir='ltr'><strong>inducimus</strong></span> <span class='ocrx_word' id='word_1_432' title='bbox 2949 1017 3233 1070; x_wconf 81' lang='lat' dir='ltr'><strong>personam</strong></span> <span class='ocrx_word' id='word_1_433' title='bbox 3264 1013 3464 1058; x_wconf 65' lang='lat' dir='ltr'><strong>sancta:</strong></span> <span class='ocrx_word' id='word_1_434' title='bbox 3486 1003 3742 1058; x_wconf 88' lang='lat' dir='ltr'><strong>Trinitati.</strong></span> 
     </span>
    </p>
   </div>
   <div class='ocr_carea' id='block_1_54' title="bbox 2248 1088 3748 1160">
    <p class='ocr_par' dir='ltr' id='par_1_54' title="bbox 2248 1088 3748 1160">
     <span class='ocr_line' id='line_1_54' title="bbox 2248 1088 3748 1160; baseline 0 -16"><span class='ocrx_word' id='word_1_435' title='bbox 2248 1088 2444 1145; x_wconf 89' lang='lat' dir='ltr'><strong>Verum</strong></span> <span class='ocrx_word' id='word_1_436' title='bbox 2486 1090 2661 1145; x_wconf 81' lang='lat' dir='ltr'><strong>sancti</strong></span> <span class='ocrx_word' id='word_1_437' title='bbox 2703 1105 2920 1160; x_wconf 87' lang='lat' dir='ltr'><strong>quoque</strong></span> <span class='ocrx_word' id='word_1_438' title='bbox 2949 1090 3153 1156; x_wconf 78' lang='lat' dir='ltr'><strong>Patres,</strong></span> <span class='ocrx_word' id='word_1_439' title='bbox 3181 1100 3345 1160; x_wconf 63' lang='lat' dir='ltr'><strong>atque</strong></span> <span class='ocrx_word' id='word_1_440' title='bbox 3369 1090 3628 1147; x_wconf 65' lang='lat' dir='ltr'><strong>Ecclesia)</strong></span> <span class='ocrx_word' id='word_1_441' title='bbox 3654 1093 3748 1145; x_wconf 82' lang='lat' dir='ltr'><strong>du-</strong></span> 
     </span>
    </p>
   </div>
   <div class='ocr_carea' id='block_1_55' title="bbox 2174 1178 3752 1251">
    <p class='ocr_par' dir='ltr' id='par_1_55' title="bbox 2174 1178 3752 1251">
     <span class='ocr_line' id='line_1_55' title="bbox 2174 1178 3752 1251; baseline -0.003 -13"><span class='ocrx_word' id='word_1_442' title='bbox 2174 1190 2374 1246; x_wconf 81' lang='lat' dir='ltr'><strong>ctores,</strong></span> <span class='ocrx_word' id='word_1_443' title='bbox 2406 1197 2587 1236; x_wconf 87' lang='lat' dir='ltr'><strong>sacras</strong></span> <span class='ocrx_word' id='word_1_444' title='bbox 2627 1193 2963 1251; x_wconf 88' lang='lat' dir='ltr'><strong>exponentes</strong></span> <span class='ocrx_word' id='word_1_445' title='bbox 3003 1182 3226 1247; x_wconf 82' lang='lat' dir='ltr'><strong>litteras,</strong></span> <span class='ocrx_word' id='word_1_446' title='bbox 3258 1198 3379 1236; x_wconf 90' lang='lat' dir='ltr'><strong>eum</strong></span> <span class='ocrx_word' id='word_1_447' title='bbox 3405 1182 3645 1235; x_wconf 75' lang='lat' dir='ltr'><strong>locumzr</strong></span> <span class='ocrx_word' id='word_1_448' title='bbox 3667 1178 3752 1234; x_wconf 74' lang='lat' dir='ltr'><strong>lli-</strong></span> 
     </span>
    </p>
   </div>
   <div class='ocr_carea' id='block_1_56' title="bbox 2178 1266 3752 1342">
    <p class='ocr_par' dir='ltr' id='par_1_56' title="bbox 2178 1266 3752 1342">
     <span class='ocr_line' id='line_1_56' title="bbox 2178 1266 3752 1342; baseline 0.001 -17"><span class='ocrx_word' id='word_1_449' title='bbox 2178 1271 2340 1326; x_wconf 78' lang='lat' dir='ltr'><strong>nuisti</strong></span> <span class='ocrx_word' id='word_1_450' title='bbox 2363 1287 2481 1323; x_wconf 84' lang='lat' dir='ltr'><strong>eum</strong></span> <span class='ocrx_word' id='word_1_451' title='bbox 2508 1270 2669 1339; x_wconf 87' lang='lat' dir='ltr'><strong>paulo</strong></span> <span class='ocrx_word' id='word_1_452' title='bbox 2691 1271 2867 1325; x_wconf 91' lang='lat' dir='ltr'><strong>minus</strong></span> <span class='ocrx_word' id='word_1_453' title='bbox 2894 1271 2960 1325; x_wconf 89' lang='lat' dir='ltr'><strong>ab</strong></span> <span class='ocrx_word' id='word_1_454' title='bbox 2981 1270 3205 1339; x_wconf 79' lang='lat' dir='ltr'><strong>angelis:</strong></span> <span class='ocrx_word' id='word_1_455' title='bbox 3230 1290 3246 1323; x_wconf 78' lang='grc' dir='ltr'><strong>ι</strong></span> <span class='ocrx_word' id='word_1_456' title='bbox 3267 1266 3416 1340; x_wconf 80' lang='lat' dir='ltr'><strong>juxta</strong></span> <span class='ocrx_word' id='word_1_457' title='bbox 3432 1285 3496 1325; x_wconf 90' lang='lat' dir='ltr'><strong>ea</strong></span> <span class='ocrx_word' id='word_1_458' title='bbox 3524 1285 3644 1342; x_wconf 77' lang='lat' dir='ltr'><strong>qua:</strong></span> <span class='ocrx_word' id='word_1_459' title='bbox 3670 1288 3752 1326; x_wconf 70' lang='lat' dir='ltr'><strong>su»</strong></span> 
     </span>
    </p>
   </div>
   <div class='ocr_carea' id='block_1_57' title="bbox 2176 1360 3747 1432">
    <p class='ocr_par' dir='ltr' id='par_1_57' title="bbox 2176 1360 3747 1432">
     <span class='ocr_line' id='line_1_57' title="bbox 2176 1360 3747 1432; baseline 0.002 -18"><span class='ocrx_word' id='word_1_460' title='bbox 2176 1362 2356 1432; x_wconf 78' lang='lat' dir='ltr'><strong>peritis</strong></span> <span class='ocrx_word' id='word_1_461' title='bbox 2386 1361 2653 1430; x_wconf 84' lang='lat' dir='ltr'><strong>disputata</strong></span> <span class='ocrx_word' id='word_1_462' title='bbox 2684 1360 2903 1417; x_wconf 77' lang='lat' dir='ltr'><strong>suntde</strong></span> <span class='ocrx_word' id='word_1_463' title='bbox 2931 1362 3207 1432; x_wconf 83' lang='lat' dir='ltr'><strong>unigenito</strong></span> <span class='ocrx_word' id='word_1_464' title='bbox 3236 1361 3346 1416; x_wconf 91' lang='lat' dir='ltr'><strong>Deo</strong></span> <span class='ocrx_word' id='word_1_465' title='bbox 3376 1361 3554 1417; x_wconf 87' lang='lat' dir='ltr'><strong>Verbo</strong></span> <span class='ocrx_word' id='word_1_466' title='bbox 3582 1362 3747 1417; x_wconf 82' lang='lat' dir='ltr'><strong>incar-</strong></span> 
     </span>
    </p>
   </div>
   <div class='ocr_carea' id='block_1_58' title="bbox 2177 1451 3753 1525">
    <p class='ocr_par' dir='ltr' id='par_1_58' title="bbox 2177 1451 3753 1525">
     <span class='ocr_line' id='line_1_58' title="bbox 2177 1451 3753 1525; baseline 0.002 -18"><span class='ocrx_word' id='word_1_467' title='bbox 2177 1462 2304 1509; x_wconf 90' lang='lat' dir='ltr'><strong>nato</strong></span> <span class='ocrx_word' id='word_1_468' title='bbox 2346 1453 2547 1507; x_wconf 80' lang='lat' dir='ltr'><strong>dictum</strong></span> <span class='ocrx_word' id='word_1_469' title='bbox 2589 1467 2708 1507; x_wconf 73' lang='lat' dir='ltr'><strong>esse</strong></span> <span class='ocrx_word' id='word_1_470' title='bbox 2739 1451 3060 1508; x_wconf 89' lang='lat' dir='ltr'><strong>docuerunt.</strong></span> <span class='ocrx_word' id='word_1_471' title='bbox 3085 1453 3320 1510; x_wconf 88' lang='lat' dir='ltr'><strong>Sanctus</strong></span> <span class='ocrx_word' id='word_1_472' title='bbox 3361 1453 3504 1509; x_wconf 89' lang='lat' dir='ltr'><strong>enim</strong></span> <span class='ocrx_word' id='word_1_473' title='bbox 3535 1452 3753 1525; x_wconf 83' lang='lat' dir='ltr'><strong>Cyrillus</strong></span> 
     </span>
    </p>
   </div>
   <div class='ocr_carea' id='block_1_59' title="bbox 2177 1543 3753 1615">
    <p class='ocr_par' dir='ltr' id='par_1_59' title="bbox 2177 1543 3753 1615">
     <span class='ocr_line' id='line_1_59' title="bbox 2177 1543 3753 1615; baseline 0 -16"><span class='ocrx_word' id='word_1_474' title='bbox 2177 1545 2230 1599; x_wconf 90' lang='lat' dir='ltr'><strong>in</strong></span> <span class='ocrx_word' id='word_1_475' title='bbox 2255 1544 2479 1615; x_wconf 89' lang='lat' dir='ltr'><strong>epistola</strong></span> <span class='ocrx_word' id='word_1_476' title='bbox 2506 1544 2570 1599; x_wconf 89' lang='lat' dir='ltr'><strong>ad</strong></span> <span class='ocrx_word' id='word_1_477' title='bbox 2594 1543 2882 1599; x_wconf 83' lang='lat' dir='ltr'><strong>&#39;Basilidem</strong></span> <span class='ocrx_word' id='word_1_478' title='bbox 2912 1544 3028 1599; x_wconf 72' lang='lat' dir='ltr'><strong>hmo</strong></span> <span class='ocrx_word' id='word_1_479' title='bbox 3051 1545 3215 1599; x_wconf 88' lang='lat' dir='ltr'><strong>habet</strong></span> <span class='ocrx_word' id='word_1_480' title='bbox 3239 1562 3251 1597; x_wconf 76' lang='grc' dir='ltr'>ς</span> <span class='ocrx_word' id='word_1_481' title='bbox 3305 1564 3323 1597; x_wconf 84' lang='grc' dir='ltr'><strong>ι</strong></span> <span class='ocrx_word' id='word_1_482' title='bbox 3352 1544 3635 1612; x_wconf 82' lang='lat' dir='ltr'><strong>Quomodo</strong></span> <span class='ocrx_word' id='word_1_483' title='bbox 3664 1544 3753 1613; x_wconf 85' lang='lat' dir='ltr'><strong>igi-</strong></span> 
     </span>
    </p>
   </div>
   <div class='ocr_carea' id='block_1_60' title="bbox 2178 1635 3754 1706">
    <p class='ocr_par' dir='ltr' id='par_1_60' title="bbox 2178 1635 3754 1706">
     <span class='ocr_line' id='line_1_60' title="bbox 2178 1635 3754 1706; baseline -0.001 -15"><span class='ocrx_word' id='word_1_484' title='bbox 2178 1647 2265 1691; x_wconf 91' lang='lat' dir='ltr'><strong>tur</strong></span> <span class='ocrx_word' id='word_1_485' title='bbox 2291 1636 2496 1705; x_wconf 83' lang='lat' dir='ltr'><strong>angelis</strong></span> <span class='ocrx_word' id='word_1_486' title='bbox 2523 1644 2606 1691; x_wconf 91' lang='lat' dir='ltr'><strong>est</strong></span> <span class='ocrx_word' id='word_1_487' title='bbox 2630 1636 2951 1701; x_wconf 89' lang='lat' dir='ltr'><strong>minoratus,</strong></span> <span class='ocrx_word' id='word_1_488' title='bbox 2975 1636 3064 1706; x_wconf 90' lang='lat' dir='ltr'><strong>qui</strong></span> <span class='ocrx_word' id='word_1_489' title='bbox 3092 1636 3159 1690; x_wconf 89' lang='lat' dir='ltr'><strong>ab</strong></span> <span class='ocrx_word' id='word_1_490' title='bbox 3183 1636 3310 1706; x_wconf 86' lang='lat' dir='ltr'><strong>ipsis</strong></span> <span class='ocrx_word' id='word_1_491' title='bbox 3339 1635 3628 1691; x_wconf 84' lang='lat' dir='ltr'><strong>adoratur?</strong></span> <span class='ocrx_word' id='word_1_492' title='bbox 3656 1635 3754 1690; x_wconf 86' lang='lat' dir='ltr'><strong>Sed</strong></span> 
     </span>
    </p>
   </div>
   <div class='ocr_carea' id='block_1_61' title="bbox 2178 1725 3756 1783">
    <p class='ocr_par' dir='ltr' id='par_1_61' title="bbox 2178 1725 3756 1783">
     <span class='ocr_line' id='line_1_61' title="bbox 2178 1725 3756 1783; baseline -0.001 0"><span class='ocrx_word' id='word_1_493' title='bbox 2178 1727 2398 1783; x_wconf 79' lang='lat' dir='ltr'><strong>evidens</strong></span> <span class='ocrx_word' id='word_1_494' title='bbox 2443 1734 2525 1783; x_wconf 89' lang='lat' dir='ltr'><strong>est</strong></span> <span class='ocrx_word' id='word_1_495' title='bbox 2570 1727 2683 1782; x_wconf 72' lang='lat' dir='ltr'><strong>hmo</strong></span> <span class='ocrx_word' id='word_1_496' title='bbox 2731 1742 2914 1782; x_wconf 90' lang='lat' dir='ltr'><strong>causa.</strong></span> <span class='ocrx_word' id='word_1_497' title='bbox 2945 1725 3111 1783; x_wconf 85' lang='lat' dir='ltr'><strong>Sedet</strong></span> <span class='ocrx_word' id='word_1_498' title='bbox 3138 1728 3280 1781; x_wconf 91' lang='lat' dir='ltr'><strong>enim</strong></span> <span class='ocrx_word' id='word_1_499' title='bbox 3325 1726 3379 1780; x_wconf 92' lang='lat' dir='ltr'><strong>in</strong></span> <span class='ocrx_word' id='word_1_500' title='bbox 3413 1726 3756 1783; x_wconf 81' lang='lat' dir='ltr'><strong>humanitatis</strong></span> 
     </span>
    </p>
   </div>
   <div class='ocr_carea' id='block_1_62' title="bbox 2179 1817 3759 1891">
    <p class='ocr_par' dir='ltr' id='par_1_62' title="bbox 2179 1817 3759 1891">
     <span class='ocr_line' id='line_1_62' title="bbox 2179 1817 3759 1891; baseline 0.001 -17"><span class='ocrx_word' id='word_1_501' title='bbox 2179 1817 2506 1883; x_wconf 87' lang='lat' dir='ltr'><strong>conditione,</strong></span> <span class='ocrx_word' id='word_1_502' title='bbox 2539 1826 2595 1874; x_wconf 91' lang='lat' dir='ltr'><strong>et</strong></span> <span class='ocrx_word' id='word_1_503' title='bbox 2637 1834 2869 1889; x_wconf 90' lang='lat' dir='ltr'><strong>corpore</strong></span> <span class='ocrx_word' id='word_1_504' title='bbox 2914 1819 3132 1875; x_wconf 89' lang='lat' dir='ltr'><strong>mortali</strong></span> <span class='ocrx_word' id='word_1_505' title='bbox 3186 1818 3331 1891; x_wconf 88' lang='lat' dir='ltr'><strong>quod</strong></span> <span class='ocrx_word' id='word_1_506' title='bbox 3375 1830 3759 1891; x_wconf 66' lang='lat' dir='ltr'><strong>assumpserat,</strong></span> 
     </span>
    </p>
   </div>
   <div class='ocr_carea' id='block_1_63' title="bbox 2180 1908 3759 1981">
    <p class='ocr_par' dir='ltr' id='par_1_63' title="bbox 2180 1908 3759 1981">
     <span class='ocr_line' id='line_1_63' title="bbox 2180 1908 3759 1981; baseline 0 -15"><span class='ocrx_word' id='word_1_507' title='bbox 2180 1910 2389 1980; x_wconf 89' lang='lat' dir='ltr'><strong>sibique</strong></span> <span class='ocrx_word' id='word_1_508' title='bbox 2415 1908 2617 1964; x_wconf 82' lang='lat' dir='ltr'><strong>fecerat</strong></span> <span class='ocrx_word' id='word_1_509' title='bbox 2642 1909 2952 1980; x_wconf 89' lang='lat' dir='ltr'><strong>proprium:</strong></span> <span class='ocrx_word' id='word_1_510' title='bbox 2981 1909 3037 1964; x_wconf 93' lang='lat' dir='ltr'><strong>in</strong></span> <span class='ocrx_word' id='word_1_511' title='bbox 3064 1924 3133 1965; x_wconf 91' lang='lat' dir='ltr'><strong>eo</strong></span> <span class='ocrx_word' id='word_1_512' title='bbox 3156 1910 3344 1965; x_wconf 91' lang='lat' dir='ltr'><strong>volens</strong></span> <span class='ocrx_word' id='word_1_513' title='bbox 3366 1926 3560 1981; x_wconf 88' lang='lat' dir='ltr'><strong>passus</strong></span> <span class='ocrx_word' id='word_1_514' title='bbox 3588 1919 3689 1980; x_wconf 88' lang='lat' dir='ltr'><strong>est,</strong></span> <span class='ocrx_word' id='word_1_515' title='bbox 3713 1919 3759 1966; x_wconf 78' lang='lat' dir='ltr'><strong>et</strong></span> 
     </span>
    </p>
   </div>
   <div class='ocr_carea' id='block_1_64' title="bbox 2180 2000 3761 2072">
    <p class='ocr_par' dir='ltr' id='par_1_64' title="bbox 2180 2000 3761 2072">
     <span class='ocr_line' id='line_1_64' title="bbox 2180 2000 3761 2072; baseline -0.002 -14"><span class='ocrx_word' id='word_1_516' title='bbox 2180 2016 2427 2072; x_wconf 79' lang='lat' dir='ltr'><strong>suprema</strong></span> <span class='ocrx_word' id='word_1_517' title='bbox 2466 2001 2635 2071; x_wconf 78' lang='lat' dir='ltr'><strong>gloria</strong></span> <span class='ocrx_word' id='word_1_518' title='bbox 2680 2009 2905 2072; x_wconf 86' lang='lat' dir='ltr'><strong>propter</strong></span> <span class='ocrx_word' id='word_1_519' title='bbox 2940 2001 3246 2071; x_wconf 85' lang='lat' dir='ltr'><strong>passionem</strong></span> <span class='ocrx_word' id='word_1_520' title='bbox 3274 2009 3595 2066; x_wconf 88' lang='lat' dir='ltr'><strong>coronatur,</strong></span> <span class='ocrx_word' id='word_1_521' title='bbox 3626 2000 3761 2070; x_wconf 83' lang='lat' dir='ltr'><strong>quod</strong></span> 
     </span>
    </p>
   </div>
   <div class='ocr_carea' id='block_1_65' title="bbox 2181 2090 3761 2163">
    <p class='ocr_par' dir='ltr' id='par_1_65' title="bbox 2181 2090 3761 2163">
     <span class='ocr_line' id='line_1_65' title="bbox 2181 2090 3761 2163; baseline -0.003 -15"><span class='ocrx_word' id='word_1_522' title='bbox 2181 2102 2278 2163; x_wconf 84' lang='lat' dir='ltr'><strong>per</strong></span> <span class='ocrx_word' id='word_1_523' title='bbox 2303 2094 2469 2163; x_wconf 88' lang='lat' dir='ltr'><strong>ipsam</strong></span> <span class='ocrx_word' id='word_1_524' title='bbox 2520 2091 2817 2147; x_wconf 85' lang='lat' dir='ltr'><strong>aboleverit</strong></span> <span class='ocrx_word' id='word_1_525' title='bbox 2864 2099 3114 2157; x_wconf 89' lang='lat' dir='ltr'><strong>mortem,</strong></span> <span class='ocrx_word' id='word_1_526' title='bbox 3164 2099 3221 2146; x_wconf 90' lang='lat' dir='ltr'><strong>et</strong></span> <span class='ocrx_word' id='word_1_527' title='bbox 3256 2090 3540 2146; x_wconf 86' lang='lat' dir='ltr'><strong>sustulerit</strong></span> <span class='ocrx_word' id='word_1_528' title='bbox 3587 2105 3761 2145; x_wconf 88' lang='lat' dir='ltr'><strong>corru-</strong></span> 
     </span>
    </p>
   </div>
   <div class='ocr_carea' id='block_1_66' title="bbox 2184 2177 3769 2255">
    <p class='ocr_par' dir='ltr' id='par_1_66' title="bbox 2184 2177 3769 2255">
     <span class='ocr_line' id='line_1_66' title="bbox 2184 2177 3769 2255; baseline -0.004 -16"><span class='ocrx_word' id='word_1_529' title='bbox 2184 2185 2441 2255; x_wconf 83' lang='lat' dir='ltr'><strong>ptionem,</strong></span> <span class='ocrx_word' id='word_1_530' title='bbox 2474 2184 2711 2238; x_wconf 77' lang='lat' dir='ltr'><strong>existens</strong></span> <span class='ocrx_word' id='word_1_531' title='bbox 2742 2184 2857 2254; x_wconf 87' lang='lat' dir='ltr'><strong>ipse</strong></span> <span class='ocrx_word' id='word_1_532' title='bbox 2901 2182 3007 2236; x_wconf 90' lang='lat' dir='ltr'><strong>vita</strong></span> <span class='ocrx_word' id='word_1_533' title='bbox 3040 2190 3096 2237; x_wconf 90' lang='lat' dir='ltr'><strong>et</strong></span> <span class='ocrx_word' id='word_1_534' title='bbox 3142 2180 3494 2250; x_wconf 90' lang='lat' dir='ltr'><strong>incorruptio.</strong></span> <span class='ocrx_word' id='word_1_535' title='bbox 3548 2177 3769 2248; x_wconf 88' lang='lat' dir='ltr'><strong>Quando</strong></span> 
     </span>
    </p>
   </div>
   <div class='ocr_carea' id='block_1_67' title="bbox 2182 2271 3777 2347">
    <p class='ocr_par' dir='ltr' id='par_1_67' title="bbox 2182 2271 3777 2347">
     <span class='ocr_line' id='line_1_67' title="bbox 2182 2271 3777 2347; baseline -0.006 -15"><span class='ocrx_word' id='word_1_536' title='bbox 2182 2278 2367 2347; x_wconf 86' lang='lat' dir='ltr'><strong>itaque</strong></span> <span class='ocrx_word' id='word_1_537' title='bbox 2390 2275 2572 2333; x_wconf 62' lang='lat' dir='ltr'><strong>Jesuzn</strong></span> <span class='ocrx_word' id='word_1_538' title='bbox 2601 2276 2864 2342; x_wconf 80' lang='lat' dir='ltr'><strong>nominat,</strong></span> <span class='ocrx_word' id='word_1_539' title='bbox 2887 2282 2942 2330; x_wconf 92' lang='lat' dir='ltr'><strong>et</strong></span> <span class='ocrx_word' id='word_1_540' title='bbox 2963 2274 3137 2344; x_wconf 83' lang='lat' dir='ltr'><strong>ipsum</strong></span> <span class='ocrx_word' id='word_1_541' title='bbox 3166 2272 3369 2343; x_wconf 80' lang='lat' dir='ltr'><strong>angelis</strong></span> <span class='ocrx_word' id='word_1_542' title='bbox 3388 2286 3509 2327; x_wconf 88' lang='lat' dir='ltr'><strong>esse</strong></span> <span class='ocrx_word' id='word_1_543' title='bbox 3541 2271 3777 2326; x_wconf 85' lang='lat' dir='ltr'><strong>minora-</strong></span> 
     </span>
    </p>
   </div>
   <div class='ocr_carea' id='block_1_68' title="bbox 2184 2362 3766 2433">
    <p class='ocr_par' dir='ltr' id='par_1_68' title="bbox 2184 2362 3766 2433">
     <span class='ocr_line' id='line_1_68' title="bbox 2184 2362 3766 2433; baseline -0.004 -11"><span class='ocrx_word' id='word_1_544' title='bbox 2184 2376 2297 2423; x_wconf 89' lang='lat' dir='ltr'><strong>tum</strong></span> <span class='ocrx_word' id='word_1_545' title='bbox 2323 2366 2475 2433; x_wconf 90' lang='lat' dir='ltr'><strong>dicit,</strong></span> <span class='ocrx_word' id='word_1_546' title='bbox 2507 2382 2617 2422; x_wconf 87' lang='lat' dir='ltr'><strong>non</strong></span> <span class='ocrx_word' id='word_1_547' title='bbox 2645 2367 2717 2421; x_wconf 88' lang='lat' dir='ltr'><strong>ibi</strong></span> <span class='ocrx_word' id='word_1_548' title='bbox 2748 2366 3022 2421; x_wconf 86' lang='lat' dir='ltr'><strong>hominem</strong></span> <span class='ocrx_word' id='word_1_549' title='bbox 3064 2364 3289 2421; x_wconf 90' lang='lat' dir='ltr'><strong>seorsim</strong></span> <span class='ocrx_word' id='word_1_550' title='bbox 3337 2372 3390 2418; x_wconf 91' lang='lat' dir='ltr'><strong>et</strong></span> <span class='ocrx_word' id='word_1_551' title='bbox 3427 2362 3766 2432; x_wconf 74' lang='lat' dir='ltr'><strong>singulariter</strong></span> 
     </span>
    </p>
   </div>
   <div class='ocr_carea' id='block_1_69' title="bbox 2185 2454 3768 2529">
    <p class='ocr_par' dir='ltr' id='par_1_69' title="bbox 2185 2454 3768 2529">
     <span class='ocr_line' id='line_1_69' title="bbox 2185 2454 3768 2529; baseline -0.003 -16"><span class='ocrx_word' id='word_1_552' title='bbox 2185 2467 2468 2529; x_wconf 81' lang='lat' dir='ltr'><strong>acceptum</strong></span> <span class='ocrx_word' id='word_1_553' title='bbox 2514 2457 2882 2527; x_wconf 81' lang='lat' dir='ltr'><strong>intelligimus,</strong></span> <span class='ocrx_word' id='word_1_554' title='bbox 2912 2457 3005 2511; x_wconf 90' lang='lat' dir='ltr'><strong>sed</strong></span> <span class='ocrx_word' id='word_1_555' title='bbox 3034 2457 3207 2527; x_wconf 86' lang='lat' dir='ltr'><strong>ipsum</strong></span> <span class='ocrx_word' id='word_1_556' title='bbox 3237 2454 3429 2509; x_wconf 90' lang='lat' dir='ltr'><strong>Filium</strong></span> <span class='ocrx_word' id='word_1_557' title='bbox 3462 2454 3563 2509; x_wconf 89' lang='lat' dir='ltr'><strong>Dei</strong></span> <span class='ocrx_word' id='word_1_558' title='bbox 3593 2454 3768 2523; x_wconf 83' lang='lat' dir='ltr'><strong>unige-</strong></span> 
     </span>
    </p>
   </div>
   <div class='ocr_carea' id='block_1_70' title="bbox 2187 2544 3768 2619">
    <p class='ocr_par' dir='ltr' id='par_1_70' title="bbox 2187 2544 3768 2619">
     <span class='ocr_line' id='line_1_70' title="bbox 2187 2544 3768 2619; baseline -0.004 -15"><span class='ocrx_word' id='word_1_559' title='bbox 2187 2549 2356 2604; x_wconf 88' lang='lat' dir='ltr'><strong>nitum</strong></span> <span class='ocrx_word' id='word_1_560' title='bbox 2386 2549 2680 2606; x_wconf 90' lang='lat' dir='ltr'><strong>secundum</strong></span> <span class='ocrx_word' id='word_1_561' title='bbox 2708 2548 3160 2619; x_wconf 86' lang='lat' dir='ltr'><strong>dispensationem</strong></span> <span class='ocrx_word' id='word_1_562' title='bbox 3210 2546 3409 2601; x_wconf 86' lang='lat' dir='ltr'><strong>sanctis</strong></span> <span class='ocrx_word' id='word_1_563' title='bbox 3452 2545 3665 2617; x_wconf 80' lang='lat' dir='ltr'><strong>angelis</strong></span> <span class='ocrx_word' id='word_1_564' title='bbox 3697 2544 3768 2598; x_wconf 84' lang='lat' dir='ltr'><strong>di-</strong></span> 
     </span>
    </p>
   </div>
   <div class='ocr_carea' id='block_1_71' title="bbox 2182 2633 3780 2710">
    <p class='ocr_par' dir='ltr' id='par_1_71' title="bbox 2182 2633 3780 2710">
     <span class='ocr_line' id='line_1_71' title="bbox 2182 2633 3780 2710; baseline -0.004 -16"><span class='ocrx_word' id='word_1_565' title='bbox 2182 2642 2389 2710; x_wconf 87' lang='lat' dir='ltr'><strong>gnitate</strong></span> <span class='ocrx_word' id='word_1_566' title='bbox 2429 2639 2730 2705; x_wconf 88' lang='lat' dir='ltr'><strong>cedentem,</strong></span> <span class='ocrx_word' id='word_1_567' title='bbox 2787 2639 2912 2709; x_wconf 78' lang='lat' dir='ltr'><strong>quia</strong></span> <span class='ocrx_word' id='word_1_568' title='bbox 2941 2636 3235 2693; x_wconf 89' lang='lat' dir='ltr'><strong>secundum</strong></span> <span class='ocrx_word' id='word_1_569' title='bbox 3283 2636 3573 2691; x_wconf 85' lang='lat' dir='ltr'><strong>veritatem</strong></span> <span class='ocrx_word' id='word_1_570' title='bbox 3604 2633 3780 2689; x_wconf 81' lang='lat' dir='ltr'><strong>factus</strong></span> 
     </span>
    </p>
   </div>
   <div class='ocr_carea' id='block_1_72' title="bbox 2186 2727 3771 2803">
    <p class='ocr_par' dir='ltr' id='par_1_72' title="bbox 2186 2727 3771 2803">
     <span class='ocr_line' id='line_1_72' title="bbox 2186 2727 3771 2803; baseline -0.003 -15"><span class='ocrx_word' id='word_1_571' title='bbox 2186 2741 2270 2788; x_wconf 87' lang='lat' dir='ltr'><strong>est</strong></span> <span class='ocrx_word' id='word_1_572' title='bbox 2315 2732 2499 2799; x_wconf 89' lang='lat' dir='ltr'><strong>homo,</strong></span> <span class='ocrx_word' id='word_1_573' title='bbox 2531 2733 2623 2803; x_wconf 91' lang='lat' dir='ltr'><strong>qui</strong></span> <span class='ocrx_word' id='word_1_574' title='bbox 2676 2733 2743 2787; x_wconf 89' lang='lat' dir='ltr'><strong>ab</strong></span> <span class='ocrx_word' id='word_1_575' title='bbox 2772 2746 2956 2787; x_wconf 88' lang='lat' dir='ltr'><strong>eorum</strong></span> <span class='ocrx_word' id='word_1_576' title='bbox 2999 2728 3285 2784; x_wconf 89' lang='lat' dir='ltr'><strong>eminentia</strong></span> <span class='ocrx_word' id='word_1_577' title='bbox 3316 2736 3399 2783; x_wconf 70' lang='lat' dir='ltr'><strong>est</strong></span> <span class='ocrx_word' id='word_1_578' title='bbox 3448 2727 3771 2783; x_wconf 87' lang='lat' dir='ltr'><strong>minoratus.</strong></span> 
     </span>
    </p>
   </div>
   <div class='ocr_carea' id='block_1_73' title="bbox 2185 2818 3772 2889">
    <p class='ocr_par' dir='ltr' id='par_1_73' title="bbox 2185 2818 3772 2889">
     <span class='ocr_line' id='line_1_73' title="bbox 2185 2818 3772 2889; baseline -0.003 -12"><span class='ocrx_word' id='word_1_579' title='bbox 2185 2820 2496 2878; x_wconf 82' lang='lat' dir='ltr'><strong>Sublimitas</strong></span> <span class='ocrx_word' id='word_1_580' title='bbox 2550 2823 2694 2878; x_wconf 88' lang='lat' dir='ltr'><strong>enim</strong></span> <span class='ocrx_word' id='word_1_581' title='bbox 2744 2830 3051 2877; x_wconf 89' lang='lat' dir='ltr'><strong>sanctorum</strong></span> <span class='ocrx_word' id='word_1_582' title='bbox 3101 2818 3414 2889; x_wconf 81' lang='lat' dir='ltr'><strong>angelorum</strong></span> <span class='ocrx_word' id='word_1_583' title='bbox 3461 2827 3556 2873; x_wconf 86' lang='lat' dir='ltr'><strong>est</strong></span> <span class='ocrx_word' id='word_1_584' title='bbox 3624 2826 3772 2874; x_wconf 84' lang='lat' dir='ltr'><strong>extra</strong></span> 
     </span>
    </p>
   </div>
   <div class='ocr_carea' id='block_1_74' title="bbox 2183 2910 3773 2982">
    <p class='ocr_par' dir='ltr' id='par_1_74' title="bbox 2183 2910 3773 2982">
     <span class='ocr_line' id='line_1_74' title="bbox 2183 2910 3773 2982; baseline -0.002 -15"><span class='ocrx_word' id='word_1_585' title='bbox 2183 2928 2398 2968; x_wconf 83' lang='lat' dir='ltr'><strong>carnem</strong></span> <span class='ocrx_word' id='word_1_586' title='bbox 2455 2928 2575 2969; x_wconf 91' lang='lat' dir='ltr'><strong>esse</strong></span> <span class='ocrx_word' id='word_1_587' title='bbox 2627 2914 2896 2982; x_wconf 90' lang='lat' dir='ltr'><strong>mortique</strong></span> <span class='ocrx_word' id='word_1_588' title='bbox 2947 2910 3168 2966; x_wconf 89' lang='lat' dir='ltr'><strong>minime</strong></span> <span class='ocrx_word' id='word_1_589' title='bbox 3220 2910 3431 2982; x_wconf 85' lang='lat' dir='ltr'><strong>subjici,</strong></span> <span class='ocrx_word' id='word_1_590' title='bbox 3462 2925 3635 2980; x_wconf 88' lang='lat' dir='ltr'><strong>quam</strong></span> <span class='ocrx_word' id='word_1_591' title='bbox 3666 2910 3773 2980; x_wconf 77' lang='lat' dir='ltr'><strong>ipse</strong></span> 
     </span>
    </p>
   </div>
   <div class='ocr_carea' id='block_1_75' title="bbox 2181 3009 3777 3083">
    <p class='ocr_par' dir='ltr' id='par_1_75' title="bbox 2181 3009 3777 3083">
     <span class='ocr_line' id='line_1_75' title="bbox 2181 3009 3777 3083; baseline -0.003 -14"><span class='ocrx_word' id='word_1_592' title='bbox 2181 3015 2484 3071; x_wconf 90' lang='lat' dir='ltr'><strong>voluntaria</strong></span> <span class='ocrx_word' id='word_1_593' title='bbox 2513 3015 2881 3070; x_wconf 83' lang='lat' dir='ltr'><strong>exinanitione</strong></span> <span class='ocrx_word' id='word_1_594' title='bbox 2929 3012 3201 3083; x_wconf 89' lang='lat' dir='ltr'><strong>suscepit;</strong></span> <span class='ocrx_word' id='word_1_595' title='bbox 3251 3019 3306 3068; x_wconf 90' lang='lat' dir='ltr'><strong>et</strong></span> <span class='ocrx_word' id='word_1_596' title='bbox 3353 3011 3443 3081; x_wconf 90' lang='lat' dir='ltr'><strong>qui</strong></span> <span class='ocrx_word' id='word_1_597' title='bbox 3474 3026 3675 3082; x_wconf 84' lang='lat' dir='ltr'><strong>parum</strong></span> <span class='ocrx_word' id='word_1_598' title='bbox 3712 3009 3777 3066; x_wconf 87' lang='lat' dir='ltr'><strong>ab</strong></span> 
     </span>
    </p>
   </div>
   <div class='ocr_carea' id='block_1_76' title="bbox 2188 3102 3778 3176">
    <p class='ocr_par' dir='ltr' id='par_1_76' title="bbox 2188 3102 3778 3176">
     <span class='ocr_line' id='line_1_76' title="bbox 2188 3102 3778 3176; baseline -0.001 -16"><span class='ocrx_word' id='word_1_599' title='bbox 2188 3107 2391 3176; x_wconf 78' lang='lat' dir='ltr'><strong>angelis</strong></span> <span class='ocrx_word' id='word_1_600' title='bbox 2418 3107 2691 3173; x_wconf 88' lang='lat' dir='ltr'><strong>minuitur,</strong></span> <span class='ocrx_word' id='word_1_601' title='bbox 2720 3114 2941 3176; x_wconf 87' lang='lat' dir='ltr'><strong>propter</strong></span> <span class='ocrx_word' id='word_1_602' title='bbox 2967 3105 3317 3160; x_wconf 88' lang='lat' dir='ltr'><strong>humanitatis</strong></span> <span class='ocrx_word' id='word_1_603' title='bbox 3347 3103 3565 3160; x_wconf 89' lang='lat' dir='ltr'><strong>scilicet</strong></span> <span class='ocrx_word' id='word_1_604' title='bbox 3591 3102 3778 3159; x_wconf 86' lang='lat' dir='ltr'><strong>condi-</strong></span> 
     </span>
    </p>
   </div>
   <div class='ocr_carea' id='block_1_77' title="bbox 2188 3193 3780 3266">
    <p class='ocr_par' dir='ltr' id='par_1_77' title="bbox 2188 3193 3780 3266">
     <span class='ocr_line' id='line_1_77' title="bbox 2188 3193 3780 3266; baseline -0.004 -12"><span class='ocrx_word' id='word_1_605' title='bbox 2188 3199 2413 3264; x_wconf 89' lang='lat' dir='ltr'><strong>tionem,</strong></span> <span class='ocrx_word' id='word_1_606' title='bbox 2441 3198 2492 3252; x_wconf 87' lang='lat' dir='ltr'><strong>in</strong></span> <span class='ocrx_word' id='word_1_607' title='bbox 2523 3196 2853 3253; x_wconf 88' lang='lat' dir='ltr'><strong>sublimitate</strong></span> <span class='ocrx_word' id='word_1_608' title='bbox 2883 3195 3105 3250; x_wconf 84' lang='lat' dir='ltr'><strong>Deitatis</strong></span> <span class='ocrx_word' id='word_1_609' title='bbox 3133 3195 3368 3251; x_wconf 80' lang='lat' dir='ltr'><strong>existens</strong></span> <span class='ocrx_word' id='word_1_610' title='bbox 3395 3195 3462 3249; x_wconf 84' lang='lat' dir='ltr'><strong>ab</strong></span> <span class='ocrx_word' id='word_1_611' title='bbox 3490 3194 3627 3266; x_wconf 91' lang='lat' dir='ltr'><strong>ipsis</strong></span> <span class='ocrx_word' id='word_1_612' title='bbox 3654 3193 3780 3248; x_wconf 81' lang='lat' dir='ltr'><strong>ado-</strong></span> 
     </span>
    </p>
   </div>
   <div class='ocr_carea' id='block_1_78' title="bbox 2191 3284 3780 3356">
    <p class='ocr_par' dir='ltr' id='par_1_78' title="bbox 2191 3284 3780 3356">
     <span class='ocr_line' id='line_1_78' title="bbox 2191 3284 3780 3356; baseline -0.003 -14"><span class='ocrx_word' id='word_1_613' title='bbox 2191 3297 2361 3356; x_wconf 88' lang='lat' dir='ltr'><strong>ratur,</strong></span> <span class='ocrx_word' id='word_1_614' title='bbox 2387 3299 2442 3343; x_wconf 85' lang='lat' dir='ltr'><strong>et</strong></span> <span class='ocrx_word' id='word_1_615' title='bbox 2479 3288 2532 3342; x_wconf 91' lang='lat' dir='ltr'><strong>in</strong></span> <span class='ocrx_word' id='word_1_616' title='bbox 2591 3288 2801 3342; x_wconf 90' lang='lat' dir='ltr'><strong>thronis</strong></span> <span class='ocrx_word' id='word_1_617' title='bbox 2851 3286 3021 3354; x_wconf 83' lang='lat' dir='ltr'><strong>sedet,</strong></span> <span class='ocrx_word' id='word_1_618' title='bbox 3052 3286 3194 3341; x_wconf 88' lang='lat' dir='ltr'><strong>circa</strong></span> <span class='ocrx_word' id='word_1_619' title='bbox 3240 3300 3377 3355; x_wconf 91' lang='lat' dir='ltr'><strong>quos</strong></span> <span class='ocrx_word' id='word_1_620' title='bbox 3406 3293 3564 3339; x_wconf 83' lang='lat' dir='ltr'><strong>stant</strong></span> <span class='ocrx_word' id='word_1_621' title='bbox 3586 3284 3780 3353; x_wconf 82' lang='lat' dir='ltr'><strong>angeli,</strong></span> 
     </span>
    </p>
   </div>
   <div class='ocr_carea' id='block_1_79' title="bbox 2186 3375 3783 3449">
    <p class='ocr_par' dir='ltr' id='par_1_79' title="bbox 2186 3375 3783 3449">
     <span class='ocr_line' id='line_1_79' title="bbox 2186 3375 3783 3449; baseline -0.003 -15"><span class='ocrx_word' id='word_1_622' title='bbox 2186 3379 2552 3448; x_wconf 67' lang='lat' dir='ltr'><strong>glorificantes</strong></span> <span class='ocrx_word' id='word_1_623' title='bbox 2604 3392 2838 3449; x_wconf 87' lang='lat' dir='ltr'><strong>semper,</strong></span> <span class='ocrx_word' id='word_1_624' title='bbox 2871 3378 3151 3448; x_wconf 86' lang='lat' dir='ltr'><strong>ipsumque</strong></span> <span class='ocrx_word' id='word_1_625' title='bbox 3184 3376 3471 3431; x_wconf 86' lang='lat' dir='ltr'><strong>Dominum</strong></span> <span class='ocrx_word' id='word_1_626' title='bbox 3524 3375 3783 3434; x_wconf 83' lang='lat' dir='ltr'><strong>virtutum</strong></span> 
     </span>
    </p>
   </div>
   <div class='ocr_carea' id='block_1_80' title="bbox 2185 3467 3788 3540">
    <p class='ocr_par' dir='ltr' id='par_1_80' title="bbox 2185 3467 3788 3540">
     <span class='ocr_line' id='line_1_80' title="bbox 2185 3467 3788 3540; baseline -0.003 -16"><span class='ocrx_word' id='word_1_627' title='bbox 2185 3470 2518 3525; x_wconf 88' lang='lat' dir='ltr'><strong>incessanter</strong></span> <span class='ocrx_word' id='word_1_628' title='bbox 2564 3470 2980 3540; x_wconf 90' lang='lat' dir='ltr'><strong>proclamantes.</strong></span> <span class='ocrx_word' id='word_1_629' title='bbox 3019 3487 3038 3521; x_wconf 74' lang='grc' dir='ltr'><strong>ε</strong></span> <span class='ocrx_word' id='word_1_630' title='bbox 3073 3467 3149 3523; x_wconf 93' lang='lat' dir='ltr'><strong>De</strong></span> <span class='ocrx_word' id='word_1_631' title='bbox 3196 3467 3386 3523; x_wconf 86' lang='lat' dir='ltr'><strong>eadem</strong></span> <span class='ocrx_word' id='word_1_632' title='bbox 3440 3482 3643 3522; x_wconf 85' lang='lat' dir='ltr'><strong>rursus</strong></span> <span class='ocrx_word' id='word_1_633' title='bbox 3692 3480 3788 3521; x_wconf 87' lang='lat' dir='ltr'><strong>sua</strong></span> 
     </span>
    </p>
   </div>
   <div class='ocr_carea' id='block_1_81' title="bbox 2191 3561 3789 3632">
    <p class='ocr_par' dir='ltr' id='par_1_81' title="bbox 2191 3561 3789 3632">
     <span class='ocr_line' id='line_1_81' title="bbox 2191 3561 3789 3632; baseline -0.004 -13"><span class='ocrx_word' id='word_1_634' title='bbox 2191 3566 2556 3622; x_wconf 72' lang='lat' dir='ltr'><strong>exinanitione</strong></span> <span class='ocrx_word' id='word_1_635' title='bbox 2580 3564 2647 3618; x_wconf 90' lang='lat' dir='ltr'><strong>ad</strong></span> <span class='ocrx_word' id='word_1_636' title='bbox 2672 3562 3187 3619; x_wconf 89' lang='lat' dir='ltr'><strong>incarnatumDeum</strong></span> <span class='ocrx_word' id='word_1_637' title='bbox 3207 3561 3436 3618; x_wconf 90' lang='lat' dir='ltr'><strong>Verbum</strong></span> <span class='ocrx_word' id='word_1_638' title='bbox 3474 3561 3789 3632; x_wconf 86' lang='lat' dir='ltr'><strong>pertinente</strong></span> 
     </span>
    </p>
   </div>
   <div class='ocr_carea' id='block_1_82' title="bbox 2188 3651 3784 3724">
    <p class='ocr_par' dir='ltr' id='par_1_82' title="bbox 2188 3651 3784 3724">
     <span class='ocr_line' id='line_1_82' title="bbox 2188 3651 3784 3724; baseline -0.003 -15"><span class='ocrx_word' id='word_1_639' title='bbox 2188 3663 2406 3710; x_wconf 90' lang='lat' dir='ltr'><strong>constat</strong></span> <span class='ocrx_word' id='word_1_640' title='bbox 2449 3670 2516 3709; x_wconf 86' lang='lat' dir='ltr'><strong>ex</strong></span> <span class='ocrx_word' id='word_1_641' title='bbox 2546 3654 2736 3709; x_wconf 87' lang='lat' dir='ltr'><strong>eodem</strong></span> <span class='ocrx_word' id='word_1_642' title='bbox 2761 3652 2961 3724; x_wconf 84' lang='lat' dir='ltr'><strong>Cyrillo</strong></span> <span class='ocrx_word' id='word_1_643' title='bbox 2992 3652 3045 3707; x_wconf 89' lang='lat' dir='ltr'><strong>in</strong></span> <span class='ocrx_word' id='word_1_644' title='bbox 3072 3651 3209 3706; x_wconf 88' lang='lat' dir='ltr'><strong>libro</strong></span> <span class='ocrx_word' id='word_1_645' title='bbox 3238 3651 3503 3707; x_wconf 85' lang='lat' dir='ltr'><strong>adversus</strong></span> <span class='ocrx_word' id='word_1_646' title='bbox 3533 3651 3784 3707; x_wconf 80' lang='lat' dir='ltr'><strong>confuta-</strong></span> 
     </span>
    </p>
   </div>
   <div class='ocr_carea' id='block_1_83' title="bbox 2192 3740 3786 3813">
    <p class='ocr_par' dir='ltr' id='par_1_83' title="bbox 2192 3740 3786 3813">
     <span class='ocr_line' id='line_1_83' title="bbox 2192 3740 3786 3813; baseline -0.002 -17"><span class='ocrx_word' id='word_1_647' title='bbox 2192 3744 2367 3799; x_wconf 91' lang='lat' dir='ltr'><strong>tiones</strong></span> <span class='ocrx_word' id='word_1_648' title='bbox 2415 3742 2763 3808; x_wconf 88' lang='lat' dir='ltr'><strong>Theodoreti,</strong></span> <span class='ocrx_word' id='word_1_649' title='bbox 2813 3758 2948 3813; x_wconf 89' lang='lat' dir='ltr'><strong>quas</strong></span> <span class='ocrx_word' id='word_1_650' title='bbox 2989 3742 3104 3812; x_wconf 89' lang='lat' dir='ltr'><strong>ipse</strong></span> <span class='ocrx_word' id='word_1_651' title='bbox 3130 3740 3259 3797; x_wconf 79' lang='lat' dir='ltr'><strong>fecit</strong></span> <span class='ocrx_word' id='word_1_652' title='bbox 3304 3748 3501 3797; x_wconf 87' lang='lat' dir='ltr'><strong>contra</strong></span> <span class='ocrx_word' id='word_1_653' title='bbox 3533 3748 3786 3811; x_wconf 86' lang='lat' dir='ltr'><strong>quartum</strong></span> 
     </span>
    </p>
   </div>
   <div class='ocr_carea' id='block_1_84' title="bbox 2192 3831 3801 3906">
    <p class='ocr_par' dir='ltr' id='par_1_84' title="bbox 2192 3831 3801 3906">
     <span class='ocr_line' id='line_1_84' title="bbox 2192 3831 3801 3906; baseline -0.002 -15"><span class='ocrx_word' id='word_1_654' title='bbox 2192 3835 2311 3906; x_wconf 85' lang='lat' dir='ltr'><strong>ejus</strong></span> <span class='ocrx_word' id='word_1_655' title='bbox 2335 3835 2645 3906; x_wconf 89' lang='lat' dir='ltr'><strong>capitulum.</strong></span> <span class='ocrx_word' id='word_1_656' title='bbox 2685 3853 2704 3887; x_wconf 83' lang='grc' dir='ltr'><strong>ι</strong></span> <span class='ocrx_word' id='word_1_657' title='bbox 2740 3833 2894 3901; x_wconf 85' lang='lat' dir='ltr'><strong>Quod</strong></span> <span class='ocrx_word' id='word_1_658' title='bbox 2918 3848 3101 3905; x_wconf 88' lang='lat' dir='ltr'><strong>parva,</strong></span> <span class='ocrx_word' id='word_1_659' title='bbox 3132 3832 3324 3904; x_wconf 93' lang='lat' dir='ltr'><strong>inquit,</strong></span> <span class='ocrx_word' id='word_1_660' title='bbox 3347 3831 3458 3887; x_wconf 88' lang='lat' dir='ltr'><strong>sint</strong></span> <span class='ocrx_word' id='word_1_661' title='bbox 3487 3831 3681 3887; x_wconf 87' lang='lat' dir='ltr'><strong>omnia</strong></span> <span class='ocrx_word' id='word_1_662' title='bbox 3704 3832 3801 3887; x_wconf 83' lang='lat' dir='ltr'><strong>hu-</strong></span> 
     </span>
    </p>
   </div>
   <div class='ocr_carea' id='block_1_85' title="bbox 2195 3924 3787 3994">
    <p class='ocr_par' dir='ltr' id='par_1_85' title="bbox 2195 3924 3787 3994">
     <span class='ocr_line' id='line_1_85' title="bbox 2195 3924 3787 3994; baseline -0.004 -11"><span class='ocrx_word' id='word_1_663' title='bbox 2195 3942 2356 3983; x_wconf 88' lang='lat' dir='ltr'><strong>mana</strong></span> <span class='ocrx_word' id='word_1_664' title='bbox 2368 3926 2546 3983; x_wconf 90' lang='lat' dir='ltr'><strong>Verbo</strong></span> <span class='ocrx_word' id='word_1_665' title='bbox 2573 3941 2643 3982; x_wconf 86' lang='lat' dir='ltr'><strong>ex</strong></span> <span class='ocrx_word' id='word_1_666' title='bbox 2660 3925 2774 3981; x_wconf 90' lang='lat' dir='ltr'><strong>Deo</strong></span> <span class='ocrx_word' id='word_1_667' title='bbox 2816 3934 2945 3980; x_wconf 86' lang='lat' dir='ltr'><strong>nato</strong></span> <span class='ocrx_word' id='word_1_668' title='bbox 2974 3924 3177 3994; x_wconf 90' lang='lat' dir='ltr'><strong>absque</strong></span> <span class='ocrx_word' id='word_1_669' title='bbox 3203 3938 3355 3980; x_wconf 89' lang='lat' dir='ltr'><strong>mora</strong></span> <span class='ocrx_word' id='word_1_670' title='bbox 3380 3925 3518 3993; x_wconf 88' lang='lat' dir='ltr'><strong>quin</strong></span> <span class='ocrx_word' id='word_1_671' title='bbox 3549 3925 3787 3979; x_wconf 68' lang='lat' dir='ltr'><strong>meream</strong></span> 
     </span>
    </p>
   </div>
   <div class='ocr_carea' id='block_1_86' title="bbox 2191 4014 3789 4084">
    <p class='ocr_par' dir='ltr' id='par_1_86' title="bbox 2191 4014 3789 4084">
     <span class='ocr_line' id='line_1_86' title="bbox 2191 4014 3789 4084; baseline -0.004 -11"><span class='ocrx_word' id='word_1_672' title='bbox 2191 4016 2401 4074; x_wconf 77' lang='lat' dir='ltr'><strong>dixero.</strong></span> <span class='ocrx_word' id='word_1_673' title='bbox 2434 4016 2627 4084; x_wconf 72' lang='lat' dir='ltr'><strong>Qumro</strong></span> <span class='ocrx_word' id='word_1_674' title='bbox 2660 4023 2850 4082; x_wconf 71' lang='lat' dir='ltr'><strong>autem</strong></span> <span class='ocrx_word' id='word_1_675' title='bbox 2878 4014 3154 4084; x_wconf 87' lang='lat' dir='ltr'><strong>cujusdam</strong></span> <span class='ocrx_word' id='word_1_676' title='bbox 3196 4028 3315 4072; x_wconf 89' lang='lat' dir='ltr'><strong>esse</strong></span> <span class='ocrx_word' id='word_1_677' title='bbox 3342 4020 3578 4083; x_wconf 88' lang='lat' dir='ltr'><strong>putetur</strong></span> <span class='ocrx_word' id='word_1_678' title='bbox 3603 4014 3789 4070; x_wconf 87' lang='lat' dir='ltr'><strong>exina-</strong></span> 
     </span>
    </p>
   </div>
   <div class='ocr_carea' id='block_1_87' title="bbox 2194 4104 3788 4177">
    <p class='ocr_par' dir='ltr' id='par_1_87' title="bbox 2194 4104 3788 4177">
     <span class='ocr_line' id='line_1_87' title="bbox 2194 4104 3788 4177; baseline -0.003 -15"><span class='ocrx_word' id='word_1_679' title='bbox 2194 4108 2348 4171; x_wconf 87' lang='lat' dir='ltr'><strong>nitio,</strong></span> <span class='ocrx_word' id='word_1_680' title='bbox 2365 4116 2422 4163; x_wconf 91' lang='lat' dir='ltr'><strong>et</strong></span> <span class='ocrx_word' id='word_1_681' title='bbox 2448 4106 2566 4177; x_wconf 71' lang='lat' dir='ltr'><strong>quis</strong></span> <span class='ocrx_word' id='word_1_682' title='bbox 2580 4107 2719 4162; x_wconf 87' lang='lat' dir='ltr'><strong>hanc</strong></span> <span class='ocrx_word' id='word_1_683' title='bbox 2732 4106 3035 4163; x_wconf 82' lang='lat' dir='ltr'><strong>voluntarie</strong></span> <span class='ocrx_word' id='word_1_684' title='bbox 3057 4105 3254 4162; x_wconf 89' lang='lat' dir='ltr'><strong>tulerit.</strong></span> <span class='ocrx_word' id='word_1_685' title='bbox 3275 4104 3490 4174; x_wconf 83' lang='lat' dir='ltr'><strong>Itaque,</strong></span> <span class='ocrx_word' id='word_1_686' title='bbox 3511 4105 3582 4173; x_wconf 87' lang='lat' dir='ltr'><strong>si,</strong></span> <span class='ocrx_word' id='word_1_687' title='bbox 3601 4120 3788 4175; x_wconf 80' lang='lat' dir='ltr'><strong>queru-</strong></span> 
     </span>
    </p>
   </div>
   <div class='ocr_carea' id='block_1_88' title="bbox 2189 4203 3879 4274">
    <p class='ocr_par' dir='ltr' id='par_1_88' title="bbox 2189 4203 3879 4274">
     <span class='ocr_line' id='line_1_88' title="bbox 2189 4203 3879 4274; baseline -0.003 -11"><span class='ocrx_word' id='word_1_688' title='bbox 2189 4207 2475 4265; x_wconf 87' lang='lat' dir='ltr'><strong>admodum</strong></span> <span class='ocrx_word' id='word_1_689' title='bbox 2513 4205 2603 4261; x_wconf 89' lang='lat' dir='ltr'><strong>alii</strong></span> <span class='ocrx_word' id='word_1_690' title='bbox 2634 4205 2836 4273; x_wconf 90' lang='lat' dir='ltr'><strong>dicunt,</strong></span> <span class='ocrx_word' id='word_1_691' title='bbox 2875 4205 3046 4261; x_wconf 81' lang='lat' dir='ltr'><strong>lorma</strong></span> <span class='ocrx_word' id='word_1_692' title='bbox 3079 4203 3242 4271; x_wconf 77' lang='lat' dir='ltr'><strong>servi,</strong></span> <span class='ocrx_word' id='word_1_693' title='bbox 3265 4204 3540 4274; x_wconf 82' lang='lat' dir='ltr'><strong>autquod</strong></span> <span class='ocrx_word' id='word_1_694' title='bbox 3594 4213 3683 4260; x_wconf 90' lang='lat' dir='ltr'><strong>est</strong></span> <span class='ocrx_word' id='word_1_695' title='bbox 3728 4218 3793 4259; x_wconf 89' lang='lat' dir='ltr'><strong>ex</strong></span> <span class='ocrx_word' id='word_1_696' title='bbox 3860 4207 3879 4228; x_wconf 82' lang='grc'>⁴</span> 
     </span>
    </p>
   </div>
   <div class='ocr_carea' id='block_1_89' title="bbox 2182 4292 3795 4369">
    <p class='ocr_par' dir='ltr' id='par_1_89' title="bbox 2182 4292 3795 4369">
     <span class='ocr_line' id='line_1_89' title="bbox 2182 4292 3795 4369; baseline -0.003 -14"><span class='ocrx_word' id='word_1_697' title='bbox 2182 4294 2390 4355; x_wconf 79' lang='lat' dir='ltr'><strong>s’emine</strong></span> <span class='ocrx_word' id='word_1_698' title='bbox 2404 4297 2595 4365; x_wconf 88' lang='lat' dir='ltr'><strong>David;</strong></span> <span class='ocrx_word' id='word_1_699' title='bbox 2616 4296 2888 4369; x_wconf 89' lang='lat' dir='ltr'><strong>quomodo</strong></span> <span class='ocrx_word' id='word_1_700' title='bbox 2905 4296 2992 4350; x_wconf 91' lang='lat' dir='ltr'><strong>vel</strong></span> <span class='ocrx_word' id='word_1_701' title='bbox 3020 4292 3330 4366; x_wconf 76' lang='lat' dir='ltr'><strong>quo[Supp.</strong></span> <span class='ocrx_word' id='word_1_702' title='bbox 3347 4293 3568 4368; x_wconf 88' lang='lat' dir='ltr'><strong>pacto],</strong></span> <span class='ocrx_word' id='word_1_703' title='bbox 3583 4310 3795 4367; x_wconf 65' lang='lat' dir='ltr'><strong>quaso,</strong></span> 
     </span>
    </p>
   </div>
   <div class='ocr_carea' id='block_1_90' title="bbox 2184 4393 3794 4465">
    <p class='ocr_par' dir='ltr' id='par_1_90' title="bbox 2184 4393 3794 4465">
     <span class='ocr_line' id='line_1_90' title="bbox 2184 4393 3794 4465; baseline -0.003 -11"><span class='ocrx_word' id='word_1_704' title='bbox 2184 4398 2515 4455; x_wconf 82' lang='lat' dir='ltr'><strong>exinanitum</strong></span> <span class='ocrx_word' id='word_1_705' title='bbox 2542 4407 2648 4465; x_wconf 90' lang='lat' dir='ltr'><strong>est,</strong></span> <span class='ocrx_word' id='word_1_706' title='bbox 2685 4397 2732 4452; x_wconf 88' lang='lat' dir='ltr'><strong>si</strong></span> <span class='ocrx_word' id='word_1_707' title='bbox 2760 4412 2792 4451; x_wconf 85' lang='lat' dir='ltr'><strong>a</strong></span> <span class='ocrx_word' id='word_1_708' title='bbox 2822 4395 2933 4451; x_wconf 92' lang='lat' dir='ltr'><strong>Deo</strong></span> <span class='ocrx_word' id='word_1_709' title='bbox 2961 4402 3295 4465; x_wconf 88' lang='lat' dir='ltr'><strong>assumptum</strong></span> <span class='ocrx_word' id='word_1_710' title='bbox 3346 4393 3468 4448; x_wconf 85' lang='lat' dir='ltr'><strong>est?</strong></span> <span class='ocrx_word' id='word_1_711' title='bbox 3490 4394 3557 4451; x_wconf 91' lang='lat' dir='ltr'><strong>Si</strong></span> <span class='ocrx_word' id='word_1_712' title='bbox 3608 4405 3794 4450; x_wconf 88' lang='lat' dir='ltr'><strong>autem</strong></span> 
     </span>
    </p>
   </div>
   <div class='ocr_carea' id='block_1_91' title="bbox 497 4477 2078 4564">
    <p class='ocr_par' dir='ltr' id='par_1_91' title="bbox 497 4480 2078 4564">
     <span class='ocr_line' id='line_1_91' title="bbox 497 4480 2078 4564; baseline 0.007 -31"><span class='ocrx_word' id='word_1_713' title='bbox 497 4481 646 4536; x_wconf 81' lang='grc' dir='ltr'>πάλιν</span> <span class='ocrx_word' id='word_1_714' title='bbox 668 4480 699 4541; x_wconf 73' lang='grc' dir='ltr'><strong>ἦ</strong></span> <span class='ocrx_word' id='word_1_715' title='bbox 732 4484 845 4538; x_wconf 87' lang='grc' dir='ltr'>τίνα</span> <span class='ocrx_word' id='word_1_716' title='bbox 869 4483 1061 4559; x_wconf 88' lang='grc' dir='ltr'>τρόπον</span> <span class='ocrx_word' id='word_1_717' title='bbox 1088 4486 1385 4553; x_wconf 82' lang='grc' dir='ltr'>κεκένωται,</span> <span class='ocrx_word' id='word_1_718' title='bbox 1414 4487 1460 4541; x_wconf 81' lang='grc' dir='ltr'><strong>εί</strong></span> <span class='ocrx_word' id='word_1_719' title='bbox 1489 4497 1795 4564; x_wconf 86' lang='grc' dir='ltr'>παραιτοῖτο</span> <span class='ocrx_word' id='word_1_720' title='bbox 1821 4494 1910 4549; x_wconf 76' lang='grc' dir='ltr'>τήν</span> <span class='ocrx_word' id='word_1_721' title='bbox 1935 4491 2078 4544; x_wconf 89' lang='grc' dir='ltr'>κένω-</span> 
     </span>
    </p>
   </div>
   <div class='ocr_carea' id='block_1_92' title="bbox 2185 4477 3795 4564">
    <p class='ocr_par' dir='ltr' id='par_1_92' title="bbox 2185 4483 3795 4559">
     <span class='ocr_line' id='line_1_92' title="bbox 2185 4483 3795 4559; baseline -0.004 -14"><span class='ocrx_word' id='word_1_722' title='bbox 2185 4503 2364 4559; x_wconf 88' lang='lat' dir='ltr'><strong>-psum</strong></span> <span class='ocrx_word' id='word_1_723' title='bbox 2385 4487 2639 4554; x_wconf 75' lang='lat' dir='ltr'><strong>Vetbum,</strong></span> <span class='ocrx_word' id='word_1_724' title='bbox 2654 4486 2797 4557; x_wconf 91' lang='lat' dir='ltr'><strong>quod</strong></span> <span class='ocrx_word' id='word_1_725' title='bbox 2820 4486 2872 4541; x_wconf 93' lang='lat' dir='ltr'><strong>in</strong></span> <span class='ocrx_word' id='word_1_726' title='bbox 2889 4485 3060 4542; x_wconf 81' lang='lat' dir='ltr'><strong>forma</strong></span> <span class='ocrx_word' id='word_1_727' title='bbox 3086 4493 3142 4540; x_wconf 92' lang='lat' dir='ltr'><strong>et</strong></span> <span class='ocrx_word' id='word_1_728' title='bbox 3159 4483 3470 4554; x_wconf 71' lang='lat' dir='ltr'><strong>aequalitate</strong></span> <span class='ocrx_word' id='word_1_729' title='bbox 3494 4486 3596 4541; x_wconf 90' lang='lat' dir='ltr'><strong>Dei</strong></span> <span class='ocrx_word' id='word_1_730' title='bbox 3618 4486 3795 4540; x_wconf 83' lang='lat' dir='ltr'><strong>Patris</strong></span> 
     </span>
    </p>
   </div>
   <div class='ocr_carea' id='block_1_93' title="bbox 499 4573 2080 4656">
    <p class='ocr_par' dir='ltr' id='par_1_93' title="bbox 499 4573 2080 4656">
     <span class='ocr_line' id='line_1_93' title="bbox 499 4573 2080 4656; baseline 0.006 -30"><span class='ocrx_word' id='word_1_731' title='bbox 499 4586 609 4637; x_wconf 88' lang='grc' dir='ltr'>σεν;</span> <span class='ocrx_word' id='word_1_732' title='bbox 636 4574 839 4636; x_wconf 87' lang='grc' dir='ltr'>κένωσις</span> <span class='ocrx_word' id='word_1_733' title='bbox 876 4573 930 4629; x_wconf 85' lang='grc' dir='ltr'><strong>δέ</strong></span> <span class='ocrx_word' id='word_1_734' title='bbox 958 4582 1030 4647; x_wconf 80' lang='grc' dir='ltr'>τῷ</span> <span class='ocrx_word' id='word_1_735' title='bbox 1058 4585 1167 4648; x_wconf 85' lang='grc' dir='ltr'><strong>Θεῷ</strong></span> <span class='ocrx_word' id='word_1_736' title='bbox 1194 4578 1327 4652; x_wconf 82' lang='grc' dir='ltr'>λόγῳ</span> <span class='ocrx_word' id='word_1_737' title='bbox 1348 4580 1527 4635; x_wconf 86' lang='grc' dir='ltr'>παθεῖν</span> <span class='ocrx_word' id='word_1_738' title='bbox 1556 4581 1642 4635; x_wconf 89' lang='grc' dir='ltr'><strong>οὑκ</strong></span> <span class='ocrx_word' id='word_1_739' title='bbox 1670 4580 1825 4638; x_wconf 84' lang='grc' dir='ltr'>εἰδότε</span> <span class='ocrx_word' id='word_1_740' title='bbox 1848 4587 1935 4640; x_wconf 66' lang='grc' dir='ltr'>τήν</span> <span class='ocrx_word' id='word_1_741' title='bbox 1959 4602 2080 4656; x_wconf 86' lang='grc' dir='ltr'>τρο·</span> 
     </span>
    </p>
   </div>
   <div class='ocr_carea' id='block_1_94' title="bbox 499 4662 2083 4746">
    <p class='ocr_par' dir='ltr' id='par_1_94' title="bbox 499 4662 2083 4746">
     <span class='ocr_line' id='line_1_94' title="bbox 499 4662 2083 4746; baseline 0.006 -29"><span class='ocrx_word' id='word_1_742' title='bbox 499 4668 620 4728; x_wconf 72' lang='grc' dir='ltr'>πήν,</span> <span class='ocrx_word' id='word_1_743' title='bbox 649 4664 708 4718; x_wconf 88' lang='grc' dir='ltr'><strong>τό</strong></span> <span class='ocrx_word' id='word_1_744' title='bbox 754 4662 948 4738; x_wconf 78' lang='grc' dir='ltr'>δράσαι</span> <span class='ocrx_word' id='word_1_745' title='bbox 981 4690 1032 4723; x_wconf 90' lang='grc' dir='ltr'><strong>τι</strong></span> <span class='ocrx_word' id='word_1_746' title='bbox 1060 4672 1139 4722; x_wconf 75' lang='grc' dir='ltr'><strong>καί</strong></span> <span class='ocrx_word' id='word_1_747' title='bbox 1182 4671 1343 4723; x_wconf 79' lang='grc' dir='ltr'>εἰπεῖν</span> <span class='ocrx_word' id='word_1_748' title='bbox 1378 4677 1477 4725; x_wconf 84' lang='grc' dir='ltr'>τῶν</span> <span class='ocrx_word' id='word_1_749' title='bbox 1521 4671 1837 4746; x_wconf 80' lang='grc' dir='ltr'>ἀνθρωπίνων</span> <span class='ocrx_word' id='word_1_750' title='bbox 1874 4670 1956 4726; x_wconf 82' lang='grc' dir='ltr'>διὰ</span> <span class='ocrx_word' id='word_1_751' title='bbox 1992 4678 2083 4731; x_wconf 71' lang='grc' dir='ltr'>τήν</span> 
     </span>
    </p>
   </div>
   <div class='ocr_carea' id='block_1_95' title="bbox 496 4753 2082 4829">
    <p class='ocr_par' dir='ltr' id='par_1_95' title="bbox 496 4753 2082 4829">
     <span class='ocr_line' id='line_1_95' title="bbox 496 4753 2082 4829; baseline 0.008 -24"><span class='ocrx_word' id='word_1_752' title='bbox 496 4753 624 4827; x_wconf 74' lang='grc' dir='ltr'>πρὸς</span> <span class='ocrx_word' id='word_1_753' title='bbox 653 4754 821 4829; x_wconf 82' lang='grc' dir='ltr'>σάρκα</span> <span class='ocrx_word' id='word_1_754' title='bbox 854 4755 1065 4810; x_wconf 66' lang='grc' dir='ltr'>σὺνοὲον</span> <span class='ocrx_word' id='word_1_755' title='bbox 1087 4760 1417 4829; x_wconf 79' lang='grc' dir='ltr'><strong>οἰκονομικήν.</strong></span> <span class='ocrx_word' id='word_1_756' title='bbox 1452 4777 1469 4811; x_wconf 77' lang='grc' dir='ltr'><strong>ι</strong></span> <span class='ocrx_word' id='word_1_757' title='bbox 1502 4764 1593 4815; x_wconf 73' lang='grc' dir='ltr'><strong>Καὶ</strong></span> <span class='ocrx_word' id='word_1_758' title='bbox 1620 4761 1771 4816; x_wconf 81' lang='grc' dir='ltr'>πάλιν</span> <span class='ocrx_word' id='word_1_759' title='bbox 1796 4763 1819 4816; x_wconf 89' lang='grc' dir='ltr'><strong>ό</strong></span> <span class='ocrx_word' id='word_1_760' title='bbox 1850 4764 2002 4822; x_wconf 61' lang='grc' dir='ltr'>αὐτὸς</span> <span class='ocrx_word' id='word_1_761' title='bbox 2033 4764 2082 4818; x_wconf 83' lang='grc' dir='ltr'>ἐν</span> 
     </span>
    </p>
   </div>
   <div class='ocr_carea' id='block_1_96' title="bbox 497 4844 2085 4925">
    <p class='ocr_par' dir='ltr' id='par_1_96' title="bbox 497 4844 2085 4925">
     <span class='ocr_line' id='line_1_96' title="bbox 497 4844 2085 4925; baseline 0.005 -28"><span class='ocrx_word' id='word_1_762' title='bbox 497 4844 659 4917; x_wconf 79' lang='grc' dir='ltr'>ἁγίοις</span> <span class='ocrx_word' id='word_1_763' title='bbox 691 4844 935 4917; x_wconf 80' lang='grc' dir='ltr'>Κύρελλος</span> <span class='ocrx_word' id='word_1_764' title='bbox 976 4847 1029 4901; x_wconf 90' lang='grc' dir='ltr'><strong>έν</strong></span> <span class='ocrx_word' id='word_1_765' title='bbox 1057 4854 1131 4921; x_wconf 85' lang='grc' dir='ltr'><strong>τῷ</strong></span> <span class='ocrx_word' id='word_1_766' title='bbox 1173 4849 1309 4921; x_wconf 84' lang='grc' dir='ltr'>αὑτῷ</span> <span class='ocrx_word' id='word_1_767' title='bbox 1352 4850 1530 4920; x_wconf 75' lang='grc' dir='ltr'>βιϐλίῳ</span> <span class='ocrx_word' id='word_1_768' title='bbox 1570 4854 1703 4904; x_wconf 84' lang='grc' dir='ltr'>κατά</span> <span class='ocrx_word' id='word_1_769' title='bbox 1742 4859 2085 4925; x_wconf 79' lang='grc' dir='ltr'>Νεστοριανῶν</span> 
     </span>
    </p>
   </div>
   <div class='ocr_carea' id='block_1_97' title="bbox 497 4931 2082 5011">
    <p class='ocr_par' dir='ltr' id='par_1_97' title="bbox 497 4931 2082 5011">
     <span class='ocr_line' id='line_1_97' title="bbox 497 4931 2082 5011; baseline 0.005 -24"><span class='ocrx_word' id='word_1_770' title='bbox 497 4933 631 4990; x_wconf 72' lang='grc' dir='ltr'>οὕτω</span> <span class='ocrx_word' id='word_1_771' title='bbox 661 4932 959 5011; x_wconf 70' lang='grc' dir='ltr'>λέγει⁶ε’Δρ’</span> <span class='ocrx_word' id='word_1_772' title='bbox 977 4931 1065 4991; x_wconf 80' lang='grc' dir='ltr'>οὑν</span> <span class='ocrx_word' id='word_1_773' title='bbox 1087 4936 1111 4991; x_wconf 88' lang='grc' dir='ltr'>ὁ</span> <span class='ocrx_word' id='word_1_774' title='bbox 1136 4937 1401 5000; x_wconf 85' lang='grc' dir='ltr'>θεσπέσιος</span> <span class='ocrx_word' id='word_1_775' title='bbox 1418 4940 1610 5000; x_wconf 84' lang='grc' dir='ltr'>Παῦλος</span> <span class='ocrx_word' id='word_1_776' title='bbox 1633 4946 1944 5011; x_wconf 44' lang='grc' dir='ltr'>πεξαινάκικε</span> <span class='ocrx_word' id='word_1_777' title='bbox 1962 4940 2082 5011; x_wconf 76' lang='lat' dir='ltr'><strong>(sic)</strong></span> 
     </span>
    </p>
   </div>
   <div class='ocr_carea' id='block_1_98' title="bbox 496 5030 2085 5107">
    <p class='ocr_par' dir='ltr' id='par_1_98' title="bbox 496 5030 2085 5107">
     <span class='ocr_line' id='line_1_98' title="bbox 496 5030 2085 5107; baseline 0.003 -22"><span class='ocrx_word' id='word_1_778' title='bbox 496 5035 615 5091; x_wconf 78' lang='grc' dir='ltr'>τοὺς</span> <span class='ocrx_word' id='word_1_779' title='bbox 648 5032 983 5104; x_wconf 75' lang='grc' dir='ltr'>ἡγιασμένους</span> <span class='ocrx_word' id='word_1_780' title='bbox 1026 5030 1109 5087; x_wconf 79' lang='grc' dir='ltr'>διὰ</span> <span class='ocrx_word' id='word_1_781' title='bbox 1148 5039 1241 5095; x_wconf 77' lang='grc' dir='ltr'>τῆς</span> <span class='ocrx_word' id='word_1_782' title='bbox 1287 5033 1512 5094; x_wconf 89' lang='grc' dir='ltr'>πίστεως</span> <span class='ocrx_word' id='word_1_783' title='bbox 1551 5035 1896 5107; x_wconf 84' lang='grc' dir='ltr'>έναργέστατα</span> <span class='ocrx_word' id='word_1_784' title='bbox 1931 5035 2085 5107; x_wconf 72' lang='grc' dir='ltr'>λέγων</span> 
     </span>
    </p>
   </div>
   <div class='ocr_carea' id='block_1_99' title="bbox 496 5121 2087 5197">
    <p class='ocr_par' dir='ltr' id='par_1_99' title="bbox 496 5121 2087 5197">
     <span class='ocr_line' id='line_1_99' title="bbox 496 5121 2087 5197; baseline 0.002 -20"><span class='ocrx_word' id='word_1_785' title='bbox 496 5126 614 5195; x_wconf 80' lang='grc' dir='ltr'>περὶ</span> <span class='ocrx_word' id='word_1_786' title='bbox 652 5130 745 5181; x_wconf 91' lang='grc' dir='ltr'><strong>τοῦ</strong></span> <span class='ocrx_word' id='word_1_787' title='bbox 788 5130 1116 5197; x_wconf 79' lang='grc' dir='ltr'>μονογενοῦς,</span> <span class='ocrx_word' id='word_1_788' title='bbox 1147 5121 1227 5179; x_wconf 86' lang='grc' dir='ltr'>ὅτι</span> <span class='ocrx_word' id='word_1_789' title='bbox 1262 5123 1507 5186; x_wconf 76' lang='grc' dir='ltr'>πλούσιος</span> <span class='ocrx_word' id='word_1_790' title='bbox 1549 5122 1615 5178; x_wconf 82' lang='grc' dir='ltr'>ὢν</span> <span class='ocrx_word' id='word_1_791' title='bbox 1649 5127 1981 5195; x_wconf 82' lang='grc' dir='ltr'>ἐπτώχευσεν</span> <span class='ocrx_word' id='word_1_792' title='bbox 2020 5124 2087 5181; x_wconf 84' lang='grc' dir='ltr'>δι’</span> 
     </span>
    </p>
   </div>
   <div class='ocr_carea' id='block_1_100' title="bbox 498 5216 2081 5292">
    <p class='ocr_par' dir='ltr' id='par_1_100' title="bbox 498 5216 2081 5292">
     <span class='ocr_line' id='line_1_100' title="bbox 498 5216 2081 5292; baseline 0 -19"><span class='ocrx_word' id='word_1_793' title='bbox 498 5221 665 5285; x_wconf 76' lang='grc' dir='ltr'>ἡμᾶςς</span> <span class='ocrx_word' id='word_1_794' title='bbox 694 5223 766 5289; x_wconf 81' lang='grc' dir='ltr'><em>μή</em></span> <span class='ocrx_word' id='word_1_795' title='bbox 807 5220 1022 5290; x_wconf 83' lang='grc' dir='ltr'>γένοιτο⁹</span> <span class='ocrx_word' id='word_1_796' title='bbox 1050 5216 1277 5275; x_wconf 80' lang='grc' dir='ltr'>ἀληθεύει</span> <span class='ocrx_word' id='word_1_797' title='bbox 1303 5220 1403 5292; x_wconf 83' lang='grc' dir='ltr'>γὰρ</span> <span class='ocrx_word' id='word_1_798' title='bbox 1445 5218 1648 5277; x_wconf 82' lang='grc' dir='ltr'>πάντως</span> <span class='ocrx_word' id='word_1_799' title='bbox 1684 5225 1774 5277; x_wconf 78' lang='grc' dir='ltr'>τῆς</span> <span class='ocrx_word' id='word_1_800' title='bbox 1804 5218 2081 5279; x_wconf 75' lang='grc' dir='ltr'>ἀληθείαςὸ</span> 
     </span>
    </p>
   </div>
   <div class='ocr_carea' id='block_1_101' title="bbox 497 5306 2083 5385">
    <p class='ocr_par' dir='ltr' id='par_1_101' title="bbox 497 5306 2083 5385">
     <span class='ocr_line' id='line_1_101' title="bbox 497 5306 2083 5385; baseline 0.003 -26"><span class='ocrx_word' id='word_1_801' title='bbox 497 5308 673 5382; x_wconf 67' lang='grc' dir='ltr'>κῆρυξ.</span> <span class='ocrx_word' id='word_1_802' title='bbox 705 5306 846 5363; x_wconf 80' lang='grc' dir='ltr'>’Δλλά</span> <span class='ocrx_word' id='word_1_803' title='bbox 873 5316 972 5383; x_wconf 81' lang='grc' dir='ltr'>γὰρ</span> <span class='ocrx_word' id='word_1_804' title='bbox 1009 5310 1087 5368; x_wconf 92' lang='grc' dir='ltr'><strong>τίς</strong></span> <span class='ocrx_word' id='word_1_805' title='bbox 1115 5307 1142 5362; x_wconf 85' lang='grc' dir='ltr'>ὁ</span> <span class='ocrx_word' id='word_1_806' title='bbox 1180 5308 1421 5368; x_wconf 84' lang='grc' dir='ltr'>πλοὺσιός</span> <span class='ocrx_word' id='word_1_807' title='bbox 1449 5309 1603 5374; x_wconf 82' lang='grc' dir='ltr'>έστιν,</span> <span class='ocrx_word' id='word_1_808' title='bbox 1632 5311 1718 5362; x_wconf 90' lang='grc' dir='ltr'><strong>καί</strong></span> <span class='ocrx_word' id='word_1_809' title='bbox 1744 5310 1856 5363; x_wconf 88' lang='grc' dir='ltr'>τίνα</span> <span class='ocrx_word' id='word_1_810' title='bbox 1895 5310 2083 5385; x_wconf 86' lang='grc' dir='ltr'>τρόπον</span> 
     </span>
    </p>
   </div>
   <div class='ocr_carea' id='block_1_102' title="bbox 498 5398 2086 5473">
    <p class='ocr_par' dir='ltr' id='par_1_102' title="bbox 498 5398 2086 5473">
     <span class='ocr_line' id='line_1_102' title="bbox 498 5398 2086 5473; baseline 0.006 -26"><span class='ocrx_word' id='word_1_811' title='bbox 498 5398 865 5466; x_wconf 73' lang='grc' dir='ltr'>ἐπτώχευσεν;</span> <span class='ocrx_word' id='word_1_812' title='bbox 896 5400 1211 5467; x_wconf 81' lang='grc' dir='ltr'>βασανιζέτω</span> <span class='ocrx_word' id='word_1_813' title='bbox 1249 5403 1334 5454; x_wconf 80' lang='grc' dir='ltr'><strong>καί</strong></span> <span class='ocrx_word' id='word_1_814' title='bbox 1368 5406 1456 5452; x_wconf 89' lang='grc' dir='ltr'><strong>νῦν</strong></span> <span class='ocrx_word' id='word_1_815' title='bbox 1496 5399 1522 5453; x_wconf 84' lang='grc' dir='ltr'><strong>ὃ</strong></span> <span class='ocrx_word' id='word_1_816' title='bbox 1560 5399 1707 5472; x_wconf 81' lang='grc' dir='ltr'>λόγος</span> <span class='ocrx_word' id='word_1_817' title='bbox 1734 5402 1877 5473; x_wconf 79' lang='grc' dir='ltr'><strong>ἡμῖν.</strong></span> <span class='ocrx_word' id='word_1_818' title='bbox 1905 5406 1961 5455; x_wconf 85' lang='grc' dir='ltr'><strong>Εἰ</strong></span> <span class='ocrx_word' id='word_1_819' title='bbox 1998 5404 2086 5472; x_wconf 86' lang='grc' dir='ltr'>μέν</span> 
     </span>
    </p>
   </div>
   <div class='ocr_carea' id='block_1_103' title="bbox 499 5487 2085 5566">
    <p class='ocr_par' dir='ltr' id='par_1_103' title="bbox 499 5487 2085 5566">
     <span class='ocr_line' id='line_1_103' title="bbox 499 5487 2085 5566; baseline 0.004 -25"><span class='ocrx_word' id='word_1_820' title='bbox 499 5487 618 5565; x_wconf 78' lang='grc' dir='ltr'>γὰρ,</span> <span class='ocrx_word' id='word_1_821' title='bbox 647 5490 771 5543; x_wconf 75' lang='grc' dir='ltr'>καθά</span> <span class='ocrx_word' id='word_1_822' title='bbox 798 5493 876 5544; x_wconf 87' lang='grc' dir='ltr'><strong>καί</strong></span> <span class='ocrx_word' id='word_1_823' title='bbox 903 5499 1091 5566; x_wconf 63' lang='grc' dir='ltr'>φρινεῐν</span> <span class='ocrx_word' id='word_1_824' title='bbox 1117 5494 1199 5547; x_wconf 89' lang='grc' dir='ltr'><strong>καί</strong></span> <span class='ocrx_word' id='word_1_825' title='bbox 1228 5491 1385 5565; x_wconf 88' lang='grc' dir='ltr'>λέγειν</span> <span class='ocrx_word' id='word_1_826' title='bbox 1410 5493 1555 5547; x_wconf 79' lang='grc' dir='ltr'>αὑτοὶ</span> <span class='ocrx_word' id='word_1_827' title='bbox 1580 5491 1971 5563; x_wconf 83' lang='grc' dir='ltr'>τεθαρσήκασιν,</span> <span class='ocrx_word' id='word_1_828' title='bbox 2000 5489 2085 5547; x_wconf 76' lang='grc' dir='ltr'><strong>ἄν·</strong></span> 
     </span>
    </p>
   </div>
   <div class='ocr_carea' id='block_1_104' title="bbox 501 5585 2085 5665">
    <p class='ocr_par' dir='ltr' id='par_1_104' title="bbox 501 5585 2085 5665">
     <span class='ocr_line' id='line_1_104' title="bbox 501 5585 2085 5665; baseline 0.004 -29"><span class='ocrx_word' id='word_1_829' title='bbox 501 5587 702 5663; x_wconf 73' lang='grc' dir='ltr'>θρωπος</span> <span class='ocrx_word' id='word_1_830' title='bbox 741 5585 978 5658; x_wconf 57' lang='grc' dir='ltr'>ἀνελήφθη</span> <span class='ocrx_word' id='word_1_831' title='bbox 1023 5588 1165 5665; x_wconf 78' lang='grc' dir='ltr'>παρὰ</span> <span class='ocrx_word' id='word_1_832' title='bbox 1200 5595 1289 5644; x_wconf 87' lang='grc' dir='ltr'><strong>τοῦ</strong></span> <span class='ocrx_word' id='word_1_833' title='bbox 1335 5592 1495 5653; x_wconf 90' lang='grc' dir='ltr'>Θεοῦ,</span> <span class='ocrx_word' id='word_1_834' title='bbox 1535 5593 1645 5647; x_wconf 84' lang='grc' dir='ltr'><strong>πῶς</strong></span> <span class='ocrx_word' id='word_1_835' title='bbox 1688 5587 2020 5659; x_wconf 83' lang='grc' dir='ltr'>έπτὼχευσεν</span> <span class='ocrx_word' id='word_1_836' title='bbox 2059 5589 2085 5643; x_wconf 88' lang='grc' dir='ltr'><strong>ό</strong></span> 
     </span>
    </p>
   </div>
   <div class='ocr_carea' id='block_1_105' title="bbox 504 5679 2087 5756">
    <p class='ocr_par' dir='ltr' id='par_1_105' title="bbox 504 5679 2087 5756">
     <span class='ocr_line' id='line_1_105' title="bbox 504 5679 2087 5756; baseline 0.001 -21"><span class='ocrx_word' id='word_1_837' title='bbox 504 5679 798 5752; x_wconf 56' lang='grc' dir='ltr'>ἀναληφθεὶς</span> <span class='ocrx_word' id='word_1_838' title='bbox 821 5681 907 5732; x_wconf 80' lang='grc' dir='ltr'><strong>καί</strong></span> <span class='ocrx_word' id='word_1_839' title='bbox 927 5687 1035 5741; x_wconf 88' lang='grc' dir='ltr'>τοῖς</span> <span class='ocrx_word' id='word_1_840' title='bbox 1055 5680 1186 5752; x_wconf 83' lang='grc' dir='ltr'>ὑπέρ</span> <span class='ocrx_word' id='word_1_841' title='bbox 1211 5681 1363 5753; x_wconf 76' lang='grc' dir='ltr'>φύσιν</span> <span class='ocrx_word' id='word_1_842' title='bbox 1396 5681 1672 5751; x_wconf 78' lang='grc' dir='ltr'>ἀξιώμασιν</span> <span class='ocrx_word' id='word_1_843' title='bbox 1705 5680 2087 5756; x_wconf 82' lang='grc' dir='ltr'>έκλελαμπρυσ-</span> 
     </span>
    </p>
   </div>
   <div class='ocr_carea' id='block_1_106' title="bbox 506 5767 2087 5845">
    <p class='ocr_par' dir='ltr' id='par_1_106' title="bbox 506 5767 2087 5845">
     <span class='ocr_line' id='line_1_106' title="bbox 506 5767 2087 5845; baseline 0.002 -23"><span class='ocrx_word' id='word_1_844' title='bbox 506 5770 685 5845; x_wconf 63' lang='lat' dir='ltr'><strong>phus;</strong></span> <span class='ocrx_word' id='word_1_845' title='bbox 717 5767 1022 5831; x_wconf 83' lang='grc' dir='ltr'>Δεδόξασται</span> <span class='ocrx_word' id='word_1_846' title='bbox 1049 5771 1172 5839; x_wconf 82' lang='grc' dir='ltr'>γὰρ,</span> <span class='ocrx_word' id='word_1_847' title='bbox 1195 5767 1225 5827; x_wconf 75' lang='grc' dir='ltr'><strong><em>ἦ</em></strong></span> <span class='ocrx_word' id='word_1_848' title='bbox 1251 5770 1294 5822; x_wconf 77' lang='grc' dir='ltr'><strong>εἰ</strong></span> <span class='ocrx_word' id='word_1_849' title='bbox 1312 5773 1383 5839; x_wconf 77' lang='grc' dir='ltr'><strong><em>μή</em></strong></span> <span class='ocrx_word' id='word_1_850' title='bbox 1409 5767 1557 5823; x_wconf 89' lang='grc' dir='ltr'>τοῦτό</span> <span class='ocrx_word' id='word_1_851' title='bbox 1584 5769 1725 5823; x_wconf 72' lang='grc' dir='ltr'>ἔστιν</span> <span class='ocrx_word' id='word_1_852' title='bbox 1752 5768 1947 5835; x_wconf 79' lang='grc' dir='ltr'>ἀληθὲς,</span> <span class='ocrx_word' id='word_1_853' title='bbox 1974 5769 2087 5825; x_wconf 86' lang='grc' dir='ltr'>δια-</span> 
     </span>
    </p>
   </div>
   <div class='ocr_carea' id='block_1_107' title="bbox 2188 4578 3794 4650">
    <p class='ocr_par' dir='ltr' id='par_1_107' title="bbox 2188 4578 3794 4650">
     <span class='ocr_line' id='line_1_107' title="bbox 2188 4578 3794 4650; baseline -0.002 -15"><span class='ocrx_word' id='word_1_854' title='bbox 2188 4580 2392 4649; x_wconf 87' lang='lat' dir='ltr'><strong>existit,</strong></span> <span class='ocrx_word' id='word_1_855' title='bbox 2421 4595 2482 4637; x_wconf 89' lang='lat' dir='ltr'><strong>se</strong></span> <span class='ocrx_word' id='word_1_856' title='bbox 2508 4580 2681 4650; x_wconf 88' lang='lat' dir='ltr'><strong>ipsum</strong></span> <span class='ocrx_word' id='word_1_857' title='bbox 2709 4579 3065 4635; x_wconf 89' lang='lat' dir='ltr'><strong>exinanivisse</strong></span> <span class='ocrx_word' id='word_1_858' title='bbox 3093 4578 3321 4643; x_wconf 89' lang='lat' dir='ltr'><strong>dicitur;</strong></span> <span class='ocrx_word' id='word_1_859' title='bbox 3352 4578 3678 4647; x_wconf 87' lang='lat' dir='ltr'><strong>quomodo,</strong></span> <span class='ocrx_word' id='word_1_860' title='bbox 3712 4579 3794 4632; x_wconf 79' lang='lat' dir='ltr'><strong>vel</strong></span> 
     </span>
    </p>
   </div>
   <div class='ocr_carea' id='block_1_108' title="bbox 2188 4669 3797 4741">
    <p class='ocr_par' dir='ltr' id='par_1_108' title="bbox 2188 4669 3797 4741">
     <span class='ocr_line' id='line_1_108' title="bbox 2188 4669 3797 4741; baseline -0.004 -15"><span class='ocrx_word' id='word_1_861' title='bbox 2188 4686 2296 4740; x_wconf 90' lang='lat' dir='ltr'><strong>quo</strong></span> <span class='ocrx_word' id='word_1_862' title='bbox 2313 4679 2471 4741; x_wconf 89' lang='lat' dir='ltr'><strong>pacto</strong></span> <span class='ocrx_word' id='word_1_863' title='bbox 2491 4670 2821 4725; x_wconf 81' lang='lat' dir='ltr'><strong>exinanitum</strong></span> <span class='ocrx_word' id='word_1_864' title='bbox 2840 4678 2940 4733; x_wconf 90' lang='lat' dir='ltr'><strong>est,</strong></span> <span class='ocrx_word' id='word_1_865' title='bbox 2966 4670 3009 4724; x_wconf 90' lang='lat' dir='ltr'><strong>si</strong></span> <span class='ocrx_word' id='word_1_866' title='bbox 3031 4669 3281 4723; x_wconf 80' lang='lat' dir='ltr'><strong>refutavit</strong></span> <span class='ocrx_word' id='word_1_867' title='bbox 3308 4669 3797 4723; x_wconf 86' lang='lat' dir='ltr'><strong>exinanitionem?</strong></span> 
     </span>
    </p>
   </div>
   <div class='ocr_carea' id='block_1_109' title="bbox 2191 4760 3798 4829">
    <p class='ocr_par' dir='ltr' id='par_1_109' title="bbox 2191 4760 3798 4829">
     <span class='ocr_line' id='line_1_109' title="bbox 2191 4760 3798 4829; baseline -0.002 -12"><span class='ocrx_word' id='word_1_868' title='bbox 2191 4761 2501 4819; x_wconf 81' lang='lat' dir='ltr'><strong>Exinanitio</strong></span> <span class='ocrx_word' id='word_1_869' title='bbox 2529 4769 2708 4817; x_wconf 87' lang='lat' dir='ltr'><strong>autem</strong></span> <span class='ocrx_word' id='word_1_870' title='bbox 2736 4762 2848 4816; x_wconf 92' lang='lat' dir='ltr'><strong>Deo</strong></span> <span class='ocrx_word' id='word_1_871' title='bbox 2875 4760 3053 4816; x_wconf 84' lang='lat' dir='ltr'><strong>Verbo</strong></span> <span class='ocrx_word' id='word_1_872' title='bbox 3099 4760 3400 4815; x_wconf 87' lang='lat' dir='ltr'><strong>versionem</strong></span> <span class='ocrx_word' id='word_1_873' title='bbox 3440 4761 3568 4829; x_wconf 86' lang='lat' dir='ltr'><strong>pati</strong></span> <span class='ocrx_word' id='word_1_874' title='bbox 3612 4761 3798 4816; x_wconf 78' lang='lat' dir='ltr'><strong>nesch</strong></span> 
     </span>
    </p>
   </div>
   <div class='ocr_carea' id='block_1_110' title="bbox 2191 4849 3799 4920">
    <p class='ocr_par' dir='ltr' id='par_1_110' title="bbox 2191 4849 3799 4920">
     <span class='ocr_line' id='line_1_110' title="bbox 2191 4849 3799 4920; baseline -0.003 -12"><span class='ocrx_word' id='word_1_875' title='bbox 2191 4860 2273 4908; x_wconf 90' lang='lat' dir='ltr'><strong>est</strong></span> <span class='ocrx_word' id='word_1_876' title='bbox 2300 4851 2476 4907; x_wconf 77' lang='lat' dir='ltr'><strong>facere</strong></span> <span class='ocrx_word' id='word_1_877' title='bbox 2498 4867 2561 4907; x_wconf 89' lang='lat' dir='ltr'><strong>ac</strong></span> <span class='ocrx_word' id='word_1_878' title='bbox 2597 4851 2780 4906; x_wconf 88' lang='lat' dir='ltr'><strong>dicere</strong></span> <span class='ocrx_word' id='word_1_879' title='bbox 2806 4849 3059 4920; x_wconf 88' lang='lat' dir='ltr'><strong>quiddam</strong></span> <span class='ocrx_word' id='word_1_880' title='bbox 3101 4850 3387 4904; x_wconf 89' lang='lat' dir='ltr'><strong>humanum</strong></span> <span class='ocrx_word' id='word_1_881' title='bbox 3413 4861 3664 4920; x_wconf 84' lang='lat' dir='ltr'><strong>prepter</strong></span> <span class='ocrx_word' id='word_1_882' title='bbox 3692 4851 3799 4904; x_wconf 61' lang='lat' dir='ltr'><strong>dis-</strong></span> 
     </span>
    </p>
   </div>
   <div class='ocr_carea' id='block_1_111' title="bbox 2192 4939 3803 5013">
    <p class='ocr_par' dir='ltr' id='par_1_111' title="bbox 2192 4939 3803 5013">
     <span class='ocr_line' id='line_1_111' title="bbox 2192 4939 3803 5013; baseline -0.002 -15"><span class='ocrx_word' id='word_1_883' title='bbox 2192 4943 2527 5013; x_wconf 87' lang='lat' dir='ltr'><strong>pensativum</strong></span> <span class='ocrx_word' id='word_1_884' title='bbox 2556 4942 2622 4997; x_wconf 89' lang='lat' dir='ltr'><strong>ad</strong></span> <span class='ocrx_word' id='word_1_885' title='bbox 2646 4956 2860 4997; x_wconf 89' lang='lat' dir='ltr'><strong>carnem</strong></span> <span class='ocrx_word' id='word_1_886' title='bbox 2889 4950 3234 4997; x_wconf 87' lang='lat' dir='ltr'><strong>conventum.</strong></span> <span class='ocrx_word' id='word_1_887' title='bbox 3272 4959 3289 4992; x_wconf 77' lang='grc' dir='ltr'><strong>ι</strong></span> <span class='ocrx_word' id='word_1_888' title='bbox 3325 4939 3539 4994; x_wconf 87' lang='lat' dir='ltr'><strong>lterum</strong></span> <span class='ocrx_word' id='word_1_889' title='bbox 3572 4950 3803 4996; x_wconf 70' lang='lat' dir='ltr'><strong>sanctus</strong></span> 
     </span>
    </p>
   </div>
   <div class='ocr_carea' id='block_1_112' title="bbox 2190 5029 3803 5105">
    <p class='ocr_par' dir='ltr' id='par_1_112' title="bbox 2190 5029 3803 5105">
     <span class='ocr_line' id='line_1_112' title="bbox 2190 5029 3803 5105; baseline -0.002 -18"><span class='ocrx_word' id='word_1_890' title='bbox 2190 5032 2421 5105; x_wconf 85' lang='lat' dir='ltr'><strong>Cyrillus</strong></span> <span class='ocrx_word' id='word_1_891' title='bbox 2465 5033 2519 5088; x_wconf 91' lang='lat' dir='ltr'><strong>in</strong></span> <span class='ocrx_word' id='word_1_892' title='bbox 2548 5033 2738 5089; x_wconf 84' lang='lat' dir='ltr'><strong>eodem</strong></span> <span class='ocrx_word' id='word_1_893' title='bbox 2769 5033 2908 5088; x_wconf 88' lang='lat' dir='ltr'><strong>libro</strong></span> <span class='ocrx_word' id='word_1_894' title='bbox 2937 5041 3124 5088; x_wconf 90' lang='lat' dir='ltr'><strong>contra</strong></span> <span class='ocrx_word' id='word_1_895' title='bbox 3151 5030 3516 5086; x_wconf 85' lang='lat' dir='ltr'><strong>Nestorianos</strong></span> <span class='ocrx_word' id='word_1_896' title='bbox 3547 5029 3674 5084; x_wconf 74' lang='lat' dir='ltr'><strong>hmo</strong></span> <span class='ocrx_word' id='word_1_897' title='bbox 3704 5031 3803 5085; x_wconf 85' lang='lat' dir='ltr'><strong>ha-</strong></span> 
     </span>
    </p>
   </div>
   <div class='ocr_carea' id='block_1_113' title="bbox 2190 5119 3858 5194">
    <p class='ocr_par' dir='ltr' id='par_1_113' title="bbox 2190 5119 3858 5194">
     <span class='ocr_line' id='line_1_113' title="bbox 2190 5119 3858 5194; baseline -0.002 -15"><span class='ocrx_word' id='word_1_898' title='bbox 2190 5125 2314 5179; x_wconf 89' lang='lat' dir='ltr'><strong>bet:</strong></span> <span class='ocrx_word' id='word_1_899' title='bbox 2353 5142 2372 5175; x_wconf 84' lang='grc' dir='ltr'><strong>ι</strong></span> <span class='ocrx_word' id='word_1_900' title='bbox 2403 5123 2649 5194; x_wconf 84' lang='lat' dir='ltr'><strong>Nunquid</strong></span> <span class='ocrx_word' id='word_1_901' title='bbox 2696 5124 2854 5192; x_wconf 79' lang='lat' dir='ltr'><strong>igitur</strong></span> <span class='ocrx_word' id='word_1_902' title='bbox 2880 5124 3089 5178; x_wconf 89' lang='lat' dir='ltr'><strong>divinus</strong></span> <span class='ocrx_word' id='word_1_903' title='bbox 3116 5121 3310 5179; x_wconf 90' lang='lat' dir='ltr'><strong>Paulus</strong></span> <span class='ocrx_word' id='word_1_904' title='bbox 3339 5119 3447 5176; x_wconf 82' lang='lat' dir='ltr'><strong>ﬁde</strong></span> <span class='ocrx_word' id='word_1_905' title='bbox 3475 5119 3806 5180; x_wconf 79' lang='lat' dir='ltr'><strong>sanctiﬁca-</strong></span> <span class='ocrx_word' id='word_1_906' title='bbox 3852 5155 3858 5160; x_wconf 75' lang='lat'><strong><em>~</em></strong></span> 
     </span>
    </p>
   </div>
   <div class='ocr_carea' id='block_1_114' title="bbox 2193 5212 3802 5286">
    <p class='ocr_par' dir='ltr' id='par_1_114' title="bbox 2193 5212 3802 5286">
     <span class='ocr_line' id='line_1_114' title="bbox 2193 5212 3802 5286; baseline -0.003 -17"><span class='ocrx_word' id='word_1_907' title='bbox 2193 5224 2276 5271; x_wconf 91' lang='lat' dir='ltr'><strong>tos</strong></span> <span class='ocrx_word' id='word_1_908' title='bbox 2305 5214 2536 5284; x_wconf 83' lang='lat' dir='ltr'><strong>seduxit,</strong></span> <span class='ocrx_word' id='word_1_909' title='bbox 2560 5216 2838 5286; x_wconf 90' lang='lat' dir='ltr'><strong>perspicue</strong></span> <span class='ocrx_word' id='word_1_910' title='bbox 2866 5214 2933 5269; x_wconf 89' lang='lat' dir='ltr'><strong>de</strong></span> <span class='ocrx_word' id='word_1_911' title='bbox 2957 5212 3241 5281; x_wconf 85' lang='lat' dir='ltr'><strong>Unigenito</strong></span> <span class='ocrx_word' id='word_1_912' title='bbox 3261 5212 3478 5267; x_wconf 88' lang='lat' dir='ltr'><strong>dicens:</strong></span> <span class='ocrx_word' id='word_1_913' title='bbox 3515 5213 3668 5269; x_wconf 88' lang='lat' dir='ltr'><strong>Cum</strong></span> <span class='ocrx_word' id='word_1_914' title='bbox 3722 5230 3802 5268; x_wconf 69' lang='lat'><strong>0:-</strong></span> 
     </span>
    </p>
   </div>
   <div class='ocr_carea' id='block_1_115' title="bbox 2190 5302 3804 5375">
    <p class='ocr_par' dir='ltr' id='par_1_115' title="bbox 2190 5302 3804 5375">
     <span class='ocr_line' id='line_1_115' title="bbox 2190 5302 3804 5375; baseline -0.002 -13"><span class='ocrx_word' id='word_1_915' title='bbox 2190 5315 2275 5362; x_wconf 92' lang='lat' dir='ltr'><strong>set</strong></span> <span class='ocrx_word' id='word_1_916' title='bbox 2318 5306 2486 5371; x_wconf 84' lang='lat' dir='ltr'><strong>dives,</strong></span> <span class='ocrx_word' id='word_1_917' title='bbox 2519 5319 2719 5375; x_wconf 81' lang='lat' dir='ltr'><strong>egenus</strong></span> <span class='ocrx_word' id='word_1_918' title='bbox 2762 5313 2983 5374; x_wconf 90' lang='lat' dir='ltr'><strong>propter</strong></span> <span class='ocrx_word' id='word_1_919' title='bbox 3031 5320 3129 5359; x_wconf 91' lang='lat' dir='ltr'><strong>nos</strong></span> <span class='ocrx_word' id='word_1_920' title='bbox 3176 5302 3394 5358; x_wconf 80' lang='lat' dir='ltr'><strong>eﬂectus</strong></span> <span class='ocrx_word' id='word_1_921' title='bbox 3438 5306 3578 5359; x_wconf 86' lang='lat' dir='ltr'><strong>est?</strong></span> <span class='ocrx_word' id='word_1_922' title='bbox 3619 5305 3804 5360; x_wconf 78' lang='lat' dir='ltr'><strong>Absit.</strong></span> 
     </span>
    </p>
   </div>
   <div class='ocr_carea' id='block_1_116' title="bbox 2192 5396 3811 5468">
    <p class='ocr_par' dir='ltr' id='par_1_116' title="bbox 2192 5396 3811 5468">
     <span class='ocr_line' id='line_1_116' title="bbox 2192 5396 3811 5468; baseline 0.001 -17"><span class='ocrx_word' id='word_1_923' title='bbox 2192 5398 2331 5453; x_wconf 89' lang='lat' dir='ltr'><strong>Vera</strong></span> <span class='ocrx_word' id='word_1_924' title='bbox 2360 5413 2590 5468; x_wconf 89' lang='lat' dir='ltr'><strong>namque</strong></span> <span class='ocrx_word' id='word_1_925' title='bbox 2611 5398 2829 5452; x_wconf 90' lang='lat' dir='ltr'><strong>omnino</strong></span> <span class='ocrx_word' id='word_1_926' title='bbox 2865 5397 3099 5467; x_wconf 90' lang='lat' dir='ltr'><strong>loquitur</strong></span> <span class='ocrx_word' id='word_1_927' title='bbox 3126 5396 3379 5453; x_wconf 82' lang='lat' dir='ltr'><strong>Veritatis</strong></span> <span class='ocrx_word' id='word_1_928' title='bbox 3407 5411 3637 5464; x_wconf 70' lang='lat' dir='ltr'><strong>praeco.</strong></span> <span class='ocrx_word' id='word_1_929' title='bbox 3675 5398 3811 5464; x_wconf 74' lang='lat' dir='ltr'><strong>Quis</strong></span> 
     </span>
    </p>
   </div>
   <div class='ocr_carea' id='block_1_117' title="bbox 2191 5497 3810 5571">
    <p class='ocr_par' dir='ltr' id='par_1_117' title="bbox 2191 5497 3810 5571">
     <span class='ocr_line' id='line_1_117' title="bbox 2191 5497 3810 5571; baseline -0.001 -16"><span class='ocrx_word' id='word_1_930' title='bbox 2191 5499 2334 5555; x_wconf 88' lang='lat' dir='ltr'><strong>enim</strong></span> <span class='ocrx_word' id='word_1_931' title='bbox 2356 5508 2437 5553; x_wconf 91' lang='lat' dir='ltr'><strong>est</strong></span> <span class='ocrx_word' id='word_1_932' title='bbox 2458 5498 2627 5565; x_wconf 88' lang='lat' dir='ltr'><strong>dives,</strong></span> <span class='ocrx_word' id='word_1_933' title='bbox 2643 5508 2698 5554; x_wconf 90' lang='lat' dir='ltr'><strong>et</strong></span> <span class='ocrx_word' id='word_1_934' title='bbox 2719 5499 2989 5567; x_wconf 89' lang='lat' dir='ltr'><strong>quomodo</strong></span> <span class='ocrx_word' id='word_1_935' title='bbox 3011 5497 3181 5554; x_wconf 80' lang='lat' dir='ltr'><strong>factus</strong></span> <span class='ocrx_word' id='word_1_936' title='bbox 3209 5507 3291 5554; x_wconf 90' lang='lat' dir='ltr'><strong>est</strong></span> <span class='ocrx_word' id='word_1_937' title='bbox 3309 5500 3570 5566; x_wconf 68' lang='lat' dir='ltr'><strong>egenus?</strong></span> <span class='ocrx_word' id='word_1_938' title='bbox 3599 5500 3665 5556; x_wconf 88' lang='lat' dir='ltr'><strong>Si</strong></span> <span class='ocrx_word' id='word_1_939' title='bbox 3690 5500 3810 5571; x_wconf 76' lang='lat' dir='ltr'><strong>qni-</strong></span> 
     </span>
    </p>
   </div>
   <div class='ocr_carea' id='block_1_118' title="bbox 2194 5587 3810 5661">
    <p class='ocr_par' dir='ltr' id='par_1_118' title="bbox 2194 5587 3810 5661">
     <span class='ocr_line' id='line_1_118' title="bbox 2194 5587 3810 5661; baseline -0.001 -17"><span class='ocrx_word' id='word_1_940' title='bbox 2194 5589 2340 5654; x_wconf 90' lang='lat' dir='ltr'><strong>dem,</strong></span> <span class='ocrx_word' id='word_1_941' title='bbox 2370 5587 2819 5659; x_wconf 89' lang='lat' dir='ltr'><strong>quemadmodum</strong></span> <span class='ocrx_word' id='word_1_942' title='bbox 2866 5588 3066 5661; x_wconf 80' lang='lat' dir='ltr'><strong>sentire</strong></span> <span class='ocrx_word' id='word_1_943' title='bbox 3112 5603 3174 5643; x_wconf 89' lang='lat' dir='ltr'><strong>ac</strong></span> <span class='ocrx_word' id='word_1_944' title='bbox 3221 5587 3478 5658; x_wconf 88' lang='lat' dir='ltr'><strong>proloqui</strong></span> <span class='ocrx_word' id='word_1_945' title='bbox 3524 5592 3655 5644; x_wconf 85' lang='lat' dir='ltr'><strong>ausi</strong></span> <span class='ocrx_word' id='word_1_946' title='bbox 3687 5597 3810 5645; x_wconf 81' lang='lat' dir='ltr'><strong>sunt</strong></span> 
     </span>
    </p>
   </div>
   <div class='ocr_carea' id='block_1_119' title="bbox 2194 5680 3817 5754">
    <p class='ocr_par' dir='ltr' id='par_1_119' title="bbox 2194 5680 3817 5754">
     <span class='ocr_line' id='line_1_119' title="bbox 2194 5680 3817 5754; baseline -0.002 -17"><span class='ocrx_word' id='word_1_947' title='bbox 2194 5682 2441 5752; x_wconf 84' lang='lat' dir='ltr'><strong>quidam,</strong></span> <span class='ocrx_word' id='word_1_948' title='bbox 2473 5683 2636 5738; x_wconf 87' lang='lat' dir='ltr'><strong>homo</strong></span> <span class='ocrx_word' id='word_1_949' title='bbox 2665 5689 2968 5753; x_wconf 84' lang='lat' dir='ltr'><strong>assumptus</strong></span> <span class='ocrx_word' id='word_1_950' title='bbox 3013 5688 3094 5738; x_wconf 89' lang='lat' dir='ltr'><strong>est</strong></span> <span class='ocrx_word' id='word_1_951' title='bbox 3119 5697 3147 5735; x_wconf 89' lang='lat' dir='ltr'><strong>a</strong></span> <span class='ocrx_word' id='word_1_952' title='bbox 3179 5680 3309 5745; x_wconf 81' lang='lat' dir='ltr'><strong>Deo,</strong></span> <span class='ocrx_word' id='word_1_953' title='bbox 3335 5681 3640 5747; x_wconf 85' lang='lat' dir='ltr'><strong>quomodo</strong></span> <span class='ocrx_word' id='word_1_954' title='bbox 3673 5697 3817 5754; x_wconf 81' lang='lat' dir='ltr'><strong>pan-</strong></span> 
     </span>
    </p>
   </div>
   <div class='ocr_carea' id='block_1_120' title="bbox 2193 5771 3825 5845">
    <p class='ocr_par' dir='ltr' id='par_1_120' title="bbox 2193 5771 3825 5845">
     <span class='ocr_line' id='line_1_120' title="bbox 2193 5771 3825 5845; baseline -0.001 -17"><span class='ocrx_word' id='word_1_955' title='bbox 2193 5787 2290 5843; x_wconf 85' lang='lat' dir='ltr'><strong>per</strong></span> <span class='ocrx_word' id='word_1_956' title='bbox 2309 5771 2480 5828; x_wconf 79' lang='lat' dir='ltr'><strong>factus</strong></span> <span class='ocrx_word' id='word_1_957' title='bbox 2492 5782 2573 5828; x_wconf 91' lang='lat' dir='ltr'><strong>est</strong></span> <span class='ocrx_word' id='word_1_958' title='bbox 2591 5772 2935 5844; x_wconf 81' lang='lat' dir='ltr'><strong>derogabitur</strong></span> <span class='ocrx_word' id='word_1_959' title='bbox 2957 5773 2978 5795; x_wconf 78' lang='lat'><strong><em>‘</em></strong></span> <span class='ocrx_word' id='word_1_960' title='bbox 2997 5773 3044 5829; x_wconf 87' lang='lat' dir='ltr'><strong>is</strong></span> <span class='ocrx_word' id='word_1_961' title='bbox 3064 5771 3152 5843; x_wconf 88' lang='lat' dir='ltr'><strong>qui</strong></span> <span class='ocrx_word' id='word_1_962' title='bbox 3167 5776 3479 5841; x_wconf 75' lang='lat' dir='ltr'><strong>aSsumptus</strong></span> <span class='ocrx_word' id='word_1_963' title='bbox 3498 5781 3615 5841; x_wconf 86' lang='lat' dir='ltr'><strong>est,</strong></span> <span class='ocrx_word' id='word_1_964' title='bbox 3644 5773 3825 5845; x_wconf 73' lang='lat' dir='ltr'><strong>digni~</strong></span> 
     </span>
    </p>
   </div>
   <div class='ocr_carea' id='block_1_121' title="bbox 573 5857 2637 5936">
    <p class='ocr_par' dir='ltr' id='par_1_121' title="bbox 573 5857 2637 5936">
     <span class='ocr_line' id='line_1_121' title="bbox 573 5857 2637 5936; baseline 0.001 -20"><span class='ocrx_word' id='word_1_965' title='bbox 573 5862 594 5881; x_wconf 86' lang='lat'><strong>&#39;</strong></span> <span class='ocrx_word' id='word_1_966' title='bbox 624 5857 968 5934; x_wconf 79' lang='lat' dir='ltr'><strong>Derogabitur</strong></span> <span class='ocrx_word' id='word_1_967' title='bbox 988 5858 1396 5929; x_wconf 81' lang='lat' dir='ltr'><strong>expungendum</strong></span> <span class='ocrx_word' id='word_1_968' title='bbox 1420 5857 1651 5914; x_wconf 88' lang='lat' dir='ltr'><strong>clamant</strong></span> <span class='ocrx_word' id='word_1_969' title='bbox 1675 5867 1851 5917; x_wconf 88' lang='lat' dir='ltr'><strong>textus</strong></span> <span class='ocrx_word' id='word_1_970' title='bbox 1873 5860 2089 5920; x_wconf 71' lang='lat' dir='ltr'><strong>Gmcus</strong></span> <span class='ocrx_word' id='word_1_971' title='bbox 2115 5873 2170 5922; x_wconf 89' lang='lat' dir='ltr'><strong>et</strong></span> <span class='ocrx_word' id='word_1_972' title='bbox 2198 5865 2453 5936; x_wconf 73' lang='lat' dir='ltr'><strong>syntaxis.</strong></span> <span class='ocrx_word' id='word_1_973' title='bbox 2484 5863 2637 5920; x_wconf 83' lang='grc' dir='ltr'>Εοιτ.</span> 
     </span>
    </p>
   </div>
  </div>
