4000 6186
329 391 436 447 ’501
1468 384 1838 441 JUSTINlAM
1879 383 2015 440 IMP.
2057 383 2406 441 EPISTOLA.
3490 383 3596 439 30‘!

317 509 559 565 οέὄληται
601 505 724 579 παρ’
775 505 942 559 αὐτῶν
992 505 1024 561 ἡ
1081 501 1325 573 emanet;
1383 502 1452 560 ὡς
1510 502 1903 572 κατακομίσασα

2012 499 2204 553 tatibus
2224 515 2387 569 super
2406 507 2651 552 naturam
2684 496 2975 566 ellulgens?
2995 510 3116 549 nam
3139 492 3468 565 gloriﬁcatus
3486 509 3590 564 eet;

312 603 443 677 πρὸς
469 601 529 655 τὸ
558 606 714 670 μεῖον,
747 601 828 653 καὶ
856 598 982 672 πρὸς
1006 618 1063 670 γε
1092 597 1146 651 τὸ
1179 594 1569 669 δυσκλεέστερον
1600 598 1657 648 τὸ
1689 602 1780 653 τῆς
1810 594 1898 647 ἀν-

310 692 637 767 θρωπᾶητος
672 693 878 765 μέτρον.
908 687 1031 742 Ἀλλ’
1061 686 1157 742 ὦδε
1207 694 1407 761 φρονεῖν
1452 685 1677 757 ἀπηχὲς.
1711 686 1901 738 O-Jxofw

307 789 397 841 οὐκ
421 788 756 855 ἐπτώχευσεν
779 783 805 837 5
826 783 1139 856 ἀναληφθεὶς·
1166 783 1392 838 λείπεται
1411 783 1576 835 τοίνυν
1605 782 1762 836 εἰπεῖν
1777 823 1790 844 ,
1820 779 1898 835 ὄτι

309 883 506 953 )ἐ-ιο·ιεν
532 881 585 933 ἓν
610 878 855 952 πτωχεία
879 884 943 951 τῇ
970 876 1079 930 καθ’
1107 877 1243 946 ἡμᾶς
1272 873 1298 930 5
1326 874 1568 934 πλούσιος
1597 876 1665 935 ὡς
1693 874 1835 935 Θεός.
1873 892 1892 926 ε

376 1251 605 1320 Ὁμοίως
633 1245 687 1303 δὲ
706 1251 790 1303 καί
817 1247 844 1303 5
867 1248 915 1302 ἐν
934 1247 1098 1319 ἁγίοις
1128 1249 1408 1323 Γρηγὸριος
1436 1246 1463 1305 5
1487 1249 1718 1323 θεολὸγος
1748 1250 1799 1303 ἓν
1827 1255 1902 1319 τῷ

303 1340 436 1411 λόγῳ
483 1348 560 1411 τῷ
589 1343 708 1415 περί
732 1346 835 1394 τῶν
868 1340 1138 1411 θεοφανίων
1165 1338 1299 1394 οὕτω
1337 1338 1491 1411 λέγει·
1516 1356 1535 1390 ε
1563 1338 1812 1413 Προελθὼν
1846 1336 1901 1393 δὲ

300 1432 431 1492 Θεὸς
473 1430 606 1499 μετά
637 1437 731 1489 τῆς
764 1427 1133 1506 προσλήψεως,
1184 1426 1237 1482 ἓν
1282 1429 1337 1482 ix
1379 1426 1471 1483 δύο
1520 1435 1621 1485 τῶν
1666 1431 1899 1484 ἐναντίων

302 1522 504 1595 σαρκὸς
538 1524 622 1574 καί
648 1524 960 1590 πνεύματος,
998 1516 1065 1574 ὧν
1100 1519 1159 1574 τὸ
1187 1520 1279 1590 μὲν
1303 1519 1504 1584 ἒθίωσε,
1534 1520 1591 1573 τὸ
1618 1517 1672 1574 δέ
1703 1520 1899 1577 ἑθεὼθη.

304 1610 383 1666 'n
401 1623 496 1675 τῆς
523 1622 700 1673 γαινῆς
725 1614 931 1685 μίξεως,
958 1608 997 1664 ὦ
1020 1619 1114 1672 τῆς
1142 1609 1426 1689 παραδόξου
1469 1613 1717 1687 κράσεως.
1748 1621 1807 1665 '0
1835 1610 1902 1667 ὧν

296 1705 520 1775 γίνεται,
539 1704 629 1757 καί
656 1701 687 1757 ὅ
710 1698 943 1761 ἅκτιστος
975 1702 1214 1767 κτίζεται,
1242 1702 1327 1754 καί
1355 1698 1382 1754 5
1405 1701 1682 1775 ἀχώρητος
1706 1708 1905 1773 χωρεῖ-

2004 590 2092 644 vel
2140 590 2184 645 si
2210 590 2314 645 hoc
2341 603 2678 658 nequaquam
2705 603 2893 643 verum
2917 594 3023 655 est,
3048 587 3114 642 ab
3142 588 3221 643 eis
3241 591 3595 659 assumptioni

2003 680 2146 750 quod
2179 679 2288 752 [F.
2338 680 2461 752 leg.,
2492 679 2849 735 obtrectatum
2897 688 2980 734 est
3011 680 3079 734 ab
3124 680 3204 735 eis
3231 682 3592 749 assumptioni

2002 771 2178 843 quasi]
2204 786 2327 827 eum
2350 771 2417 826 ad
2446 770 2819 842 ignobiliorem
2840 778 3004 839 atque
3022 768 3286 825 minorem
3308 768 3597 825 deduxerit

2002 867 2350 923 humanitatis
2375 878 2682 922 mensuram
2709 863 2788 918 :id
2815 878 2981 934 porro
3009 862 3298 919 absurdum
3327 874 3411 917 est
3437 863 3591 931 cogi~

2007 966 2143 1013 tare.
2192 957 2309 1013 Non
2342 958 2501 1028 igitur
2529 970 2730 1025 egenus
2755 956 2929 1011 factus
2955 965 3040 1011 est
3079 962 3423 1026 assumptus:
3464 955 3594 1010 reli—

2004 1063 2170 1118 quum
2190 1057 2272 1105 est
2287 1064 2414 1117 ergo
2439 1057 2497 1103 ιιι
2511 1048 2753 1103 dicamus
2772 1047 2827 1101 in
2848 1055 3164 1117 paupertate
3190 1054 3375 1103 nostra
3390 1046 3590 1104 factum

2008 1166 2126 1208 esse
2154 1167 2277 1207 eum
2301 1151 2415 1222 qui,
2438 1157 2693 1219 tanquam
2716 1147 2876 1208 Deus.
2906 1148 3055 1203 dives
3075 1159 3213 1204 erat.
3243 1168 3263 1202 ι

2079 1243 2335 1299 Similiter
2376 1242 2433 1298 S.
2473 1241 2765 1312 Gregorius
2801 1239 3104 1311 Theologus
3144 1243 3197 1296 in
3234 1258 3485 1299 sermone
3522 1242 3594 1298 de

2009 1338 2208 1396 Christi
2237 1337 2411 1392 Natali
2448 1337 2565 1392 tunc
2601 1335 2765 1391 habet
2795 1354 2810 1390 :
2848 1357 2866 1390 ε
2895 1335 3216 1406 Progressus
3240 1345 3421 1391 autem
3450 1335 3591 1392 Deus

2003 1445 2125 1485 cum
2145 1428 2500 1493 humanitate,
2524 1441 2688 1482 unum
2716 1442 2783 1481 ex
2804 1426 3013 1482 duobus
3039 1426 3180 1482 inter
3197 1441 3256 1481 se
3282 1428 3586 1493 contrariis,

2005 1535 2169 1575 carne
2194 1519 2445 1574 nimirum
2472 1526 2527 1573 et
2554 1518 2766 1589 spiritu,
2787 1533 3017 1589 quorum
3046 1518 3274 1573 alterum
3299 1519 3586 1588 deiﬁcavit,

2005 1612 2236 1667 alterum
2264 1610 2570 1667 deiﬁeatum
2597 1618 2698 1667 est.
2730 1609 2775 1665 Ο
2802 1626 2999 1666 novam
3028 1611 3376 1668 mixtionem!
3424 1628 3458 1668 o
3487 1611 3583 1668 ad-

2004 1703 2305 1759 mirandam
2338 1702 2813 1774 temperationem!
2860 1701 2962 1771 Qui
2988 1710 3092 1774 est,
3123 1701 3213 1771 tit;
3260 1704 3352 1776 qui
3377 1713 3591 1763 creatus

292 1818 393 1851 ται
418 1794 506 1851 διά
545 1796 710 1868 μέσης
737 1794 926 1865 ψυχῆς
967 1798 1147 1867 νοερᾶς
1183 1794 1553 1864 μεσιτευούσης
1581 1793 1781 1853 θεότητι
1814 1796 1900 1848 καί

2012 1811 2117 1852 ηοη
2139 1802 2242 1859 est,
2267 1803 2515 1859 creatur;
2542 1794 2636 1864 qui
2664 1795 2811 1850 nullo
2833 1794 2954 1852 loco
2982 1796 3248 1852 contineri
3272 1806 3469 1869 potest.
3491 1813 3592 1869 per

299 1887 507 1961 σαρκὶς
525 1887 821 1957 παχύτητι,
852 1887 938 1940 καί
961 1886 988 1938 ὁ
1014 1885 1296 1948 πλουτίζων
1320 1885 1611 1954 πτωχεύει’
1633 1886 1901 1955 πτωχεύει

306 1980 407 2052 τὰρ
449 1983 545 2037 τὴν
587 1977 709 2048 ιμήν
748 1978 1027 2051 κάθαρσιν,
1066 1975 1128 2029 ἵν’
1151 1975 1247 2047 ἐγὼ
1293 1974 1567 2035 πλουτήσει»
1607 1980 1698 2035 τήν
1743 1976 1899 2032 αὐτοῦ

288 2068 537 2126 οεότητα.
565 2071 645 2121 καί
673 2065 699 2121 5
721 2067 916 2143 πλήρης
942 2069 1192 2120 κενοῦταε·
1215 2070 1448 2120 κενοῦται
1466 2066 1567 2139 γὰρ
1590 2074 1684 2129 τῆς
1710 2066 1898 2122 ἑαυτοῦ

302 2157 457 2224 δόξης
500 2160 588 2216 επὶ
616 2161 815 2236 μικρὸν,
839 2158 904 2213 ἶν’
931 2156 1033 2232 εγὼ
1060 2165 1152 2220 τῆς
1181 2157 1367 2213 ἐκείνου
1400 2159 1673 2231 μεταλάϐω
1700 2159 1903 2239 πληρῶ-

306 2271 465 2313 σεως.
492 2270 512 2305 1

382 2524 526 2583 Ἀλλά
568 2529 656 2581 καί
682 2525 709 2581 5
752 2525 801 2579 ἓν
845 2523 1008 2599 ἁγίοις
1051 2522 1347 2587 ’Δθανάσιος
1390 2525 1681 2598 ἑρμηνεύων
1713 2528 1779 2582 τὰ
1811 2534 1899 2584 τοῦ

311 2619 598 2674 ἀποστόλου
638 2618 769 2695 ρητά
796 2616 1051 2689 λέγοντος,
1086 2634 1105 2669 ε
1133 2613 1194 2689 ⁴ὃς
1215 2616 1263 2670 ἰν
1289 2624 1456 2692 μορφῇ
1483 2622 1610 2670 Θεοῦ
1639 2614 1902 2691 ύπεῖρχων

298 2710 548 2764 ἐκένωσεν
592 2706 794 2774 ἕαυτόν,
823 2712 1017 2785 μορφήν
1047 2706 1228 2762 δούλου
1255 2707 1453 2771 λαϐὼν,
1486 2725 1504 2757 ι
1541 2705 1706 2768 οὕτως
1730 2707 1863 2779 λέγει
1884 2723 1899 2738 ’

297 2825 319 2857 ε
347 2809 418 2860 Τί
443 2806 633 2860 τούτου
655 2801 948 2877 λευκότερον
975 2804 1062 2856 καί
1090 2794 1560 2878 ἀποδεικτικοῖπερον
1588 2802 1782 2873 γένοιτο
1808 2798 1900 2865 ἆν;

298 2899 357 2951 νύ
384 2898 490 2971 γὰρ
525 2892 577 2959 ἓξ
607 2892 885 2949 ἐλαττόνων
923 2892 1131 2963 βελτὶων
1166 2892 1383 2964 ⁹γέγονεν,
1411 2892 1536 2947 ἀλλά
1564 2891 1751 2964 μᾶλλον
1777 2892 1901 2952 Θεὸς

291 2991 586 3061 ὑπάρχων,
621 2992 714 3042 τοῦ
756 2983 935 3040 δούλου
984 2988 1178 3060 μορφήν
1213 2982 1416 3047 ἔλαϐεν,
1442 2985 1528 3038 καὶ
1553 2985 1604 3038 ἐν
1631 2991 1705 3054 τῷ
1731 2984 1902 3039 λαϐεῖν

296 3082 400 3136 σῦκ
426 3078 715 3141 amnes»,
735 3076 840 3130 ἀλλ’
856 3067 1192 3130 ἐταπείνωσεν
1213 3073 1410 3131 ἑαυτὸν.
1425 3093 1443 3126 t
1468 3078 1562 3129 Kal
1577 3074 1691 3147 μετ’
1713 3076 1898 3149 ὀλίγον·

302 3187 327 3224 σ
357 3168 498 3224 τίδὲ
528 3167 683 3224 τοῦτό
720 3168 887 3234 ἔστιν,
914 3166 944 3225 ἦ
974 3166 1057 3221 τὸν
1085 3167 1135 3220 ἐν
1161 3173 1324 3241 μορφῇ
1359 3172 1488 3221 Θεοῦ
1521 3161 1661 3230 ὅντα,
1688 3170 1774 3222 καί
1820 3168 1901 3222 s5-

306 3269 482 3337 κενούς
510 3262 713 3336 πατρὸς
739 3260 846 3313 υὲὸν
886 3263 1202 3313 ταπεινῶσαι
1231 3256 1431 3319 ἑαυτὸν,
1463 3258 1548 3310 καί
1572 3254 1748 3312 δοῦλον
1790 3258 1897 3312 ἀνθ’

305 3359 451 3426 ἐμῶν
470 3358 555 3407 καὶ
583 3353 717 3426 ύπὶρ
743 3353 882 3420 ἡμῶν
907 3349 1204 3419 γενέσθαι;›
1232 3350 1333 3403 Καί
1357 3348 1467 3418 μετ’
1486 3348 1698 3421 ὀλίγον’(
1719 3357 1776 3401 ‘0
1794 3351 1897 3423 γάρ

295 3448 456 3517 λόγος
484 3445 616 3517 σάρξ
644 3443 855 3514 ἐγένετο,
882 3443 964 3496 καί
1015 3441 1217 3511 λέγεται
1240 3439 1320 3494 ὄτι
1344 3444 1368 3493 ὁ
1388 3445 1616 3500 τοιοῦτος
1639 3437 1896 3519 ἄνθρωπος

308 3539 363 3601 ἐξ
394 3538 635 3612 ούρανοῦ,
666 3536 751 3588 καὶ
780 3533 1093 3613 ἐπουράνιος,
1122 3530 1208 3587 διὰ
1243 3531 1301 3587 τὸ
1338 3532 1387 3596 ἐξ
1432 3533 1651 3605 ούρανοῦ
1681 3530 1900 3589 καταϐε-

310 3627 522 3687 ϐηιέναε
547 3624 638 3680 τὸν
664 3621 831 3693 λόγον.
850 3639 870 3671 ι

384 3715 531 3772 Ἀ)λά
554 3718 643 3771 καί
672 3714 700 3768 5
725 3715 775 3768 ἐν
800 3713 961 3785 ἁγίοις
996 3711 1271 3787 Γρηγὸριος
1313 3709 1340 3765 5
1379 3711 1655 3772 ίπίσκοπος
1694 3710 1908 3771 Νύσσης

314 3798 449 3852 κατὰ
483 3797 727 3864 Εὗνομίου
755 3797 808 3848 ἑν
837 3803 909 3866 τῷ
933 3799 1091 3872 τρίτῳ
1128 3796 1259 3868 λόγῳ
1290 3794 1453 3855 οὕτως
1482 3797 1647 3866 λέγει’
1675 3809 1700 3849 ἐ
1730 3803 1909 3852 Ταῦτα

315 3890 441 3959 περί
475 3888 564 3941 τὸν
606 3888 989 3961 ἐσταυρωμένον
1036 3889 1183 3957 ἡμεῖς
1225 3890 1670 3960 πεπιστεύκαμεν⁶
1704 3892 1788 3944 καὶ
1825 3888 1910 3946 διὰ

318 3983 476 4030 τοῦτο
520 3974 909 4051 ύπερυψοῦντες
952 3977 1080 4031 κατὰ
1121 3977 1181 4033 ’τὸ
1226 3978 1468 4052 ἡμέτερον
1517 3985 1609 4037 τῆς
1651 3975 1912 4050 δυνάμεως

322 4068 507 4141 μέτρον
539 4068 630 4121 οὐκ
674 4068 1022 4139 ἀπολήνομεν.
1053 4066 1133 4122 ὅτι
1169 4066 1195 4123 5
1228 4065 1402 4139 μηδενί
1436 4069 1679 4143 χωρητός
1715 4067 1799 4125 διὰ
1823 4075 1913 4130 τήν

321 4158 590 4232 ἄοραστον
609 4161 766 4215 αύτοῦ
786 4162 875 4214 καί
891 4160 1168 4236 ἀπρόσιτον
1186 4160 1575 4232 μεγαλειότητα.
1595 4161 1723 4220 πλὴν
1742 4161 1915 4236 ἑαυτῷ

322 4256 409 4307 καί
435 4249 508 4324 τῷ
535 4255 717 4328 nat-pl,
740 4255 917 4323 καὶτῷ
942 4254 1197 4323 ῐινεύματι
1217 4261 1290 4325 τῷ
1316 4252 1463 4325 ἁγίῳ,
1495 4249 1647 4314 οὗτος
1676 4256 1760 4309 καί
1783 4256 1916 4329 πρὸς

325 4345 580 4397 κοινωνίαν
606 4349 700 4401 τῆς
735 4343 1001 4401 ἀσθενείας
1041 4343 1181 4401 ἡμῶν
1211 4341 1467 4396 κατελθεῖν
1500 4339 1745 4401 ἠδυνήθη·
1783 4342 1830 4397 οί
1857 4341 1912 4398 δέ

322 4527 442 4583 Tim)
485 4528 621 4603 πρὸς
668 4527 756 4599 τὸν
785 4528 988 4604 Πατέρα
1038 4532 1322 4591 ποιοῦνται,
1360 4526 1420 4583 τὸ
1474 4525 1557 4582 διά
1607 4529 1798 4602 σαρκὸς
1834 4531 1915 4585 καί

322 4625 558 4693 σταυροῦ
583 4619 925 4693 φανερωθῆναι
950 4619 1035 4675 τὸν
1057 4620 1261 4694 Κύριον*
1293 4620 1361 4679 ὡς
1377 4626 1469 4679 τῆς
1493 4622 1585 4690 μὲν
1603 4626 1695 4676 τοῦ
1724 4622 1916 4698 Πατρὸς

324 4708 525 4777 φύσεως
572 4711 804 4782 καθαρῶς
851 4712 902 4764 ίν
936 4711 1158 4784 ἀπαθείᾳ
1196 4706 1565 4781 διαμενούσης,
1616 4712 1701 4764 καί
1741 4708 1918 4783 μηδενὶ

324 4801 502 4875 τρόπῳ
541 4805 634 4859 τήν
664 4802 796 4876 πρὸς
824 4802 883 4857 τὸ
916 4799 1079 4861 πάθος
1107 4805 1359 4857 κοινωνίαν
1396 4800 1732 4868 ἀναδέξασθαι
1766 4800 1918 4858 δυνά-

321 4900 498 4963 μὲνης.
530 4900 623 4949 τοῦ
650 4894 705 4950 δί
731 4897 856 4950 Ϊίοῦ
887 4892 971 4949 διὰ
999 4897 1057 4951 τὸ
1091 4895 1219 4970 πρὸς
1247 4895 1306 4951 τὸ
1330 4898 1699 4971 ταπεινὼτερον
1719 4894 1920 4971 παρηλ-

320 4989 521 5060 λέχθαε
560 4993 653 5048 τήν
692 4990 867 5060 φύσιν,
911 4990 1038 5063 πρὸς
1066 4989 1256 5062 σαρκός
1280 5010 1335 5043 τε
1367 4993 1453 5044 καί
1492 4991 1706 5046 θανάτου
1731 4998 1915 5065 πεῖραν

321 5084 416 5136 οὐκ
435 5080 809 5142 ἀδυνατοῦντος
831 5082 1003 5138 ἐλθεῖν.
1028 5101 1045 5132 ι
1064 5085 1157 5137 Καὶ
1176 5082 1280 5153 μεθ’
1299 5083 1473 5155 ἰτερα·
1496 5100 1514 5132 ε
1535 5086 1626 5138 Διά
1645 5089 1799 5139 τοῦτο
1818 5086 1918 5157 γὰρ

322 5178 413 5229 καί
436 5170 532 5228 τοῦ
556 5177 749 5248 Κυρίου
774 5182 866 5235 τῆς
896 5173 1044 5240 δόξης
1077 5174 1103 5230 5
1145 5176 1369 5249 σταυρὸς
1402 5176 1629 5247 λέγεται,
1662 5179 1744 5231 καί
1777 5182 1922 5232 πᾶσα

321 5269 541 5338 γλῶσσα
573 5266 978 5336 ἰξομολογεῖται.
1018 5265 1097 5322 ὅτι
1123 5268 1307 5343 κύριος
1340 5267 1541 5327 Ἰησοῦς
1583 5269 1801 5340 Χριστὸς
1845 5272 1918 5330 εἰς

323 5358 476 5426 ὂόξιν
521 5367 648 5416 Θεοῦ
688 5361 906 5435 Πατρός.
938 5364 993 5416 Εἰ
1023 5359 1077 5416 δᾶ
1109 5367 1219 5437 χρὴ
1255 5365 1342 5417 καί
1380 5364 1446 5418 τά
1489 5362 1642 5417 λοιπά
1676 5365 1808 5419 κατὰ
1838 5364 1921 5418 τὶν

319 5454 473 5508 αύτᾶν
501 5452 683 5508 διελεῖν
711 5456 921 5527 τρόπον,
950 5453 1244 5526 σκεψόμεθα
1272 5457 1322 5509 τί
1348 5455 1404 5508 τὸ
1424 5455 1754 5519 ἀποθνῆσκον,
1776 5458 1921 5510 καὶτί

320 5540 386 5593 τὸ
414 5535 665 5591 καταλύον
694 5538 780 5588 τὸν
808 5534 1035 5595 θάνατον.
1065 5539 1148 5590 καί
1185 5540 1237 5591 τί
1269 5540 1329 5593 τὸ
1358 5542 1796 5612 ἀνακαινούμενον,
1824 5548 1909 5599 καί

322 5627 380 5682 τί
405 5627 466 5681 τὸ
495 5625 811 5693 κενούμενον·
833 5629 1059 5679 κενοῦται
1081 5625 1170 5695 μὶν
1194 5627 1292 5702 γὰρ
1320 5630 1350 5686 ἡ
1375 5629 1570 5698 θεότης,
1588 5633 1670 5685 ’ἱνα
1694 5638 1910 5709 χωρητή

326 5727 392 5794 τῇ
415 5719 702 5794 ἀνθρωπίνῃ
727 5717 932 5788 γίνηται
958 5717 1122 5789 φύσειο
1155 5720 1507 5777 ἀνακαινοῦται
1547 5722 1600 5778 δὲ
1629 5725 1687 5778 τὸ
1726 5728 1913 5799 ἀνθρὼ-

334 5830 470 5867 ama
501 5807 583 5866 διὰ
612 5817 704 5868 τῆς
731 5809 856 5884 πρὸς
880 5808 939 5863 τὸ
954 5809 1083 5863 θεῖον
1110 5810 1440 5886 ἀνακράσεως
1455 5817 1579 5869 θεῖον
1601 5818 1872 5888 γινομενον.
1888 5836 1905 5868 ε

406 5902 495 5953 καὶ
522 5906 685 5956 ταῦτα
714 5901 802 5967 μὲν
821 5899 875 5952 ἐκ
896 5909 988 5961 τῆς
1014 5899 1343 5966 διδασκαλίας
1373 5912 1469 5961 τῶν
1499 5905 1652 5972 ἀγίων
1676 5911 1908 5982 πατέρων

2003 1888 2368 1945 interventum
2409 1885 2600 1940 anima:
2638 1885 2930 1957 Spiritualis
2967 1886 3106 1942 inter
3155 1886 3489 1943 divinitatem
3534 1901 3592 1944 et

2005 1981 2186 2039 carnis
2214 1979 2515 2037 crassitiem
2541 1979 2753 2034 medius
2794 1979 3119 2035 continetur.
3161 1978 3263 2047 Qui
3336 1980 3591 2051 gloeuples

2004 2073 2142 2131 alios
2175 2072 2348 2139 ditat,
2392 2078 2714 2142 paupertate
2760 2069 3027 2126 atticitur:
3067 2071 3243 2127 carnis
3270 2070 3413 2126 enim
3455 2086 3590 2127 mea:

2002 2172 2374 2239 paupertatem
2417 2162 2618 2227 sumit,
2652 2169 2712 2217 ut
2740 2176 2841 2231 ego
2879 2161 3174 2217 divinitatis
3210 2161 3351 2218 illius
3377 2161 3590 2219 divitias

2000 2270 2321 2333 consequar.
2351 2253 2421 2308 Et
2446 2253 2539 2325 qui
2568 2252 2759 2324 plenus
2783 2259 2903 2319 est,
2934 2252 3241 2308 exinanitnr
3274 2270 3289 2307 :
3318 2267 3413 2309 sua
3443 2253 3588 2308 enim

2004 2347 2177 2417 gloria
2197 2345 2264 2400 ad
2283 2347 2449 2402 breve
2470 2353 2680 2414 tempus
2699 2342 3024 2411 exinanitur,
3046 2350 3108 2399 ut
3127 2356 3229 2413 ego
3245 2342 3592 2414 plenitudinis

2008 2437 2177 2508 ipsius
2202 2436 2475 2506 particeps
2500 2432 2722 2490 emciar.
2760 2452 2781 2486 ι

2076 2527 2184 2585 Sed
2209 2534 2432 2584 sanctus
2467 2526 2633 2582 etiam
2676 2525 3004 2583 Athanasius
3044 2537 3321 2597 exponens
3347 2540 3411 2581 ea
3442 2525 3589 2596 Apo-

2004 2620 2131 2677 stoli
2159 2618 2324 2674 verba
2354 2635 2367 2672 :
2401 2614 2501 2683 Qui
2529 2634 2645 2672 cum
2677 2617 2734 2671 in
2765 2618 2934 2689 forma
2979 2614 3078 2672 Dei
3118 2625 3278 2683 esset,
3308 2617 3590 2673 exinanivit

2005 2713 2331 2783 semetipsum
2357 2750 2374 2779 ,
2421 2712 2645 2782 formam
2683 2710 2814 2764 servi
2857 2709 3117 2779 accipiens
3156 2724 3174 2763 :
3213 2709 3329 2764 Ι]ωο
3360 2708 3590 2763 scribit:

2011 2823 2030 2857 ε
2061 2803 2197 2870 Quid
2234 2803 2340 2859 hoc
2367 2799 2563 2856 clarius
2590 2808 2686 2855 aut
2726 2798 3006 2870 probatius
3042 2812 3162 2855 esse
3192 2798 3438 2869 poterit?
3474 2796 3589 2852 Non

2004 2894 2150 2950 enim
2173 2908 2242 2948 ex
2262 2891 2535 2949 deteriore
2558 2889 2753 2945 melior
2797 2888 2970 2945 factus
2998 2896 3102 2956 est,
3126 2888 3220 2944 sed
3244 2890 3444 2959 potius,
3468 2903 3591 2944 cum

2002 2984 2147 3041 Deus
2173 2990 2341 3051 esset,
2370 2981 2512 3038 servi
2539 2981 2774 3053 speciem
2808 2979 3128 3050 assumpsit;
3158 2993 3335 3049 neque
3358 2979 3412 3034 in
3438 2994 3592 3035 assu-

2003 3075 2201 3133 mendo
2231 3074 2547 3131 melioratus
2573 3080 2689 3141 est,
2718 3070 2817 3127 sed
2843 3069 3141 3127 humiliavit
3166 3070 3529 3141 semetipsum.
3570 3088 3589 3122 ε

2004 3168 2075 3223 Et
2119 3175 2243 3239 post
2289 3181 2463 3236 pauca
2494 3182 2509 3219 :
2548 3184 2568 3218 ε
2604 3164 2746 3233 Quid
2775 3165 2881 3221 hoc
2908 3171 2993 3219 est
3028 3171 3229 3230 autem,
3260 3178 3418 3235 quam
3448 3178 3592 3230 cum,

2004 3260 2097 3332 qui
2151 3261 2206 3316 in
2269 3259 2442 3316 forma
2495 3258 2592 3313 Dei
2646 3265 2791 3315 esset
2842 3257 3142 3328 nobilisque
3186 3255 3359 3312 Patris
3408 3256 3593 3324 Filius,

2003 3355 2314 3411 humiliasse
2342 3354 2709 3424 semetipsum,
2737 3362 2795 3410 et
2817 3369 3031 3409 servum
3078 3369 3177 3424 pro
3213 3353 3369 3414 nobis
3394 3352 3593 3410 factum

2005 3442 2153 3500 esse?
2185 3464 2204 3497 ι
2240 3443 2553 3514 Rursusque
2580 3452 2703 3513 post
2734 3459 2905 3516 pauca
2939 3462 2952 3496 :
2991 3463 3010 3496 ε
3038 3443 3272 3500 Verbum
3301 3444 3443 3501 enim
3469 3459 3595 3500 caro

2006 3535 2212 3592 factum
2241 3543 2356 3601 est,
2386 3535 2693 3604 diciturque
2737 3545 3025 3605 propterea
3054 3536 3142 3590 hic
3172 3536 3335 3591 homo
3360 3536 3429 3592 de
3456 3537 3595 3594 caelo

2020 3621 2918 3696 etcmlestis,quiaVerbumipsum
2955 3624 3024 3680 de
3064 3625 3205 3682 cwlo
3235 3626 3535 3683 descendit.
3570 3647 3591 3682 ε

2082 3715 2313 3771 Sanctus
2349 3713 2557 3785 pariter
2590 3712 2882 3783 Gregorius
2922 3713 3196 3787 Nyssenus
3231 3716 3285 3771 in
3316 3718 3473 3774 tertio
3503 3719 3593 3776 ad-

2009 3821 2198 3866 versus
2242 3805 2564 3862 Eunomium
2614 3805 2752 3861 libro
2796 3805 3013 3862 disserit
3056 3810 3109 3861 in
3142 3808 3285 3864 hunc
3329 3810 3593 3865 modum:

2016 3918 2037 3952 ε
2073 3895 2201 3953 Haec
2248 3897 2351 3968 ipsi
2393 3895 2461 3952 de
2504 3894 2773 3952 Crucitixo
2812 3895 3134 3952 credidimus
3168 3916 3181 3951 :
3217 3897 3400 3970 itaque
3440 3899 3593 3970 juxta

2009 3988 2243 4060 propria:
2270 3986 2485 4042 virtutis
2509 4001 2819 4041 mensuram
2848 3985 3022 4056 ipsum
3052 3987 3315 4045 extollere
3341 4005 3449 4046 non
3477 4005 3594 4047 ces-

2009 4097 2192 4139 samus
2218 4099 2231 4135 :
2261 4079 2406 4152 quod
2442 4080 2646 4136 scilicet
2672 4080 2743 4136 ob
2772 4079 3112 4146 ineﬂabilem,
3144 4083 3596 4143 inaccessibilem-

2008 4187 2115 4243 que
2142 4169 2590 4241 magniﬁcentiam
2618 4185 2769 4226 suam
2800 4171 3056 4228 indivisus
3081 4187 3111 4227 a
3141 4171 3300 4230 Patre
3327 4176 3510 4245 etiam,
3542 4188 3595 4234 et

2005 4277 2037 4318 a
2067 4261 2270 4334 Spiritu
2316 4269 2506 4318 sancto
2551 4260 2621 4316 ad
2663 4270 2862 4317 nostrae.
2906 4260 3235 4321 inﬁrmitatis
3261 4268 3595 4324 communio-

2004 4367 2129 4409 nem
2158 4352 2416 4408 advenire
2459 4353 2697 4423 potuerit
2727 4370 2742 4406 :
2774 4353 2848 4408 illi
2876 4362 3053 4410 autem
3079 4392 3096 4420 ,
3127 4354 3181 4409 id
3220 4368 3594 4425 argumentum
3662 4405 3678 4422 .

321 4438 516 4495 ταύτην
542 4433 801 4499 ἀπόδειξιν
823 4443 917 4495 τῆς
945 4438 1076 4491 κατά
1107 4438 1198 4493 τήν
1226 4434 1377 4505 φύσιν
1406 4434 1794 4507 ἀλλοτριότητος
1822 4441 1906 4492 τοῦ

2012 4456 2342 4505 essenatura
2381 4449 2753 4504 extraneitatis
2803 4450 2924 4505 Filii
2952 4467 2983 4506 a
3012 4450 3172 4508 Patre
3216 4454 3591 4509 constituunt:
3650 4497 3656 4503 .

2010 4539 2328 4610 apparuisse
2353 4540 2606 4595 nimirum
2634 4542 2841 4597 aientes
2868 4541 3155 4599 Dominum
3178 4560 3279 4616 per
3299 4560 3518 4602 carnem
3541 4557 3596 4604 et

2010 4642 2247 4696 crucem,
2275 4628 2353 4684 ita
2380 4636 2441 4684 ut
2460 4638 2686 4701 paterna
2717 4639 2910 4687 natura
2938 4633 2993 4688 in
3013 4633 3442 4705 impassibilitate
3467 4653 3595 4708 per-

2008 4729 2281 4786 manente,
2324 4720 2581 4791 nullaque
2627 4721 2839 4780 ratione
2865 4725 3134 4795 passionis
3159 4731 3594 4786 communionem
3631 4714 3645 4790 ξ

2008 4812 2284 4882 suscipere
2314 4813 2559 4883 potenti,
2589 4812 2785 4881 Filius,
2817 4815 3231 4876 transformatus
3263 4823 3317 4877 in
3344 4819 3595 4877 humilio-

2008 4916 2125 4958 rem
2152 4910 2418 4969 naturam,
2437 4918 2535 4974 per
2557 4919 2774 4960 carnem
2798 4914 2855 4962 et
2874 4916 3106 4965 mortem
3126 4911 3347 4968 minime
3366 4911 3594 4983 incapax

2008 4995 2278 5064 passionis
2306 4995 2603 5052 advenerit.
2634 5016 2652 5052 ι
2682 4997 2752 5053 Et
2777 5008 2900 5070 post
2927 5002 3051 5070 alia,
3079 5003 3257 5059 subdit
3287 5022 3301 5059 :
3337 5023 3358 5057 ε
3390 5004 3595 5062 idcirco

2011 5084 2174 5150 enim,
2200 5091 2255 5140 et
2284 5084 2492 5141 Domini
2518 5087 2863 5155 gloriaavcrux
2889 5091 3102 5158 dicitur,
3132 5101 3189 5148 et
3216 5094 3391 5149 omnis
3415 5094 3595 5165 lingua

2011 5169 2296 5228 Dominum
2340 5170 2521 5230 Jesum
2558 5173 2828 5232 Christum
2852 5179 2907 5232 in
2953 5179 3121 5248 gloria
3150 5180 3244 5237 Dei
3275 5181 3448 5242 Patris
3476 5201 3597 5243 esse

2012 5259 2320 5316 conﬁtetur.
2352 5261 2591 5333 Namque
2619 5265 2663 5319 si
2694 5274 2888 5321 caetera
2917 5268 3079 5322 etiam
3105 5269 3296 5326 eodem
3325 5274 3487 5330 modo
3515 5277 3598 5331 di-

2015 5352 2199 5409 videre
2226 5362 2493 5424 oporteat,
2522 5357 2644 5425 quis
2670 5358 2741 5412 sit
2768 5357 2856 5413 ille
2881 5360 2972 5428 qui
3001 5369 3245 5418 mortuus
3274 5372 3359 5421 est
3387 5373 3599 5438 prospi-

2015 5445 2246 5513 ciemus,
2276 5448 2395 5516 quis
2421 5447 2512 5515 qui
2547 5456 2773 5504 mortem
2815 5448 3119 5507 dissolverit
3148 5471 3162 5507 :
3190 5463 3246 5510 et
3273 5456 3401 5526 quid
3429 5474 3595 5514 rene.

2014 5544 2196 5590 vatum
2221 5579 2234 5602 ,
2263 5539 2390 5608 quid
2420 5548 2599 5594 autem
2646 5541 3009 5597 exinanitum?
3047 5541 3363 5604 Exinanitur
3398 5553 3598 5622 quippe

2016 5629 2286 5695 divinitas,
2318 5640 2376 5684 ut
2402 5632 2749 5689 humanitatis
2771 5635 3121 5705 suscipienda:
3142 5654 3315 5711 capax
3341 5640 3468 5709 ﬁat;
3497 5644 3599 5699 hu-

2019 5720 2249 5775 manitas
2294 5729 2474 5776 autem
2524 5727 2748 5795 propter
2808 5728 3241 5786 commixtionem
3306 5731 3599 5789 divinitatis

2020 5812 2198 5867 divina
2229 5811 2419 5868 ctl‘eeta
2449 5824 2755 5871 renovatur.
2792 5836 2811 5871 ε

2089 5907 2265 5974 Atque
2293 5906 2405 5965 haec
2434 5924 2533 5968 nos
2569 5908 2783 5979 quidem
2821 5926 2889 5968 ex
2916 5920 3224 5971 sanctorum
3250 5912 3468 5972 Patrum
3498 5915 3594 5972 do-

3740 4440 3769 4473 ὁ
