4000 6186
420 382 523 438 ’ὀοὸ

1791 373 2083 429 VlGlLlUS
2132 375 2330 430 PAPA.

3589 373 3690 425 ΞΜ

419 499 724 566 τεθείκαμεν,
748 498 831 552 ’ἕνα
877 502 1042 552 ταῦτα
1078 499 1438 554 κατανοοῦντες
1467 494 1659 566 γνοίητε
1691 495 1755 553 ὡς
1787 493 1850 548 τά
1884 493 2002 566 παρ“

2114 492 2285 546 ctrina
2326 491 2732 561 proposuimus,
2774 501 2830 544 ut
2868 507 2928 546 ea
2974 491 3330 562 percipientes
3367 489 3690 556 intclligatis,

419 592 560 657 ὑμῶν
586 591 940 662 προτεθειμὲνα
958 629 972 654 ,
999 592 1082 642 καί
1111 586 1374 662 Ἀρειανοί,
1415 590 1496 641 καὶ
1526 597 1691 660 ΝεστοΙ
1720 585 1846 640 ιανοί
1875 587 2005 639 κατὰ

419 688 510 734 τοῦ
533 685 708 752 κυρίου
735 682 819 733 καί
846 685 973 734 Θεοῦ
1005 681 1141 749 ἡμῶν
1169 678 1336 735 Ἰησοῦ
1367 685 1588 753 Χριστοῦ
1617 678 1850 748 λέγουσιν
1877 678 2003 732 ἀσε-

421 770 542 831 ϐῶς.
565 772 623 825 Οἵ
651 772 742 840 μὲν
762 771 860 844 γὰρ
883 768 1124 846 ’Δρειανοί
1149 765 1524 831 σπουδάζοντες
1550 768 1635 822 τόν
1656 769 1761 820 υἱόν
1789 770 2003 837 κτίσμα,

419 865 505 917 καί
545 860 804 935 ἀλλότριον
845 869 936 920 τῆς
975 868 1225 937 πατρικῆς
1275 861 1450 919 eiciar;
1493 857 1785 922 ἀποδεῖξαι,
1824 860 1908 910 καί
1950 857 2006 910 τό

419 949 599 1020 πάθος,
613 958 774 1010 καὶτὰ
797 952 918 1009 ἆςλα
936 959 1000 1008 τά
1026 954 1238 1007 ταπεινά
1259 961 1320 1027 τῇ
1341 953 1539 1011 θεότοτι
1563 954 1713 1007 αὐτοῦ
1745 952 1870 1023 μόνῃ
1887 953 2007 1007 ἐπά-

419 1070 609 1122 γουσιν,
654 1050 699 1103 οἱ
728 1047 781 1102 δέ
810 1049 1128 1123 Νεστοριανοί
1156 1045 1246 1100 δύο
1282 1048 1422 1105 υίούς
1451 1047 1666 1114 ε’σάγειν
1695 1045 2002 1115 βουλόμενοι,

418 1142 808 1216 κεχωρισμένως
833 1141 1039 1211 λέγωσι
1068 1141 1153 1194 τὶν
1180 1139 1299 1193 Θεὸν
1323 1138 1486 1208 λόγον,
1509 1140 1591 1192 καὶ
1611 1138 2005 1211 κεχωρισμένως

419 1237 504 1289 τόν
532 1234 748 1307 Χριστόν
785 1231 927 1304 ψιλόν
966 1230 1246 1306 ἄνθρωπον,
1277 1233 1363 1284 καί
1389 1231 1522 1300 μόνῳ
1568 1238 1640 1301 τῷ
1671 1232 1914 1305 ἀνθρώπῳ
1942 1229 2006 1284 τά

419 1327 628 1381 ταπεινά
657 1327 1022 1398 ἀπονέμουσιν.
1064 1323 1185 1379 Ἀλλ’
1209 1325 1308 1393 οὐχ
1351 1323 1510 1382 ολῗτως
1539 1322 1585 1375 οί
1614 1320 1746 1394 ἅγιοι
1785 1323 2006 1394 πατέρες

421 1417 765 1474 διδάσκουσιν·
799 1417 914 1472 ούδέ
958 1419 1058 1490 γάρ
1089 1416 1172 1472 διά
1205 1419 1264 1470 τά
1307 1418 1525 1472 ταπεινά
1553 1420 1746 1490 τροπήν
1773 1415 2004 1487 λέγουσιν

419 1522 510 1573 τῆς
532 1520 628 1568 τοῦ
656 1513 770 1566 υίοῦ
802 1512 1055 1576 θεότητος,
1089 1508 1201 1564 οὐδὲ
1225 1507 1309 1565 διά
1341 1510 1404 1564 τά
1439 1508 1609 1580 ὑψηλὰ
1636 1507 1892 1583 διαιροῦσι
1916 1513 2004 1566 τήν

419 1602 785 1680 άνθρωπότητα
809 1612 900 1664 τῆς
927 1605 1182 1669 θεότητος,
1214 1602 1338 1656 ἀλλά
1364 1607 1454 1657 τοῦ
1487 1602 1594 1661 ἑνός
1621 1603 1704 1656 καί
1729 1606 1819 1655 τοῦ
1849 1602 2004 1655 αὐτοῦ

420 1705 713 1771 μονογενοῦς
752 1702 880 1753 Θεοῦ
918 1696 1070 1766 λόγου
1123 1695 1515 1765 σεσαρκωμένου
1562 1697 1644 1748 καὶ
1688 1694 2004 1766 ένανθρωπή-

419 1809 626 1854 σ;ντῡς,
655 1791 738 1844 καί
788 1789 857 1843 τά
905 1785 1097 1857 ὑψηλὰ,
1130 1787 1212 1839 καί
1255 1787 1320 1838 τά
1369 1784 1581 1839 ταπεινὰ
1623 1780 1746 1838 εἶναι
1784 1781 2002 1861 παραδι-

420 1880 612 1936 δόσεσιν.

485 2061 765 2123 Ἐπειδήιδέ
792 2067 875 2117 καί
912 2068 1060 2118 τοῦτο
1084 2068 1195 2121 τοῖς
1224 2062 1488 2137 ὑμετέροις
1518 2062 1814 2118 ἐντεθείκατε
1854 2079 2003 2134 κειρα·

419 2154 576 2216 λαίοις
604 2156 658 2210 ἐκ
687 2162 778 2214 τῆς
807 2156 965 2215 αὐτῆς
995 2153 1287 2218 ἐπιστολῆς,
1319 2151 1395 2208 ὅτι
1422 2153 1584 2214 καλῶς
1615 2148 1752 2207 εἶπεν
1785 2150 1876 2207 δύο
1913 2154 2006 2223 φί-

421 2268 527 2307 σεις
549 2289 562 2313 ,
607 2249 724 2318 μίαν
775 2247 1040 2311 ἐξουσίαν,
1075 2243 1124 2298 ἓν
1164 2245 1472 2322 πρόσωπον,
1501 2247 1586 2298 καί
1621 2244 1670 2297 έν
1709 2245 1877 2314 τούτῳ
1914 2248 2006 2300 τὴν

418 2343 657 2413 πονηρίαν
696 2348 790 2397 τοῦ
818 2341 1108 2418 γράψαντος
1134 2344 1227 2398 τὴν
1264 2340 1534 2398 ἐπιστολήν
1575 2337 1919 2410 διελέγξωμεν.
1947 2335 2005 2392 ⁸ο

419 2434 516 2507 γάρ
543 2437 611 2503 μὴ
639 2432 892 2505 ὁμολογῶν
910 2474 924 2499 ,
953 2430 1031 2487 ὅτι
1057 2431 1208 2491 αὐτὸς
1235 2425 1261 2482 ό
1288 2431 1411 2490 Θεὸς
1453 2430 1599 2501 λόγος
1643 2430 1920 2504 σαρκωθείς
1949 2429 2005 2483 ἐκ

418 2535 509 2584 τῆς
532 2527 783 2600 παρεένου
811 2526 1209 2592 ένηνθρὼπησεν,
1236 2527 1372 2583 τίνος
1401 2526 1494 2583 τὰς
1519 2523 1612 2578 δύο
1639 2525 1818 2596 φύσεις
1844 2524 2004 2597 λέγεις

422 2615 561 2674 Ἀλλά
585 2615 856 2693 πρόδηλον,
885 2616 966 2672 ὅτι
992 2619 1104 2671 ἀντί
1127 2618 1418 2692 προσώπων
1443 2618 1537 2676 τὰς
1567 2615 1658 2671 δύο
1687 2618 1861 2688 φύσεις
1887 2617 2007 2686 ἰαμ-

422 2707 580 2772 ϐάνει,
603 2710 736 2762 κατὰ
762 2707 1028 2784 Νεστόριον
1068 2710 1154 2760 κκί
1180 2705 1451 2783 Θεόδωρον,
1480 2705 1572 2766 οὖς
1597 2709 1797 2762 ἐπαινεῖ
1823 2709 1854 2765 ἡ
1883 2708 2006 2761 ἀσεο

422 2805 514 2866 ϐἠς
559 2807 687 2864 αύτή
725 2805 986 2863 ἐπιστολή.
1037 2807 1094 2858 Εἰ
1131 2806 1228 2880 γὰρ
1265 2807 1346 2859 καί
1385 2802 1435 2856 ἓν
1473 2804 1767 2877 πρόσωπον,
1801 2805 1886 2857 καὶ
1919 2803 2006 2858 ἕνα

421 2896 526 2950 υίόι
563 2893 704 2951 δοκεῖ
737 2895 895 2967 λέγειν
943 2897 974 2953 ἦ
1016 2894 1284 2954 ἐπιστολὴ.
1318 2899 1468 2948 τοῦτο
1501 2895 1584 2947 καί
1621 2890 1880 2969 Θεόδωρος
1921 2893 2005 2946 καί

419 2987 691 3061 Νεστόριος
738 2989 825 3040 καί
869 2987 1129 3058 λέγουσιν,
1156 2986 1242 3040 τόν
1280 2986 1496 3062 Χριστόν
1545 2981 1805 3059 ἄνθρωπον
1851 2981 2003 3054 μόνον

420 3077 645 3148 λέγοντες
691 3079 896 3148 ἐπέχειν
936 3078 998 3131 τό
1041 3076 1312 3152 πρόσωπον
1352 3082 1440 3130 τοῦ
1481 3081 1612 3131 Θεοῦ
1657 3075 1828 3147 λόγου,
1859 3072 2001 3145 ἔχειν

419 3173 508 3227 τὴν
537 3169 678 3232 ἀξίαν
719 3170 799 3221 καί
826 3173 914 3226 τήν
938 3171 1086 3237 τιμήν
1110 3172 1197 3221 τοῦ
1228 3173 1354 3221 Θεοῦ
1392 3165 1569 3240 λόγου,
1602 3168 1683 3219 καί
1716 3169 1806 3223 τὴν
1841 3167 2001 3239 χάριν

420 3267 511 3318 τῆς
555 3259 834 3324 υἱοθεσίας,
868 3262 955 3312 καί
991 3261 1060 3320 είς
1099 3258 1252 3313 τόπον
1280 3259 1432 3311 αὐτοῦ
1461 3259 1886 3328 προσκυνεῖσθαι,
1919 3261 2002 3311 καί

421 3352 507 3409 διά
529 3359 679 3408 τοῦτο
707 3357 1062 3428 ὑποκρίνονται
1099 3353 1256 3426 λέγειν
1281 3353 1369 3407 ἕνα
1404 3353 1511 3407 υίόν
1533 3355 1615 3406 καί
1649 3351 1698 3406 ἓν
1726 3353 2002 3428 πρόσωπον

424 3453 516 3501 τοῦ
546 3441 698 3516 λόγου
738 3447 824 3499 καί
850 3449 937 3500 τοῦ
969 3449 1214 3516 Χριστοῦ,
1240 3449 1592 3503 κοινωνοῦντος
1620 3443 1754 3513 μόνῳ
1793 3451 1865 3513 τῷ
1893 3443 2001 3497 ὀνό-

421 3557 545 3608 ματι
579 3544 672 3595 τῆς
714 3537 944 3597 υίότητος
964 3551 979 3564 ·
1009 3541 1159 3590 τοῦτο
1187 3533 1242 3589 δέ
1281 3533 1530 3590 δείκνυται
1574 3543 1799 3608 φανερῶς
1825 3536 1877 3588 ἐκ
1911 3541 2000 3590 τοῦ

420 3626 574 3699 λέγειν
602 3632 691 3686 τήν
735 3627 1004 3686 ἐπιστολὴν
1032 3633 1132 3682 τῶν
1173 3625 1262 3680 δύο
1291 3627 1490 3698 φύσεων
1516 3628 1637 3696 μίαν
1665 3626 1910 3689 ἐξουσίαν,
1936 3629 2004 3685 ὡς

421 3723 505 3775 καί
525 3721 676 3789 ύμεῖς
702 3718 982 3792 ἐγράψατε.
1029 3721 1127 3773 Μία
1151 3720 1251 3790 γάρ
1281 3718 1480 3781 ἐξουσία
1520 3719 1610 3770 οὐκ
1637 3718 1722 3770 ἐπί
1757 3715 2004 3790 διαφόρων

422 3812 640 3884 φύσεων,
665 3811 766 3863 ἀλλ’
811 3811 893 3864 έπί
917 3807 1163 3881 διαφόρων
1189 3808 1388 3880 λέγεται
1415 3809 1726 3882 προσώπων,
1761 3805 1888 3883 ὅπερ
1921 3810 2005 3861 ἐπὶ

421 3912 514 3964 τῆς
542 3903 687 3973 όιγίας
716 3899 920 3974 τριάδος
949 3899 1302 3971 όαολογοῦμεν.
1330 3896 1478 3953 Ὀθεν
1504 3902 1588 3952 καί
1617 3899 1661 3952 οί
1688 3898 1822 3972 ἅγιοι
1849 3900 2005 3953 πατέ-

423 4011 510 4068 ρες
539 3991 906 4061 ἀνεθεμάτισαν
933 3992 1053 4049 τοὺς
1081 3989 1316 4062 λέγοντας
1344 3991 1474 4044 κατὰ
1503 3986 1748 4059 δύναμιν,
1779 3988 1808 4048 ἧ
1836 3991 2000 4054 ἀξίαν,

421 4082 450 4140 ἣ
481 4080 812 4145 αύθεντίαν,ἦ
857 4083 1070 4152 σχέσιν,
1103 4081 1132 4140 ἧ
1161 4087 1312 4153 τιμὴν
1363 4083 1589 4141 ἡνῶσθαι
1627 4089 1699 4154 τῷ
1746 4083 1874 4155 λόγῳ
1917 4083 2001 4137 τόν

420 4169 702 4248 ἄνθρωπον,
733 4173 819 4225 καί
847 4177 917 4242 μὴ
945 4171 1307 4244 ὁμολογοῦντας
1342 4172 1445 4226 καθ’
1465 4173 1755 4227 ὑπόστασιν
1783 4182 1882 4227 τῶν
1912 4171 2002 4228 δύο

420 4263 616 4335 φύσεων
640 4265 730 4320 τήν
753 4261 928 4316 ἕνωσιν
959 4259 968 4266 ’
994 4263 1300 4331 γεγενῆσθαι.
1326 4259 1502 4323 Ὀπως
1539 4259 1594 4316 δὲ
1621 4265 1703 4316 καί
1728 4267 1880 4317 τοῦτο
1909 4264 1999 4337 6f.-

419 4356 518 4415 θῶς
561 4356 818 4430 εἰρημένον
859 4361 970 4414 τοῖς
1012 4354 1172 4425 enim;
1217 4355 1450 4424 πατράσι
1484 4356 1603 4425 περὶ
1632 4352 1872 4430 διαφορᾶς
1901 4363 2000 4409 τῶν

419 4445 509 4501 δύο
530 4448 744 4519 φύσεων,
770 4446 816 4499 οἱ
836 4447 900 4501 τά
923 4452 1198 4519 Νεστορίου
1221 4443 1528 4510 δοξάζοντες,
1553 4443 1618 4497 ὧν
1644 4454 1735 4506 τῆς
1756 4448 2001 4506 ἀπιστίας

417 4537 656 4611 ἀρχηγός
691 4539 802 4591 ἐστι
841 4535 1118 4609 Θεόδωρος,
1144 4535 1343 4596 ἀσεϐῶς
1372 4535 1761 4606 ἐκλαμϐάνουσι,
1791 4538 1882 4597 τάς
1910 4539 2002 4610 φύ-

2109 600 2172 638 ea
2201 599 2318 654 qum
2369 585 2656 638 constituta
2687 599 2715 635 a
2747 584 2894 637 vobis
2936 592 3093 649 sunt,
3135 599 3197 638 ea
3227 585 3339 654 ipsa
3371 583 3438 636 ab
3484 581 3693 636 Arianis

2109 684 2273 745 atque
2293 674 2626 730 Nestorianis
2654 673 2912 728 adversus
2932 675 3214 742 Dominum
3245 679 3487 728 nostrum
3508 670 3689 726 Jesum

2107 769 2379 823 Christum
2429 769 2591 838 impie
2657 768 2928 822 sustineri.
2998 766 3178 820 Ariani
3233 765 3437 822 scilicet
3502 763 3695 818 Filium

2108 869 2414 914 creaturam
2445 875 2564 914 esse
2591 871 2752 928 atque
2782 867 3097 912 extraneum
3127 872 3158 910 a
3188 866 3411 926 paterna
3439 855 3694 910 substan-

2109 953 2180 1006 tia
2212 953 2580 1007 demonstrare
2631 950 2851 1015 conati,
2897 950 3204 1018 passionem
3244 948 3360 1016 ejus
3393 957 3698 1014 emteraque

2108 1044 2327 1098 humilia
2377 1043 2478 1098 soli
2511 1043 2749 1096 tribuunt
2794 1040 3090 1122 divinitati;
3143 1037 3447 1093 Nestoriani
3485 1044 3694 1100 contra,

2107 1137 2196 1204 qui
2226 1135 2361 1191 duos
2410 1137 2662 1190 invehere
2709 1133 2846 1187 ﬁlios
2893 1134 3151 1197 nituntur,
3201 1131 3488 1200 separatim
3531 1129 3699 1184 Deum

2112 1225 2371 1294 Verbum,
2399 1225 2798 1295 separat—imque
2833 1238 3025 1294 purum
3058 1223 3327 1276 hominem
3357 1223 3697 1292 proﬁtentur,

2107 1331 2334 1387 quaeque
2382 1317 2448 1371 ad
2501 1316 2860 1370 humilitatem
2905 1313 3179 1383 pertinent
3246 1313 3514 1380 passionis
3578 1311 3700 1366 solo

2107 1406 2311 1462 homini
2341 1405 2692 1475 adjudicanda
2722 1419 2840 1459 esse
2869 1403 3184 1459 decernunt.
3212 1402 3413 1457 Verum
3444 1418 3551 1479 non
3581 1401 3701 1456 hmo

2107 1513 2138 1553 a
2165 1497 2366 1552 sanctis
2392 1497 2642 1552 Patribus
2666 1497 2927 1551 docemur
2957 1513 2972 1548 :
3001 1510 3179 1564 neque
3207 1494 3348 1549 enim
3376 1509 3440 1547 ex
3467 1494 3550 1548 his
3578 1507 3701 1563 quae

2106 1589 2339 1645 demisse
2368 1590 2509 1645 dicta
2535 1597 2660 1666 sunt
2687 1588 2981 1644 divinitatis
3011 1588 3128 1642 Filii
3163 1587 3572 1642 conversionem
3603 1587 3702 1641 ad-

2107 1681 2345 1744 mittunt,
2376 1681 2831 1750 quemadmodum
2864 1695 3035 1749 neque
3063 1695 3130 1735 ex
3157 1679 3476 1735 sublimibus
3499 1679 3700 1734 divini-

2107 1779 2273 1826 tatem
2303 1771 2551 1827 dividunt
2573 1772 2640 1827 ab
2668 1771 3023 1836 humanitate,
3049 1771 3140 1827 sed
3165 1771 3232 1826 de
3257 1787 3363 1825 uno
3393 1771 3697 1840 eodemque

2037 1871 2080 1931 Β
2108 1861 2220 1917 Deo
2251 1862 2429 1918 Verbo
2458 1863 2736 1918 incarnato
2787 1864 3112 1933 homineque
3141 1863 3282 1918 facto
3313 1870 3420 1917 tam
3447 1863 3700 1918 sublimia

2102 1969 2267 2024 quam
2295 1953 2515 2008 humilia
2545 1953 2686 2010 dicta
2719 1969 2838 2009 esse
2870 1955 3221 2010 tradiderunt.

2179 2043 2311 2098 Cum
2343 2051 2522 2098 autem
2573 2043 2626 2098 in
2654 2045 2848 2099 vestris
2890 2043 3078 2098 iisdem
3123 2045 3390 2114 capitibus
3416 2043 3521 2098 hoc
3547 2041 3702 2113 adje-

2107 2135 2287 2192 ceritis
2313 2135 2476 2190 etiam
2501 2177 2518 2203 ,
2547 2149 2615 2190 ex
2653 2135 2840 2190 eadem
2869 2135 3120 2191 haustum
3150 2135 3374 2206 epistola
3400 2175 3415 2200 ,
3445 2141 3594 2191 recte
3620 2134 3703 2191 ibi

2107 2226 2240 2280 duas
2267 2233 2519 2292 naturas,
2551 2226 2765 2280 unicam
2797 2233 2977 2280 autem
3008 2241 3321 2295 personam,
3354 2226 3562 2280 unicam
3591 2241 3703 2296 po-

2108 2323 2357 2371 testatem
2388 2315 2520 2382 dici,
2549 2315 2689 2371 circa
2737 2315 2966 2385 idipsum
3001 2331 3217 2386 quoque
3247 2316 3386 2370 illius
3413 2317 3704 2386 scriptoris

2107 2415 2444 2486 impietatem
2483 2429 2663 2485 operte
2707 2416 2938 2484 pretium
2968 2415 3072 2470 erit
3099 2415 3370 2486 detegere.
3420 2415 3520 2482 Qui
3550 2417 3704 2472 enim

2105 2529 2215 2568 non
2245 2510 2534 2568 conﬁtetur
2575 2511 2742 2566 Deum
2770 2511 3005 2567 Verbum
3043 2512 3376 2568 incarnatum
3413 2529 3484 2568 ex
3523 2513 3702 2570 Maria

2105 2603 2365 2672 Virgine,
2411 2610 2466 2658 et
2493 2603 2764 2657 hominem
2806 2599 3003 2658 factum
3043 2617 3196 2671 esse,
3233 2602 3521 2673 'cujusnaiu
3564 2605 3704 2661 dicit

2104 2695 2238 2750 duas
2283 2711 2402 2752 esse
2446 2695 2705 2750 naturas?
2755 2693 2862 2750 Sed
2907 2703 3063 2766 patet
3107 2696 3279 2766 ipsum
3315 2697 3449 2752 duas
3476 2707 3704 2753 naturas

2109 2781 2231 2838 loco
2261 2797 2617 2853 personarum
2662 2786 2971 2853 admittere,
3013 2787 3250 2843 Nestorii
3302 2785 3702 2858 Theodoriqne

2113 2888 2302 2940 sensu,
2325 2889 2463 2944 quos
2483 2876 2714 2929 summis
2739 2878 2992 2934 laudibus
3015 2878 3369 2935 exsecrabilis
3390 2892 3453 2933 ea
3476 2881 3704 2935 extollit

2100 2968 2349 3038 epistola.
2389 2966 2445 3022 Si
2481 2967 2623 3022 enim
2673 2966 2885 3021 unicam
2917 2981 3199 3035 personam
3241 2967 3566 3036 unicumque
3593 2965 3696 3021 Fi-

2099 3057 2234 3114 lium
2261 3057 2497 3114 indicare
2525 3058 2734 3112 videtur
2770 3048 3018 3127 epistola,
3053 3057 3155 3112 hac
3197 3055 3450 3126 loquendi
3481 3056 3702 3112 ratione

2104 3150 2188 3206 usi
2214 3158 2339 3205 sunt
2367 3147 2646 3204 Nestorins
2672 3150 2833 3203 etiam
2862 3158 2918 3202 et
2947 3147 3277 3212 Theodorus,
3309 3148 3514 3203 aientes
3537 3145 3703 3202 Chri-

2028 3234 2073 3296 C
2105 3249 2248 3295 stum
2276 3255 2468 3310 purum
2499 3240 2770 3294 hominem
2799 3239 3161 3308 superhabere
3191 3238 3289 3292 Dei
3319 3238 3476 3294 Verbi
3505 3253 3704 3308 perso-

2107 3346 2250 3397 nam,
2275 3331 2580 3401 habereqne
2601 3331 2695 3386 Dei
2713 3331 2872 3386 Verbi
2895 3331 3154 3386 honorem
3175 3338 3336 3399 atque
3356 3330 3700 3400 dignitatem,

2105 3430 2439 3500 gratiamque
2485 3430 2788 3500 adoptionis
2836 3439 3097 3500 prmterea
3129 3472 3145 3498 ,
3195 3437 3358 3500 atque
3409 3431 3524 3497 ejus
3570 3429 3703 3487 loco

2108 3520 2354 3588 adorari;
2389 3521 2738 3589 quamobrem
2764 3535 2824 3575 se
2854 3521 3067 3574 unicum
3121 3520 3311 3574 Filium
3370 3520 3703 3590 unicamque

2108 3612 2305 3668 Christi
2337 3628 2626 3683 personam
2657 3612 2834 3667 dicere
2861 3612 3133 3680 simulant,
3165 3612 3282 3667 solo
3311 3612 3703 3669 convenientes

2107 3706 2386 3761 tiliationis
2430 3706 2648 3760 nomine
2671 3747 2688 3772 ,
2727 3705 2872 3774 quod
2907 3704 3187 3760 manifeste
3213 3719 3279 3760 ex
3309 3705 3703 3760 sententiarum

2105 3797 2267 3853 modo
2291 3838 2305 3864 ,
2338 3795 2431 3868 qui
2510 3797 2564 3852 in
2595 3796 2823 3866 epistola
2867 3795 3152 3850 adhibetur
3174 3836 3189 3862 ,
3231 3794 3500 3864 colligitur
3520 3837 3536 3862 ,
3583 3810 3702 3864 quo

2103 3886 2299 3942 dicitur
2349 3885 2578 3956 duplicis
2640 3895 2844 3940 naturae
2898 3885 3111 3940 unicam
3165 3899 3285 3942 esse
3332 3893 3699 3954 potestatem,

2104 3976 2552 4047 quemadmodum
2597 3977 2799 4046 pariter
2841 3991 2938 4032 vos
2987 3976 3089 4046 ipsi
3143 3976 3454 4047 scripsistis.
3521 3974 3702 4032 Unica

2105 4083 2298 4139 nempe
2359 4076 2598 4138 potestas
2659 4083 2768 4122 non
2827 4069 2896 4123 de
2959 4068 3184 4123 diversis
3271 4069 3512 4134 naturis,
3593 4067 3698 4124 sed

2101 4158 2170 4214 de
2248 4158 2493 4223 diversis
2564 4159 2806 4228 personis
2881 4157 3103 4226 dicitur,
3166 4158 3309 4228 quod
3397 4157 3558 4212 etiam
3637 4157 3698 4213 in

2102 4258 2287 4305 sancta
2357 4248 2620 4304 Trinitate
2696 4249 3034 4319 agnoscimus
3118 4259 3280 4318 atque
3349 4248 3698 4305 conﬁtentur.

2103 4341 2462 4409 Quamobrem
2544 4340 2641 4396 SS.
2703 4341 2888 4398 Patres
2962 4343 3247 4396 anathema
3316 4341 3565 4395 dixerunt
3627 4341 3700 4395 iis

2101 4433 2193 4501 qui
2241 4430 2569 4486 afﬁrmarent
2619 4433 2889 4488 hominem
2937 4432 3048 4487 Deo
3101 4432 3277 4487 Verbo
3327 4431 3530 4486 unitum
3569 4446 3701 4487 esse

2103 4523 2398 4579 secundum
2434 4525 2763 4594 potentiam,
2802 4525 2888 4580 vel
2921 4532 3271 4595 potestatem,
3303 4523 3388 4578 vel
3416 4523 3690 4587 habitum,

418 4649 526 4688 σεις
554 4630 666 4682 ἀντὶ
693 4630 986 4704 προσώπων
1015 4628 1256 4701 λέγπντες,
1281 4629 1364 4680 καὶ
1388 4629 1677 4702 προσώπων
1704 4630 1833 4683 κατὰ
1870 4629 2002 4698 σχέ-

2106 4616 2189 4671 vel
2216 4617 2561 4685 dignitatem;
2594 4631 2772 4686 neque
2804 4617 3060 4672 unionem
3086 4616 3277 4670 factam
3298 4630 3417 4670 esse
3437 4613 3489 4668 in
3513 4611 3701 4682 dupli-

415 4741 498 4774 σιν
549 4718 729 4773 ἕνωσιν
783 4719 1182 4794 πρεσϐεύοντες,
1231 4716 1282 4771 ἓν
1326 4718 1599 4794 πρόσωπον
1654 4720 2001 4794 ὑποκρίνονται

419 4809 593 4884 λέγειν,
617 4811 771 4872 αὐτός
794 4811 819 4866 ό
842 4811 1036 4870 ἀσεϐής
1059 4809 1318 4886 Θεόδωρος
1339 4809 1583 4865 δείκνυσιν
1607 4813 1657 4865 ἐν
1677 4819 1749 4882 τῷ
1770 4811 2001 4888 τετάρτῳ

414 4901 542 4975 λόγῳ
567 4909 667 4958 τῶν
696 4899 1182 4977 κατὰᾌπολιναρίου
1208 4909 1299 4958 τοῦ
1319 4903 1566 4976 αίρετικοῦ
1588 4904 1790 4978 γράφων
1815 4903 2001 4964 οὕτως·

421 5015 440 5048 ε
462 4997 734 5068 Δύτάρκως
765 4995 828 5056 δή
854 4999 912 5052 τό
939 4995 1169 5070 διάφορον
1195 5003 1295 5052 τῶν
1318 4999 1516 5069 φύσεων
1537 4999 1653 5067 ἡμῖν
1677 4995 2003 5053 ὑποδείκνυσι

415 5089 501 5146 διά
524 5092 738 5147 τούτων’
771 5089 822 5146 εἴ
840 5112 896 5162 γε
923 5092 982 5146 τό
1025 5092 1114 5161 μέν
1148 5091 1498 5154 ἐκπλῆττεται,
1525 5091 1593 5150 ὡς
1632 5087 1698 5146 δι’
1721 5091 2002 5168 ὑπερϐολήν

416 5183 784 5256 φιλανθρωπίας
824 5184 1077 5254 ἑλόμενον,
1105 5188 1302 5256 μνήμην
1341 5205 1395 5239 τε
1439 5185 1526 5238 καί
1558 5183 1826 5254 ἐπίσκεψιν
1854 5189 2002 5244 ποιή-

417 5275 610 5327 σασθαι
635 5281 727 5328 τοῦ
771 5275 934 5336 οὕτως
959 5268 1212 5334 εὐτελοῦς·
1244 5276 1332 5331 τόν
1375 5272 1428 5329 δέ
1457 5276 1771 5350 μακαριστόν
1808 5278 2001 5349 ἡγεῖται

418 5367 485 5426 ὡς
507 5369 743 5421 τοιούτων
762 5369 1050 5439 ἠξιωμένων
1080 5367 1234 5436 (Sic).
1262 5365 1404 5421 Ἀλλὰ
1431 5368 1530 5444 γάρ
1557 5367 1691 5422 οὕτω
1720 5371 1810 5438 μέν
1834 5373 1922 5427 τήν
1945 5391 1997 5425 τε

414 5457 663 5533 διαίρεσιν
685 5467 786 5514 τῶν
807 5463 1004 5534 φύσεων
1026 5469 1246 5516 ποιεῖται
1262 5503 1274 5524 ,
1299 5461 1382 5513 καί
1405 5465 1502 5529 μὴν
1525 5462 1610 5514 καί
1636 5464 1725 5518 τὴν
1755 5457 1998 5533 διαφορὰν

418 5558 508 5610 τῆς
535 5570 590 5607 τε
617 5556 708 5605 τοῦ
746 5549 985 5612 λαϐόντος
1031 5555 1230 5626 φύσεως
1250 5555 1333 5606 καί
1359 5559 1452 5613 τῆς
1480 5557 1571 5606 τοῦ
1594 5551 1855 5624 ληφθέντος
1885 5553 2000 5622 ἡμῖν

415 5639 768 5698 ὑποδείκνυσιν
796 5645 827 5700 ἡ
859 5645 967 5697 θεία
997 5650 1178 5720 γραφή·
1220 5649 1556 5720 φροντίζουσα
1596 5643 1649 5699 δέ
1691 5650 1782 5698 τοῦ
1808 5646 1889 5697 καί
1911 5649 1999 5701 τήν

413 5739 593 5787 ἕνωσιν
639 5735 754 5802 ἡμῖν
799 5733 1184 5801 ύποδεικνύναε,
1225 5739 1342 5806 ἣτῷ
1372 5737 1595 5807 ληφθέντι
1636 5737 1993 5809 προσγέγονεν,

411 5825 547 5894 λέγει
577 5824 813 5886 πολλάκις
840 5825 942 5880 γαθ”
966 5826 1144 5882 ἕνωσιν
1171 5829 1234 5884 τά
1260 5828 1478 5902 ἑκάτερα
1514 5834 1612 5881 τῶν
1640 5828 1834 5897 φύσεων
1862 5823 1994 5880 ἰδια-

413 5913 604 5981 ζόντως
645 5917 774 5992 πρὸς
816 5913 960 5981 ὄντα,
989 5921 1056 5980 ὡς
1083 5915 1142 5973 ἂν
1171 5925 1258 5978 τήν
1282 5918 1413 5989 πρὸς
1451 5915 1534 5969 τὸν
1561 5913 1778 5972 λαϐόντα
1817 5915 1996 5969 ἕνωσιν

2105 4712 2181 4766 cis
2210 4721 2413 4766 natura:
2444 4712 2599 4766 unica
2622 4711 2963 4767 subsistentia
2983 4709 3296 4766 faterentur.
3325 4706 3702 4775 Quemadmo-

2106 4809 2231 4864 dum
2259 4805 2401 4877 quod
2432 4806 2635 4875 pariter
2661 4811 2809 4859 recte
2831 4803 3030 4858 dictum
3061 4818 3089 4856 a
3120 4802 3318 4858 sanctis
3339 4801 3581 4855 Patribus
3607 4809 3702 4854 est

2103 4899 2172 4953 de
2196 4898 2421 4967 duplicis
2448 4903 2653 4950 natura:
2679 4894 3008 4960 discrimine,
3031 4894 3081 4948 id
3112 4893 3338 4948 Nestorii
3361 4901 3698 4957 sectatores,

2105 4988 2394 5044 Theodoro
2423 4985 2757 5042 inﬁdelitatis
2779 4983 2936 5047 duce,
2959 4982 3120 5053 impie
3142 4991 3440 5048 assumunt,
3471 4990 3704 5037 naturas

2105 5081 2227 5136 loco
2247 5093 2595 5152 personarum
2617 5079 2976 5144 nominantes,
2999 5085 3053 5130 et
3074 5089 3422 5146 personarum
3445 5073 3697 5126 habitu:-

2103 5173 2208 5229 lem
2233 5173 2484 5227 unionem
2505 5178 2846 5234 venerantes,
2869 5177 2928 5224 ut
2948 5183 3107 5222 unam
3129 5166 3382 5222 simulent
3403 5179 3700 5234 personam

2102 5281 2164 5323 se
2207 5266 2408 5322 dicere.
2451 5265 2651 5336 lmpius
2696 5263 2809 5333 ipse
2858 5262 2908 5316 id
2959 5259 3198 5316 ostendit
3243 5257 3590 5323 Theodorus,
3632 5260 3698 5310 in

2103 5374 2297 5438 quarto
2343 5365 2601 5420 adversus
2640 5361 3026 5434 Apollinarium
3078 5360 3392 5415 haereticum
3437 5372 3703 5411 sermone

2101 5459 2217 5514 inec
2244 5457 2486 5514 scribens
2518 5475 2531 5510 :
2571 5475 2589 5508 ι
2618 5455 2760 5511 Satis
2799 5452 3044 5524 profecto
3084 5452 3240 5507 nobis
3264 5457 3575 5505 naturarum
3604 5447 3703 5500 di-

2100 5552 2332 5604 scrimen
2361 5548 2681 5612 ostenditur,
2711 5562 2808 5616 per
2835 5545 2949 5599 haec
2989 5557 3106 5611 qua:
3136 5540 3409 5612 proposita
3438 5547 3576 5601 sunt,
3608 5537 3698 5590 si-

2100 5640 2316 5711 quidem
2364 5640 2470 5694 hoc
2516 5636 2872 5700 concluditur,
2904 5643 3157 5704 tanquam
3205 5647 3302 5704 per
3343 5628 3703 5699 benignitatis

2097 5732 2643 5803 superabundantiam
2673 5730 2974 5785 institutum
3011 5742 3132 5782 esse
3161 5734 3217 5781 ut
3245 5727 3325 5781 sic
3351 5721 3550 5794 sumpti
3583 5720 3703 5774 ho-

2097 5822 2258 5876 minis
2284 5820 2542 5875 memoria
2573 5828 2629 5875 et
2657 5818 2896 5873 visitatio
2926 5817 3096 5881 ﬁeret,
3128 5815 3494 5871 beatissimum
3521 5824 3706 5882 porro

2099 5915 2457 5978 existimatur,
2480 5910 2647 5966 veluti
2671 5911 2854 5966 talium
2877 5925 3035 5966 causa
3064 5907 3432 5978 dignationum
3455 5902 3606 5978 (Sic).
3628 5899 3702 5957 ω
