  <div class='ocr_page' id='page_1' title='image "/cluster/home/n/w/nwhite01/storage/ocr_20150623/69/hvd.32044054758727/168.png"; bbox 0 0 4000 6186; ppageno 0'>
   <div class='ocr_carea' id='block_1_1' title="bbox 288 384 403 443">
    <p class='ocr_par' dir='ltr' id='par_1_1' title="bbox 288 384 403 443">
     <span class='ocr_line' id='line_1_1' title="bbox 288 384 403 443; baseline 0 0"><span class='ocrx_word' id='word_1_1' title='bbox 288 384 403 443; x_wconf 75' lang='grc'><strong>505</strong></span> 
     </span>
    </p>
   </div>
   <div class='ocr_carea' id='block_1_2' title="bbox 1465 380 2405 442">
    <p class='ocr_par' dir='ltr' id='par_1_2' title="bbox 1465 380 2405 442">
     <span class='ocr_line' id='line_1_2' title="bbox 1465 380 2405 442; baseline -0.005 -2"><span class='ocrx_word' id='word_1_2' title='bbox 1465 383 1835 442; x_wconf 79' lang='lat' dir='ltr'><strong>JUSTINIANI</strong></span> <span class='ocrx_word' id='word_1_3' title='bbox 1874 382 2010 438; x_wconf 74' lang='lat' dir='ltr'><strong>IMP.</strong></span> <span class='ocrx_word' id='word_1_4' title='bbox 2054 380 2405 437; x_wconf 75' lang='lat' dir='ltr'><strong>EPISTULA.</strong></span> 
     </span>
    </p>
   </div>
   <div class='ocr_carea' id='block_1_3' title="bbox 3466 380 3573 437">
    <p class='ocr_par' dir='ltr' id='par_1_3' title="bbox 3466 380 3573 437">
     <span class='ocr_line' id='line_1_3' title="bbox 3466 380 3573 437; baseline 0.009 -1"><span class='ocrx_word' id='word_1_5' title='bbox 3466 380 3573 437; x_wconf 68' lang='lat'><strong>500&#39;.</strong></span> 
     </span>
    </p>
   </div>
   <div class='ocr_carea' id='block_1_4' title="bbox 292 493 1890 579">
    <p class='ocr_par' dir='ltr' id='par_1_4' title="bbox 292 499 1881 579">
     <span class='ocr_line' id='line_1_4' title="bbox 292 499 1881 579; baseline -0.001 -18"><span class='ocrx_word' id='word_1_6' title='bbox 292 509 387 561; x_wconf 74' lang='grc' dir='ltr'><strong>τοῦ</strong></span> <span class='ocrx_word' id='word_1_7' title='bbox 408 504 673 575; x_wconf 54' lang='grc' dir='ltr'><strong>ληφθέντος</strong></span> <span class='ocrx_word' id='word_1_8' title='bbox 700 504 816 576; x_wconf 71' lang='grc' dir='ltr'><strong>ἦμῖν</strong></span> <span class='ocrx_word' id='word_1_9' title='bbox 842 500 1273 579; x_wconf 80' lang='grc' dir='ltr'><strong>παραδηλώσειεν,</strong></span> <span class='ocrx_word' id='word_1_10' title='bbox 1308 499 1412 556; x_wconf 84' lang='grc' dir='ltr'><strong>ὅσα</strong></span> <span class='ocrx_word' id='word_1_11' title='bbox 1435 522 1490 557; x_wconf 91' lang='grc' dir='ltr'><strong>τε</strong></span> <span class='ocrx_word' id='word_1_12' title='bbox 1519 503 1687 573; x_wconf 81' lang='grc' dir='ltr'><strong>τούτῳ</strong></span> <span class='ocrx_word' id='word_1_13' title='bbox 1716 501 1769 554; x_wconf 70' lang='grc' dir='ltr'><strong>ἐκ</strong></span> <span class='ocrx_word' id='word_1_14' title='bbox 1791 506 1881 559; x_wconf 72' lang='grc' dir='ltr'><strong>τῆς</strong></span> 
     </span>
    </p>
   </div>
   <div class='ocr_carea' id='block_1_5' title="bbox 1995 493 3587 579">
    <p class='ocr_par' dir='ltr' id='par_1_5' title="bbox 1995 493 3587 572">
     <span class='ocr_line' id='line_1_5' title="bbox 1995 493 3587 572; baseline 0.004 -22"><span class='ocrx_word' id='word_1_15' title='bbox 1995 496 2162 567; x_wconf 83' lang='lat' dir='ltr'><strong>ipsum</strong></span> <span class='ocrx_word' id='word_1_16' title='bbox 2184 503 2364 551; x_wconf 89' lang='lat' dir='ltr'><strong>autem</strong></span> <span class='ocrx_word' id='word_1_17' title='bbox 2393 499 2703 548; x_wconf 78' lang='lat' dir='ltr'><strong>naturarum</strong></span> <span class='ocrx_word' id='word_1_18' title='bbox 2732 493 3127 550; x_wconf 84' lang='lat' dir='ltr'><strong>distinctionem</strong></span> <span class='ocrx_word' id='word_1_19' title='bbox 3157 497 3412 566; x_wconf 84' lang='lat' dir='ltr'><strong>ostendit,</strong></span> <span class='ocrx_word' id='word_1_20' title='bbox 3443 501 3587 572; x_wconf 89' lang='lat' dir='ltr'><strong>quod</strong></span> 
     </span>
    </p>
   </div>
   <div class='ocr_carea' id='block_1_6' title="bbox 288 592 1884 674">
    <p class='ocr_par' dir='ltr' id='par_1_6' title="bbox 288 592 1884 674">
     <span class='ocr_line' id='line_1_6' title="bbox 288 592 1884 674; baseline -0.004 -20"><span class='ocrx_word' id='word_1_21' title='bbox 288 597 427 674; x_wconf 76' lang='grc' dir='ltr'><strong>πρὸς</strong></span> <span class='ocrx_word' id='word_1_22' title='bbox 448 600 634 653; x_wconf 70' lang='grc' dir='ltr'><strong>ἐκεῖνον</strong></span> <span class='ocrx_word' id='word_1_23' title='bbox 657 599 854 669; x_wconf 68' lang='grc' dir='ltr'><strong>γέγονεν</strong></span> <span class='ocrx_word' id='word_1_24' title='bbox 874 597 1167 668; x_wconf 72' lang='grc' dir='ltr'><strong>συναφείας.</strong></span> <span class='ocrx_word' id='word_1_25' title='bbox 1182 592 1585 660; x_wconf 73' lang='grc' dir='ltr'><strong>»Ἀποδείξειντες</strong></span> <span class='ocrx_word' id='word_1_26' title='bbox 1609 596 1773 650; x_wconf 81' lang='grc' dir='ltr'><strong>τοίνυν</strong></span> <span class='ocrx_word' id='word_1_27' title='bbox 1796 595 1884 649; x_wconf 72' lang='grc' dir='ltr'><strong>τὸν</strong></span> 
     </span>
    </p>
   </div>
   <div class='ocr_carea' id='block_1_7' title="bbox 287 685 1883 762">
    <p class='ocr_par' dir='ltr' id='par_1_7' title="bbox 287 685 1883 762">
     <span class='ocr_line' id='line_1_7' title="bbox 287 685 1883 762; baseline -0.005 -15"><span class='ocrx_word' id='word_1_28' title='bbox 287 687 527 747; x_wconf 71' lang='grc' dir='ltr'><strong>δυσσεϐῆ</strong></span> <span class='ocrx_word' id='word_1_29' title='bbox 553 686 812 759; x_wconf 72' lang='grc' dir='ltr'><strong>Θεόδωρον</strong></span> <span class='ocrx_word' id='word_1_30' title='bbox 839 686 933 749; x_wconf 82' lang='grc' dir='ltr'><strong>τᾶς</strong></span> <span class='ocrx_word' id='word_1_31' title='bbox 961 688 1141 761; x_wconf 72' lang='grc' dir='ltr'><strong>φύσεις</strong></span> <span class='ocrx_word' id='word_1_32' title='bbox 1185 688 1295 741; x_wconf 80' lang='grc' dir='ltr'><strong>ἀντί</strong></span> <span class='ocrx_word' id='word_1_33' title='bbox 1330 688 1625 762; x_wconf 75' lang='grc' dir='ltr'><strong>προσώπων</strong></span> <span class='ocrx_word' id='word_1_34' title='bbox 1652 685 1883 759; x_wconf 72' lang='grc' dir='ltr'><strong>λέγοντα,</strong></span> 
     </span>
    </p>
   </div>
   <div class='ocr_carea' id='block_1_8' title="bbox 289 775 1887 855">
    <p class='ocr_par' dir='ltr' id='par_1_8' title="bbox 289 775 1887 855">
     <span class='ocr_line' id='line_1_8' title="bbox 289 775 1887 855; baseline -0.006 -17"><span class='ocrx_word' id='word_1_35' title='bbox 289 779 378 838; x_wconf 69' lang='grc' dir='ltr'><strong>ἔτι</strong></span> <span class='ocrx_word' id='word_1_36' title='bbox 405 785 610 852; x_wconf 78' lang='grc' dir='ltr'><strong>μείζονα</strong></span> <span class='ocrx_word' id='word_1_37' title='bbox 648 781 1023 855; x_wconf 70' lang='grc' dir='ltr'><strong>προαγάγωμεν</strong></span> <span class='ocrx_word' id='word_1_38' title='bbox 1055 780 1207 834; x_wconf 76' lang='grc' dir='ltr'><strong>αὐτοῦ</strong></span> <span class='ocrx_word' id='word_1_39' title='bbox 1242 778 1565 851; x_wconf 77' lang='grc' dir='ltr'><strong>βλασφημίαν</strong></span> <span class='ocrx_word' id='word_1_40' title='bbox 1590 775 1887 848; x_wconf 72' lang='grc' dir='ltr'><strong>διελέγχου-</strong></span> 
     </span>
    </p>
   </div>
   <div class='ocr_carea' id='block_1_9' title="bbox 290 868 1886 946">
    <p class='ocr_par' dir='ltr' id='par_1_9' title="bbox 290 868 1886 946">
     <span class='ocr_line' id='line_1_9' title="bbox 290 868 1886 946; baseline -0.004 -19"><span class='ocrx_word' id='word_1_41' title='bbox 290 892 397 927; x_wconf 81' lang='grc' dir='ltr'><strong>σαν</strong></span> <span class='ocrx_word' id='word_1_42' title='bbox 423 873 600 936; x_wconf 76' lang='grc' dir='ltr'><strong>αὐτὸν,</strong></span> <span class='ocrx_word' id='word_1_43' title='bbox 630 872 773 925; x_wconf 83' lang='grc' dir='ltr'><strong>ποίαν</strong></span> <span class='ocrx_word' id='word_1_44' title='bbox 807 868 938 943; x_wconf 75' lang='grc' dir='ltr'><strong>λέγει</strong></span> <span class='ocrx_word' id='word_1_45' title='bbox 971 876 1063 929; x_wconf 69' lang='grc' dir='ltr'><strong>τήν</strong></span> <span class='ocrx_word' id='word_1_46' title='bbox 1090 871 1268 926; x_wconf 73' lang='grc' dir='ltr'><strong>ἕνωσιν</strong></span> <span class='ocrx_word' id='word_1_47' title='bbox 1303 870 1434 946; x_wconf 81' lang='grc' dir='ltr'><strong>πρὸς</strong></span> <span class='ocrx_word' id='word_1_48' title='bbox 1462 870 1760 942; x_wconf 73' lang='grc' dir='ltr'><strong>κατάκρισιν</strong></span> <span class='ocrx_word' id='word_1_49' title='bbox 1787 875 1886 924; x_wconf 85' lang='grc' dir='ltr'><strong>τῶν</strong></span> 
     </span>
    </p>
   </div>
   <div class='ocr_carea' id='block_1_10' title="bbox 286 962 1887 1037">
    <p class='ocr_par' dir='ltr' id='par_1_10' title="bbox 286 962 1887 1037">
     <span class='ocr_line' id='line_1_10' title="bbox 286 962 1887 1037; baseline -0.004 -17"><span class='ocrx_word' id='word_1_50' title='bbox 286 963 619 1020; x_wconf 57' lang='grc' dir='ltr'><strong>ἀδικούντων</strong></span> <span class='ocrx_word' id='word_1_51' title='bbox 659 963 834 1018; x_wconf 77' lang='grc' dir='ltr'><strong>αὐτόν.</strong></span> <span class='ocrx_word' id='word_1_52' title='bbox 866 963 944 1016; x_wconf 80' lang='grc' dir='ltr'><strong>ἐν</strong></span> <span class='ocrx_word' id='word_1_53' title='bbox 967 963 1065 1037; x_wconf 73' lang='grc' dir='ltr'><strong>γὰρ</strong></span> <span class='ocrx_word' id='word_1_54' title='bbox 1095 968 1166 1033; x_wconf 85' lang='grc' dir='ltr'><strong>τῷ</strong></span> <span class='ocrx_word' id='word_1_55' title='bbox 1192 963 1313 1034; x_wconf 76' lang='grc' dir='ltr'><strong>περὶ</strong></span> <span class='ocrx_word' id='word_1_56' title='bbox 1352 963 1773 1036; x_wconf 76' lang='grc' dir='ltr'><strong>ἓνανθρωπήσεως</strong></span> <span class='ocrx_word' id='word_1_57' title='bbox 1803 962 1887 1031; x_wconf 69' lang='grc' dir='ltr'><strong>ὀγ-</strong></span> 
     </span>
    </p>
   </div>
   <div class='ocr_carea' id='block_1_11' title="bbox 284 1052 1888 1130">
    <p class='ocr_par' dir='ltr' id='par_1_11' title="bbox 284 1052 1888 1130">
     <span class='ocr_line' id='line_1_11' title="bbox 284 1052 1888 1130; baseline -0.007 -15"><span class='ocrx_word' id='word_1_58' title='bbox 284 1058 392 1130; x_wconf 76' lang='grc' dir='ltr'><strong>δόῳ</strong></span> <span class='ocrx_word' id='word_1_59' title='bbox 427 1058 560 1130; x_wconf 53' lang='lat' dir='ltr'><strong>Nam</strong></span> <span class='ocrx_word' id='word_1_60' title='bbox 588 1056 722 1112; x_wconf 80' lang='grc' dir='ltr'><strong>οὕτω</strong></span> <span class='ocrx_word' id='word_1_61' title='bbox 751 1056 902 1127; x_wconf 68' lang='grc' dir='ltr'><strong>λέγει·</strong></span> <span class='ocrx_word' id='word_1_62' title='bbox 936 1072 955 1106; x_wconf 85' lang='grc' dir='ltr'><strong>ε</strong></span> <span class='ocrx_word' id='word_1_63' title='bbox 991 1053 1234 1123; x_wconf 77' lang='grc' dir='ltr'><strong>Πρόδηλον</strong></span> <span class='ocrx_word' id='word_1_64' title='bbox 1264 1052 1319 1109; x_wconf 83' lang='grc' dir='ltr'><strong>δέ</strong></span> <span class='ocrx_word' id='word_1_65' title='bbox 1344 1056 1412 1113; x_wconf 74' lang='grc' dir='ltr'><strong>ὡς</strong></span> <span class='ocrx_word' id='word_1_66' title='bbox 1443 1055 1500 1107; x_wconf 85' lang='grc' dir='ltr'><strong>τὸ</strong></span> <span class='ocrx_word' id='word_1_67' title='bbox 1535 1061 1628 1114; x_wconf 84' lang='grc' dir='ltr'><strong>τῆς</strong></span> <span class='ocrx_word' id='word_1_68' title='bbox 1662 1052 1888 1112; x_wconf 80' lang='grc' dir='ltr'><strong>ἐνώσεως</strong></span> 
     </span>
    </p>
   </div>
   <div class='ocr_carea' id='block_1_12' title="bbox 284 1140 1887 1223">
    <p class='ocr_par' dir='ltr' id='par_1_12' title="bbox 284 1140 1887 1223">
     <span class='ocr_line' id='line_1_12' title="bbox 284 1140 1887 1223; baseline -0.002 -22"><span class='ocrx_word' id='word_1_69' title='bbox 284 1149 597 1223; x_wconf 49' lang='grc' dir='ltr'><strong>ἔφαιομὸζεν</strong></span> <span class='ocrx_word' id='word_1_70' title='bbox 630 1145 716 1203; x_wconf 78' lang='grc' dir='ltr'><strong>διὰ</strong></span> <span class='ocrx_word' id='word_1_71' title='bbox 758 1147 857 1222; x_wconf 73' lang='grc' dir='ltr'><strong>γὰρ</strong></span> <span class='ocrx_word' id='word_1_72' title='bbox 901 1149 1095 1206; x_wconf 78' lang='grc' dir='ltr'><strong>ταύτης</strong></span> <span class='ocrx_word' id='word_1_73' title='bbox 1136 1146 1475 1214; x_wconf 77' lang='grc' dir='ltr'><strong>συναχθεῖσαι</strong></span> <span class='ocrx_word' id='word_1_74' title='bbox 1523 1144 1577 1199; x_wconf 82' lang='grc' dir='ltr'><strong>αἱ</strong></span> <span class='ocrx_word' id='word_1_75' title='bbox 1612 1148 1811 1216; x_wconf 77' lang='grc' dir='ltr'><strong>φύσεις,</strong></span> <span class='ocrx_word' id='word_1_76' title='bbox 1837 1140 1887 1197; x_wconf 82' lang='grc' dir='ltr'><strong>ἓν</strong></span> 
     </span>
    </p>
   </div>
   <div class='ocr_carea' id='block_1_13' title="bbox 285 1232 1888 1315">
    <p class='ocr_par' dir='ltr' id='par_1_13' title="bbox 285 1232 1888 1315">
     <span class='ocr_line' id='line_1_13' title="bbox 285 1232 1888 1315; baseline -0.002 -23"><span class='ocrx_word' id='word_1_77' title='bbox 285 1240 568 1315; x_wconf 77' lang='grc' dir='ltr'><strong>πρόσωπον</strong></span> <span class='ocrx_word' id='word_1_78' title='bbox 616 1238 750 1292; x_wconf 72' lang='grc' dir='ltr'><strong>κατὰ</strong></span> <span class='ocrx_word' id='word_1_79' title='bbox 786 1241 878 1295; x_wconf 76' lang='grc' dir='ltr'><strong>τήν</strong></span> <span class='ocrx_word' id='word_1_80' title='bbox 913 1236 1097 1292; x_wconf 79' lang='grc' dir='ltr'><strong>ἕνωσιν</strong></span> <span class='ocrx_word' id='word_1_81' title='bbox 1137 1236 1476 1291; x_wconf 72' lang='grc' dir='ltr'><strong>ἀπετέλεσαν·</strong></span> <span class='ocrx_word' id='word_1_82' title='bbox 1511 1236 1580 1295; x_wconf 84' lang='grc' dir='ltr'><strong>ὥς</strong></span> <span class='ocrx_word' id='word_1_83' title='bbox 1607 1255 1660 1289; x_wconf 86' lang='grc' dir='ltr'><strong>τε</strong></span> <span class='ocrx_word' id='word_1_84' title='bbox 1704 1232 1833 1309; x_wconf 82' lang='grc' dir='ltr'><strong>ὅπερ</strong></span> <span class='ocrx_word' id='word_1_85' title='bbox 1862 1233 1888 1288; x_wconf 86' lang='grc' dir='ltr'>ὁ</span> 
     </span>
    </p>
   </div>
   <div class='ocr_carea' id='block_1_14' title="bbox 282 1325 1887 1402">
    <p class='ocr_par' dir='ltr' id='par_1_14' title="bbox 282 1325 1887 1402">
     <span class='ocr_line' id='line_1_14' title="bbox 282 1325 1887 1402; baseline 0.001 -22"><span class='ocrx_word' id='word_1_86' title='bbox 282 1331 468 1401; x_wconf 70' lang='grc' dir='ltr'><strong>κύριος</strong></span> <span class='ocrx_word' id='word_1_87' title='bbox 496 1329 582 1383; x_wconf 81' lang='grc' dir='ltr'><strong>ἐπί</strong></span> <span class='ocrx_word' id='word_1_88' title='bbox 622 1348 677 1382; x_wconf 86' lang='grc' dir='ltr'><strong>τε</strong></span> <span class='ocrx_word' id='word_1_89' title='bbox 717 1333 806 1384; x_wconf 83' lang='grc' dir='ltr'><strong>τοῦ</strong></span> <span class='ocrx_word' id='word_1_90' title='bbox 834 1325 1017 1402; x_wconf 81' lang='grc' dir='ltr'><strong>ἀνδρὸς</strong></span> <span class='ocrx_word' id='word_1_91' title='bbox 1043 1330 1128 1381; x_wconf 75' lang='grc' dir='ltr'><strong>καί</strong></span> <span class='ocrx_word' id='word_1_92' title='bbox 1155 1334 1249 1387; x_wconf 77' lang='grc' dir='ltr'><strong>τῆς</strong></span> <span class='ocrx_word' id='word_1_93' title='bbox 1275 1326 1508 1398; x_wconf 74' lang='grc' dir='ltr'><strong>γυναικός</strong></span> <span class='ocrx_word' id='word_1_94' title='bbox 1534 1348 1706 1399; x_wconf 77' lang='grc' dir='ltr'><strong>φησιν,</strong></span> <span class='ocrx_word' id='word_1_95' title='bbox 1735 1327 1803 1386; x_wconf 80' lang='grc' dir='ltr'><strong>ὥς</strong></span> <span class='ocrx_word' id='word_1_96' title='bbox 1833 1346 1887 1381; x_wconf 89' lang='grc' dir='ltr'><strong>τε</strong></span> 
     </span>
    </p>
   </div>
   <div class='ocr_carea' id='block_1_15' title="bbox 290 1412 1889 1489">
    <p class='ocr_par' dir='ltr' id='par_1_15' title="bbox 290 1412 1889 1489">
     <span class='ocr_line' id='line_1_15' title="bbox 290 1412 1889 1489; baseline 0.001 -17"><span class='ocrx_word' id='word_1_97' title='bbox 290 1420 472 1474; x_wconf 73' lang='grc' dir='ltr'><strong>οὐκέτι</strong></span> <span class='ocrx_word' id='word_1_98' title='bbox 499 1419 630 1474; x_wconf 79' lang='grc' dir='ltr'><strong>εἰσίν</strong></span> <span class='ocrx_word' id='word_1_99' title='bbox 653 1417 769 1484; x_wconf 73' lang='grc' dir='ltr'><strong>δύο,</strong></span> <span class='ocrx_word' id='word_1_100' title='bbox 800 1418 924 1474; x_wconf 81' lang='grc' dir='ltr'><strong>ἀλλὰ</strong></span> <span class='ocrx_word' id='word_1_101' title='bbox 953 1419 1083 1489; x_wconf 81' lang='grc' dir='ltr'><strong>σὰρξ</strong></span> <span class='ocrx_word' id='word_1_102' title='bbox 1108 1418 1221 1489; x_wconf 89' lang='grc' dir='ltr'><strong>μία,</strong></span> <span class='ocrx_word' id='word_1_103' title='bbox 1255 1415 1480 1488; x_wconf 74' lang='grc' dir='ltr'><strong>εἴποιμεν</strong></span> <span class='ocrx_word' id='word_1_104' title='bbox 1524 1412 1583 1471; x_wconf 80' lang='grc' dir='ltr'><strong>ἂν</strong></span> <span class='ocrx_word' id='word_1_105' title='bbox 1628 1421 1710 1472; x_wconf 75' lang='grc' dir='ltr'><strong>κα⁵</strong></span> <span class='ocrx_word' id='word_1_106' title='bbox 1745 1419 1889 1484; x_wconf 77' lang='grc' dir='ltr'><strong>ἡμεῖς</strong></span> 
     </span>
    </p>
   </div>
   <div class='ocr_carea' id='block_1_16' title="bbox 284 1506 1890 1582">
    <p class='ocr_par' dir='ltr' id='par_1_16' title="bbox 284 1506 1890 1582">
     <span class='ocr_line' id='line_1_16' title="bbox 284 1506 1890 1582; baseline 0.001 -19"><span class='ocrx_word' id='word_1_107' title='bbox 284 1510 500 1571; x_wconf 73' lang='grc' dir='ltr'><strong>εἰκότως</strong></span> <span class='ocrx_word' id='word_1_108' title='bbox 538 1511 670 1565; x_wconf 82' lang='grc' dir='ltr'><strong>κατά</strong></span> <span class='ocrx_word' id='word_1_109' title='bbox 691 1510 778 1566; x_wconf 81' lang='grc' dir='ltr'><strong>τὸν</strong></span> <span class='ocrx_word' id='word_1_110' title='bbox 804 1518 897 1570; x_wconf 74' lang='grc' dir='ltr'><strong>τῆς</strong></span> <span class='ocrx_word' id='word_1_111' title='bbox 938 1510 1167 1574; x_wconf 79' lang='grc' dir='ltr'><strong>ίνώσεως</strong></span> <span class='ocrx_word' id='word_1_112' title='bbox 1195 1506 1364 1582; x_wconf 75' lang='grc' dir='ltr'><strong>λόγον,</strong></span> <span class='ocrx_word' id='word_1_113' title='bbox 1392 1510 1460 1569; x_wconf 84' lang='grc' dir='ltr'><strong>ὥς</strong></span> <span class='ocrx_word' id='word_1_114' title='bbox 1490 1530 1544 1564; x_wconf 79' lang='grc' dir='ltr'><strong>τε</strong></span> <span class='ocrx_word' id='word_1_115' title='bbox 1573 1511 1738 1565; x_wconf 80' lang='grc' dir='ltr'><strong>οὐκέτι</strong></span> <span class='ocrx_word' id='word_1_116' title='bbox 1766 1512 1890 1565; x_wconf 81' lang='grc' dir='ltr'><strong>εἰσίν</strong></span> 
     </span>
    </p>
   </div>
   <div class='ocr_carea' id='block_1_17' title="bbox 281 1595 1891 1674">
    <p class='ocr_par' dir='ltr' id='par_1_17' title="bbox 281 1595 1891 1674">
     <span class='ocr_line' id='line_1_17' title="bbox 281 1595 1891 1674; baseline 0 -21"><span class='ocrx_word' id='word_1_117' title='bbox 281 1598 386 1653; x_wconf 60' lang='grc' dir='ltr'><strong>δίο</strong></span> <span class='ocrx_word' id='word_1_118' title='bbox 428 1599 707 1674; x_wconf 80' lang='grc' dir='ltr'><strong>πρόσωπα,</strong></span> <span class='ocrx_word' id='word_1_119' title='bbox 732 1598 838 1655; x_wconf 78' lang='grc' dir='ltr'><strong>ἀλλ’</strong></span> <span class='ocrx_word' id='word_1_120' title='bbox 872 1595 945 1663; x_wconf 81' lang='grc' dir='ltr'><strong>ἓν,</strong></span> <span class='ocrx_word' id='word_1_121' title='bbox 983 1598 1205 1658; x_wconf 82' lang='grc' dir='ltr'><strong>δηλονότι</strong></span> <span class='ocrx_word' id='word_1_122' title='bbox 1259 1606 1359 1654; x_wconf 83' lang='grc' dir='ltr'><strong>τῶν</strong></span> <span class='ocrx_word' id='word_1_123' title='bbox 1388 1600 1588 1673; x_wconf 75' lang='grc' dir='ltr'><strong>φύσεων</strong></span> <span class='ocrx_word' id='word_1_124' title='bbox 1636 1597 1891 1674; x_wconf 72' lang='grc' dir='ltr'><strong>διακεκριο</strong></span> 
     </span>
    </p>
   </div>
   <div class='ocr_carea' id='block_1_18' title="bbox 282 1688 1890 1767">
    <p class='ocr_par' dir='ltr' id='par_1_18' title="bbox 282 1688 1890 1767">
     <span class='ocr_line' id='line_1_18' title="bbox 282 1688 1890 1767; baseline 0.005 -23"><span class='ocrx_word' id='word_1_125' title='bbox 282 1692 478 1762; x_wconf 76' lang='grc' dir='ltr'><strong>μένων.</strong></span> <span class='ocrx_word' id='word_1_126' title='bbox 505 1688 710 1765; x_wconf 82' lang='grc' dir='ltr'><strong>Ὠσπερ</strong></span> <span class='ocrx_word' id='word_1_127' title='bbox 760 1694 862 1767; x_wconf 74' lang='grc' dir='ltr'><strong>γὰρ</strong></span> <span class='ocrx_word' id='word_1_128' title='bbox 903 1694 1007 1747; x_wconf 80' lang='grc' dir='ltr'><strong>ἐκεῖ</strong></span> <span class='ocrx_word' id='word_1_129' title='bbox 1048 1692 1106 1746; x_wconf 78' lang='grc' dir='ltr'><strong>οὗ</strong></span> <span class='ocrx_word' id='word_1_130' title='bbox 1142 1692 1437 1762; x_wconf 79' lang='grc' dir='ltr'><strong>λυμαίνεται</strong></span> <span class='ocrx_word' id='word_1_131' title='bbox 1470 1700 1545 1765; x_wconf 82' lang='grc' dir='ltr'><strong>τῷ</strong></span> <span class='ocrx_word' id='word_1_132' title='bbox 1575 1693 1771 1767; x_wconf 80' lang='grc' dir='ltr'><strong>ἀριθμῷ</strong></span> <span class='ocrx_word' id='word_1_133' title='bbox 1798 1700 1890 1752; x_wconf 74' lang='grc' dir='ltr'><strong>τῆς</strong></span> 
     </span>
    </p>
   </div>
   <div class='ocr_carea' id='block_1_19' title="bbox 280 1778 1888 1861">
    <p class='ocr_par' dir='ltr' id='par_1_19' title="bbox 280 1778 1888 1861">
     <span class='ocr_line' id='line_1_19' title="bbox 280 1778 1888 1861; baseline 0 -24"><span class='ocrx_word' id='word_1_134' title='bbox 280 1778 487 1842; x_wconf 78' lang='grc' dir='ltr'><strong>δυάδος</strong></span> <span class='ocrx_word' id='word_1_135' title='bbox 517 1783 579 1838; x_wconf 80' lang='grc' dir='ltr'><strong>τὸ</strong></span> <span class='ocrx_word' id='word_1_136' title='bbox 612 1784 733 1855; x_wconf 83' lang='grc' dir='ltr'><strong>μίαν</strong></span> <span class='ocrx_word' id='word_1_137' title='bbox 765 1783 997 1856; x_wconf 67' lang='grc' dir='ltr'><strong>λέγεσθαι</strong></span> <span class='ocrx_word' id='word_1_138' title='bbox 1040 1788 1132 1842; x_wconf 76' lang='grc' dir='ltr'><strong>τήν</strong></span> <span class='ocrx_word' id='word_1_139' title='bbox 1159 1785 1327 1858; x_wconf 75' lang='grc' dir='ltr'><strong>σάρκα</strong></span> <span class='ocrx_word' id='word_1_140' title='bbox 1358 1782 1624 1860; x_wconf 80' lang='grc' dir='ltr'><strong>(πρόδηλον</strong></span> <span class='ocrx_word' id='word_1_141' title='bbox 1648 1790 1746 1861; x_wconf 49' lang='grc' dir='ltr'><strong>γὰρ</strong></span> <span class='ocrx_word' id='word_1_142' title='bbox 1770 1783 1888 1837; x_wconf 82' lang='grc' dir='ltr'><strong>καθὸ</strong></span> 
     </span>
    </p>
   </div>
   <div class='ocr_carea' id='block_1_20' title="bbox 1986 582 3578 655">
    <p class='ocr_par' dir='ltr' id='par_1_20' title="bbox 1986 582 3578 655">
     <span class='ocr_line' id='line_1_20' title="bbox 1986 582 3578 655; baseline 0.004 -16"><span class='ocrx_word' id='word_1_143' title='bbox 1986 586 2202 655; x_wconf 83' lang='lat' dir='ltr'><strong>quidem</strong></span> <span class='ocrx_word' id='word_1_144' title='bbox 2226 582 2486 640; x_wconf 84' lang='lat' dir='ltr'><strong>sumentis</strong></span> <span class='ocrx_word' id='word_1_145' title='bbox 2515 585 2822 655; x_wconf 87' lang='lat' dir='ltr'><strong>sumptique</strong></span> <span class='ocrx_word' id='word_1_146' title='bbox 2851 593 3056 641; x_wconf 80' lang='lat' dir='ltr'><strong>natura:</strong></span> <span class='ocrx_word' id='word_1_147' title='bbox 3084 586 3370 644; x_wconf 78' lang='lat' dir='ltr'><strong>discrimen</strong></span> <span class='ocrx_word' id='word_1_148' title='bbox 3396 591 3578 646; x_wconf 81' lang='lat' dir='ltr'><strong>divina</strong></span> 
     </span>
    </p>
   </div>
   <div class='ocr_carea' id='block_1_21' title="bbox 1988 675 3584 751">
    <p class='ocr_par' dir='ltr' id='par_1_21' title="bbox 1988 675 3584 751">
     <span class='ocr_line' id='line_1_21' title="bbox 1988 675 3584 751; baseline 0.006 -21"><span class='ocrx_word' id='word_1_149' title='bbox 1988 676 2103 746; x_wconf 90' lang='lat' dir='ltr'><strong>ipsa</strong></span> <span class='ocrx_word' id='word_1_150' title='bbox 2132 676 2287 731; x_wconf 91' lang='lat' dir='ltr'><strong>nobis</strong></span> <span class='ocrx_word' id='word_1_151' title='bbox 2332 675 2567 731; x_wconf 77' lang='lat' dir='ltr'><strong>ostendit</strong></span> <span class='ocrx_word' id='word_1_152' title='bbox 2611 675 2911 747; x_wconf 85' lang='lat' dir='ltr'><strong>Scriptura.</strong></span> <span class='ocrx_word' id='word_1_153' title='bbox 2962 676 3203 734; x_wconf 86' lang='lat' dir='ltr'><strong>lndicare</strong></span> <span class='ocrx_word' id='word_1_154' title='bbox 3231 681 3429 751; x_wconf 70' lang='lat' dir='ltr'><strong>quip,te</strong></span> <span class='ocrx_word' id='word_1_155' title='bbox 3462 698 3584 740; x_wconf 91' lang='lat' dir='ltr'><strong>cam</strong></span> 
     </span>
    </p>
   </div>
   <div class='ocr_carea' id='block_1_22' title="bbox 1986 767 3578 843">
    <p class='ocr_par' dir='ltr' id='par_1_22' title="bbox 1986 767 3578 843">
     <span class='ocr_line' id='line_1_22' title="bbox 1986 767 3578 843; baseline 0.004 -20"><span class='ocrx_word' id='word_1_156' title='bbox 1986 768 2246 823; x_wconf 88' lang='lat' dir='ltr'><strong>unitatem</strong></span> <span class='ocrx_word' id='word_1_157' title='bbox 2275 767 2461 823; x_wconf 83' lang='lat' dir='ltr'><strong>volens</strong></span> <span class='ocrx_word' id='word_1_158' title='bbox 2488 782 2606 839; x_wconf 71' lang='lat' dir='ltr'><strong>quae</strong></span> <span class='ocrx_word' id='word_1_159' title='bbox 2647 767 2714 822; x_wconf 91' lang='lat' dir='ltr'><strong>ad</strong></span> <span class='ocrx_word' id='word_1_160' title='bbox 2754 767 2807 822; x_wconf 90' lang='lat' dir='ltr'><strong>id</strong></span> <span class='ocrx_word' id='word_1_161' title='bbox 2835 768 2978 839; x_wconf 92' lang='lat' dir='ltr'><strong>quod</strong></span> <span class='ocrx_word' id='word_1_162' title='bbox 3006 779 3274 841; x_wconf 79' lang='lat' dir='ltr'><strong>sumptum</strong></span> <span class='ocrx_word' id='word_1_163' title='bbox 3305 780 3387 826; x_wconf 76' lang='lat' dir='ltr'><strong>est</strong></span> <span class='ocrx_word' id='word_1_164' title='bbox 3414 773 3578 843; x_wconf 61' lang='lat' dir='ltr'><strong>pertio</strong></span> 
     </span>
    </p>
   </div>
   <div class='ocr_carea' id='block_1_23' title="bbox 1990 859 3581 933">
    <p class='ocr_par' dir='ltr' id='par_1_23' title="bbox 1990 859 3581 933">
     <span class='ocr_line' id='line_1_23' title="bbox 1990 859 3581 933; baseline 0.005 -18"><span class='ocrx_word' id='word_1_165' title='bbox 1990 869 2102 926; x_wconf 87' lang='lat' dir='ltr'><strong>net,</strong></span> <span class='ocrx_word' id='word_1_166' title='bbox 2133 859 2266 916; x_wconf 86' lang='lat' dir='ltr'><strong>dicit</strong></span> <span class='ocrx_word' id='word_1_167' title='bbox 2286 876 2384 931; x_wconf 92' lang='lat' dir='ltr'><strong>per</strong></span> <span class='ocrx_word' id='word_1_168' title='bbox 2404 862 2662 916; x_wconf 88' lang='lat' dir='ltr'><strong>unitatem</strong></span> <span class='ocrx_word' id='word_1_169' title='bbox 2684 860 2799 916; x_wconf 84' lang='lat' dir='ltr'><strong>sive</strong></span> <span class='ocrx_word' id='word_1_170' title='bbox 2818 862 3069 917; x_wconf 89' lang='lat' dir='ltr'><strong>unionem</strong></span> <span class='ocrx_word' id='word_1_171' title='bbox 3088 871 3342 933; x_wconf 86' lang='lat' dir='ltr'><strong>utrasque</strong></span> <span class='ocrx_word' id='word_1_172' title='bbox 3359 872 3581 923; x_wconf 86' lang='lat' dir='ltr'><strong>naturas</strong></span> 
     </span>
    </p>
   </div>
   <div class='ocr_carea' id='block_1_24' title="bbox 1987 950 3579 1026">
    <p class='ocr_par' dir='ltr' id='par_1_24' title="bbox 1987 950 3579 1026">
     <span class='ocr_line' id='line_1_24' title="bbox 1987 950 3579 1026; baseline 0.004 -20"><span class='ocrx_word' id='word_1_173' title='bbox 1987 951 2088 1006; x_wconf 87' lang='lat' dir='ltr'><strong>sibi</strong></span> <span class='ocrx_word' id='word_1_174' title='bbox 2119 950 2305 1006; x_wconf 85' lang='lat' dir='ltr'><strong>fecisse</strong></span> <span class='ocrx_word' id='word_1_175' title='bbox 2334 951 2614 1021; x_wconf 89' lang='lat' dir='ltr'><strong>proprias;</strong></span> <span class='ocrx_word' id='word_1_176' title='bbox 2639 951 2713 1006; x_wconf 90' lang='lat' dir='ltr'><strong>ita</strong></span> <span class='ocrx_word' id='word_1_177' title='bbox 2735 958 2814 1020; x_wconf 90' lang='lat' dir='ltr'><strong>ut,</strong></span> <span class='ocrx_word' id='word_1_178' title='bbox 2837 967 2988 1021; x_wconf 66' lang='lat' dir='ltr'><strong>teque</strong></span> <span class='ocrx_word' id='word_1_179' title='bbox 3016 953 3132 1021; x_wconf 85' lang='lat' dir='ltr'><strong>ejus</strong></span> <span class='ocrx_word' id='word_1_180' title='bbox 3159 954 3250 1024; x_wconf 86' lang='lat' dir='ltr'><strong>qui</strong></span> <span class='ocrx_word' id='word_1_181' title='bbox 3281 964 3399 1009; x_wconf 88' lang='lat' dir='ltr'><strong>erat</strong></span> <span class='ocrx_word' id='word_1_182' title='bbox 3415 965 3579 1026; x_wconf 83' lang='lat' dir='ltr'><strong>atque</strong></span> 
     </span>
    </p>
   </div>
   <div class='ocr_carea' id='block_1_25' title="bbox 1986 1042 3578 1114">
    <p class='ocr_par' dir='ltr' id='par_1_25' title="bbox 1986 1042 3578 1114">
     <span class='ocr_line' id='line_1_25' title="bbox 1986 1042 3578 1114; baseline 0.004 -16"><span class='ocrx_word' id='word_1_183' title='bbox 1986 1042 2213 1112; x_wconf 86' lang='lat' dir='ltr'><strong>sumpsit</strong></span> <span class='ocrx_word' id='word_1_184' title='bbox 2233 1057 2297 1099; x_wconf 90' lang='lat' dir='ltr'><strong>ac</strong></span> <span class='ocrx_word' id='word_1_185' title='bbox 2317 1044 2432 1111; x_wconf 88' lang='lat' dir='ltr'><strong>ejus</strong></span> <span class='ocrx_word' id='word_1_186' title='bbox 2451 1043 2542 1113; x_wconf 89' lang='lat' dir='ltr'><strong>qui</strong></span> <span class='ocrx_word' id='word_1_187' title='bbox 2556 1050 2800 1114; x_wconf 91' lang='lat' dir='ltr'><strong>sumptus</strong></span> <span class='ocrx_word' id='word_1_188' title='bbox 2821 1051 2905 1098; x_wconf 91' lang='lat' dir='ltr'><strong>est</strong></span> <span class='ocrx_word' id='word_1_189' title='bbox 2923 1044 3077 1100; x_wconf 90' lang='lat' dir='ltr'><strong>nobis</strong></span> <span class='ocrx_word' id='word_1_190' title='bbox 3098 1046 3389 1101; x_wconf 88' lang='lat' dir='ltr'><strong>ostenderit</strong></span> <span class='ocrx_word' id='word_1_191' title='bbox 3405 1049 3578 1103; x_wconf 88' lang='lat' dir='ltr'><strong>unita-</strong></span> 
     </span>
    </p>
   </div>
   <div class='ocr_carea' id='block_1_26' title="bbox 1990 1143 3572 1216">
    <p class='ocr_par' dir='ltr' id='par_1_26' title="bbox 1990 1143 3572 1216">
     <span class='ocr_line' id='line_1_26' title="bbox 1990 1143 3572 1216; baseline 0.001 -17"><span class='ocrx_word' id='word_1_192' title='bbox 1990 1152 2118 1214; x_wconf 85' lang='lat' dir='ltr'><strong>tem,</strong></span> <span class='ocrx_word' id='word_1_193' title='bbox 2145 1159 2265 1215; x_wconf 74' lang='lat' dir='ltr'><strong>qua:</strong></span> <span class='ocrx_word' id='word_1_194' title='bbox 2286 1159 2352 1200; x_wconf 81' lang='lat' dir='ltr'><strong>ex</strong></span> <span class='ocrx_word' id='word_1_195' title='bbox 2376 1143 2514 1200; x_wconf 89' lang='lat' dir='ltr'><strong>facta</strong></span> <span class='ocrx_word' id='word_1_196' title='bbox 2545 1158 2666 1199; x_wconf 91' lang='lat' dir='ltr'><strong>cum</strong></span> <span class='ocrx_word' id='word_1_197' title='bbox 2689 1143 2806 1214; x_wconf 90' lang='lat' dir='ltr'><strong>ipso</strong></span> <span class='ocrx_word' id='word_1_198' title='bbox 2827 1144 3209 1214; x_wconf 84' lang='lat' dir='ltr'><strong>conjunctione</strong></span> <span class='ocrx_word' id='word_1_199' title='bbox 3235 1147 3521 1216; x_wconf 79' lang='lat' dir='ltr'><strong>processit.</strong></span> <span class='ocrx_word' id='word_1_200' title='bbox 3552 1167 3572 1201; x_wconf 76' lang='grc' dir='ltr'><strong>ι</strong></span> 
     </span>
    </p>
   </div>
   <div class='ocr_carea' id='block_1_27' title="bbox 2059 1220 3576 1310">
    <p class='ocr_par' dir='ltr' id='par_1_27' title="bbox 2059 1220 3576 1310">
     <span class='ocr_line' id='line_1_27' title="bbox 2059 1220 3576 1310; baseline 0.001 -15"><span class='ocrx_word' id='word_1_201' title='bbox 2059 1238 2195 1295; x_wconf 89' lang='lat' dir='ltr'><strong>Cum</strong></span> <span class='ocrx_word' id='word_1_202' title='bbox 2238 1238 2420 1307; x_wconf 83' lang='lat' dir='ltr'><strong>itaque</strong></span> <span class='ocrx_word' id='word_1_203' title='bbox 2456 1237 2882 1293; x_wconf 88' lang='lat' dir='ltr'><strong>demonstratum</strong></span> <span class='ocrx_word' id='word_1_204' title='bbox 2933 1236 3235 1294; x_wconf 83' lang='lat' dir='ltr'><strong>luculenter</strong></span> <span class='ocrx_word' id='word_1_205' title='bbox 3257 1240 3326 1295; x_wconf 86' lang='lat' dir='ltr'><strong>sit</strong></span> <span class='ocrx_word' id='word_1_206' title='bbox 3357 1220 3576 1310; x_wconf 79' lang='lat' dir='ltr'><strong>impium</strong></span> 
     </span>
    </p>
   </div>
   <div class='ocr_carea' id='block_1_28' title="bbox 1990 1327 3579 1403">
    <p class='ocr_par' dir='ltr' id='par_1_28' title="bbox 1990 1327 3579 1403">
     <span class='ocr_line' id='line_1_28' title="bbox 1990 1327 3579 1403; baseline 0.004 -20"><span class='ocrx_word' id='word_1_207' title='bbox 1990 1327 2333 1385; x_wconf 88' lang='lat' dir='ltr'><strong>Theodorum</strong></span> <span class='ocrx_word' id='word_1_208' title='bbox 2372 1334 2579 1383; x_wconf 72' lang='lat' dir='ltr'><strong>natura:</strong></span> <span class='ocrx_word' id='word_1_209' title='bbox 2618 1342 2813 1383; x_wconf 89' lang='lat' dir='ltr'><strong>nomen</strong></span> <span class='ocrx_word' id='word_1_210' title='bbox 2851 1342 2952 1397; x_wconf 91' lang='lat' dir='ltr'><strong>pro</strong></span> <span class='ocrx_word' id='word_1_211' title='bbox 2992 1343 3222 1398; x_wconf 83' lang='lat' dir='ltr'><strong>persona</strong></span> <span class='ocrx_word' id='word_1_212' title='bbox 3267 1346 3579 1403; x_wconf 81' lang='lat' dir='ltr'><strong>usurpasse,</strong></span> 
     </span>
    </p>
   </div>
   <div class='ocr_carea' id='block_1_29' title="bbox 1988 1416 3575 1490">
    <p class='ocr_par' dir='ltr' id='par_1_29' title="bbox 1988 1416 3575 1490">
     <span class='ocr_line' id='line_1_29' title="bbox 1988 1416 3575 1490; baseline 0.003 -15"><span class='ocrx_word' id='word_1_213' title='bbox 1988 1418 2313 1475; x_wconf 86' lang='lat' dir='ltr'><strong>deteriorem</strong></span> <span class='ocrx_word' id='word_1_214' title='bbox 2342 1418 2516 1474; x_wconf 87' lang='lat' dir='ltr'><strong>adhuc</strong></span> <span class='ocrx_word' id='word_1_215' title='bbox 2542 1416 2659 1487; x_wconf 89' lang='lat' dir='ltr'><strong>ejus</strong></span> <span class='ocrx_word' id='word_1_216' title='bbox 2704 1417 3097 1489; x_wconf 83' lang='lat' dir='ltr'><strong>blasphemiam</strong></span> <span class='ocrx_word' id='word_1_217' title='bbox 3136 1420 3476 1490; x_wconf 58' lang='lat' dir='ltr'><strong>proferemus</strong></span> <span class='ocrx_word' id='word_1_218' title='bbox 3519 1424 3575 1480; x_wconf 87' lang='lat' dir='ltr'><strong>iu</strong></span> 
     </span>
    </p>
   </div>
   <div class='ocr_carea' id='block_1_30' title="bbox 1989 1508 3573 1580">
    <p class='ocr_par' dir='ltr' id='par_1_30' title="bbox 1989 1508 3573 1580">
     <span class='ocr_line' id='line_1_30' title="bbox 1989 1508 3573 1580; baseline 0.004 -16"><span class='ocrx_word' id='word_1_219' title='bbox 1989 1510 2244 1575; x_wconf 87' lang='lat' dir='ltr'><strong>medium,</strong></span> <span class='ocrx_word' id='word_1_220' title='bbox 2272 1525 2381 1579; x_wconf 89' lang='lat' dir='ltr'><strong>qua</strong></span> <span class='ocrx_word' id='word_1_221' title='bbox 2409 1508 2587 1578; x_wconf 87' lang='lat' dir='ltr'><strong>docet,</strong></span> <span class='ocrx_word' id='word_1_222' title='bbox 2618 1508 2748 1578; x_wconf 91' lang='lat' dir='ltr'><strong>quid</strong></span> <span class='ocrx_word' id='word_1_223' title='bbox 2775 1510 2890 1580; x_wconf 91' lang='lat' dir='ltr'><strong>ipse</strong></span> <span class='ocrx_word' id='word_1_224' title='bbox 2919 1510 3139 1566; x_wconf 80' lang='lat' dir='ltr'><strong>unitatis</strong></span> <span class='ocrx_word' id='word_1_225' title='bbox 3168 1512 3385 1568; x_wconf 89' lang='lat' dir='ltr'><strong>nomine</strong></span> <span class='ocrx_word' id='word_1_226' title='bbox 3414 1513 3573 1571; x_wconf 84' lang='lat' dir='ltr'><strong>intel-</strong></span> 
     </span>
    </p>
   </div>
   <div class='ocr_carea' id='block_1_31' title="bbox 1992 1584 3575 1672">
    <p class='ocr_par' dir='ltr' id='par_1_31' title="bbox 1992 1584 3575 1672">
     <span class='ocr_line' id='line_1_31' title="bbox 1992 1584 3575 1672; baseline 0.005 -17"><span class='ocrx_word' id='word_1_227' title='bbox 1992 1602 2157 1669; x_wconf 85' lang='lat' dir='ltr'><strong>ligat,</strong></span> <span class='ocrx_word' id='word_1_228' title='bbox 2189 1609 2249 1656; x_wconf 92' lang='lat' dir='ltr'><strong>ut</strong></span> <span class='ocrx_word' id='word_1_229' title='bbox 2275 1584 2485 1670; x_wconf 83' lang='lat' dir='ltr'><strong>plenius</strong></span> <span class='ocrx_word' id='word_1_230' title='bbox 2508 1599 2936 1656; x_wconf 90' lang='lat' dir='ltr'><strong>condemnentur</strong></span> <span class='ocrx_word' id='word_1_231' title='bbox 2971 1600 3088 1670; x_wconf 87' lang='lat' dir='ltr'><strong>ejus</strong></span> <span class='ocrx_word' id='word_1_232' title='bbox 3126 1603 3575 1672; x_wconf 88' lang='lat' dir='ltr'><strong>patrocinatorcs.</strong></span> 
     </span>
    </p>
   </div>
   <div class='ocr_carea' id='block_1_32' title="bbox 1989 1691 3576 1763">
    <p class='ocr_par' dir='ltr' id='par_1_32' title="bbox 1989 1691 3576 1763">
     <span class='ocr_line' id='line_1_32' title="bbox 1989 1691 3576 1763; baseline 0.003 -16"><span class='ocrx_word' id='word_1_233' title='bbox 1989 1693 2047 1748; x_wconf 91' lang='lat' dir='ltr'><strong>ln</strong></span> <span class='ocrx_word' id='word_1_234' title='bbox 2076 1702 2269 1749; x_wconf 85' lang='lat' dir='ltr'><strong>octavo</strong></span> <span class='ocrx_word' id='word_1_235' title='bbox 2310 1692 2470 1763; x_wconf 82' lang='lat' dir='ltr'><strong>igitur</strong></span> <span class='ocrx_word' id='word_1_236' title='bbox 2504 1691 2776 1749; x_wconf 76' lang='lat' dir='ltr'><strong>sermone</strong></span> <span class='ocrx_word' id='word_1_237' title='bbox 2803 1692 2870 1749; x_wconf 91' lang='lat' dir='ltr'><strong>de</strong></span> <span class='ocrx_word' id='word_1_238' title='bbox 2897 1692 3273 1750; x_wconf 85' lang='lat' dir='ltr'><strong>lncarnatione</strong></span> <span class='ocrx_word' id='word_1_239' title='bbox 3301 1696 3417 1752; x_wconf 72' lang='lat' dir='ltr'><strong>hazc</strong></span> <span class='ocrx_word' id='word_1_240' title='bbox 3440 1698 3576 1755; x_wconf 87' lang='lat' dir='ltr'><strong>scri-</strong></span> 
     </span>
    </p>
   </div>
   <div class='ocr_carea' id='block_1_33' title="bbox 1988 1783 3578 1863">
    <p class='ocr_par' dir='ltr' id='par_1_33' title="bbox 1988 1783 3578 1863">
     <span class='ocr_line' id='line_1_33' title="bbox 1988 1783 3578 1863; baseline 0.006 -24"><span class='ocrx_word' id='word_1_241' title='bbox 1988 1784 2068 1839; x_wconf 90' lang='lat' dir='ltr'><strong>bit</strong></span> <span class='ocrx_word' id='word_1_242' title='bbox 2098 1803 2111 1838; x_wconf 89' lang='lat'><strong>:</strong></span> <span class='ocrx_word' id='word_1_243' title='bbox 2149 1803 2167 1837; x_wconf 87' lang='grc' dir='ltr'><strong>ι</strong></span> <span class='ocrx_word' id='word_1_244' title='bbox 2199 1783 2427 1840; x_wconf 87' lang='lat' dir='ltr'><strong>Constat</strong></span> <span class='ocrx_word' id='word_1_245' title='bbox 2471 1793 2652 1841; x_wconf 89' lang='lat' dir='ltr'><strong>autem</strong></span> <span class='ocrx_word' id='word_1_246' title='bbox 2698 1784 2827 1855; x_wconf 90' lang='lat' dir='ltr'><strong>quid</strong></span> <span class='ocrx_word' id='word_1_247' title='bbox 2856 1786 3060 1843; x_wconf 91' lang='lat' dir='ltr'><strong>unitate</strong></span> <span class='ocrx_word' id='word_1_248' title='bbox 3087 1787 3405 1859; x_wconf 87' lang='lat' dir='ltr'><strong>importetur</strong></span> <span class='ocrx_word' id='word_1_249' title='bbox 3437 1809 3450 1845; x_wconf 90' lang='lat'><strong>:</strong></span> <span class='ocrx_word' id='word_1_250' title='bbox 3482 1806 3578 1863; x_wconf 86' lang='lat' dir='ltr'><strong>per</strong></span> 
     </span>
    </p>
   </div>
   <div class='ocr_carea' id='block_1_34' title="bbox 282 1863 1890 1961">
    <p class='ocr_par' dir='ltr' id='par_1_34' title="bbox 282 1872 1887 1946">
     <span class='ocr_line' id='line_1_34' title="bbox 282 1872 1887 1946; baseline -0.002 -17"><span class='ocrx_word' id='word_1_251' title='bbox 282 1874 384 1945; x_wconf 73' lang='grc' dir='ltr'><strong>μία</strong></span> <span class='ocrx_word' id='word_1_252' title='bbox 427 1872 679 1946; x_wconf 62' lang='grc' dir='ltr'><strong>λέγεται),</strong></span> <span class='ocrx_word' id='word_1_253' title='bbox 702 1872 867 1934; x_wconf 80' lang='grc' dir='ltr'><strong>οὕτως</strong></span> <span class='ocrx_word' id='word_1_254' title='bbox 911 1874 1169 1930; x_wconf 78' lang='grc' dir='ltr'><strong>κάνταῦθα</strong></span> <span class='ocrx_word' id='word_1_255' title='bbox 1213 1876 1272 1927; x_wconf 80' lang='grc' dir='ltr'><strong>οὐ</strong></span> <span class='ocrx_word' id='word_1_256' title='bbox 1315 1873 1611 1943; x_wconf 75' lang='grc' dir='ltr'><strong>λυμαίνεται</strong></span> <span class='ocrx_word' id='word_1_257' title='bbox 1656 1877 1745 1932; x_wconf 77' lang='grc' dir='ltr'><strong>τήν</strong></span> <span class='ocrx_word' id='word_1_258' title='bbox 1788 1880 1887 1927; x_wconf 82' lang='grc' dir='ltr'><strong>τῶν</strong></span> 
     </span>
    </p>
   </div>
   <div class='ocr_carea' id='block_1_35' title="bbox 1995 1863 3577 1961">
    <p class='ocr_par' dir='ltr' id='par_1_35' title="bbox 1995 1885 3577 1961">
     <span class='ocr_line' id='line_1_35' title="bbox 1995 1885 3577 1961; baseline 0.005 -21"><span class='ocrx_word' id='word_1_259' title='bbox 1995 1885 2131 1940; x_wconf 89' lang='lat' dir='ltr'><strong>hanc</strong></span> <span class='ocrx_word' id='word_1_260' title='bbox 2180 1886 2322 1940; x_wconf 89' lang='lat' dir='ltr'><strong>enim</strong></span> <span class='ocrx_word' id='word_1_261' title='bbox 2366 1885 2736 1942; x_wconf 83' lang='lat' dir='ltr'><strong>coalescentes</strong></span> <span class='ocrx_word' id='word_1_262' title='bbox 2780 1894 2987 1942; x_wconf 72' lang='lat' dir='ltr'><strong>natura:</strong></span> <span class='ocrx_word' id='word_1_263' title='bbox 3038 1889 3251 1945; x_wconf 86' lang='lat' dir='ltr'><strong>unicam</strong></span> <span class='ocrx_word' id='word_1_264' title='bbox 3289 1905 3577 1961; x_wconf 74' lang='lat' dir='ltr'><strong>personam</strong></span> 
     </span>
    </p>
   </div>
   <div class='ocr_carea' id='block_1_36' title="bbox 280 1959 1886 2043">
    <p class='ocr_par' dir='ltr' id='par_1_36' title="bbox 280 1959 1886 2043">
     <span class='ocr_line' id='line_1_36' title="bbox 280 1959 1886 2043; baseline -0.002 -23"><span class='ocrx_word' id='word_1_265' title='bbox 280 1966 497 2039; x_wconf 61' lang='lat' dir='ltr'><strong>frictas</strong></span> <span class='ocrx_word' id='word_1_266' title='bbox 546 1962 788 2039; x_wconf 73' lang='grc' dir='ltr'><strong>διαφορὰν</strong></span> <span class='ocrx_word' id='word_1_267' title='bbox 826 1971 920 2022; x_wconf 82' lang='grc' dir='ltr'><strong>τοῦ</strong></span> <span class='ocrx_word' id='word_1_268' title='bbox 958 1967 1238 2043; x_wconf 77' lang='grc' dir='ltr'><strong>προσώπου</strong></span> <span class='ocrx_word' id='word_1_269' title='bbox 1281 1966 1314 2022; x_wconf 80' lang='grc' dir='ltr'><strong><em>ἡ</em></strong></span> <span class='ocrx_word' id='word_1_270' title='bbox 1359 1964 1559 2024; x_wconf 79' lang='grc' dir='ltr'><strong>ἵνωσις.</strong></span> <span class='ocrx_word' id='word_1_271' title='bbox 1613 1959 1768 2019; x_wconf 80' lang='grc' dir='ltr'><strong>ὀταν</strong></span> <span class='ocrx_word' id='word_1_272' title='bbox 1796 1965 1886 2035; x_wconf 72' lang='grc' dir='ltr'><strong>μὲν</strong></span> 
     </span>
    </p>
   </div>
   <div class='ocr_carea' id='block_1_37' title="bbox 282 2054 1888 2134">
    <p class='ocr_par' dir='ltr' id='par_1_37' title="bbox 282 2054 1888 2134">
     <span class='ocr_line' id='line_1_37' title="bbox 282 2054 1888 2134; baseline -0.001 -23"><span class='ocrx_word' id='word_1_273' title='bbox 282 2058 393 2131; x_wconf 73' lang='grc' dir='ltr'><strong>τᾶρ</strong></span> <span class='ocrx_word' id='word_1_274' title='bbox 424 2057 519 2117; x_wconf 71' lang='grc' dir='ltr'><strong>τὰς</strong></span> <span class='ocrx_word' id='word_1_275' title='bbox 546 2057 725 2130; x_wconf 66' lang='grc' dir='ltr'><strong>φύσεις</strong></span> <span class='ocrx_word' id='word_1_276' title='bbox 747 2054 1100 2134; x_wconf 74' lang='grc' dir='ltr'><strong>διακρίνωμεν,</strong></span> <span class='ocrx_word' id='word_1_277' title='bbox 1129 2056 1325 2113; x_wconf 88' lang='grc' dir='ltr'><strong>τελείαν</strong></span> <span class='ocrx_word' id='word_1_278' title='bbox 1348 2059 1439 2116; x_wconf 71' lang='grc' dir='ltr'><strong>τὴν</strong></span> <span class='ocrx_word' id='word_1_279' title='bbox 1462 2056 1616 2129; x_wconf 79' lang='grc' dir='ltr'><strong>φύσιν</strong></span> <span class='ocrx_word' id='word_1_280' title='bbox 1640 2062 1732 2113; x_wconf 81' lang='grc' dir='ltr'><strong>τοῦ</strong></span> <span class='ocrx_word' id='word_1_281' title='bbox 1755 2060 1888 2112; x_wconf 82' lang='grc' dir='ltr'><strong>Θεοῦ</strong></span> 
     </span>
    </p>
   </div>
   <div class='ocr_carea' id='block_1_38' title="bbox 284 2145 1888 2225">
    <p class='ocr_par' dir='ltr' id='par_1_38' title="bbox 284 2145 1888 2225">
     <span class='ocr_line' id='line_1_38' title="bbox 284 2145 1888 2225; baseline 0.001 -24"><span class='ocrx_word' id='word_1_282' title='bbox 284 2147 450 2220; x_wconf 68' lang='grc' dir='ltr'><strong>λόγου</strong></span> <span class='ocrx_word' id='word_1_283' title='bbox 476 2149 662 2221; x_wconf 66' lang='grc' dir='ltr'><strong>φαμέν,</strong></span> <span class='ocrx_word' id='word_1_284' title='bbox 694 2150 779 2204; x_wconf 81' lang='grc' dir='ltr'><strong>καὶ</strong></span> <span class='ocrx_word' id='word_1_285' title='bbox 805 2148 992 2203; x_wconf 70' lang='grc' dir='ltr'><strong>τέλειον</strong></span> <span class='ocrx_word' id='word_1_286' title='bbox 1015 2149 1073 2205; x_wconf 80' lang='grc' dir='ltr'><strong>τὸ</strong></span> <span class='ocrx_word' id='word_1_287' title='bbox 1099 2149 1396 2223; x_wconf 74' lang='grc' dir='ltr'><strong>πρὸσωπον⁶</strong></span> <span class='ocrx_word' id='word_1_288' title='bbox 1421 2145 1534 2204; x_wconf 73' lang='grc' dir='ltr'><strong>οὐδὲ</strong></span> <span class='ocrx_word' id='word_1_289' title='bbox 1563 2150 1662 2223; x_wconf 71' lang='grc' dir='ltr'><strong>γὰρ</strong></span> <span class='ocrx_word' id='word_1_290' title='bbox 1687 2148 1888 2225; x_wconf 82' lang='grc' dir='ltr'><strong>ἀπρόσ-</strong></span> 
     </span>
    </p>
   </div>
   <div class='ocr_carea' id='block_1_39' title="bbox 286 2234 1884 2299">
    <p class='ocr_par' dir='ltr' id='par_1_39' title="bbox 286 2234 1884 2299">
     <span class='ocr_line' id='line_1_39' title="bbox 286 2234 1884 2299; baseline 0.001 -6"><span class='ocrx_word' id='word_1_291' title='bbox 286 2239 437 2293; x_wconf 71' lang='grc' dir='ltr'><strong>υπόν</strong></span> <span class='ocrx_word' id='word_1_292' title='bbox 469 2238 611 2294; x_wconf 76' lang='grc' dir='ltr'><strong>ἔστιν</strong></span> <span class='ocrx_word' id='word_1_293' title='bbox 644 2234 937 2295; x_wconf 77' lang='grc' dir='ltr'><strong>ὑπόστασιν</strong></span> <span class='ocrx_word' id='word_1_294' title='bbox 974 2240 1189 2295; x_wconf 77' lang='grc' dir='ltr'><strong>εἰπεῖν’·</strong></span> <span class='ocrx_word' id='word_1_295' title='bbox 1212 2238 1405 2295; x_wconf 79' lang='grc' dir='ltr'><strong>τελείαν</strong></span> <span class='ocrx_word' id='word_1_296' title='bbox 1441 2236 1497 2294; x_wconf 75' lang='grc' dir='ltr'><strong>δὲ</strong></span> <span class='ocrx_word' id='word_1_297' title='bbox 1537 2243 1622 2294; x_wconf 85' lang='grc' dir='ltr'><strong>καί</strong></span> <span class='ocrx_word' id='word_1_298' title='bbox 1654 2243 1745 2299; x_wconf 74' lang='grc' dir='ltr'><strong>τήν</strong></span> <span class='ocrx_word' id='word_1_299' title='bbox 1793 2245 1884 2295; x_wconf 86' lang='grc' dir='ltr'><strong>τοῦ</strong></span> 
     </span>
    </p>
   </div>
   <div class='ocr_carea' id='block_1_40' title="bbox 282 2328 1888 2409">
    <p class='ocr_par' dir='ltr' id='par_1_40' title="bbox 282 2328 1888 2409">
     <span class='ocr_line' id='line_1_40' title="bbox 282 2328 1888 2409; baseline 0 -22"><span class='ocrx_word' id='word_1_300' title='bbox 282 2331 564 2406; x_wconf 68' lang='grc' dir='ltr'><strong>ἑνθρῶπου</strong></span> <span class='ocrx_word' id='word_1_301' title='bbox 585 2332 756 2403; x_wconf 73' lang='grc' dir='ltr'><strong>φύσιν,</strong></span> <span class='ocrx_word' id='word_1_302' title='bbox 788 2334 873 2386; x_wconf 78' lang='grc' dir='ltr'><strong>καὶ</strong></span> <span class='ocrx_word' id='word_1_303' title='bbox 901 2333 957 2387; x_wconf 82' lang='grc' dir='ltr'><strong>τὸ</strong></span> <span class='ocrx_word' id='word_1_304' title='bbox 980 2333 1257 2409; x_wconf 81' lang='grc' dir='ltr'><strong>πρόσωπον</strong></span> <span class='ocrx_word' id='word_1_305' title='bbox 1282 2331 1488 2404; x_wconf 85' lang='grc' dir='ltr'><strong>ὁμοίως.</strong></span> <span class='ocrx_word' id='word_1_306' title='bbox 1511 2328 1670 2389; x_wconf 86' lang='grc' dir='ltr'><strong>Ὀταν</strong></span> <span class='ocrx_word' id='word_1_307' title='bbox 1696 2333 1786 2404; x_wconf 78' lang='grc' dir='ltr'><strong>μέν</strong></span> <span class='ocrx_word' id='word_1_308' title='bbox 1807 2353 1888 2388; x_wconf 86' lang='grc' dir='ltr'><strong>τοι</strong></span> 
     </span>
    </p>
   </div>
   <div class='ocr_carea' id='block_1_41' title="bbox 282 2420 1880 2499">
    <p class='ocr_par' dir='ltr' id='par_1_41' title="bbox 282 2420 1880 2499">
     <span class='ocr_line' id='line_1_41' title="bbox 282 2420 1880 2499; baseline 0 -24"><span class='ocrx_word' id='word_1_309' title='bbox 282 2420 377 2475; x_wconf 67' lang='grc' dir='ltr'><strong>ὄπι</strong></span> <span class='ocrx_word' id='word_1_310' title='bbox 426 2425 521 2479; x_wconf 73' lang='grc' dir='ltr'><strong>τήν</strong></span> <span class='ocrx_word' id='word_1_311' title='bbox 567 2421 837 2495; x_wconf 64' lang='grc' dir='ltr'><strong>συνάφειαι)</strong></span> <span class='ocrx_word' id='word_1_312' title='bbox 866 2420 1093 2493; x_wconf 76' lang='grc' dir='ltr'><strong>εἴδωμεν,</strong></span> <span class='ocrx_word' id='word_1_313' title='bbox 1120 2421 1171 2476; x_wconf 81' lang='grc' dir='ltr'><strong>ἓν</strong></span> <span class='ocrx_word' id='word_1_314' title='bbox 1200 2422 1481 2499; x_wconf 83' lang='grc' dir='ltr'><strong>πρόσωπον</strong></span> <span class='ocrx_word' id='word_1_315' title='bbox 1505 2421 1619 2479; x_wconf 83' lang='grc' dir='ltr'><strong>τότε</strong></span> <span class='ocrx_word' id='word_1_316' title='bbox 1651 2424 1826 2494; x_wconf 77' lang='grc' dir='ltr'><strong>φαμέν.</strong></span> <span class='ocrx_word' id='word_1_317' title='bbox 1859 2441 1880 2475; x_wconf 75' lang='grc' dir='ltr'><strong>ι</strong></span> 
     </span>
    </p>
   </div>
   <div class='ocr_carea' id='block_1_42' title="bbox 281 2511 1883 2591">
    <p class='ocr_par' dir='ltr' id='par_1_42' title="bbox 281 2511 1883 2591">
     <span class='ocr_line' id='line_1_42' title="bbox 281 2511 1883 2591; baseline 0.002 -27"><span class='ocrx_word' id='word_1_318' title='bbox 281 2514 471 2565; x_wconf 80' lang='grc' dir='ltr'><strong>Ταῦτα</strong></span> <span class='ocrx_word' id='word_1_319' title='bbox 510 2511 688 2581; x_wconf 77' lang='grc' dir='ltr'><strong>ἡμεῖς,</strong></span> <span class='ocrx_word' id='word_1_320' title='bbox 717 2512 761 2565; x_wconf 79' lang='grc' dir='ltr'><strong>εἰ</strong></span> <span class='ocrx_word' id='word_1_321' title='bbox 805 2512 892 2566; x_wconf 77' lang='grc' dir='ltr'><strong>καί</strong></span> <span class='ocrx_word' id='word_1_322' title='bbox 931 2512 1134 2587; x_wconf 76' lang='grc' dir='ltr'><strong>φρικτὸν</strong></span> <span class='ocrx_word' id='word_1_323' title='bbox 1179 2514 1295 2569; x_wconf 71' lang='grc' dir='ltr'><strong>ἐστι</strong></span> <span class='ocrx_word' id='word_1_324' title='bbox 1339 2513 1497 2588; x_wconf 76' lang='grc' dir='ltr'><strong>λέγειν</strong></span> <span class='ocrx_word' id='word_1_325' title='bbox 1536 2520 1883 2591; x_wconf 76' lang='grc' dir='ltr'><strong>χριστεανοίς,</strong></span> 
     </span>
    </p>
   </div>
   <div class='ocr_carea' id='block_1_43' title="bbox 285 2598 1882 2678">
    <p class='ocr_par' dir='ltr' id='par_1_43' title="bbox 285 2598 1882 2678">
     <span class='ocr_line' id='line_1_43' title="bbox 285 2598 1882 2678; baseline 0.002 -24"><span class='ocrx_word' id='word_1_326' title='bbox 285 2598 439 2671; x_wconf 77' lang='grc' dir='ltr'><strong>ὅμως</strong></span> <span class='ocrx_word' id='word_1_327' title='bbox 466 2598 554 2655; x_wconf 70' lang='grc' dir='ltr'><strong>δά</strong></span> <span class='ocrx_word' id='word_1_328' title='bbox 584 2605 678 2660; x_wconf 71' lang='grc' dir='ltr'><strong>τήν</strong></span> <span class='ocrx_word' id='word_1_329' title='bbox 702 2604 887 2671; x_wconf 80' lang='grc' dir='ltr'><strong>μανίαν</strong></span> <span class='ocrx_word' id='word_1_330' title='bbox 912 2610 1013 2658; x_wconf 85' lang='grc' dir='ltr'><strong>τῶν</strong></span> <span class='ocrx_word' id='word_1_331' title='bbox 1038 2603 1354 2660; x_wconf 73' lang='grc' dir='ltr'><strong>ἐκδικούντων</strong></span> <span class='ocrx_word' id='word_1_332' title='bbox 1404 2601 1662 2678; x_wconf 82' lang='grc' dir='ltr'><strong>Θεόδωρον</strong></span> <span class='ocrx_word' id='word_1_333' title='bbox 1689 2606 1768 2658; x_wconf 75' lang='grc' dir='ltr'><strong>καὶ</strong></span> <span class='ocrx_word' id='word_1_334' title='bbox 1793 2608 1882 2663; x_wconf 73' lang='grc' dir='ltr'><strong>τήν</strong></span> 
     </span>
    </p>
   </div>
   <div class='ocr_carea' id='block_1_44' title="bbox 281 2694 1881 2772">
    <p class='ocr_par' dir='ltr' id='par_1_44' title="bbox 281 2694 1881 2772">
     <span class='ocr_line' id='line_1_44' title="bbox 281 2694 1881 2772; baseline 0 -24"><span class='ocrx_word' id='word_1_335' title='bbox 281 2694 458 2753; x_wconf 73' lang='grc' dir='ltr'><strong>ἀσεϐῆ</strong></span> <span class='ocrx_word' id='word_1_336' title='bbox 487 2695 676 2753; x_wconf 65' lang='lat' dir='ltr'><strong>duim</strong></span> <span class='ocrx_word' id='word_1_337' title='bbox 700 2695 989 2761; x_wconf 65' lang='grc' dir='ltr'><strong>ἐπιστολήν,</strong></span> <span class='ocrx_word' id='word_1_338' title='bbox 1011 2705 1322 2772; x_wconf 71' lang='grc' dir='ltr'><strong>προαγαγεῖν</strong></span> <span class='ocrx_word' id='word_1_339' title='bbox 1345 2696 1742 2770; x_wconf 72' lang='grc' dir='ltr'><strong>ἠναγκάσθημεν,</strong></span> <span class='ocrx_word' id='word_1_340' title='bbox 1764 2694 1881 2749; x_wconf 75' lang='grc' dir='ltr'><strong>ἵλεω</strong></span> 
     </span>
    </p>
   </div>
   <div class='ocr_carea' id='block_1_45' title="bbox 280 2782 1882 2861">
    <p class='ocr_par' dir='ltr' id='par_1_45' title="bbox 280 2782 1882 2861">
     <span class='ocr_line' id='line_1_45' title="bbox 280 2782 1882 2861; baseline -0.003 -19"><span class='ocrx_word' id='word_1_341' title='bbox 280 2785 378 2842; x_wconf 72' lang='grc' dir='ltr'><strong>τὸν</strong></span> <span class='ocrx_word' id='word_1_342' title='bbox 418 2786 545 2840; x_wconf 80' lang='grc' dir='ltr'><strong>Θεὸν</strong></span> <span class='ocrx_word' id='word_1_343' title='bbox 579 2787 700 2857; x_wconf 73' lang='grc' dir='ltr'><strong>ἠμῒν</strong></span> <span class='ocrx_word' id='word_1_344' title='bbox 738 2787 1151 2861; x_wconf 84' lang='grc' dir='ltr'><strong>παρακαλοῦντες</strong></span> <span class='ocrx_word' id='word_1_345' title='bbox 1200 2787 1451 2859; x_wconf 75' lang='grc' dir='ltr'><strong>γενέσθαι’</strong></span> <span class='ocrx_word' id='word_1_346' title='bbox 1485 2784 1550 2842; x_wconf 75' lang='grc' dir='ltr'><strong>δι’</strong></span> <span class='ocrx_word' id='word_1_347' title='bbox 1572 2782 1639 2840; x_wconf 78' lang='grc' dir='ltr'><strong>ὧν</strong></span> <span class='ocrx_word' id='word_1_348' title='bbox 1677 2785 1882 2840; x_wconf 83' lang='grc' dir='ltr'><strong>πάντων</strong></span> 
     </span>
    </p>
   </div>
   <div class='ocr_carea' id='block_1_46' title="bbox 280 2864 1879 2954">
    <p class='ocr_par' dir='ltr' id='par_1_46' title="bbox 280 2864 1879 2954">
     <span class='ocr_line' id='line_1_46' title="bbox 280 2864 1879 2954; baseline 0.003 -23"><span class='ocrx_word' id='word_1_349' title='bbox 280 2873 672 2945; x_wconf 71' lang='grc' dir='ltr'><strong>ἀποδέδεικται,</strong></span> <span class='ocrx_word' id='word_1_350' title='bbox 701 2875 781 2932; x_wconf 82' lang='grc' dir='ltr'><strong>ὅτι</strong></span> <span class='ocrx_word' id='word_1_351' title='bbox 813 2864 1107 2939; x_wconf 35' lang='grc' dir='ltr'><strong>πάσης-τῆς</strong></span> <span class='ocrx_word' id='word_1_352' title='bbox 1132 2876 1396 2954; x_wconf 80' lang='grc' dir='ltr'><strong>Θεοδώρου</strong></span> <span class='ocrx_word' id='word_1_353' title='bbox 1435 2878 1675 2937; x_wconf 78' lang='grc' dir='ltr'><strong>ἀσεϐείας</strong></span> <span class='ocrx_word' id='word_1_354' title='bbox 1716 2880 1879 2948; x_wconf 73' lang='grc' dir='ltr'><strong>μεστή</strong></span> 
     </span>
    </p>
   </div>
   <div class='ocr_carea' id='block_1_47' title="bbox 280 2967 1270 3045">
    <p class='ocr_par' dir='ltr' id='par_1_47' title="bbox 280 2967 1270 3045">
     <span class='ocr_line' id='line_1_47' title="bbox 280 2967 1270 3045; baseline 0 -21"><span class='ocrx_word' id='word_1_355' title='bbox 280 2968 437 3024; x_wconf 68' lang='grc' dir='ltr'><strong>ἐστιν</strong></span> <span class='ocrx_word' id='word_1_356' title='bbox 454 2969 488 3027; x_wconf 73' lang='grc' dir='ltr'><strong><em>ἦ</em></strong></span> <span class='ocrx_word' id='word_1_357' title='bbox 517 2970 798 3045; x_wconf 78' lang='grc' dir='ltr'><strong>κατάρατος</strong></span> <span class='ocrx_word' id='word_1_358' title='bbox 823 2967 984 3030; x_wconf 73' lang='grc' dir='ltr'><strong>εκείνη</strong></span> <span class='ocrx_word' id='word_1_359' title='bbox 1010 2970 1270 3027; x_wconf 75' lang='grc' dir='ltr'><strong>ἐπιστολή.</strong></span> 
     </span>
    </p>
   </div>
   <div class='ocr_carea' id='block_1_48' title="bbox 1993 1974 3578 2048">
    <p class='ocr_par' dir='ltr' id='par_1_48' title="bbox 1993 1974 3578 2048">
     <span class='ocr_line' id='line_1_48' title="bbox 1993 1974 3578 2048; baseline 0.008 -18"><span class='ocrx_word' id='word_1_360' title='bbox 1993 1977 2200 2033; x_wconf 88' lang='lat' dir='ltr'><strong>unitate</strong></span> <span class='ocrx_word' id='word_1_361' title='bbox 2226 1974 2535 2047; x_wconf 81' lang='lat' dir='ltr'><strong>perﬁciunt;</strong></span> <span class='ocrx_word' id='word_1_362' title='bbox 2564 1978 2640 2033; x_wconf 90' lang='lat' dir='ltr'><strong>ita</strong></span> <span class='ocrx_word' id='word_1_363' title='bbox 2668 1986 2747 2044; x_wconf 91' lang='lat' dir='ltr'><strong>ut,</strong></span> <span class='ocrx_word' id='word_1_364' title='bbox 2769 1979 3222 2048; x_wconf 85' lang='lat' dir='ltr'><strong>quemadmodum</strong></span> <span class='ocrx_word' id='word_1_365' title='bbox 3248 1982 3316 2039; x_wconf 87' lang='lat' dir='ltr'><strong>de</strong></span> <span class='ocrx_word' id='word_1_366' title='bbox 3338 1985 3578 2042; x_wconf 86' lang='lat' dir='ltr'><strong>masculo</strong></span> 
     </span>
    </p>
   </div>
   <div class='ocr_carea' id='block_1_49' title="bbox 1988 2066 3576 2141">
    <p class='ocr_par' dir='ltr' id='par_1_49' title="bbox 1988 2066 3576 2141">
     <span class='ocr_line' id='line_1_49' title="bbox 1988 2066 3576 2141; baseline 0.006 -18"><span class='ocrx_word' id='word_1_367' title='bbox 1988 2076 2049 2123; x_wconf 90' lang='lat' dir='ltr'><strong>et</strong></span> <span class='ocrx_word' id='word_1_368' title='bbox 2067 2066 2263 2123; x_wconf 82' lang='lat' dir='ltr'><strong>femina</strong></span> <span class='ocrx_word' id='word_1_369' title='bbox 2285 2066 2545 2123; x_wconf 83' lang='lat' dir='ltr'><strong>Dominus</strong></span> <span class='ocrx_word' id='word_1_370' title='bbox 2564 2068 2736 2139; x_wconf 86' lang='lat' dir='ltr'><strong>inquit</strong></span> <span class='ocrx_word' id='word_1_371' title='bbox 2753 2083 2852 2125; x_wconf 89' lang='lat' dir='ltr'><strong>eos</strong></span> <span class='ocrx_word' id='word_1_372' title='bbox 2871 2085 2981 2126; x_wconf 90' lang='lat' dir='ltr'><strong>non</strong></span> <span class='ocrx_word' id='word_1_373' title='bbox 2993 2069 3106 2140; x_wconf 88' lang='lat' dir='ltr'><strong>jam</strong></span> <span class='ocrx_word' id='word_1_374' title='bbox 3125 2071 3279 2141; x_wconf 89' lang='lat' dir='ltr'><strong>duos,</strong></span> <span class='ocrx_word' id='word_1_375' title='bbox 3300 2075 3394 2131; x_wconf 86' lang='lat' dir='ltr'><strong>sed</strong></span> <span class='ocrx_word' id='word_1_376' title='bbox 3416 2092 3576 2131; x_wconf 89' lang='lat' dir='ltr'><strong>unam</strong></span> 
     </span>
    </p>
   </div>
   <div class='ocr_carea' id='block_1_50' title="bbox 1998 2154 3571 2228">
    <p class='ocr_par' dir='ltr' id='par_1_50' title="bbox 1998 2154 3571 2228">
     <span class='ocr_line' id='line_1_50' title="bbox 1998 2154 3571 2228; baseline 0.003 -19"><span class='ocrx_word' id='word_1_377' title='bbox 1998 2168 2218 2209; x_wconf 88' lang='lat' dir='ltr'><strong>carnem</strong></span> <span class='ocrx_word' id='word_1_378' title='bbox 2236 2168 2377 2221; x_wconf 89' lang='lat' dir='ltr'><strong>esse;</strong></span> <span class='ocrx_word' id='word_1_379' title='bbox 2398 2154 2651 2210; x_wconf 87' lang='lat' dir='ltr'><strong>similiter</strong></span> <span class='ocrx_word' id='word_1_380' title='bbox 2667 2156 3084 2224; x_wconf 87' lang='lat' dir='ltr'><strong>etiam,unitatis</strong></span> <span class='ocrx_word' id='word_1_381' title='bbox 3098 2159 3305 2215; x_wconf 88' lang='lat' dir='ltr'><strong>ratione</strong></span> <span class='ocrx_word' id='word_1_382' title='bbox 3345 2160 3571 2228; x_wconf 81' lang='lat' dir='ltr'><strong>nonj.nn</strong></span> 
     </span>
    </p>
   </div>
   <div class='ocr_carea' id='block_1_51' title="bbox 2000 2245 3576 2320">
    <p class='ocr_par' dir='ltr' id='par_1_51' title="bbox 2000 2245 3576 2320">
     <span class='ocr_line' id='line_1_51' title="bbox 2000 2245 3576 2320; baseline 0.003 -19"><span class='ocrx_word' id='word_1_383' title='bbox 2000 2245 2140 2313; x_wconf 65' lang='lat' dir='ltr'><strong>dum,</strong></span> <span class='ocrx_word' id='word_1_384' title='bbox 2166 2246 2257 2301; x_wconf 90' lang='lat' dir='ltr'><strong>sed</strong></span> <span class='ocrx_word' id='word_1_385' title='bbox 2279 2246 2439 2302; x_wconf 88' lang='lat' dir='ltr'><strong>unica</strong></span> <span class='ocrx_word' id='word_1_386' title='bbox 2456 2247 2527 2303; x_wconf 91' lang='lat' dir='ltr'><strong>sit</strong></span> <span class='ocrx_word' id='word_1_387' title='bbox 2548 2262 2805 2319; x_wconf 85' lang='lat' dir='ltr'><strong>persona,</strong></span> <span class='ocrx_word' id='word_1_388' title='bbox 2831 2256 3115 2304; x_wconf 81' lang='lat' dir='ltr'><strong>constante</strong></span> <span class='ocrx_word' id='word_1_389' title='bbox 3135 2265 3351 2320; x_wconf 87' lang='lat' dir='ltr'><strong>semper</strong></span> <span class='ocrx_word' id='word_1_390' title='bbox 3375 2251 3576 2306; x_wconf 61' lang='lat' dir='ltr'><strong>disﬁno</strong></span> 
     </span>
    </p>
   </div>
   <div class='ocr_carea' id='block_1_52' title="bbox 2000 2337 3573 2404">
    <p class='ocr_par' dir='ltr' id='par_1_52' title="bbox 2000 2337 3573 2404">
     <span class='ocr_line' id='line_1_52' title="bbox 2000 2337 3573 2404; baseline 0.003 -13"><span class='ocrx_word' id='word_1_391' title='bbox 2000 2337 2180 2391; x_wconf 85' lang='lat' dir='ltr'><strong>ctione</strong></span> <span class='ocrx_word' id='word_1_392' title='bbox 2216 2346 2557 2392; x_wconf 84' lang='lat' dir='ltr'><strong>naturarum.</strong></span> <span class='ocrx_word' id='word_1_393' title='bbox 2581 2337 3044 2404; x_wconf 85' lang='lat' dir='ltr'><strong>Quemadmodum</strong></span> <span class='ocrx_word' id='word_1_394' title='bbox 3074 2342 3219 2396; x_wconf 87' lang='lat' dir='ltr'><strong>enim</strong></span> <span class='ocrx_word' id='word_1_395' title='bbox 3262 2340 3334 2395; x_wconf 88' lang='lat' dir='ltr'><strong>ibi</strong></span> <span class='ocrx_word' id='word_1_396' title='bbox 3361 2343 3573 2396; x_wconf 85' lang='lat' dir='ltr'><strong>numeri</strong></span> 
     </span>
    </p>
   </div>
   <div class='ocr_carea' id='block_1_53' title="bbox 2000 2428 3575 2504">
    <p class='ocr_par' dir='ltr' id='par_1_53' title="bbox 2000 2428 3575 2504">
     <span class='ocr_line' id='line_1_53' title="bbox 2000 2428 3575 2504; baseline 0.003 -20"><span class='ocrx_word' id='word_1_397' title='bbox 2000 2445 2107 2484; x_wconf 90' lang='lat' dir='ltr'><strong>non</strong></span> <span class='ocrx_word' id='word_1_398' title='bbox 2132 2428 2340 2485; x_wconf 63' lang='lat' dir='ltr'><strong>tollitur</strong></span> <span class='ocrx_word' id='word_1_399' title='bbox 2364 2429 2675 2499; x_wconf 75' lang='lat' dir='ltr'><strong>duplicitns,</strong></span> <span class='ocrx_word' id='word_1_400' title='bbox 2699 2431 2844 2502; x_wconf 87' lang='lat' dir='ltr'><strong>quod</strong></span> <span class='ocrx_word' id='word_1_401' title='bbox 2870 2446 2979 2487; x_wconf 90' lang='lat' dir='ltr'><strong>una</strong></span> <span class='ocrx_word' id='word_1_402' title='bbox 2999 2446 3128 2487; x_wconf 90' lang='lat' dir='ltr'><strong>caro</strong></span> <span class='ocrx_word' id='word_1_403' title='bbox 3148 2432 3380 2499; x_wconf 88' lang='lat' dir='ltr'><strong>dicatur,</strong></span> <span class='ocrx_word' id='word_1_404' title='bbox 3405 2433 3575 2504; x_wconf 85' lang='lat' dir='ltr'><strong>liquet</strong></span> 
     </span>
    </p>
   </div>
   <div class='ocr_carea' id='block_1_54' title="bbox 1999 2522 3577 2597">
    <p class='ocr_par' dir='ltr' id='par_1_54' title="bbox 1999 2522 3577 2597">
     <span class='ocr_line' id='line_1_54' title="bbox 1999 2522 3577 2597; baseline 0.002 -17"><span class='ocrx_word' id='word_1_405' title='bbox 1999 2527 2144 2580; x_wconf 84' lang='lat' dir='ltr'><strong>enim</strong></span> <span class='ocrx_word' id='word_1_406' title='bbox 2166 2522 2622 2593; x_wconf 88' lang='lat' dir='ltr'><strong>quemadmodum</strong></span> <span class='ocrx_word' id='word_1_407' title='bbox 2650 2541 2755 2580; x_wconf 87' lang='lat' dir='ltr'><strong>una</strong></span> <span class='ocrx_word' id='word_1_408' title='bbox 2776 2526 3008 2594; x_wconf 88' lang='lat' dir='ltr'><strong>dicatur,</strong></span> <span class='ocrx_word' id='word_1_409' title='bbox 3033 2527 3223 2582; x_wconf 90' lang='lat' dir='ltr'><strong>eodem</strong></span> <span class='ocrx_word' id='word_1_410' title='bbox 3248 2528 3449 2597; x_wconf 90' lang='lat' dir='ltr'><strong>pariter</strong></span> <span class='ocrx_word' id='word_1_411' title='bbox 3467 2543 3577 2583; x_wconf 52' lang='lat' dir='ltr'><strong>mo.</strong></span> 
     </span>
    </p>
   </div>
   <div class='ocr_carea' id='block_1_55' title="bbox 2002 2609 3575 2690">
    <p class='ocr_par' dir='ltr' id='par_1_55' title="bbox 2002 2609 3575 2690">
     <span class='ocr_line' id='line_1_55' title="bbox 2002 2609 3575 2690; baseline 0.001 -22"><span class='ocrx_word' id='word_1_412' title='bbox 2002 2613 2072 2668; x_wconf 90' lang='lat' dir='ltr'><strong>do</strong></span> <span class='ocrx_word' id='word_1_413' title='bbox 2101 2613 2322 2667; x_wconf 86' lang='lat' dir='ltr'><strong>minimc</strong></span> <span class='ocrx_word' id='word_1_414' title='bbox 2350 2620 2665 2669; x_wconf 76' lang='lat' dir='ltr'><strong>naturarum</strong></span> <span class='ocrx_word' id='word_1_415' title='bbox 2698 2614 2947 2671; x_wconf 82' lang='lat' dir='ltr'><strong>aufertur</strong></span> <span class='ocrx_word' id='word_1_416' title='bbox 2977 2614 3127 2687; x_wconf 81' lang='lat' dir='ltr'><strong>[Leg.</strong></span> <span class='ocrx_word' id='word_1_417' title='bbox 3151 2609 3350 2690; x_wconf 77' lang='lat' dir='ltr'><strong>aufert]</strong></span> <span class='ocrx_word' id='word_1_418' title='bbox 3380 2618 3575 2673; x_wconf 78' lang='lat' dir='ltr'><strong>discri-</strong></span> 
     </span>
    </p>
   </div>
   <div class='ocr_carea' id='block_1_56' title="bbox 1982 2699 3575 2772">
    <p class='ocr_par' dir='ltr' id='par_1_56' title="bbox 1982 2699 3575 2772">
     <span class='ocr_line' id='line_1_56' title="bbox 1982 2699 3575 2772; baseline 0.003 -17"><span class='ocrx_word' id='word_1_419' title='bbox 1982 2716 2109 2756; x_wconf 87' lang='lat' dir='ltr'><strong>men</strong></span> <span class='ocrx_word' id='word_1_420' title='bbox 2138 2701 2314 2757; x_wconf 91' lang='lat' dir='ltr'><strong>unitas</strong></span> <span class='ocrx_word' id='word_1_421' title='bbox 2341 2701 2452 2771; x_wconf 89' lang='lat' dir='ltr'><strong>ipsa</strong></span> <span class='ocrx_word' id='word_1_422' title='bbox 2478 2715 2743 2771; x_wconf 68' lang='lat' dir='ltr'><strong>personae.</strong></span> <span class='ocrx_word' id='word_1_423' title='bbox 2772 2699 2907 2757; x_wconf 88' lang='lat' dir='ltr'><strong>Cum</strong></span> <span class='ocrx_word' id='word_1_424' title='bbox 2937 2717 3100 2772; x_wconf 91' lang='lat' dir='ltr'><strong>porro</strong></span> <span class='ocrx_word' id='word_1_425' title='bbox 3126 2710 3346 2758; x_wconf 87' lang='lat' dir='ltr'><strong>naturas</strong></span> <span class='ocrx_word' id='word_1_426' title='bbox 3371 2702 3575 2760; x_wconf 81' lang='lat' dir='ltr'><strong>discet-</strong></span> 
     </span>
    </p>
   </div>
   <div class='ocr_carea' id='block_1_57' title="bbox 1984 2789 3576 2863">
    <p class='ocr_par' dir='ltr' id='par_1_57' title="bbox 1984 2789 3576 2863">
     <span class='ocr_line' id='line_1_57' title="bbox 1984 2789 3576 2863; baseline 0 -16"><span class='ocrx_word' id='word_1_427' title='bbox 1984 2789 2486 2862; x_wconf 87' lang='lat' dir='ltr'><strong>nimus,perfectam</strong></span> <span class='ocrx_word' id='word_1_428' title='bbox 2508 2791 2600 2847; x_wconf 91' lang='lat' dir='ltr'><strong>Dei</strong></span> <span class='ocrx_word' id='word_1_429' title='bbox 2631 2791 2793 2848; x_wconf 83' lang='lat' dir='ltr'><strong>Verbi</strong></span> <span class='ocrx_word' id='word_1_430' title='bbox 2822 2801 3069 2848; x_wconf 86' lang='lat' dir='ltr'><strong>naturam</strong></span> <span class='ocrx_word' id='word_1_431' title='bbox 3099 2791 3433 2863; x_wconf 83' lang='lat' dir='ltr'><strong>profitemur,</strong></span> <span class='ocrx_word' id='word_1_432' title='bbox 3448 2807 3576 2863; x_wconf 86' lang='lat' dir='ltr'><strong>per-</strong></span> 
     </span>
    </p>
   </div>
   <div class='ocr_carea' id='block_1_58' title="bbox 1982 2880 3574 2953">
    <p class='ocr_par' dir='ltr' id='par_1_58' title="bbox 1982 2880 3574 2953">
     <span class='ocr_line' id='line_1_58' title="bbox 1982 2880 3574 2953; baseline 0.003 -18"><span class='ocrx_word' id='word_1_433' title='bbox 1982 2882 2284 2951; x_wconf 73' lang='lat' dir='ltr'><strong>lectamque</strong></span> <span class='ocrx_word' id='word_1_434' title='bbox 2307 2896 2593 2951; x_wconf 88' lang='lat' dir='ltr'><strong>personam</strong></span> <span class='ocrx_word' id='word_1_435' title='bbox 2612 2880 2741 2953; x_wconf 92' lang='lat' dir='ltr'><strong>(non</strong></span> <span class='ocrx_word' id='word_1_436' title='bbox 2755 2882 2896 2937; x_wconf 90' lang='lat' dir='ltr'><strong>enim</strong></span> <span class='ocrx_word' id='word_1_437' title='bbox 2920 2883 3225 2953; x_wconf 81' lang='lat' dir='ltr'><strong>hypostasis</strong></span> <span class='ocrx_word' id='word_1_438' title='bbox 3243 2882 3347 2937; x_wconf 91' lang='lat' dir='ltr'><strong>dici</strong></span> <span class='ocrx_word' id='word_1_439' title='bbox 3371 2882 3574 2953; x_wconf 88' lang='lat' dir='ltr'><strong>absque</strong></span> 
     </span>
    </p>
   </div>
   <div class='ocr_carea' id='block_1_59' title="bbox 1983 2972 3575 3044">
    <p class='ocr_par' dir='ltr' id='par_1_59' title="bbox 1983 2972 3575 3044">
     <span class='ocr_line' id='line_1_59' title="bbox 1983 2972 3575 3044; baseline 0.001 -17"><span class='ocrx_word' id='word_1_440' title='bbox 1983 2988 2214 3043; x_wconf 87' lang='lat' dir='ltr'><strong>persona</strong></span> <span class='ocrx_word' id='word_1_441' title='bbox 2231 2973 2456 3044; x_wconf 87' lang='lat' dir='ltr'><strong>potest),</strong></span> <span class='ocrx_word' id='word_1_442' title='bbox 2471 2972 2764 3043; x_wconf 86' lang='lat' dir='ltr'><strong>perfectam</strong></span> <span class='ocrx_word' id='word_1_443' title='bbox 2789 2974 2991 3043; x_wconf 83' lang='lat' dir='ltr'><strong>pariter</strong></span> <span class='ocrx_word' id='word_1_444' title='bbox 3012 2975 3300 3029; x_wconf 84' lang='lat' dir='ltr'><strong>humanam</strong></span> <span class='ocrx_word' id='word_1_445' title='bbox 3327 2981 3575 3030; x_wconf 88' lang='lat' dir='ltr'><strong>naturam</strong></span> 
     </span>
    </p>
   </div>
   <div class='ocr_carea' id='block_1_60' title="bbox 1992 3052 3576 3138">
    <p class='ocr_par' dir='ltr' id='par_1_60' title="bbox 1992 3052 3576 3138">
     <span class='ocr_line' id='line_1_60' title="bbox 1992 3052 3576 3138; baseline 0.003 -21"><span class='ocrx_word' id='word_1_446' title='bbox 1992 3077 2386 3133; x_wconf 86' lang='lat' dir='ltr'><strong>personamque</strong></span> <span class='ocrx_word' id='word_1_447' title='bbox 2405 3052 2670 3119; x_wconf 78' lang='lat' dir='ltr'><strong>similiter.</strong></span> <span class='ocrx_word' id='word_1_448' title='bbox 2695 3061 2830 3119; x_wconf 90' lang='lat' dir='ltr'><strong>Cum</strong></span> <span class='ocrx_word' id='word_1_449' title='bbox 2853 3072 3033 3120; x_wconf 88' lang='lat' dir='ltr'><strong>autem</strong></span> <span class='ocrx_word' id='word_1_450' title='bbox 3059 3064 3114 3120; x_wconf 92' lang='lat' dir='ltr'><strong>in</strong></span> <span class='ocrx_word' id='word_1_451' title='bbox 3136 3065 3326 3121; x_wconf 88' lang='lat' dir='ltr'><strong>harum</strong></span> <span class='ocrx_word' id='word_1_452' title='bbox 3357 3066 3576 3138; x_wconf 88' lang='lat' dir='ltr'><strong>copula-</strong></span> 
     </span>
    </p>
   </div>
   <div class='ocr_carea' id='block_1_61' title="bbox 282 3155 3578 3230">
    <p class='ocr_par' dir='ltr' id='par_1_61' title="bbox 282 3155 3578 3230">
     <span class='ocr_line' id='line_1_61' title="bbox 282 3155 3578 3230; baseline 0.001 -18"><span class='ocrx_word' id='word_1_453' title='bbox 282 3155 504 3214; x_wconf 76' lang='lat' dir='ltr'><strong>tionem</strong></span> <span class='ocrx_word' id='word_1_454' title='bbox 532 3157 646 3214; x_wconf 88' lang='lat' dir='ltr'><strong>sive</strong></span> <span class='ocrx_word' id='word_1_455' title='bbox 673 3157 1104 3227; x_wconf 87' lang='lat' dir='ltr'><strong>conjunctionem</strong></span> <span class='ocrx_word' id='word_1_456' title='bbox 1133 3159 1370 3215; x_wconf 88' lang='lat' dir='ltr'><strong>animum</strong></span> <span class='ocrx_word' id='word_1_457' title='bbox 1398 3159 1741 3225; x_wconf 87' lang='lat' dir='ltr'><strong>intendimus,</strong></span> <span class='ocrx_word' id='word_1_458' title='bbox 1775 3157 1984 3213; x_wconf 88' lang='lat' dir='ltr'><strong>unicam</strong></span> <span class='ocrx_word' id='word_1_459' title='bbox 2025 3163 2151 3227; x_wconf 85' lang='lat' dir='ltr'><strong>tunc</strong></span> <span class='ocrx_word' id='word_1_460' title='bbox 2173 3172 2294 3214; x_wconf 90' lang='lat' dir='ltr'><strong>esse</strong></span> <span class='ocrx_word' id='word_1_461' title='bbox 2322 3172 2607 3228; x_wconf 86' lang='lat' dir='ltr'><strong>personam</strong></span> <span class='ocrx_word' id='word_1_462' title='bbox 2638 3158 3007 3228; x_wconf 73' lang='lat' dir='ltr'><strong>prmdicamus.</strong></span> <span class='ocrx_word' id='word_1_463' title='bbox 3030 3177 3049 3211; x_wconf 75' lang='grc' dir='ltr'><strong>ι</strong></span> <span class='ocrx_word' id='word_1_464' title='bbox 3082 3157 3207 3216; x_wconf 65' lang='lat' dir='ltr'><strong>Hinc</strong></span> <span class='ocrx_word' id='word_1_465' title='bbox 3243 3174 3375 3227; x_wconf 89' lang='lat' dir='ltr'><strong>nos,</strong></span> <span class='ocrx_word' id='word_1_466' title='bbox 3406 3175 3578 3230; x_wconf 74' lang='lat' dir='ltr'><strong>quan-</strong></span> 
     </span>
    </p>
   </div>
   <div class='ocr_carea' id='block_1_62' title="bbox 281 3249 3580 3326">
    <p class='ocr_par' dir='ltr' id='par_1_62' title="bbox 281 3249 3580 3326">
     <span class='ocr_line' id='line_1_62' title="bbox 281 3249 3580 3326; baseline 0.001 -18"><span class='ocrx_word' id='word_1_467' title='bbox 281 3266 458 3324; x_wconf 76' lang='lat' dir='ltr'><strong>quam</strong></span> <span class='ocrx_word' id='word_1_468' title='bbox 485 3251 635 3309; x_wconf 91' lang='lat' dir='ltr'><strong>dictu</strong></span> <span class='ocrx_word' id='word_1_469' title='bbox 678 3251 994 3309; x_wconf 85' lang='lat' dir='ltr'><strong>Christianis</strong></span> <span class='ocrx_word' id='word_1_470' title='bbox 1030 3250 1305 3309; x_wconf 89' lang='lat' dir='ltr'><strong>horribilia</strong></span> <span class='ocrx_word' id='word_1_471' title='bbox 1330 3293 1346 3321; x_wconf 89' lang='lat'><strong>,</strong></span> <span class='ocrx_word' id='word_1_472' title='bbox 1396 3251 1697 3323; x_wconf 90' lang='lat' dir='ltr'><strong>producere</strong></span> <span class='ocrx_word' id='word_1_473' title='bbox 1732 3251 1787 3306; x_wconf 91' lang='lat' dir='ltr'><strong>in</strong></span> <span class='ocrx_word' id='word_1_474' title='bbox 1837 3250 2071 3308; x_wconf 90' lang='lat' dir='ltr'><strong>medium</strong></span> <span class='ocrx_word' id='word_1_475' title='bbox 2114 3252 2293 3309; x_wconf 89' lang='lat' dir='ltr'><strong>coacti</strong></span> <span class='ocrx_word' id='word_1_476' title='bbox 2341 3267 2527 3308; x_wconf 88' lang='lat' dir='ltr'><strong>sumus</strong></span> <span class='ocrx_word' id='word_1_477' title='bbox 2576 3266 2645 3307; x_wconf 79' lang='lat' dir='ltr'><strong>ex</strong></span> <span class='ocrx_word' id='word_1_478' title='bbox 2690 3249 2962 3308; x_wconf 84' lang='lat' dir='ltr'><strong>Theodori</strong></span> <span class='ocrx_word' id='word_1_479' title='bbox 3008 3252 3287 3324; x_wconf 74' lang='lat' dir='ltr'><strong>impizeque</strong></span> <span class='ocrx_word' id='word_1_480' title='bbox 3339 3255 3580 3326; x_wconf 71' lang='lat' dir='ltr'><strong>epistolae</strong></span> 
     </span>
    </p>
   </div>
   <div class='ocr_carea' id='block_1_63' title="bbox 281 3338 3578 3414">
    <p class='ocr_par' dir='ltr' id='par_1_63' title="bbox 281 3338 3578 3414">
     <span class='ocr_line' id='line_1_63' title="bbox 281 3338 3578 3414; baseline 0.003 -20"><span class='ocrx_word' id='word_1_481' title='bbox 281 3349 653 3413; x_wconf 80' lang='lat' dir='ltr'><strong>patronorum</strong></span> <span class='ocrx_word' id='word_1_482' title='bbox 694 3342 926 3407; x_wconf 75' lang='lat' dir='ltr'><strong>Insania,</strong></span> <span class='ocrx_word' id='word_1_483' title='bbox 976 3342 1268 3414; x_wconf 89' lang='lat' dir='ltr'><strong>propitium</strong></span> <span class='ocrx_word' id='word_1_484' title='bbox 1315 3342 1470 3398; x_wconf 90' lang='lat' dir='ltr'><strong>nobis</strong></span> <span class='ocrx_word' id='word_1_485' title='bbox 1516 3339 1688 3396; x_wconf 90' lang='lat' dir='ltr'><strong>Deum</strong></span> <span class='ocrx_word' id='word_1_486' title='bbox 1738 3338 1854 3397; x_wconf 86' lang='lat' dir='ltr'><strong>ﬁeri</strong></span> <span class='ocrx_word' id='word_1_487' title='bbox 1902 3341 2278 3412; x_wconf 87' lang='lat' dir='ltr'><strong>postulantes:</strong></span> <span class='ocrx_word' id='word_1_488' title='bbox 2323 3343 2518 3413; x_wconf 88' lang='lat' dir='ltr'><strong>quibus</strong></span> <span class='ocrx_word' id='word_1_489' title='bbox 2561 3352 2739 3401; x_wconf 87' lang='lat' dir='ltr'><strong>tamen</strong></span> <span class='ocrx_word' id='word_1_490' title='bbox 2766 3342 3193 3401; x_wconf 82' lang='lat' dir='ltr'><strong>demonstratum</strong></span> <span class='ocrx_word' id='word_1_491' title='bbox 3220 3354 3305 3403; x_wconf 89' lang='lat' dir='ltr'><strong>est</strong></span> <span class='ocrx_word' id='word_1_492' title='bbox 3331 3348 3578 3405; x_wconf 71' lang='lat' dir='ltr'><strong>universa</strong></span> 
     </span>
    </p>
   </div>
   <div class='ocr_carea' id='block_1_64' title="bbox 284 3430 2342 3504">
    <p class='ocr_par' dir='ltr' id='par_1_64' title="bbox 284 3430 2342 3504">
     <span class='ocr_line' id='line_1_64' title="bbox 284 3430 2342 3504; baseline -0 -17"><span class='ocrx_word' id='word_1_493' title='bbox 284 3430 674 3487; x_wconf 83' lang='lat' dir='ltr'><strong>&#39;l&#39;beodoriana</strong></span> <span class='ocrx_word' id='word_1_494' title='bbox 706 3433 981 3504; x_wconf 87' lang='lat' dir='ltr'><strong>impietate</strong></span> <span class='ocrx_word' id='word_1_495' title='bbox 1008 3433 1395 3490; x_wconf 82' lang='lat' dir='ltr'><strong>exsecrabilem</strong></span> <span class='ocrx_word' id='word_1_496' title='bbox 1433 3446 1556 3487; x_wconf 90' lang='lat' dir='ltr'><strong>eam</strong></span> <span class='ocrx_word' id='word_1_497' title='bbox 1600 3431 1884 3502; x_wconf 87' lang='lat' dir='ltr'><strong>epistolam</strong></span> <span class='ocrx_word' id='word_1_498' title='bbox 1922 3447 2042 3489; x_wconf 90' lang='lat' dir='ltr'><strong>esse</strong></span> <span class='ocrx_word' id='word_1_499' title='bbox 2068 3431 2342 3488; x_wconf 87' lang='lat' dir='ltr'><strong>refertam.</strong></span> 
     </span>
    </p>
   </div>
   <div class='ocr_carea' id='block_1_65' title="bbox 365 3521 1890 3601">
    <p class='ocr_par' dir='ltr' id='par_1_65' title="bbox 365 3524 1886 3601">
     <span class='ocr_line' id='line_1_65' title="bbox 365 3524 1886 3601; baseline -0.001 -22"><span class='ocrx_word' id='word_1_500' title='bbox 365 3528 464 3580; x_wconf 73' lang='grc' dir='ltr'><strong>ιαί</strong></span> <span class='ocrx_word' id='word_1_501' title='bbox 478 3533 643 3581; x_wconf 77' lang='grc' dir='ltr'><strong>ταῦτα</strong></span> <span class='ocrx_word' id='word_1_502' title='bbox 662 3527 752 3598; x_wconf 67' lang='grc' dir='ltr'><strong>μιν</strong></span> <span class='ocrx_word' id='word_1_503' title='bbox 766 3525 967 3582; x_wconf 81' lang='grc' dir='ltr'><strong>ἅπαντα</strong></span> <span class='ocrx_word' id='word_1_504' title='bbox 978 3527 1349 3601; x_wconf 69' lang='grc' dir='ltr'><strong>ἀπεκρινάμεθα</strong></span> <span class='ocrx_word' id='word_1_505' title='bbox 1359 3524 1486 3600; x_wconf 80' lang='grc' dir='ltr'><strong>πρὸς</strong></span> <span class='ocrx_word' id='word_1_506' title='bbox 1500 3526 1566 3581; x_wconf 80' lang='grc' dir='ltr'><strong>τὰ</strong></span> <span class='ocrx_word' id='word_1_507' title='bbox 1577 3532 1648 3598; x_wconf 82' lang='grc' dir='ltr'><strong>τῷ</strong></span> <span class='ocrx_word' id='word_1_508' title='bbox 1659 3524 1886 3599; x_wconf 77' lang='grc' dir='ltr'><strong>ὑμετέρῳ</strong></span> 
     </span>
    </p>
   </div>
   <div class='ocr_carea' id='block_1_66' title="bbox 1995 3521 3579 3601">
    <p class='ocr_par' dir='ltr' id='par_1_66' title="bbox 2061 3521 3579 3599">
     <span class='ocr_line' id='line_1_66' title="bbox 2061 3521 3579 3599; baseline 0.005 -22"><span class='ocrx_word' id='word_1_509' title='bbox 2061 3521 2131 3577; x_wconf 92' lang='lat' dir='ltr'><strong>Et</strong></span> <span class='ocrx_word' id='word_1_510' title='bbox 2156 3522 2273 3577; x_wconf 74' lang='lat' dir='ltr'><strong>hmo</strong></span> <span class='ocrx_word' id='word_1_511' title='bbox 2302 3522 2521 3593; x_wconf 83' lang='lat' dir='ltr'><strong>quidem</strong></span> <span class='ocrx_word' id='word_1_512' title='bbox 2564 3523 2746 3580; x_wconf 86' lang='lat' dir='ltr'><strong>omnia</strong></span> <span class='ocrx_word' id='word_1_513' title='bbox 2786 3524 3161 3594; x_wconf 86' lang='lat' dir='ltr'><strong>respondimus</strong></span> <span class='ocrx_word' id='word_1_514' title='bbox 3188 3527 3257 3583; x_wconf 87' lang='lat' dir='ltr'><strong>ad</strong></span> <span class='ocrx_word' id='word_1_515' title='bbox 3284 3541 3350 3583; x_wconf 86' lang='lat' dir='ltr'><strong>ea</strong></span> <span class='ocrx_word' id='word_1_516' title='bbox 3378 3542 3498 3599; x_wconf 64' lang='lat' dir='ltr'><strong>qua:</strong></span> <span class='ocrx_word' id='word_1_517' title='bbox 3523 3528 3579 3585; x_wconf 89' lang='lat' dir='ltr'><strong>in</strong></span> 
     </span>
    </p>
   </div>
   <div class='ocr_carea' id='block_1_67' title="bbox 291 3614 1890 3694">
    <p class='ocr_par' dir='ltr' id='par_1_67' title="bbox 291 3614 1886 3694">
     <span class='ocr_line' id='line_1_67' title="bbox 291 3614 1886 3694; baseline -0.002 -21"><span class='ocrx_word' id='word_1_518' title='bbox 291 3617 727 3691; x_wconf 64' lang='grc' dir='ltr'><strong>ιεφαλαιογραφίῳ</strong></span> <span class='ocrx_word' id='word_1_519' title='bbox 757 3616 890 3689; x_wconf 86' lang='lat' dir='ltr'><strong>(Sic)</strong></span> <span class='ocrx_word' id='word_1_520' title='bbox 918 3618 1263 3694; x_wconf 63' lang='grc' dir='ltr'><strong>περιεχόμενα</strong></span> <span class='ocrx_word' id='word_1_521' title='bbox 1281 3659 1296 3683; x_wconf 93' lang='grc'><strong>,</strong></span> <span class='ocrx_word' id='word_1_522' title='bbox 1327 3616 1390 3674; x_wconf 80' lang='grc' dir='ltr'><strong>δι’</strong></span> <span class='ocrx_word' id='word_1_523' title='bbox 1420 3614 1486 3671; x_wconf 83' lang='grc' dir='ltr'><strong>ὧν</strong></span> <span class='ocrx_word' id='word_1_524' title='bbox 1524 3615 1886 3672; x_wconf 74' lang='grc' dir='ltr'><strong>ἐσπουδάσατε</strong></span> 
     </span>
    </p>
   </div>
   <div class='ocr_carea' id='block_1_68' title="bbox 1995 3614 3581 3694">
    <p class='ocr_par' dir='ltr' id='par_1_68' title="bbox 1995 3614 3581 3694">
     <span class='ocr_line' id='line_1_68' title="bbox 1995 3614 3581 3694; baseline 0.002 -23"><span class='ocrx_word' id='word_1_525' title='bbox 1995 3623 2172 3671; x_wconf 83' lang='lat' dir='ltr'><strong>vestro</strong></span> <span class='ocrx_word' id='word_1_526' title='bbox 2197 3614 2558 3686; x_wconf 78' lang='lat' dir='ltr'><strong>capitulorum</strong></span> <span class='ocrx_word' id='word_1_527' title='bbox 2596 3614 2736 3671; x_wconf 90' lang='lat' dir='ltr'><strong>libro</strong></span> <span class='ocrx_word' id='word_1_528' title='bbox 2772 3615 3220 3694; x_wconf 88' lang='lat' dir='ltr'><strong>continebantur,</strong></span> <span class='ocrx_word' id='word_1_529' title='bbox 3250 3617 3446 3687; x_wconf 87' lang='lat' dir='ltr'><strong>quibus</strong></span> <span class='ocrx_word' id='word_1_530' title='bbox 3477 3619 3581 3674; x_wconf 91' lang='lat' dir='ltr'><strong>im-</strong></span> 
     </span>
    </p>
   </div>
   <div class='ocr_carea' id='block_1_69' title="bbox 288 3692 1890 3780">
    <p class='ocr_par' dir='ltr' id='par_1_69' title="bbox 288 3706 1888 3774">
     <span class='ocr_line' id='line_1_69' title="bbox 288 3706 1888 3774; baseline -0.004 -8"><span class='ocrx_word' id='word_1_531' title='bbox 288 3718 393 3771; x_wconf 65' lang='grc' dir='ltr'><strong>τήν</strong></span> <span class='ocrx_word' id='word_1_532' title='bbox 416 3712 579 3770; x_wconf 58' lang='lat' dir='ltr'><strong>irasci</strong></span> <span class='ocrx_word' id='word_1_533' title='bbox 604 3712 788 3771; x_wconf 54' lang='lat' dir='ltr'><strong>iniam</strong></span> <span class='ocrx_word' id='word_1_534' title='bbox 824 3711 1088 3770; x_wconf 71' lang='grc' dir='ltr'><strong>ἐπιστολήν</strong></span> <span class='ocrx_word' id='word_1_535' title='bbox 1123 3708 1419 3774; x_wconf 73' lang='grc' dir='ltr'><strong>ὶκδικῆσαι,</strong></span> <span class='ocrx_word' id='word_1_536' title='bbox 1452 3710 1537 3763; x_wconf 80' lang='grc' dir='ltr'><strong>καὶ</strong></span> <span class='ocrx_word' id='word_1_537' title='bbox 1575 3706 1658 3762; x_wconf 80' lang='grc' dir='ltr'><strong>διὰ</strong></span> <span class='ocrx_word' id='word_1_538' title='bbox 1697 3708 1888 3766; x_wconf 78' lang='grc' dir='ltr'><strong>ταύτην</strong></span> 
     </span>
    </p>
   </div>
   <div class='ocr_carea' id='block_1_70' title="bbox 1995 3692 3582 3780">
    <p class='ocr_par' dir='ltr' id='par_1_70' title="bbox 1995 3692 3582 3780">
     <span class='ocr_line' id='line_1_70' title="bbox 1995 3692 3582 3780; baseline 0.004 -20"><span class='ocrx_word' id='word_1_539' title='bbox 1995 3706 2135 3779; x_wconf 91' lang='lat' dir='ltr'><strong>piam</strong></span> <span class='ocrx_word' id='word_1_540' title='bbox 2164 3705 2439 3777; x_wconf 69' lang='lat' dir='ltr'><strong>prtefatam</strong></span> <span class='ocrx_word' id='word_1_541' title='bbox 2468 3705 2750 3777; x_wconf 90' lang='lat' dir='ltr'><strong>epistolam</strong></span> <span class='ocrx_word' id='word_1_542' title='bbox 2779 3692 3055 3763; x_wconf 80' lang='lat' dir='ltr'><strong>vindicare</strong></span> <span class='ocrx_word' id='word_1_543' title='bbox 3081 3707 3396 3765; x_wconf 82' lang='lat' dir='ltr'><strong>nitebantini</strong></span> <span class='ocrx_word' id='word_1_544' title='bbox 3415 3750 3430 3775; x_wconf 91' lang='lat'><strong>,</strong></span> <span class='ocrx_word' id='word_1_545' title='bbox 3458 3724 3582 3780; x_wconf 80' lang='lat' dir='ltr'><strong>pra-</strong></span> 
     </span>
    </p>
   </div>
   <div class='ocr_carea' id='block_1_71' title="bbox 289 3797 1887 3879">
    <p class='ocr_par' dir='ltr' id='par_1_71' title="bbox 289 3797 1887 3879">
     <span class='ocr_line' id='line_1_71' title="bbox 289 3797 1887 3879; baseline -0.006 -18"><span class='ocrx_word' id='word_1_546' title='bbox 289 3809 391 3861; x_wconf 67' lang='grc' dir='ltr'><strong>ττέν</strong></span> <span class='ocrx_word' id='word_1_547' title='bbox 416 3800 685 3879; x_wconf 76' lang='grc' dir='ltr'><strong>Θεοδώρου</strong></span> <span class='ocrx_word' id='word_1_548' title='bbox 724 3805 810 3859; x_wconf 87' lang='grc' dir='ltr'><strong>καί</strong></span> <span class='ocrx_word' id='word_1_549' title='bbox 836 3803 1106 3875; x_wconf 72' lang='grc' dir='ltr'><strong>Νεστορίω</strong></span> <span class='ocrx_word' id='word_1_550' title='bbox 1152 3797 1444 3864; x_wconf 80' lang='grc' dir='ltr'><strong>κακοδοξίαν</strong></span> <span class='ocrx_word' id='word_1_551' title='bbox 1489 3799 1887 3861; x_wconf 79' lang='grc' dir='ltr'><strong>ἀνανεώσασθαι,</strong></span> 
     </span>
    </p>
   </div>
   <div class='ocr_carea' id='block_1_72' title="bbox 294 3888 1891 3955">
    <p class='ocr_par' dir='ltr' id='par_1_72' title="bbox 294 3888 1891 3955">
     <span class='ocr_line' id='line_1_72' title="bbox 294 3888 1891 3955; baseline -0.003 -6"><span class='ocrx_word' id='word_1_552' title='bbox 294 3893 479 3955; x_wconf 56' lang='lat' dir='ltr'><strong>Jac-nis</strong></span> <span class='ocrx_word' id='word_1_553' title='bbox 529 3895 767 3950; x_wconf 73' lang='grc' dir='ltr'><strong>ἀσέϐειαν</strong></span> <span class='ocrx_word' id='word_1_554' title='bbox 818 3897 850 3954; x_wconf 78' lang='grc' dir='ltr'>ἡ</span> <span class='ocrx_word' id='word_1_555' title='bbox 896 3894 1021 3954; x_wconf 79' lang='grc' dir='ltr'><strong>αὖτή</strong></span> <span class='ocrx_word' id='word_1_556' title='bbox 1072 3892 1309 3952; x_wconf 77' lang='grc' dir='ltr'><strong>ἕπιστολή</strong></span> <span class='ocrx_word' id='word_1_557' title='bbox 1350 3893 1568 3948; x_wconf 72' lang='grc' dir='ltr'><strong>ἐπαινεῖ.</strong></span> <span class='ocrx_word' id='word_1_558' title='bbox 1608 3889 1808 3949; x_wconf 81' lang='grc' dir='ltr'><strong>Ἐπειδὴ</strong></span> <span class='ocrx_word' id='word_1_559' title='bbox 1837 3888 1891 3945; x_wconf 77' lang='grc' dir='ltr'>δέ</span> 
     </span>
    </p>
   </div>
   <div class='ocr_carea' id='block_1_73' title="bbox 293 3983 1891 4061">
    <p class='ocr_par' dir='ltr' id='par_1_73' title="bbox 293 3983 1891 4061">
     <span class='ocr_line' id='line_1_73' title="bbox 293 3983 1891 4061; baseline -0.003 -18"><span class='ocrx_word' id='word_1_560' title='bbox 293 3988 465 4043; x_wconf 70' lang='grc' dir='ltr'><strong>πολλὰ</strong></span> <span class='ocrx_word' id='word_1_561' title='bbox 494 3996 583 4048; x_wconf 80' lang='grc' dir='ltr'><strong>τῆς</strong></span> <span class='ocrx_word' id='word_1_562' title='bbox 607 3989 1028 4061; x_wconf 78' lang='grc' dir='ltr'><strong>μνημονευθείσης</strong></span> <span class='ocrx_word' id='word_1_563' title='bbox 1051 3986 1321 4045; x_wconf 67' lang='grc' dir='ltr'><strong>ἐπιστολῆς</strong></span> <span class='ocrx_word' id='word_1_564' title='bbox 1347 3991 1439 4046; x_wconf 76' lang='grc' dir='ltr'><strong>τῆς</strong></span> <span class='ocrx_word' id='word_1_565' title='bbox 1475 3983 1605 4060; x_wconf 80' lang='grc' dir='ltr'><strong>πρὸς</strong></span> <span class='ocrx_word' id='word_1_566' title='bbox 1624 3984 1784 4057; x_wconf 78' lang='grc' dir='ltr'><strong>Μάριν</strong></span> <span class='ocrx_word' id='word_1_567' title='bbox 1806 3984 1891 4039; x_wconf 67' lang='grc' dir='ltr'><strong>τὸν</strong></span> 
     </span>
    </p>
   </div>
   <div class='ocr_carea' id='block_1_74' title="bbox 292 4073 1890 4154">
    <p class='ocr_par' dir='ltr' id='par_1_74' title="bbox 292 4073 1890 4154">
     <span class='ocr_line' id='line_1_74' title="bbox 292 4073 1890 4154; baseline -0.004 -21"><span class='ocrx_word' id='word_1_568' title='bbox 292 4079 553 4154; x_wconf 73' lang='grc' dir='ltr'><strong>αἱρετικὸν</strong></span> <span class='ocrx_word' id='word_1_569' title='bbox 583 4082 934 4152; x_wconf 71' lang='grc' dir='ltr'><strong>γεγραμμένης</strong></span> <span class='ocrx_word' id='word_1_570' title='bbox 964 4076 1392 4151; x_wconf 82' lang='grc' dir='ltr'><strong>παραλελοίπατε,</strong></span> <span class='ocrx_word' id='word_1_571' title='bbox 1436 4078 1519 4131; x_wconf 80' lang='grc' dir='ltr'><strong>καί</strong></span> <span class='ocrx_word' id='word_1_572' title='bbox 1546 4077 1630 4130; x_wconf 79' lang='grc' dir='ltr'><strong>οὐκ</strong></span> <span class='ocrx_word' id='word_1_573' title='bbox 1677 4073 1890 4144; x_wconf 77' lang='grc' dir='ltr'><strong>ἐτολμή-</strong></span> 
     </span>
    </p>
   </div>
   <div class='ocr_carea' id='block_1_75' title="bbox 293 4168 1892 4249">
    <p class='ocr_par' dir='ltr' id='par_1_75' title="bbox 293 4168 1892 4249">
     <span class='ocr_line' id='line_1_75' title="bbox 293 4168 1892 4249; baseline -0.003 -23"><span class='ocrx_word' id='word_1_574' title='bbox 293 4191 425 4227; x_wconf 80' lang='grc' dir='ltr'><strong>σατε</strong></span> <span class='ocrx_word' id='word_1_575' title='bbox 456 4178 624 4227; x_wconf 79' lang='grc' dir='ltr'><strong>ταῦτα</strong></span> <span class='ocrx_word' id='word_1_576' title='bbox 659 4178 772 4232; x_wconf 88' lang='grc' dir='ltr'><strong>τοῖς</strong></span> <span class='ocrx_word' id='word_1_577' title='bbox 807 4173 1070 4249; x_wconf 74' lang='grc' dir='ltr'><strong>ὑμετέροις</strong></span> <span class='ocrx_word' id='word_1_578' title='bbox 1119 4169 1403 4242; x_wconf 68' lang='grc' dir='ltr'><strong>κεφαλαίοις</strong></span> <span class='ocrx_word' id='word_1_579' title='bbox 1445 4170 1663 4230; x_wconf 77' lang='grc' dir='ltr'><strong>ἐνθεῖναι,</strong></span> <span class='ocrx_word' id='word_1_580' title='bbox 1709 4168 1793 4222; x_wconf 80' lang='grc' dir='ltr'><strong>ἵνα</strong></span> <span class='ocrx_word' id='word_1_581' title='bbox 1823 4170 1892 4239; x_wconf 77' lang='grc' dir='ltr'><strong>μὴ</strong></span> 
     </span>
    </p>
   </div>
   <div class='ocr_carea' id='block_1_76' title="bbox 291 4263 1893 4340">
    <p class='ocr_par' dir='ltr' id='par_1_76' title="bbox 291 4263 1893 4340">
     <span class='ocr_line' id='line_1_76' title="bbox 291 4263 1893 4340; baseline -0.003 -17"><span class='ocrx_word' id='word_1_582' title='bbox 291 4274 387 4325; x_wconf 75' lang='grc' dir='ltr'><strong>καί</strong></span> <span class='ocrx_word' id='word_1_583' title='bbox 413 4266 474 4325; x_wconf 69' lang='grc' dir='ltr'><strong>ἔέι</strong></span> <span class='ocrx_word' id='word_1_584' title='bbox 502 4271 688 4326; x_wconf 73' lang='grc' dir='ltr'><strong>τούτων</strong></span> <span class='ocrx_word' id='word_1_585' title='bbox 707 4275 798 4328; x_wconf 77' lang='grc' dir='ltr'><strong>τήν</strong></span> <span class='ocrx_word' id='word_1_586' title='bbox 827 4270 876 4334; x_wconf 77' lang='grc' dir='ltr'><strong>ἐξ</strong></span> <span class='ocrx_word' id='word_1_587' title='bbox 904 4270 1045 4340; x_wconf 76' lang='grc' dir='ltr'><strong>ὑμῶν</strong></span> <span class='ocrx_word' id='word_1_588' title='bbox 1067 4265 1414 4338; x_wconf 79' lang='grc' dir='ltr'><strong>ἐκδικουμίνην</strong></span> <span class='ocrx_word' id='word_1_589' title='bbox 1449 4266 1687 4321; x_wconf 79' lang='grc' dir='ltr'><strong>ἀσέϐειαν</strong></span> <span class='ocrx_word' id='word_1_590' title='bbox 1716 4264 1741 4319; x_wconf 86' lang='grc' dir='ltr'>ὁ</span> <span class='ocrx_word' id='word_1_591' title='bbox 1768 4263 1893 4339; x_wconf 79' lang='grc' dir='ltr'><strong>παρ’</strong></span> 
     </span>
    </p>
   </div>
   <div class='ocr_carea' id='block_1_77' title="bbox 292 4358 1893 4437">
    <p class='ocr_par' dir='ltr' id='par_1_77' title="bbox 292 4358 1893 4437">
     <span class='ocr_line' id='line_1_77' title="bbox 292 4358 1893 4437; baseline -0.004 -21"><span class='ocrx_word' id='word_1_592' title='bbox 292 4363 430 4432; x_wconf 54' lang='grc' dir='ltr'><strong>ὗῄν</strong></span> <span class='ocrx_word' id='word_1_593' title='bbox 455 4368 554 4415; x_wconf 85' lang='grc' dir='ltr'><strong>τῶν</strong></span> <span class='ocrx_word' id='word_1_594' title='bbox 576 4368 886 4437; x_wconf 76' lang='grc' dir='ltr'><strong>Χριστιανῶν</strong></span> <span class='ocrx_word' id='word_1_595' title='bbox 920 4362 1055 4433; x_wconf 81' lang='grc' dir='ltr'><strong>μάθῃ</strong></span> <span class='ocrx_word' id='word_1_596' title='bbox 1092 4360 1230 4428; x_wconf 72' lang='grc' dir='ltr'><strong>λαός,</strong></span> <span class='ocrx_word' id='word_1_597' title='bbox 1283 4361 1555 4429; x_wconf 63' lang='grc' dir='ltr'><strong>ἀναγκαῖον</strong></span> <span class='ocrx_word' id='word_1_598' title='bbox 1594 4358 1893 4427; x_wconf 77' lang='grc' dir='ltr'><strong>ἐνομίσαμεν</strong></span> 
     </span>
    </p>
   </div>
   <div class='ocr_carea' id='block_1_78' title="bbox 292 4442 1894 4527">
    <p class='ocr_par' dir='ltr' id='par_1_78' title="bbox 292 4442 1894 4527">
     <span class='ocr_line' id='line_1_78' title="bbox 292 4442 1894 4527; baseline -0.003 -21"><span class='ocrx_word' id='word_1_599' title='bbox 292 4448 427 4506; x_wconf 73' lang='grc' dir='ltr'><strong>εἶναι</strong></span> <span class='ocrx_word' id='word_1_600' title='bbox 454 4453 539 4504; x_wconf 73' lang='grc' dir='ltr'><strong>καὶ</strong></span> <span class='ocrx_word' id='word_1_601' title='bbox 558 4457 726 4508; x_wconf 82' lang='grc' dir='ltr'><strong>ταῦτα</strong></span> <span class='ocrx_word' id='word_1_602' title='bbox 754 4449 837 4507; x_wconf 74' lang='grc' dir='ltr'><strong>διὰ</strong></span> <span class='ocrx_word' id='word_1_603' title='bbox 866 4452 1114 4527; x_wconf 76' lang='grc' dir='ltr'><strong>βραχέων</strong></span> <span class='ocrx_word' id='word_1_604' title='bbox 1137 4458 1443 4525; x_wconf 69' lang='grc' dir='ltr'><strong>ςανερῶσαι.</strong></span> <span class='ocrx_word' id='word_1_605' title='bbox 1476 4449 1774 4525; x_wconf 77' lang='grc' dir='ltr'><strong>Περιέχεται</strong></span> <span class='ocrx_word' id='word_1_606' title='bbox 1792 4442 1894 4521; x_wconf 67' lang='grc' dir='ltr'><strong>γάρ</strong></span> 
     </span>
    </p>
   </div>
   <div class='ocr_carea' id='block_1_79' title="bbox 291 4541 1897 4620">
    <p class='ocr_par' dir='ltr' id='par_1_79' title="bbox 291 4541 1897 4620">
     <span class='ocr_line' id='line_1_79' title="bbox 291 4541 1897 4620; baseline -0.002 -23"><span class='ocrx_word' id='word_1_607' title='bbox 291 4543 561 4620; x_wconf 77' lang='grc' dir='ltr'><strong>τοῖςπαρ’</strong></span> <span class='ocrx_word' id='word_1_608' title='bbox 588 4546 729 4615; x_wconf 73' lang='grc' dir='ltr'><strong>ὑμῶν</strong></span> <span class='ocrx_word' id='word_1_609' title='bbox 767 4544 1245 4620; x_wconf 65' lang='grc' dir='ltr'><strong>παραλελειμμένας</strong></span> <span class='ocrx_word' id='word_1_610' title='bbox 1292 4543 1487 4617; x_wconf 78' lang='grc' dir='ltr'><strong>ῥήμασι</strong></span> <span class='ocrx_word' id='word_1_611' title='bbox 1536 4550 1625 4601; x_wconf 77' lang='grc' dir='ltr'><strong>τῆς</strong></span> <span class='ocrx_word' id='word_1_612' title='bbox 1676 4541 1897 4603; x_wconf 77' lang='grc' dir='ltr'><strong>ἀσεϐοῦς</strong></span> 
     </span>
    </p>
   </div>
   <div class='ocr_carea' id='block_1_80' title="bbox 293 4631 1892 4711">
    <p class='ocr_par' dir='ltr' id='par_1_80' title="bbox 293 4631 1892 4711">
     <span class='ocr_line' id='line_1_80' title="bbox 293 4631 1892 4711; baseline -0.003 -20"><span class='ocrx_word' id='word_1_613' title='bbox 293 4636 599 4696; x_wconf 72' lang='grc' dir='ltr'><strong>ἔκιστιλῆς,</strong></span> <span class='ocrx_word' id='word_1_614' title='bbox 621 4654 638 4687; x_wconf 82' lang='grc' dir='ltr'><strong>ε</strong></span> <span class='ocrx_word' id='word_1_615' title='bbox 668 4634 747 4692; x_wconf 85' lang='grc' dir='ltr'><strong>ὅτι</strong></span> <span class='ocrx_word' id='word_1_616' title='bbox 776 4636 1020 4711; x_wconf 74' lang='grc' dir='ltr'><strong>Κύριλλος</strong></span> <span class='ocrx_word' id='word_1_617' title='bbox 1042 4638 1133 4698; x_wconf 81' lang='grc' dir='ltr'><strong>τὰς</strong></span> <span class='ocrx_word' id='word_1_618' title='bbox 1157 4638 1310 4697; x_wconf 74' lang='grc' dir='ltr'><strong>ἀκοὰς</strong></span> <span class='ocrx_word' id='word_1_619' title='bbox 1332 4634 1536 4689; x_wconf 64' lang='grc' dir='ltr'><strong>πέντων</strong></span> <span class='ocrx_word' id='word_1_620' title='bbox 1562 4640 1661 4689; x_wconf 84' lang='grc' dir='ltr'><strong>τῶν</strong></span> <span class='ocrx_word' id='word_1_621' title='bbox 1688 4631 1892 4687; x_wconf 63' lang='grc' dir='ltr'><strong>ἐπισκό-</strong></span> 
     </span>
    </p>
   </div>
   <div class='ocr_carea' id='block_1_81' title="bbox 291 4724 1896 4802">
    <p class='ocr_par' dir='ltr' id='par_1_81' title="bbox 291 4724 1896 4802">
     <span class='ocr_line' id='line_1_81' title="bbox 291 4724 1896 4802; baseline -0.004 -21"><span class='ocrx_word' id='word_1_622' title='bbox 291 4748 416 4781; x_wconf 70' lang='grc' dir='ltr'><strong>πων</strong></span> <span class='ocrx_word' id='word_1_623' title='bbox 450 4733 551 4779; x_wconf 81' lang='grc' dir='ltr'><strong>τῶν</strong></span> <span class='ocrx_word' id='word_1_624' title='bbox 591 4728 640 4781; x_wconf 81' lang='grc' dir='ltr'><strong>ἰν</strong></span> <span class='ocrx_word' id='word_1_625' title='bbox 775 4726 878 4784; x_wconf 71' lang='grc' dir='ltr'><strong>κατ’</strong></span> <span class='ocrx_word' id='word_1_626' title='bbox 899 4724 1107 4799; x_wconf 50' lang='lat' dir='ltr'><strong>&quot;Eccam:</strong></span> <span class='ocrx_word' id='word_1_627' title='bbox 1156 4724 1354 4795; x_wconf 71' lang='grc' dir='ltr'><strong>συνόδῳ</strong></span> <span class='ocrx_word' id='word_1_628' title='bbox 1405 4724 1765 4786; x_wconf 79' lang='grc' dir='ltr'><strong>συνελθόντων,</strong></span> <span class='ocrx_word' id='word_1_629' title='bbox 1824 4728 1896 4791; x_wconf 84' lang='grc' dir='ltr'><strong>τῷ</strong></span> 
     </span>
    </p>
   </div>
   <div class='ocr_carea' id='block_1_82' title="bbox 292 4817 1897 4893">
    <p class='ocr_par' dir='ltr' id='par_1_82' title="bbox 292 4817 1897 4893">
     <span class='ocr_line' id='line_1_82' title="bbox 292 4817 1897 4893; baseline -0.003 -22"><span class='ocrx_word' id='word_1_630' title='bbox 292 4817 559 4889; x_wconf 48' lang='lat' dir='ltr'><strong>sappinea.»</strong></span> <span class='ocrx_word' id='word_1_631' title='bbox 598 4824 674 4891; x_wconf 83' lang='grc' dir='ltr'><strong>τῷ</strong></span> <span class='ocrx_word' id='word_1_632' title='bbox 704 4822 950 4893; x_wconf 79' lang='grc' dir='ltr'><strong>πηροῦντι</strong></span> <span class='ocrx_word' id='word_1_633' title='bbox 994 4820 1113 4877; x_wconf 76' lang='grc' dir='ltr'><strong>τοὺς</strong></span> <span class='ocrx_word' id='word_1_634' title='bbox 1142 4817 1423 4889; x_wconf 69' lang='grc' dir='ltr'><strong>ἱφθα).μούς</strong></span> <span class='ocrx_word' id='word_1_635' title='bbox 1452 4820 1551 4869; x_wconf 84' lang='grc' dir='ltr'><strong>τῶν</strong></span> <span class='ocrx_word' id='word_1_636' title='bbox 1584 4818 1750 4883; x_wconf 71' lang='grc' dir='ltr'><strong>σοφῶν</strong></span> <span class='ocrx_word' id='word_1_637' title='bbox 1775 4832 1897 4866; x_wconf 81' lang='grc' dir='ltr'><strong>κατ-</strong></span> 
     </span>
    </p>
   </div>
   <div class='ocr_carea' id='block_1_83' title="bbox 1989 3796 3583 3869">
    <p class='ocr_par' dir='ltr' id='par_1_83' title="bbox 1989 3796 3583 3869">
     <span class='ocr_line' id='line_1_83' title="bbox 1989 3796 3583 3869; baseline 0.003 -17"><span class='ocrx_word' id='word_1_638' title='bbox 1989 3812 2193 3869; x_wconf 86' lang='lat' dir='ltr'><strong>vasque</strong></span> <span class='ocrx_word' id='word_1_639' title='bbox 2239 3805 2530 3868; x_wconf 82' lang='lat' dir='ltr'><strong>propterea</strong></span> <span class='ocrx_word' id='word_1_640' title='bbox 2579 3796 2851 3854; x_wconf 89' lang='lat' dir='ltr'><strong>Theodori</strong></span> <span class='ocrx_word' id='word_1_641' title='bbox 2895 3796 3235 3868; x_wconf 83' lang='lat' dir='ltr'><strong>Nestoriique</strong></span> <span class='ocrx_word' id='word_1_642' title='bbox 3282 3798 3583 3856; x_wconf 84' lang='lat' dir='ltr'><strong>instaurare</strong></span> 
     </span>
    </p>
   </div>
   <div class='ocr_carea' id='block_1_84' title="bbox 1993 3887 3581 3958">
    <p class='ocr_par' dir='ltr' id='par_1_84' title="bbox 1993 3887 3581 3958">
     <span class='ocr_line' id='line_1_84' title="bbox 1993 3887 3581 3958; baseline -0.001 -14"><span class='ocrx_word' id='word_1_643' title='bbox 1993 3888 2310 3956; x_wconf 85' lang='lat' dir='ltr'><strong>sententias,</strong></span> <span class='ocrx_word' id='word_1_644' title='bbox 2341 3901 2569 3958; x_wconf 90' lang='lat' dir='ltr'><strong>quorum</strong></span> <span class='ocrx_word' id='word_1_645' title='bbox 2599 3887 2816 3958; x_wconf 84' lang='lat' dir='ltr'><strong>praefata</strong></span> <span class='ocrx_word' id='word_1_646' title='bbox 2854 3887 3083 3958; x_wconf 89' lang='lat' dir='ltr'><strong>epistola</strong></span> <span class='ocrx_word' id='word_1_647' title='bbox 3110 3887 3453 3945; x_wconf 88' lang='lat' dir='ltr'><strong>commendat</strong></span> <span class='ocrx_word' id='word_1_648' title='bbox 3480 3888 3581 3943; x_wconf 84' lang='lat' dir='ltr'><strong>im-</strong></span> 
     </span>
    </p>
   </div>
   <div class='ocr_carea' id='block_1_85' title="bbox 1993 3976 3582 4051">
    <p class='ocr_par' dir='ltr' id='par_1_85' title="bbox 1993 3976 3582 4051">
     <span class='ocr_line' id='line_1_85' title="bbox 1993 3976 3582 4051; baseline 0.001 -18"><span class='ocrx_word' id='word_1_649' title='bbox 1993 3980 2268 4051; x_wconf 92' lang='lat' dir='ltr'><strong>pietatem.</strong></span> <span class='ocrx_word' id='word_1_650' title='bbox 2313 3976 2577 4047; x_wconf 84' lang='lat' dir='ltr'><strong>Quoniam</strong></span> <span class='ocrx_word' id='word_1_651' title='bbox 2611 3994 2739 4035; x_wconf 84' lang='lat' dir='ltr'><strong>vero</strong></span> <span class='ocrx_word' id='word_1_652' title='bbox 2775 3979 3043 4051; x_wconf 91' lang='lat' dir='ltr'><strong>permulta</strong></span> <span class='ocrx_word' id='word_1_653' title='bbox 3071 3979 3125 4034; x_wconf 89' lang='lat' dir='ltr'><strong>in</strong></span> <span class='ocrx_word' id='word_1_654' title='bbox 3152 3988 3454 4036; x_wconf 91' lang='lat' dir='ltr'><strong>memorata</strong></span> <span class='ocrx_word' id='word_1_655' title='bbox 3481 3982 3582 4036; x_wconf 83' lang='lat' dir='ltr'><strong>im-</strong></span> 
     </span>
    </p>
   </div>
   <div class='ocr_carea' id='block_1_86' title="bbox 1994 4069 3582 4143">
    <p class='ocr_par' dir='ltr' id='par_1_86' title="bbox 1994 4069 3582 4143">
     <span class='ocr_line' id='line_1_86' title="bbox 1994 4069 3582 4143; baseline 0.003 -20"><span class='ocrx_word' id='word_1_656' title='bbox 1994 4069 2084 4141; x_wconf 89' lang='lat' dir='ltr'><strong>pia</strong></span> <span class='ocrx_word' id='word_1_657' title='bbox 2105 4069 2330 4141; x_wconf 88' lang='lat' dir='ltr'><strong>epistola</strong></span> <span class='ocrx_word' id='word_1_658' title='bbox 2354 4070 2422 4126; x_wconf 89' lang='lat' dir='ltr'><strong>ad</strong></span> <span class='ocrx_word' id='word_1_659' title='bbox 2442 4069 2631 4126; x_wconf 72' lang='lat' dir='ltr'><strong>Marini</strong></span> <span class='ocrx_word' id='word_1_660' title='bbox 2662 4070 2974 4126; x_wconf 63' lang='lat' dir='ltr'><strong>haereticum</strong></span> <span class='ocrx_word' id='word_1_661' title='bbox 3003 4071 3205 4143; x_wconf 89' lang='lat' dir='ltr'><strong>scripta</strong></span> <span class='ocrx_word' id='word_1_662' title='bbox 3232 4072 3582 4141; x_wconf 64' lang='lat' dir='ltr'><strong>praeteriistis,</strong></span> 
     </span>
    </p>
   </div>
   <div class='ocr_carea' id='block_1_87' title="bbox 1996 4161 3585 4233">
    <p class='ocr_par' dir='ltr' id='par_1_87' title="bbox 1996 4161 3585 4233">
     <span class='ocr_line' id='line_1_87' title="bbox 1996 4161 3585 4233; baseline -0.001 -16"><span class='ocrx_word' id='word_1_663' title='bbox 1996 4177 2169 4232; x_wconf 92' lang='lat' dir='ltr'><strong>neque</strong></span> <span class='ocrx_word' id='word_1_664' title='bbox 2189 4163 2305 4217; x_wconf 90' lang='lat' dir='ltr'><strong>ausi</strong></span> <span class='ocrx_word' id='word_1_665' title='bbox 2327 4163 2457 4217; x_wconf 89' lang='lat' dir='ltr'><strong>estis</strong></span> <span class='ocrx_word' id='word_1_666' title='bbox 2478 4177 2539 4218; x_wconf 91' lang='lat' dir='ltr'><strong>ea</strong></span> <span class='ocrx_word' id='word_1_667' title='bbox 2566 4162 2759 4218; x_wconf 80' lang='lat' dir='ltr'><strong>vestris</strong></span> <span class='ocrx_word' id='word_1_668' title='bbox 2786 4161 3051 4233; x_wconf 87' lang='lat' dir='ltr'><strong>capitibus</strong></span> <span class='ocrx_word' id='word_1_669' title='bbox 3070 4161 3330 4229; x_wconf 86' lang='lat' dir='ltr'><strong>inserere,</strong></span> <span class='ocrx_word' id='word_1_670' title='bbox 3352 4177 3421 4218; x_wconf 90' lang='lat' dir='ltr'><strong>ne</strong></span> <span class='ocrx_word' id='word_1_671' title='bbox 3447 4163 3585 4218; x_wconf 91' lang='lat' dir='ltr'><strong>forte</strong></span> 
     </span>
    </p>
   </div>
   <div class='ocr_carea' id='block_1_88' title="bbox 1995 4252 3586 4327">
    <p class='ocr_par' dir='ltr' id='par_1_88' title="bbox 1995 4252 3586 4327">
     <span class='ocr_line' id='line_1_88' title="bbox 1995 4252 3586 4327; baseline 0.001 -18"><span class='ocrx_word' id='word_1_672' title='bbox 1995 4268 2061 4309; x_wconf 83' lang='lat' dir='ltr'><strong>ex</strong></span> <span class='ocrx_word' id='word_1_673' title='bbox 2088 4254 2154 4309; x_wconf 90' lang='lat' dir='ltr'><strong>iis</strong></span> <span class='ocrx_word' id='word_1_674' title='bbox 2175 4255 2337 4308; x_wconf 90' lang='lat' dir='ltr'><strong>etiam</strong></span> <span class='ocrx_word' id='word_1_675' title='bbox 2364 4252 2702 4309; x_wconf 88' lang='lat' dir='ltr'><strong>Christianus</strong></span> <span class='ocrx_word' id='word_1_676' title='bbox 2720 4253 2968 4324; x_wconf 88' lang='lat' dir='ltr'><strong>populus,</strong></span> <span class='ocrx_word' id='word_1_677' title='bbox 2993 4261 3195 4322; x_wconf 88' lang='lat' dir='ltr'><strong>quanta</strong></span> <span class='ocrx_word' id='word_1_678' title='bbox 3223 4269 3256 4308; x_wconf 94' lang='lat' dir='ltr'><strong>a</strong></span> <span class='ocrx_word' id='word_1_679' title='bbox 3284 4253 3435 4310; x_wconf 86' lang='lat' dir='ltr'><strong>vobis</strong></span> <span class='ocrx_word' id='word_1_680' title='bbox 3459 4270 3586 4327; x_wconf 81' lang='lat' dir='ltr'><strong>pro-</strong></span> 
     </span>
    </p>
   </div>
   <div class='ocr_carea' id='block_1_89' title="bbox 1997 4342 3586 4416">
    <p class='ocr_par' dir='ltr' id='par_1_89' title="bbox 1997 4342 3586 4416">
     <span class='ocr_line' id='line_1_89' title="bbox 1997 4342 3586 4416; baseline -0.001 -16"><span class='ocrx_word' id='word_1_681' title='bbox 1997 4354 2327 4414; x_wconf 87' lang='lat' dir='ltr'><strong>pugnaretur</strong></span> <span class='ocrx_word' id='word_1_682' title='bbox 2370 4344 2619 4416; x_wconf 84' lang='lat' dir='ltr'><strong>impietas</strong></span> <span class='ocrx_word' id='word_1_683' title='bbox 2661 4342 3017 4413; x_wconf 83' lang='lat' dir='ltr'><strong>intelligeret,</strong></span> <span class='ocrx_word' id='word_1_684' title='bbox 3058 4344 3419 4399; x_wconf 88' lang='lat' dir='ltr'><strong>necessarium</strong></span> <span class='ocrx_word' id='word_1_685' title='bbox 3466 4359 3586 4400; x_wconf 88' lang='lat' dir='ltr'><strong>esse</strong></span> 
     </span>
    </p>
   </div>
   <div class='ocr_carea' id='block_1_90' title="bbox 1992 4440 3588 4515">
    <p class='ocr_par' dir='ltr' id='par_1_90' title="bbox 1992 4440 3588 4515">
     <span class='ocr_line' id='line_1_90' title="bbox 1992 4440 3588 4515; baseline 0 -16"><span class='ocrx_word' id='word_1_686' title='bbox 1992 4443 2350 4515; x_wconf 83' lang='lat' dir='ltr'><strong>judicavimus</strong></span> <span class='ocrx_word' id='word_1_687' title='bbox 2373 4480 2388 4507; x_wconf 87' lang='lat'><strong>,</strong></span> <span class='ocrx_word' id='word_1_688' title='bbox 2442 4442 2557 4498; x_wconf 81' lang='lat' dir='ltr'><strong>haec</strong></span> <span class='ocrx_word' id='word_1_689' title='bbox 2592 4456 2808 4514; x_wconf 90' lang='lat' dir='ltr'><strong>quoque</strong></span> <span class='ocrx_word' id='word_1_690' title='bbox 2844 4440 3032 4513; x_wconf 85' lang='lat' dir='ltr'><strong>paucis</strong></span> <span class='ocrx_word' id='word_1_691' title='bbox 3076 4441 3385 4499; x_wconf 89' lang='lat' dir='ltr'><strong>ostendere.</strong></span> <span class='ocrx_word' id='word_1_692' title='bbox 3436 4441 3494 4498; x_wconf 89' lang='lat' dir='ltr'><strong>lu</strong></span> <span class='ocrx_word' id='word_1_693' title='bbox 3522 4457 3588 4499; x_wconf 89' lang='lat' dir='ltr'><strong>ea</strong></span> 
     </span>
    </p>
   </div>
   <div class='ocr_carea' id='block_1_91' title="bbox 1996 4531 3588 4606">
    <p class='ocr_par' dir='ltr' id='par_1_91' title="bbox 1996 4531 3588 4606">
     <span class='ocr_line' id='line_1_91' title="bbox 1996 4531 3588 4606; baseline -0.002 -15"><span class='ocrx_word' id='word_1_694' title='bbox 1996 4537 2140 4592; x_wconf 90' lang='lat' dir='ltr'><strong>enim</strong></span> <span class='ocrx_word' id='word_1_695' title='bbox 2170 4534 2413 4606; x_wconf 70' lang='lat' dir='ltr'><strong>epistola:</strong></span> <span class='ocrx_word' id='word_1_696' title='bbox 2451 4541 2605 4605; x_wconf 90' lang='lat' dir='ltr'><strong>parte</strong></span> <span class='ocrx_word' id='word_1_697' title='bbox 2627 4574 2644 4600; x_wconf 88' lang='lat'><strong>,</strong></span> <span class='ocrx_word' id='word_1_698' title='bbox 2692 4549 2812 4605; x_wconf 63' lang='lat' dir='ltr'><strong>quae</strong></span> <span class='ocrx_word' id='word_1_699' title='bbox 2858 4531 3218 4604; x_wconf 62' lang='lat' dir='ltr'><strong>praetermissa</strong></span> <span class='ocrx_word' id='word_1_700' title='bbox 3244 4547 3278 4588; x_wconf 88' lang='lat' dir='ltr'><strong>a</strong></span> <span class='ocrx_word' id='word_1_701' title='bbox 3308 4533 3456 4589; x_wconf 84' lang='lat' dir='ltr'><strong>vobis</strong></span> <span class='ocrx_word' id='word_1_702' title='bbox 3481 4542 3588 4602; x_wconf 85' lang='lat' dir='ltr'><strong>est,</strong></span> 
     </span>
    </p>
   </div>
   <div class='ocr_carea' id='block_1_92' title="bbox 1997 4622 3589 4697">
    <p class='ocr_par' dir='ltr' id='par_1_92' title="bbox 1997 4622 3589 4697">
     <span class='ocr_line' id='line_1_92' title="bbox 1997 4622 3589 4697; baseline -0.002 -15"><span class='ocrx_word' id='word_1_703' title='bbox 1997 4626 2225 4682; x_wconf 91' lang='lat' dir='ltr'><strong>habetur</strong></span> <span class='ocrx_word' id='word_1_704' title='bbox 2253 4636 2276 4662; x_wconf 70' lang='grc' dir='ltr'><strong>ε·</strong></span> <span class='ocrx_word' id='word_1_705' title='bbox 2310 4642 2322 4677; x_wconf 90' lang='lat'><strong>:</strong></span> <span class='ocrx_word' id='word_1_706' title='bbox 2359 4644 2377 4676; x_wconf 84' lang='grc' dir='ltr'><strong>ε</strong></span> <span class='ocrx_word' id='word_1_707' title='bbox 2406 4622 2662 4696; x_wconf 81' lang='lat' dir='ltr'><strong>Cyrillum</strong></span> <span class='ocrx_word' id='word_1_708' title='bbox 2689 4639 2848 4681; x_wconf 86' lang='lat' dir='ltr'><strong>aures</strong></span> <span class='ocrx_word' id='word_1_709' title='bbox 2870 4623 3110 4680; x_wconf 88' lang='lat' dir='ltr'><strong>omnium</strong></span> <span class='ocrx_word' id='word_1_710' title='bbox 3132 4624 3510 4697; x_wconf 89' lang='lat' dir='ltr'><strong>episcoporum</strong></span> <span class='ocrx_word' id='word_1_711' title='bbox 3536 4626 3589 4680; x_wconf 87' lang='lat' dir='ltr'><strong>in</strong></span> 
     </span>
    </p>
   </div>
   <div class='ocr_carea' id='block_1_93' title="bbox 1998 4715 3587 4788">
    <p class='ocr_par' dir='ltr' id='par_1_93' title="bbox 1998 4715 3587 4788">
     <span class='ocr_line' id='line_1_93' title="bbox 1998 4715 3587 4788; baseline -0.001 -17"><span class='ocrx_word' id='word_1_712' title='bbox 1998 4716 2269 4788; x_wconf 85' lang='lat' dir='ltr'><strong>Ephesum</strong></span> <span class='ocrx_word' id='word_1_713' title='bbox 2299 4715 2732 4773; x_wconf 88' lang='lat' dir='ltr'><strong>convenientium</strong></span> <span class='ocrx_word' id='word_1_714' title='bbox 2767 4730 2979 4772; x_wconf 88' lang='lat' dir='ltr'><strong>veneno</strong></span> <span class='ocrx_word' id='word_1_715' title='bbox 3014 4715 3310 4772; x_wconf 79' lang='lat' dir='ltr'><strong>obctecanti</strong></span> <span class='ocrx_word' id='word_1_716' title='bbox 3346 4716 3587 4772; x_wconf 83' lang='lat' dir='ltr'><strong>omnium</strong></span> 
     </span>
    </p>
   </div>
   <div class='ocr_carea' id='block_1_94' title="bbox 1999 4806 3591 4878">
    <p class='ocr_par' dir='ltr' id='par_1_94' title="bbox 1999 4806 3591 4878">
     <span class='ocr_line' id='line_1_94' title="bbox 1999 4806 3591 4878; baseline -0.004 -12"><span class='ocrx_word' id='word_1_717' title='bbox 1999 4809 2188 4866; x_wconf 90' lang='lat' dir='ltr'><strong>oculos</strong></span> <span class='ocrx_word' id='word_1_718' title='bbox 2216 4808 2513 4864; x_wconf 89' lang='lat' dir='ltr'><strong>obtinuisse</strong></span> <span class='ocrx_word' id='word_1_719' title='bbox 2554 4806 2912 4878; x_wconf 86' lang='lat' dir='ltr'><strong>sapientium;</strong></span> <span class='ocrx_word' id='word_1_720' title='bbox 2965 4807 3236 4865; x_wconf 84' lang='lat' dir='ltr'><strong>invenisse</strong></span> <span class='ocrx_word' id='word_1_721' title='bbox 3262 4816 3442 4862; x_wconf 87' lang='lat' dir='ltr'><strong>autem</strong></span> <span class='ocrx_word' id='word_1_722' title='bbox 3474 4822 3591 4861; x_wconf 87' lang='lat' dir='ltr'><strong>mo-</strong></span> 
     </span>
    </p>
   </div>
   <div class='ocr_carea' id='block_1_95' title="bbox 290 4899 1890 4984">
    <p class='ocr_par' dir='ltr' id='par_1_95' title="bbox 290 4902 1890 4984">
     <span class='ocr_line' id='line_1_95' title="bbox 290 4902 1890 4984; baseline -0.006 -21"><span class='ocrx_word' id='word_1_723' title='bbox 290 4910 490 4979; x_wconf 67' lang='grc' dir='ltr'><strong>ἐσχεν,</strong></span> <span class='ocrx_word' id='word_1_724' title='bbox 520 4903 663 4983; x_wconf 72' lang='grc' dir='ltr'><strong>εὗρεν</strong></span> <span class='ocrx_word' id='word_1_725' title='bbox 691 4905 745 4963; x_wconf 69' lang='grc' dir='ltr'><strong>δὲ</strong></span> <span class='ocrx_word' id='word_1_726' title='bbox 775 4910 996 4984; x_wconf 56' lang='grc' dir='ltr'><strong>ἀφορμὴν</strong></span> <span class='ocrx_word' id='word_1_727' title='bbox 1022 4910 1196 4963; x_wconf 51' lang='lat' dir='ltr'><strong>iam?</strong></span> <span class='ocrx_word' id='word_1_728' title='bbox 1230 4910 1364 4961; x_wconf 74' lang='grc' dir='ltr'><strong>κατὰ</strong></span> <span class='ocrx_word' id='word_1_729' title='bbox 1388 4904 1660 4978; x_wconf 74' lang='grc' dir='ltr'><strong>Νεστορίου</strong></span> <span class='ocrx_word' id='word_1_730' title='bbox 1690 4902 1890 4972; x_wconf 80' lang='grc' dir='ltr'><strong>μίσους,</strong></span> 
     </span>
    </p>
   </div>
   <div class='ocr_carea' id='block_1_96' title="bbox 1995 4899 3590 4984">
    <p class='ocr_par' dir='ltr' id='par_1_96' title="bbox 2002 4899 3590 4974">
     <span class='ocr_line' id='line_1_96' title="bbox 2002 4899 3590 4974; baseline -0.002 -15"><span class='ocrx_word' id='word_1_731' title='bbox 2002 4905 2129 4960; x_wconf 91' lang='lat' dir='ltr'><strong>dum</strong></span> <span class='ocrx_word' id='word_1_732' title='bbox 2157 4920 2225 4961; x_wconf 75' lang='lat' dir='ltr'><strong>ex</strong></span> <span class='ocrx_word' id='word_1_733' title='bbox 2247 4904 2371 4960; x_wconf 89' lang='lat' dir='ltr'><strong>odio</strong></span> <span class='ocrx_word' id='word_1_734' title='bbox 2396 4903 2448 4957; x_wconf 90' lang='lat' dir='ltr'><strong>in</strong></span> <span class='ocrx_word' id='word_1_735' title='bbox 2477 4901 2777 4960; x_wconf 86' lang='lat' dir='ltr'><strong>Nestorium</strong></span> <span class='ocrx_word' id='word_1_736' title='bbox 2806 4910 3185 4974; x_wconf 70' lang='lat' dir='ltr'><strong>prteconcepto</strong></span> <span class='ocrx_word' id='word_1_737' title='bbox 3214 4919 3227 4954; x_wconf 91' lang='lat'>:</span> <span class='ocrx_word' id='word_1_738' title='bbox 3258 4908 3421 4970; x_wconf 88' lang='lat' dir='ltr'><strong>atque</strong></span> <span class='ocrx_word' id='word_1_739' title='bbox 3446 4899 3590 4956; x_wconf 89' lang='lat' dir='ltr'><strong>nulla</strong></span> 
     </span>
    </p>
   </div>
   <div class='ocr_carea' id='block_1_97' title="bbox 293 4994 1897 5073">
    <p class='ocr_par' dir='ltr' id='par_1_97' title="bbox 293 4994 1897 5073">
     <span class='ocr_line' id='line_1_97' title="bbox 293 4994 1897 5073; baseline -0.004 -20"><span class='ocrx_word' id='word_1_740' title='bbox 293 5002 392 5053; x_wconf 74' lang='lat' dir='ltr'><strong>uti</strong></span> <span class='ocrx_word' id='word_1_741' title='bbox 418 4995 500 5052; x_wconf 78' lang='grc' dir='ltr'><strong>ὅτι</strong></span> <span class='ocrx_word' id='word_1_742' title='bbox 523 4998 713 5054; x_wconf 68' lang='grc' dir='ltr'><strong>καθεῖλε</strong></span> <span class='ocrx_word' id='word_1_743' title='bbox 736 5008 826 5060; x_wconf 75' lang='grc' dir='ltr'><strong>τῆς</strong></span> <span class='ocrx_word' id='word_1_744' title='bbox 856 5001 1134 5057; x_wconf 75' lang='grc' dir='ltr'><strong>ἐπισκοπῆς</strong></span> <span class='ocrx_word' id='word_1_745' title='bbox 1158 4999 1423 5073; x_wconf 77' lang='grc' dir='ltr'><strong>Νεστόριον</strong></span> <span class='ocrx_word' id='word_1_746' title='bbox 1445 4998 1474 5054; x_wconf 75' lang='grc' dir='ltr'>ἡ</span> <span class='ocrx_word' id='word_1_747' title='bbox 1504 4994 1756 5067; x_wconf 70' lang='grc' dir='ltr'><strong>ἑνἘφέσῳ</strong></span> <span class='ocrx_word' id='word_1_748' title='bbox 1777 4994 1897 5047; x_wconf 79' lang='grc' dir='ltr'><strong>σύνο</strong></span> 
     </span>
    </p>
   </div>
   <div class='ocr_carea' id='block_1_98' title="bbox 290 5084 1899 5165">
    <p class='ocr_par' dir='ltr' id='par_1_98' title="bbox 290 5084 1899 5165">
     <span class='ocr_line' id='line_1_98' title="bbox 290 5084 1899 5165; baseline -0.005 -20"><span class='ocrx_word' id='word_1_749' title='bbox 290 5088 445 5153; x_wconf 75' lang='grc' dir='ltr'><strong>οδος,</strong></span> <span class='ocrx_word' id='word_1_750' title='bbox 475 5092 692 5165; x_wconf 77' lang='grc' dir='ltr'><strong>κρίσεως</strong></span> <span class='ocrx_word' id='word_1_751' title='bbox 712 5093 794 5144; x_wconf 80' lang='grc' dir='ltr'><strong>καὶ</strong></span> <span class='ocrx_word' id='word_1_752' title='bbox 822 5094 1084 5154; x_wconf 70' lang='grc' dir='ltr'><strong>ζητήσεως</strong></span> <span class='ocrx_word' id='word_1_753' title='bbox 1105 5092 1173 5158; x_wconf 78' lang='grc' dir='ltr'><strong>μή</strong></span> <span class='ocrx_word' id='word_1_754' title='bbox 1205 5090 1520 5160; x_wconf 74' lang='grc' dir='ltr'><strong>γενομένης.ι</strong></span> <span class='ocrx_word' id='word_1_755' title='bbox 1545 5088 1636 5140; x_wconf 71' lang='grc' dir='ltr'><strong>Καὶ</strong></span> <span class='ocrx_word' id='word_1_756' title='bbox 1663 5085 1820 5140; x_wconf 82' lang='grc' dir='ltr'><strong>πάλιν</strong></span> <span class='ocrx_word' id='word_1_757' title='bbox 1850 5084 1899 5137; x_wconf 79' lang='grc' dir='ltr'><strong>ἐν</strong></span> 
     </span>
    </p>
   </div>
   <div class='ocr_carea' id='block_1_99' title="bbox 289 5176 1900 5262">
    <p class='ocr_par' dir='ltr' id='par_1_99' title="bbox 289 5176 1900 5262">
     <span class='ocr_line' id='line_1_99' title="bbox 289 5176 1900 5262; baseline -0.004 -25"><span class='ocrx_word' id='word_1_758' title='bbox 289 5189 368 5257; x_wconf 73' lang='grc' dir='ltr'><strong>τῇ</strong></span> <span class='ocrx_word' id='word_1_759' title='bbox 557 5181 796 5257; x_wconf 75' lang='grc' dir='ltr'><strong>ίπιστολῇ</strong></span> <span class='ocrx_word' id='word_1_760' title='bbox 823 5183 1132 5262; x_wconf 83' lang='grc' dir='ltr'><strong>περιέχεται</strong></span> <span class='ocrx_word' id='word_1_761' title='bbox 1150 5194 1166 5208; x_wconf 88' lang='grc'><em>’</em></span> <span class='ocrx_word' id='word_1_762' title='bbox 1199 5194 1217 5230; x_wconf 83' lang='grc' dir='ltr'><strong>ε</strong></span> <span class='ocrx_word' id='word_1_763' title='bbox 1248 5177 1325 5233; x_wconf 85' lang='grc' dir='ltr'><strong>ὅτι</strong></span> <span class='ocrx_word' id='word_1_764' title='bbox 1351 5180 1415 5232; x_wconf 82' lang='grc' dir='ltr'><strong>τὰ</strong></span> <span class='ocrx_word' id='word_1_765' title='bbox 1449 5176 1643 5232; x_wconf 75' lang='grc' dir='ltr'><strong>δὼδεκα</strong></span> <span class='ocrx_word' id='word_1_766' title='bbox 1666 5176 1900 5248; x_wconf 61' lang='grc' dir='ltr'><strong>κεφάλαια</strong></span> 
     </span>
    </p>
   </div>
   <div class='ocr_carea' id='block_1_100' title="bbox 290 5268 1899 5352">
    <p class='ocr_par' dir='ltr' id='par_1_100' title="bbox 290 5268 1899 5352">
     <span class='ocr_line' id='line_1_100' title="bbox 290 5268 1899 5352; baseline -0.004 -22"><span class='ocrx_word' id='word_1_767' title='bbox 290 5278 373 5331; x_wconf 71' lang='grc' dir='ltr'><strong>τά</strong></span> <span class='ocrx_word' id='word_1_768' title='bbox 402 5276 551 5352; x_wconf 76' lang='grc' dir='ltr'><strong>παρὰ</strong></span> <span class='ocrx_word' id='word_1_769' title='bbox 579 5273 811 5349; x_wconf 73' lang='grc' dir='ltr'><strong>ευρίλλου</strong></span> <span class='ocrx_word' id='word_1_770' title='bbox 837 5276 1115 5350; x_wconf 62' lang='grc' dir='ltr'><strong>γραῑιὲντα,</strong></span> <span class='ocrx_word' id='word_1_771' title='bbox 1147 5272 1344 5328; x_wconf 75' lang='grc' dir='ltr'><strong>ἐναντία</strong></span> <span class='ocrx_word' id='word_1_772' title='bbox 1370 5268 1492 5328; x_wconf 76' lang='grc' dir='ltr'><strong>ὄντα</strong></span> <span class='ocrx_word' id='word_1_773' title='bbox 1515 5278 1605 5332; x_wconf 81' lang='grc' dir='ltr'><strong>τῆς</strong></span> <span class='ocrx_word' id='word_1_774' title='bbox 1635 5271 1781 5344; x_wconf 75' lang='grc' dir='ltr'><strong>ὀρθῆς</strong></span> <span class='ocrx_word' id='word_1_775' title='bbox 1810 5270 1899 5324; x_wconf 86' lang='grc' dir='ltr'><strong>πί·</strong></span> 
     </span>
    </p>
   </div>
   <div class='ocr_carea' id='block_1_101' title="bbox 292 5366 1896 5443">
    <p class='ocr_par' dir='ltr' id='par_1_101' title="bbox 292 5366 1896 5443">
     <span class='ocr_line' id='line_1_101' title="bbox 292 5366 1896 5443; baseline -0.003 -20"><span class='ocrx_word' id='word_1_776' title='bbox 292 5388 497 5432; x_wconf 71' lang='grc' dir='ltr'><strong>οπως.</strong></span> <span class='ocrx_word' id='word_1_777' title='bbox 528 5369 813 5443; x_wconf 78' lang='grc' dir='ltr'><strong>προέθηκαν</strong></span> <span class='ocrx_word' id='word_1_778' title='bbox 840 5369 886 5423; x_wconf 80' lang='grc' dir='ltr'><strong>οἱ</strong></span> <span class='ocrx_word' id='word_1_779' title='bbox 926 5366 977 5423; x_wconf 82' lang='grc' dir='ltr'><strong>ἕν</strong></span> <span class='ocrx_word' id='word_1_780' title='bbox 995 5369 1183 5440; x_wconf 73' lang='grc' dir='ltr'><strong>Ἑφὲσῳ</strong></span> <span class='ocrx_word' id='word_1_781' title='bbox 1213 5368 1558 5438; x_wconf 73' lang='grc' dir='ltr'><strong>συναχθέντες</strong></span> <span class='ocrx_word' id='word_1_782' title='bbox 1595 5367 1860 5420; x_wconf 73' lang='grc' dir='ltr'><strong>ἐπίσκοποι</strong></span> <span class='ocrx_word' id='word_1_783' title='bbox 1880 5403 1896 5429; x_wconf 86' lang='grc'><strong>,</strong></span> 
     </span>
    </p>
   </div>
   <div class='ocr_carea' id='block_1_102' title="bbox 293 5454 1899 5532">
    <p class='ocr_par' dir='ltr' id='par_1_102' title="bbox 293 5454 1899 5532">
     <span class='ocr_line' id='line_1_102' title="bbox 293 5454 1899 5532; baseline -0.004 -17"><span class='ocrx_word' id='word_1_784' title='bbox 293 5463 395 5515; x_wconf 59' lang='grc' dir='ltr'><strong>καὶ</strong></span> <span class='ocrx_word' id='word_1_785' title='bbox 421 5459 756 5529; x_wconf 67' lang='grc' dir='ltr'><strong>ἆῗεεαίωσον,</strong></span> <span class='ocrx_word' id='word_1_786' title='bbox 808 5462 895 5515; x_wconf 80' lang='grc' dir='ltr'><strong>καί</strong></span> <span class='ocrx_word' id='word_1_787' title='bbox 936 5463 1223 5531; x_wconf 75' lang='grc' dir='ltr'><strong>συνῄνεσαν</strong></span> <span class='ocrx_word' id='word_1_788' title='bbox 1252 5461 1449 5525; x_wconf 79' lang='grc' dir='ltr'><strong>αὐτοῖς,</strong></span> <span class='ocrx_word' id='word_1_789' title='bbox 1486 5461 1553 5518; x_wconf 88' lang='grc' dir='ltr'><strong>ὡς</strong></span> <span class='ocrx_word' id='word_1_790' title='bbox 1578 5465 1639 5532; x_wconf 80' lang='grc' dir='ltr'><strong>τῇ</strong></span> <span class='ocrx_word' id='word_1_791' title='bbox 1669 5456 1787 5531; x_wconf 74' lang='grc' dir='ltr'><strong>ὀρθῇ</strong></span> <span class='ocrx_word' id='word_1_792' title='bbox 1810 5454 1899 5509; x_wconf 84' lang='grc' dir='ltr'><strong>πί-</strong></span> 
     </span>
    </p>
   </div>
   <div class='ocr_carea' id='block_1_103' title="bbox 290 5550 1897 5632">
    <p class='ocr_par' dir='ltr' id='par_1_103' title="bbox 290 5550 1897 5632">
     <span class='ocr_line' id='line_1_103' title="bbox 290 5550 1897 5632; baseline -0.004 -22"><span class='ocrx_word' id='word_1_793' title='bbox 290 5572 426 5610; x_wconf 72' lang='grc' dir='ltr'><strong>στει</strong></span> <span class='ocrx_word' id='word_1_794' title='bbox 444 5550 772 5627; x_wconf 66' lang='grc' dir='ltr'><strong>συνᾴδουσιν</strong></span> <span class='ocrx_word' id='word_1_795' title='bbox 820 5556 909 5608; x_wconf 76' lang='grc' dir='ltr'><strong>καί</strong></span> <span class='ocrx_word' id='word_1_796' title='bbox 938 5552 1017 5609; x_wconf 74' lang='grc' dir='ltr'><strong>ὅτι</strong></span> <span class='ocrx_word' id='word_1_797' title='bbox 1066 5554 1338 5632; x_wconf 73' lang='grc' dir='ltr'><strong>Νεστὸριος</strong></span> <span class='ocrx_word' id='word_1_798' title='bbox 1376 5550 1546 5611; x_wconf 75' lang='grc' dir='ltr'><strong>ἔπειδὴ</strong></span> <span class='ocrx_word' id='word_1_799' title='bbox 1587 5552 1807 5623; x_wconf 75' lang='grc' dir='ltr'><strong>ὶμισεῖτο</strong></span> <span class='ocrx_word' id='word_1_800' title='bbox 1846 5550 1897 5605; x_wconf 69' lang='grc' dir='ltr'><strong>ἐν</strong></span> 
     </span>
    </p>
   </div>
   <div class='ocr_carea' id='block_1_104' title="bbox 290 5644 1898 5727">
    <p class='ocr_par' dir='ltr' id='par_1_104' title="bbox 290 5644 1898 5727">
     <span class='ocr_line' id='line_1_104' title="bbox 290 5644 1898 5727; baseline -0.003 -23"><span class='ocrx_word' id='word_1_801' title='bbox 290 5657 373 5724; x_wconf 69' lang='grc' dir='ltr'><strong>τῇ</strong></span> <span class='ocrx_word' id='word_1_802' title='bbox 406 5647 509 5723; x_wconf 69' lang='grc' dir='ltr'><strong>ἰδίᾳ</strong></span> <span class='ocrx_word' id='word_1_803' title='bbox 536 5648 698 5709; x_wconf 58' lang='lat' dir='ltr'><strong>trahi.</strong></span> <span class='ocrx_word' id='word_1_804' title='bbox 729 5651 816 5705; x_wconf 82' lang='grc' dir='ltr'><strong>καί</strong></span> <span class='ocrx_word' id='word_1_805' title='bbox 841 5650 984 5727; x_wconf 75' lang='grc' dir='ltr'><strong>παρὰ</strong></span> <span class='ocrx_word' id='word_1_806' title='bbox 1007 5656 1105 5704; x_wconf 86' lang='grc' dir='ltr'><strong>τῶν</strong></span> <span class='ocrx_word' id='word_1_807' title='bbox 1126 5652 1342 5727; x_wconf 82' lang='grc' dir='ltr'><strong>πρώτων</strong></span> <span class='ocrx_word' id='word_1_808' title='bbox 1367 5650 1541 5711; x_wconf 77' lang='grc' dir='ltr'><strong>αὐτῆς.</strong></span> <span class='ocrx_word' id='word_1_809' title='bbox 1572 5644 1898 5720; x_wconf 66' lang='grc' dir='ltr'><strong>ὑποστρέψαι</strong></span> 
     </span>
    </p>
   </div>
   <div class='ocr_carea' id='block_1_105' title="bbox 289 5738 1897 5816">
    <p class='ocr_par' dir='ltr' id='par_1_105' title="bbox 289 5738 1897 5816">
     <span class='ocr_line' id='line_1_105' title="bbox 289 5738 1897 5816; baseline -0.005 -19"><span class='ocrx_word' id='word_1_810' title='bbox 289 5746 421 5799; x_wconf 67' lang='grc' dir='ltr'><strong>διιεῖ</strong></span> <span class='ocrx_word' id='word_1_811' title='bbox 441 5743 534 5795; x_wconf 69' lang='grc' dir='ltr'><strong>οὐκ</strong></span> <span class='ocrx_word' id='word_1_812' title='bbox 554 5738 792 5801; x_wconf 65' lang='grc' dir='ltr'><strong>ἠδυνήθη.</strong></span> <span class='ocrx_word' id='word_1_813' title='bbox 825 5759 845 5793; x_wconf 74' lang='grc' dir='ltr'><strong>ι</strong></span> <span class='ocrx_word' id='word_1_814' title='bbox 879 5745 965 5794; x_wconf 77' lang='grc' dir='ltr'><strong>ιαί</strong></span> <span class='ocrx_word' id='word_1_815' title='bbox 996 5738 1078 5797; x_wconf 82' lang='grc' dir='ltr'><strong>διὰ</strong></span> <span class='ocrx_word' id='word_1_816' title='bbox 1101 5744 1305 5799; x_wconf 69' lang='grc' dir='ltr'><strong>πάντων</strong></span> <span class='ocrx_word' id='word_1_817' title='bbox 1333 5740 1359 5795; x_wconf 87' lang='grc' dir='ltr'>ὁ</span> <span class='ocrx_word' id='word_1_818' title='bbox 1388 5740 1589 5816; x_wconf 70' lang='grc' dir='ltr'><strong>γράψας</strong></span> <span class='ocrx_word' id='word_1_819' title='bbox 1621 5743 1712 5798; x_wconf 76' lang='grc' dir='ltr'><strong>τήν</strong></span> <span class='ocrx_word' id='word_1_820' title='bbox 1738 5738 1897 5797; x_wconf 72' lang='grc' dir='ltr'><strong>αὐτὴν</strong></span> 
     </span>
    </p>
   </div>
   <div class='ocr_carea' id='block_1_106' title="bbox 290 5825 1903 5907">
    <p class='ocr_par' dir='ltr' id='par_1_106' title="bbox 290 5825 1903 5907">
     <span class='ocr_line' id='line_1_106' title="bbox 290 5825 1903 5907; baseline -0.003 -22"><span class='ocrx_word' id='word_1_821' title='bbox 290 5832 483 5891; x_wconf 63' lang='grc' dir='ltr'><strong>ἀσεϐῆ</strong></span> <span class='ocrx_word' id='word_1_822' title='bbox 519 5832 815 5892; x_wconf 68' lang='grc' dir='ltr'><strong>ἐπιστολὴν,</strong></span> <span class='ocrx_word' id='word_1_823' title='bbox 857 5833 914 5885; x_wconf 76' lang='grc' dir='ltr'><strong>οὗ</strong></span> <span class='ocrx_word' id='word_1_824' title='bbox 943 5829 1087 5900; x_wconf 82' lang='grc' dir='ltr'><strong>μόνον</strong></span> <span class='ocrx_word' id='word_1_825' title='bbox 1124 5836 1244 5895; x_wconf 66' lang='grc' dir='ltr'><strong>τοὺς</strong></span> <span class='ocrx_word' id='word_1_826' title='bbox 1280 5832 1560 5907; x_wconf 74' lang='grc' dir='ltr'><strong>αἶρετικοὺς</strong></span> <span class='ocrx_word' id='word_1_827' title='bbox 1605 5825 1792 5882; x_wconf 60' lang='lat' dir='ltr'><strong>Eadm?</strong></span> <span class='ocrx_word' id='word_1_828' title='bbox 1820 5826 1903 5880; x_wconf 77' lang='grc' dir='ltr'><strong>καί</strong></span> 
     </span>
    </p>
   </div>
   <div class='ocr_carea' id='block_1_107' title="bbox 2000 4994 3589 5071">
    <p class='ocr_par' dir='ltr' id='par_1_107' title="bbox 2000 4994 3589 5071">
     <span class='ocr_line' id='line_1_107' title="bbox 2000 4994 3589 5071; baseline -0.004 -16"><span class='ocrx_word' id='word_1_829' title='bbox 2000 5001 2244 5056; x_wconf 87' lang='lat' dir='ltr'><strong>instituta</strong></span> <span class='ocrx_word' id='word_1_830' title='bbox 2273 4999 2643 5071; x_wconf 86' lang='lat' dir='ltr'><strong>disquisitione</strong></span> <span class='ocrx_word' id='word_1_831' title='bbox 2667 5009 2722 5056; x_wconf 91' lang='lat' dir='ltr'><strong>et</strong></span> <span class='ocrx_word' id='word_1_832' title='bbox 2745 4998 2946 5069; x_wconf 86' lang='lat' dir='ltr'><strong>judicio</strong></span> <span class='ocrx_word' id='word_1_833' title='bbox 2968 4998 3273 5054; x_wconf 88' lang='lat' dir='ltr'><strong>Nestorium</strong></span> <span class='ocrx_word' id='word_1_834' title='bbox 3303 4996 3372 5052; x_wconf 91' lang='lat' dir='ltr'><strong>ab</strong></span> <span class='ocrx_word' id='word_1_835' title='bbox 3400 4994 3589 5050; x_wconf 82' lang='lat' dir='ltr'><strong>eadem</strong></span> 
     </span>
    </p>
   </div>
   <div class='ocr_carea' id='block_1_108' title="bbox 2002 5088 3582 5163">
    <p class='ocr_par' dir='ltr' id='par_1_108' title="bbox 2002 5088 3582 5163">
     <span class='ocr_line' id='line_1_108' title="bbox 2002 5088 3582 5163; baseline -0.005 -17"><span class='ocrx_word' id='word_1_836' title='bbox 2002 5090 2272 5162; x_wconf 88' lang='lat' dir='ltr'><strong>Ephesina</strong></span> <span class='ocrx_word' id='word_1_837' title='bbox 2318 5090 2525 5163; x_wconf 83' lang='lat' dir='ltr'><strong>synodo</strong></span> <span class='ocrx_word' id='word_1_838' title='bbox 2593 5090 2728 5147; x_wconf 88' lang='lat' dir='ltr'><strong>sede</strong></span> <span class='ocrx_word' id='word_1_839' title='bbox 2798 5105 2894 5147; x_wconf 88' lang='lat' dir='ltr'><strong>sua</strong></span> <span class='ocrx_word' id='word_1_840' title='bbox 2949 5088 3109 5146; x_wconf 82' lang='lat' dir='ltr'><strong>fuisse</strong></span> <span class='ocrx_word' id='word_1_841' title='bbox 3159 5088 3524 5144; x_wconf 85' lang='lat' dir='ltr'><strong>deturbatum.</strong></span> <span class='ocrx_word' id='word_1_842' title='bbox 3564 5105 3582 5138; x_wconf 76' lang='grc' dir='ltr'><strong>ι</strong></span> 
     </span>
    </p>
   </div>
   <div class='ocr_carea' id='block_1_109' title="bbox 2005 5177 3591 5253">
    <p class='ocr_par' dir='ltr' id='par_1_109' title="bbox 2005 5177 3591 5253">
     <span class='ocr_line' id='line_1_109' title="bbox 2005 5177 3591 5253; baseline -0.001 -18"><span class='ocrx_word' id='word_1_843' title='bbox 2005 5180 2213 5238; x_wconf 87' lang='lat' dir='ltr'><strong>Pariter</strong></span> <span class='ocrx_word' id='word_1_844' title='bbox 2240 5183 2294 5236; x_wconf 90' lang='lat' dir='ltr'><strong>in</strong></span> <span class='ocrx_word' id='word_1_845' title='bbox 2337 5182 2527 5238; x_wconf 91' lang='lat' dir='ltr'><strong>eadem</strong></span> <span class='ocrx_word' id='word_1_846' title='bbox 2575 5180 2804 5253; x_wconf 85' lang='lat' dir='ltr'><strong>epistola</strong></span> <span class='ocrx_word' id='word_1_847' title='bbox 2850 5180 3123 5238; x_wconf 87' lang='lat' dir='ltr'><strong>habetur:</strong></span> <span class='ocrx_word' id='word_1_848' title='bbox 3160 5197 3178 5231; x_wconf 87' lang='grc' dir='ltr'><strong>ι</strong></span> <span class='ocrx_word' id='word_1_849' title='bbox 3207 5177 3499 5233; x_wconf 84' lang='lat' dir='ltr'><strong>Duodecim</strong></span> <span class='ocrx_word' id='word_1_850' title='bbox 3527 5194 3591 5234; x_wconf 85' lang='lat' dir='ltr'><strong>ea</strong></span> 
     </span>
    </p>
   </div>
   <div class='ocr_carea' id='block_1_110' title="bbox 2004 5271 3590 5345">
    <p class='ocr_par' dir='ltr' id='par_1_110' title="bbox 2004 5271 3590 5345">
     <span class='ocr_line' id='line_1_110' title="bbox 2004 5271 3590 5345; baseline -0.003 -16"><span class='ocrx_word' id='word_1_851' title='bbox 2004 5273 2241 5345; x_wconf 89' lang='lat' dir='ltr'><strong>capitula</strong></span> <span class='ocrx_word' id='word_1_852' title='bbox 2276 5273 2344 5329; x_wconf 90' lang='lat' dir='ltr'><strong>ab</strong></span> <span class='ocrx_word' id='word_1_853' title='bbox 2374 5272 2575 5345; x_wconf 79' lang='lat' dir='ltr'><strong>Cyrillo</strong></span> <span class='ocrx_word' id='word_1_854' title='bbox 2603 5271 2926 5342; x_wconf 89' lang='lat' dir='ltr'><strong>conscripta,</strong></span> <span class='ocrx_word' id='word_1_855' title='bbox 2960 5283 3264 5340; x_wconf 88' lang='lat' dir='ltr'><strong>quanquam</strong></span> <span class='ocrx_word' id='word_1_856' title='bbox 3292 5284 3415 5324; x_wconf 89' lang='lat' dir='ltr'><strong>cum</strong></span> <span class='ocrx_word' id='word_1_857' title='bbox 3445 5280 3590 5325; x_wconf 85' lang='lat' dir='ltr'><strong>recta</strong></span> 
     </span>
    </p>
   </div>
   <div class='ocr_carea' id='block_1_111' title="bbox 1982 5352 3593 5437">
    <p class='ocr_par' dir='ltr' id='par_1_111' title="bbox 1982 5352 3593 5437">
     <span class='ocr_line' id='line_1_111' title="bbox 1982 5352 3593 5437; baseline -0.004 -18"><span class='ocrx_word' id='word_1_858' title='bbox 1982 5352 2111 5423; x_wconf 23' lang='lat' dir='ltr'><strong>&#39;Iide</strong></span> <span class='ocrx_word' id='word_1_859' title='bbox 2138 5372 2457 5437; x_wconf 81' lang='lat' dir='ltr'><strong>pugnarent,</strong></span> <span class='ocrx_word' id='word_1_860' title='bbox 2482 5364 2550 5419; x_wconf 89' lang='lat' dir='ltr'><strong>ab</strong></span> <span class='ocrx_word' id='word_1_861' title='bbox 2579 5362 2861 5433; x_wconf 72' lang='lat' dir='ltr'><strong>Ephesium</strong></span> <span class='ocrx_word' id='word_1_862' title='bbox 2887 5360 3076 5434; x_wconf 87' lang='lat' dir='ltr'><strong>synodi</strong></span> <span class='ocrx_word' id='word_1_863' title='bbox 3104 5360 3369 5434; x_wconf 87' lang='lat' dir='ltr'><strong>episcopis</strong></span> <span class='ocrx_word' id='word_1_864' title='bbox 3391 5377 3593 5432; x_wconf 74' lang='lat' dir='ltr'><strong>prapo-</strong></span> 
     </span>
    </p>
   </div>
   <div class='ocr_carea' id='block_1_112' title="bbox 2005 5451 3592 5524">
    <p class='ocr_par' dir='ltr' id='par_1_112' title="bbox 2005 5451 3592 5524">
     <span class='ocr_line' id='line_1_112' title="bbox 2005 5451 3592 5524; baseline -0.005 -12"><span class='ocrx_word' id='word_1_865' title='bbox 2005 5457 2107 5512; x_wconf 90' lang='lat' dir='ltr'><strong>sita</strong></span> <span class='ocrx_word' id='word_1_866' title='bbox 2160 5454 2322 5511; x_wconf 90' lang='lat' dir='ltr'><strong>fuisse</strong></span> <span class='ocrx_word' id='word_1_867' title='bbox 2368 5461 2531 5524; x_wconf 88' lang='lat' dir='ltr'><strong>atque</strong></span> <span class='ocrx_word' id='word_1_868' title='bbox 2578 5451 2893 5508; x_wconf 84' lang='lat' dir='ltr'><strong>confirmata</strong></span> <span class='ocrx_word' id='word_1_869' title='bbox 2919 5492 2934 5518; x_wconf 93' lang='lat'><strong>,</strong></span> <span class='ocrx_word' id='word_1_870' title='bbox 2966 5451 3179 5520; x_wconf 86' lang='lat' dir='ltr'><strong>illisque</strong></span> <span class='ocrx_word' id='word_1_871' title='bbox 3206 5466 3304 5509; x_wconf 88' lang='lat' dir='ltr'><strong>eos</strong></span> <span class='ocrx_word' id='word_1_872' title='bbox 3338 5461 3592 5521; x_wconf 82' lang='lat' dir='ltr'><strong>tanquam</strong></span> 
     </span>
    </p>
   </div>
   <div class='ocr_carea' id='block_1_113' title="bbox 2004 5541 3594 5614">
    <p class='ocr_par' dir='ltr' id='par_1_113' title="bbox 2004 5541 3594 5614">
     <span class='ocr_line' id='line_1_113' title="bbox 2004 5541 3594 5614; baseline -0.003 -13"><span class='ocrx_word' id='word_1_873' title='bbox 2004 5560 2148 5601; x_wconf 64' lang='lat' dir='ltr'><strong>vera:</strong></span> <span class='ocrx_word' id='word_1_874' title='bbox 2190 5543 2312 5599; x_wconf 80' lang='lat' dir='ltr'><strong>fidei</strong></span> <span class='ocrx_word' id='word_1_875' title='bbox 2341 5542 2765 5599; x_wconf 85' lang='lat' dir='ltr'><strong>consonantibus</strong></span> <span class='ocrx_word' id='word_1_876' title='bbox 2800 5541 3173 5610; x_wconf 87' lang='lat' dir='ltr'><strong>consensisse;</strong></span> <span class='ocrx_word' id='word_1_877' title='bbox 3214 5552 3376 5614; x_wconf 87' lang='lat' dir='ltr'><strong>atque</strong></span> <span class='ocrx_word' id='word_1_878' title='bbox 3405 5541 3594 5597; x_wconf 79' lang='lat' dir='ltr'><strong>Nesto-</strong></span> 
     </span>
    </p>
   </div>
   <div class='ocr_carea' id='block_1_114' title="bbox 2005 5630 3587 5707">
    <p class='ocr_par' dir='ltr' id='par_1_114' title="bbox 2005 5630 3587 5707">
     <span class='ocr_line' id='line_1_114' title="bbox 2005 5630 3587 5707; baseline -0.005 -15"><span class='ocrx_word' id='word_1_879' title='bbox 2005 5637 2165 5705; x_wconf 86' lang='lat' dir='ltr'><strong>rium,</strong></span> <span class='ocrx_word' id='word_1_880' title='bbox 2186 5642 2476 5707; x_wconf 87' lang='lat' dir='ltr'><strong>propterea</strong></span> <span class='ocrx_word' id='word_1_881' title='bbox 2499 5632 2645 5704; x_wconf 88' lang='lat' dir='ltr'><strong>qnod</strong></span> <span class='ocrx_word' id='word_1_882' title='bbox 2670 5630 2796 5688; x_wconf 90' lang='lat' dir='ltr'><strong>odio</strong></span> <span class='ocrx_word' id='word_1_883' title='bbox 2820 5632 3112 5690; x_wconf 89' lang='lat' dir='ltr'><strong>haberetur</strong></span> <span class='ocrx_word' id='word_1_884' title='bbox 3138 5632 3207 5690; x_wconf 90' lang='lat' dir='ltr'><strong>ab</strong></span> <span class='ocrx_word' id='word_1_885' title='bbox 3226 5634 3446 5690; x_wconf 87' lang='lat' dir='ltr'><strong>civitate</strong></span> <span class='ocrx_word' id='word_1_886' title='bbox 3473 5648 3587 5698; x_wconf 76' lang='lat' dir='ltr'><strong>sua,</strong></span> 
     </span>
    </p>
   </div>
   <div class='ocr_carea' id='block_1_115' title="bbox 2004 5721 3597 5801">
    <p class='ocr_par' dir='ltr' id='par_1_115' title="bbox 2004 5721 3597 5801">
     <span class='ocr_line' id='line_1_115' title="bbox 2004 5721 3597 5801; baseline -0.006 -16"><span class='ocrx_word' id='word_1_887' title='bbox 2004 5725 2379 5801; x_wconf 84' lang='lat' dir='ltr'><strong>primariisque</strong></span> <span class='ocrx_word' id='word_1_888' title='bbox 2407 5724 2617 5781; x_wconf 83' lang='lat' dir='ltr'><strong>civibus</strong></span> <span class='ocrx_word' id='word_1_889' title='bbox 2644 5721 2762 5791; x_wconf 88' lang='lat' dir='ltr'><strong>ejus</strong></span> <span class='ocrx_word' id='word_1_890' title='bbox 2785 5762 2800 5790; x_wconf 88' lang='lat'><strong>,</strong></span> <span class='ocrx_word' id='word_1_891' title='bbox 2842 5722 2971 5780; x_wconf 89' lang='lat' dir='ltr'><strong>illuc</strong></span> <span class='ocrx_word' id='word_1_892' title='bbox 2997 5723 3215 5779; x_wconf 87' lang='lat' dir='ltr'><strong>minime</strong></span> <span class='ocrx_word' id='word_1_893' title='bbox 3246 5724 3481 5795; x_wconf 88' lang='lat' dir='ltr'><strong>potuisse</strong></span> <span class='ocrx_word' id='word_1_894' title='bbox 3507 5737 3597 5777; x_wconf 87' lang='lat' dir='ltr'><strong>rc-</strong></span> 
     </span>
    </p>
   </div>
   <div class='ocr_carea' id='block_1_116' title="bbox 2013 5812 3594 5889">
    <p class='ocr_par' dir='ltr' id='par_1_116' title="bbox 2013 5812 3594 5889">
     <span class='ocr_line' id='line_1_116' title="bbox 2013 5812 3594 5889; baseline -0.007 -14"><span class='ocrx_word' id='word_1_895' title='bbox 2013 5822 2164 5877; x_wconf 87' lang='lat' dir='ltr'><strong>verti.</strong></span> <span class='ocrx_word' id='word_1_896' title='bbox 2208 5836 2226 5869; x_wconf 77' lang='grc' dir='ltr'><strong>ι</strong></span> <span class='ocrx_word' id='word_1_897' title='bbox 2264 5821 2442 5889; x_wconf 84' lang='lat' dir='ltr'><strong>Atque</strong></span> <span class='ocrx_word' id='word_1_898' title='bbox 2469 5817 2577 5873; x_wconf 83' lang='lat' dir='ltr'><strong>hoc</strong></span> <span class='ocrx_word' id='word_1_899' title='bbox 2602 5813 2762 5871; x_wconf 87' lang='lat' dir='ltr'><strong>modo</strong></span> <span class='ocrx_word' id='word_1_900' title='bbox 2790 5815 2993 5873; x_wconf 89' lang='lat' dir='ltr'><strong>nefarie</strong></span> <span class='ocrx_word' id='word_1_901' title='bbox 3022 5815 3164 5873; x_wconf 83' lang='lat' dir='ltr'><strong>illius</strong></span> <span class='ocrx_word' id='word_1_902' title='bbox 3193 5815 3433 5886; x_wconf 70' lang='lat' dir='ltr'><strong>epistola:</strong></span> <span class='ocrx_word' id='word_1_903' title='bbox 3459 5812 3594 5868; x_wconf 82' lang='lat' dir='ltr'><strong>scri-</strong></span> 
     </span>
    </p>
   </div>
   <div class='ocr_carea' id='block_1_117' title="bbox 392 5911 2303 5994">
    <p class='ocr_par' dir='ltr' id='par_1_117' title="bbox 392 5911 2303 5994">
     <span class='ocr_line' id='line_1_117' title="bbox 392 5911 2303 5994; baseline -0.006 -17"><span class='ocrx_word' id='word_1_904' title='bbox 392 5931 422 5959; x_wconf 80' lang='grc'><strong>·</strong></span> <span class='ocrx_word' id='word_1_905' title='bbox 456 5919 652 5978; x_wconf 73' lang='lat' dir='ltr'><strong>Exstat</strong></span> <span class='ocrx_word' id='word_1_906' title='bbox 680 5921 736 5977; x_wconf 86' lang='lat' dir='ltr'><strong>in</strong></span> <span class='ocrx_word' id='word_1_907' title='bbox 772 5921 906 5976; x_wconf 79' lang='lat' dir='ltr'><strong>actis</strong></span> <span class='ocrx_word' id='word_1_908' title='bbox 945 5932 1097 5981; x_wconf 80' lang='lat' dir='ltr'><strong>conc.</strong></span> <span class='ocrx_word' id='word_1_909' title='bbox 1136 5922 1549 5994; x_wconf 82' lang='lat' dir='ltr'><strong>ConstantinOp.</strong></span> <span class='ocrx_word' id='word_1_910' title='bbox 1589 5935 1648 5989; x_wconf 84' lang='grc' dir='ltr'><strong>υ,</strong></span> <span class='ocrx_word' id='word_1_911' title='bbox 1678 5916 1816 5976; x_wconf 88' lang='lat' dir='ltr'><strong>Coll.</strong></span> <span class='ocrx_word' id='word_1_912' title='bbox 1847 5912 1900 5986; x_wconf 74' lang='lat'><strong>5,</strong></span> <span class='ocrx_word' id='word_1_913' title='bbox 1940 5915 2084 5987; x_wconf 84' lang='lat' dir='ltr'><strong>apud</strong></span> <span class='ocrx_word' id='word_1_914' title='bbox 2115 5911 2303 5970; x_wconf 51' lang='lat' dir='ltr'><strong>&#39;Labb.</strong></span> 
     </span>
    </p>
   </div>
  </div>
