4000 6186
386 455 487 514 507

1742 423 2038 485 VlGlLlUS
2077 422 2276 478 PAPA.

3554 403 3665 461 308

387 573 593 632 ἐπαινεῖ,
618 565 742 622 ἀλλά
770 565 855 617 καί
888 560 1006 619 τούς
1036 554 1324 636 ὀρθοδὸξους
1369 552 1522 624 λέγει.
1576 552 1695 626 Περί
1739 549 1839 620 γάρ
1878 550 1968 601 τοῦ
1999 573 2014 607 Α

2119 548 2215 604 tor,
2231 551 2341 592 non
2364 530 2524 590 modo
2547 527 2831 584 haereticos
2854 531 3034 580 tuetur
3053 538 3117 578 ac
3136 520 3339 586 laudat,
3358 516 3453 574 sed
3475 517 3668 573 callio-

2262 627 2312 636 -.
2565 622 2577 634 .
2694 634 2704 636 Α
3145 614 3217 636 η-
3245 614 3408 636 ιη-.-
3442 622 3668 636 .ν-...,...-

386 660 641 735 μακαρίου
668 654 973 711 Ῥαϐϐούλου
1003 656 1094 707 τοῦ
1120 646 1327 707 Ἐδέσης
1357 643 1638 700 ἐπισκόπου
1656 684 1670 710 ,
1703 637 1885 717 ἀνδρὸς
1928 639 1978 691 ἐν

389 749 688 808 ἐπισκόποις
715 748 993 814 ἐπισήμου,
1015 738 1073 796 οὗ
1093 740 1152 796 τὸ
1176 745 1345 812 μνῆμα
1367 738 1606 808 θαύματα
1644 740 1785 788 ποιεῖ
1818 732 1982 803 μέχρι

390 850 479 901 τῆς
521 844 775 915 σήμερον,
809 835 971 894 οὕτως
999 832 1150 905 φησίν
1180 828 1232 884 ἓν
1260 837 1322 905 τῇ
1350 829 1475 902 αὐτῇ
1515 825 1697 880 ἀσεϐεῖ
1721 823 1980 895 irruat-0135‘

396 949 414 983 ι
443 930 562 987 Ὀτι
609 929 634 985 ὁ
660 929 905 1004 τύραννος
933 932 1025 983 τῆς
1064 923 1314 996 ἡμετέρας
1353 918 1569 979 πόλεως,
1600 912 1652 968 ὃν
1698 912 1805 968 ούδέ
1837 914 1986 971 ait");

394 1024 614 1094 ἀγνοεῖς,
643 1020 894 1094 προφάσει
923 1023 1015 1074 τῆς
1040 1014 1267 1072 πίστεως
1289 1011 1346 1065 ού
1368 1006 1518 1081 μόνον
1566 1008 1684 1066 τούς
1727 1009 1988 1067 συζῶντας

396 1116 533 1186 αύτῷ
558 1111 724 1168 διώκει
743 1151 757 1175 ,
795 1109 917 1164 ἀλλά
964 1109 1050 1163 καί
1087 1107 1209 1166 τούς
1251 1101 1347 1163 ἤδη
1377 1102 1531 1158 πάλαι
1557 1100 1686 1173 πρὸς
1717 1097 1796 1151 τὸν
1818 1093 1990 1171 κύριον

396 1205 703 1263 ἀπελθόντας
723 1198 789 1256 ὧν
812 1196 883 1261 εἷς
906 1199 1043 1254 ἐστιν
1067 1195 1092 1252 ὁ
1114 1196 1362 1272 μακάριος
1384 1189 1647 1263 Θεόδωρος
1676 1187 1700 1243 ὁ
1727 1188 1881 1260 κήρυξ
1902 1193 1993 1245 τῆς

400 1297 651 1356 ἀληθείας.
675 1296 761 1348 καί
780 1289 1081 1349 διδάσκαλος
1108 1296 1202 1347 τῆς
1245 1284 1535 1348 ἐκκλησίας,
1568 1277 1622 1340 ὃς
1663 1280 1723 1332 ού
1764 1276 1909 1351 μόνον
1944 1277 1995 1328 ὲν

401 1397 465 1462 τῇ
485 1388 646 1461 οἰκείᾳ
674 1390 777 1457 ζωῇ
804 1385 925 1443 τοὺς
947 1381 1233 1453 αἱρετικούς
1261 1376 1557 1447 ἐκολάφισεν
1588 1369 1672 1426 διά
1696 1377 1787 1430 τῆς
1809 1368 1995 1426 οἰκείας

402 1484 649 1548 πίστεως,
671 1479 792 1534 ἀλλά
831 1479 917 1531 καί
956 1476 1085 1547 μετά
1111 1474 1323 1527 θάνατον
1363 1466 1495 1523 ὅπλα
1537 1456 1860 1536 πνευματικοὶ
1891 1467 1998 1519 τοῖς

405 1572 551 1636 ἰδίοις
594 1572 810 1645 βιϐλίοις
861 1575 967 1628 τοῖς
1018 1574 1110 1627 τῆς
1159 1563 1421 1620 ἐκκλησίας
1468 1559 1653 1618 τέκνοις
1691 1551 1997 1623 κατέλειψεν,

406 1671 478 1729 ὡς
501 1669 586 1721 καί
610 1668 641 1724 ἡ
660 1669 726 1723 σή
749 1663 985 1718 εὐλάξεια
1010 1656 1120 1733 μετ’
1153 1658 1308 1712 αὐτοῦ
1334 1654 1602 1712 λαλήσασα
1625 1651 1886 1721 γινώσκει,
1918 1647 2003 1699 καί

406 1761 465 1815 ἐκ
486 1765 584 1812 τῶν
607 1754 732 1826 παρ’
751 1755 908 1810 αὐτοῦ
935 1749 1328 1825 συγγραφέντων
1349 1745 1646 1800 ἐπίστευσε’
1668 1744 1851 1793 τοῦτον
1877 1736 2006 1793 ἐτόλ·

409 1870 573 1920 μησεν
595 1846 619 1901 ὁ
640 1843 813 1902 πάντα
833 1843 1028 1914 τολμῶν
1047 1840 1124 1895 ἐπ’
1153 1838 1421 1897 ἐκκλησίας
1440 1839 1662 1910 φανερῶς
1694 1828 2001 1894 ἀναθεματί-

409 1964 519 1997 σαι.
537 1950 554 1992 t'
575 1943 663 1994 Kal
681 1937 830 1994 πάλιν
849 1935 1155 2013 περιέχεται
1174 1939 1236 2006 τῇ
1409 1927 1593 1987 ἀσεϐεῖ
1609 1922 1848 1997 ἐπιστολῇ
1867 1921 1999 1995 πρὸς

408 2035 556 2107 ὕϐριν
583 2039 674 2088 τοῦ
701 2033 751 2087 ἐν
780 2030 942 2102 ἀγίοις
982 2026 1238 2105 ιυρίλλοψ
1269 2041 1288 2075 ε
1315 2019 1434 2078 Ὀτι
1454 2022 1486 2080 ἠ
1508 2017 1693 2095 καρδία
1730 2022 1823 2071 τοῦ
1855 2017 2007 2086 Δίγυο

408 2128 561 2183 πτίου
594 2124 897 2195 ἐμαλάχθη,
926 2123 1010 2176 καί
1052 2121 1218 2193 χωρίς
1264 2114 1525 2173 σκύλσεως
1562 2119 1625 2183 τῇ
1673 2110 1795 2183 ὀρθῇ
1832 2108 2006 2161 πίστει
2051 2132 2055 2136 ~

409 2219 677 2288 συνῄνεσε.
731 2216 821 2267 Καὶ
849 2209 930 2266 ὅτι
965 2210 1195 2269 ἀτάκτως
1233 2206 1358 2262 νοιτά
1393 2212 1494 2260 τῶν
1541 2204 1737 2267 ζώντων
1788 2199 1871 2251 καί
1906 2201 2006 2251 τῶν

409 2305 819 2364 τελευτησάντων
847 2302 1185 2378 ὁρμήσαντες,
1217 2299 1268 2351 ἐν
1305 2294 1538 2365 αἰσχύνῃ
1566 2292 1693 2345 εἰσίν
1732 2287 1866 2361 ὑπὲρ
1906 2292 2007 2338 τῶν

411 2394 550 2451 ἐδίων
576 2395 975 2468 ἀπολογούμενοι
1004 2391 1362 2459 πταισμάτων,
1389 2387 1473 2439 καί
1501 2382 1698 2437 ἐναντία
1723 2386 1785 2455 τῇ
1826 2378 2006 2452 πρώτῃ

413 2487 579 2543 αὐτῶν
615 2483 922 2555 διδασκαλίᾳ
975 2479 1323 2543 διδάσκοντες,
1372 2478 1460 2529 καί
1498 2470 1576 2528 ὅτι
1610 2476 1717 2545 χρὴ
1749 2468 2008 2539 ὁμολογεῖν

413 2580 486 2636 είς
514 2577 600 2631 τὸν
622 2576 758 2637 ναὸν,
783 2576 865 2627 καί
896 2575 968 2631 εἰς
987 2571 1070 2625 τὸν
1106 2571 1386 2623 ἐνοικοῦντα
1421 2568 1468 2618 ἐν
1494 2565 1685 2633 αύτῷ.»
1715 2561 1805 2614 Καὶ
1846 2566 2011 2614 ταῦτα

416 2672 505 2739 μέν
544 2668 797 2739 ἐγκείμενοι
834 2673 900 2741 τῇ
935 2663 1326 2734 μνημονευθείσῃ
1373 2657 1610 2730 ἐπιστολῇ
1653 2655 1844 2729 φανερά
1891 2653 2010 2723 ύμῖν

416 2758 807 2827 ἐσπουδάσαμεν
848 2762 1204 2814 καταντῆσαι,
1234 2753 1317 2806 ἵνα
1355 2744 1638 2807 κᾶνιοῦτως
1668 2744 1761 2815 ὀψέ
1786 2763 1909 2797 ποτε
1944 2744 2012 2797 τά

417 2853 538 2926 ἑρθά
574 2849 915 2923 ἐπιλεγόμενοι
944 2849 1315 2922 ἀναχωρήσητε
1352 2844 1545 2900 ταύτης
1573 2845 1663 2900 τῆς
1694 2832 2008 2899 κακοδνξίας.

488 3034 727 3090 Τοσαύτη
767 3030 823 3087 δέ
868 3032 1003 3085 ἐστιν
1032 3030 1063 3087 η
1091 3035 1182 3089 τῆς
1206 3029 1446 3102 μυσνρᾶς
1486 3021 1753 3081 ἐπιστολῆς
1779 3017 2010 3084 ἀσέῖεια,

422 3127 503 3184 ὅτι
524 3124 635 3181 ούδέ
659 3126 805 3194 ὑμεῖς
825 3125 1126 3193 ἐτολμήσατε
1147 3120 1336 3183 πάντα,
1375 3118 1443 3177 ὡς
1484 3114 1682 3189 εἴρηται
1704 3153 1719 3175 ,
1750 3113 1817 3167 τά
1837 3131 2011 3186 περιε-

422 3219 618 3289 χόμενα
643 3217 771 3293 αὐτῇ
791 3222 901 3274 τοῖς
924 3214 1093 3289 παρ’ύ
1101 3220 1209 3284 μῶν
1227 3213 1531 3288 πεμφθεῖσιν
1548 3207 1831 3282 κεφαλαίοις
1859 3206 2013 3259 ἐνθεῖ-

423 3331 527 3372 ναι,
559 3310 604 3363 εί
629 3310 712 3363 καί
727 3328 842 3364 τινα
860 3307 912 3370 ἐξ
934 3307 1097 3361 αύτῶν
1117 3302 1491 3379 διεστραμμένη
1531 3301 1693 3375 ἐννοίᾳ
1723 3297 2015 3375 ἑρμηνεύειν

423 3400 740 3474 ἐπειράθητε.
761 3401 850 3459 Τίς
875 3400 977 3474 γάρ
1009 3404 1334 3474 χριστιανοῖς
1360 3393 1576 3451 δύναται
1599 3392 2015 3466 συναριθμεῖσθαι

425 3502 495 3570 μή
520 3497 675 3570 λέγων
713 3494 876 3552 ἀσεϐῆ
903 3500 997 3569 τήν
1025 3491 1315 3558 ἐπιστολήν,
1361 3491 1410 3543 ἐν
1514 3492 1755 3544 τοιαῦται
1768 3487 1851 3540 καί
1887 3504 2016 3540 τοσ-

425 3596 576 3646 αῦται
615 3590 950 3662 περιέχονται
988 3586 1328 3659 {alata-puniat;
1375 3594 1430 3638 Ὀ
1470 3585 1571 3658 γάρ
1620 3586 1710 3641 τὴν
1748 3579 2017 3637 ἐπιστολήν

426 3682 638 3738 ἐκδικῶν
659 3687 749 3741 τήν
774 3681 860 3736 τὸν
885 3679 1023 3752 ἅγιον
1048 3677 1285 3753 Κύριλλον
1315 3675 1560 3750 αἶρετικὶν
1596 3674 1852 3728 καλοῦσαν
1871 3712 1886 3737 ,
1935 3672 2020 3725 καί

432 3780 515 3832 τὴν
542 3772 593 3828 ἐν
616 3770 801 3846 Ἐφέσῳ
845 3774 1054 3847 πρώτην
1105 3766 1315 3824 σύνοδον
1368 3765 1744 3829 ἐκϐάλλουσαν,
1792 3769 2019 3835 φανερῶς

428 3862 702 3938 Νεστόριον
742 3866 829 3916 καί
868 3866 958 3921 τήν
1006 3862 1161 3914 αὐτοῦ
1207 3857 1447 3913 ἀσέϐειαν
1489 3854 1725 3927 δέχεται,
1758 3850 1809 3907 ὂν
1836 3855 1867 3912 ἡ
1894 3851 2021 3911 αὖτὴ

428 3955 664 4013 ἐπιστολὴ
690 3954 824 4026 λέγει
870 3951 999 4023 δίχα
1042 3953 1262 4028 κρίσεως
1302 3952 1388 4004 καί
1433 3952 1693 4013 ζητήσεως
1744 3945 2021 4003 καταδικα-

429 4048 629 4109 σθῆναι,
650 4049 736 4100 καί
761 4042 820 4100 ού
844 4042 927 4099 διά
946 4047 1012 4100 τά
1052 4041 1305 4115 δόγματα,
1331 4038 1459 4097 ἀλλά
1482 4039 1566 4096 διὰ
1611 4042 1671 4096 τὸ
1718 4048 1879 4112 μῖσος
1922 4047 2023 4095 τῶν

433 4142 643 4197 πολιτῶν
671 4144 742 4200 εἱς
765 4144 855 4198 τήν
883 4138 1138 4211 ἐκκλησίαν
1169 4141 1246 4208 ’μὴ
1280 4134 1628 4210 ὑποστρέψαι·
1657 4135 1740 4205 καί
1778 4134 1836 4187 ού
1880 4133 2024 4203 μόνον

432 4234 505 4290 εἰς
526 4235 680 4286 τοῦτο
721 4228 1001 4304 ἁμαρτάνει
1048 4226 1074 4282 ὁ
1122 4233 1213 4287 τὴν
1260 4226 1420 4285 ἀσεϐῆ
1470 4224 1731 4284 ἐπιστολήν
1777 4222 2021 4287 ἐκδικῶν,

433 4320 554 4375 ἀ)λά
575 4323 661 4375 καί
685 4319 967 4375 ιίελεστῖνον
994 4321 1081 4376 τὸν
1123 4319 1300 4374 Πάπαν
1327 4313 1672 4381 καταδικάζει,
1706 4317 1793 4371 τὸν
1822 4314 2027 4370 εἰπόντα

433 4418 550 4490 περί
574 4415 832 4491 ιίυρίλλου,
887 4411 969 4469 ὅτι
1012 4414 1042 4471 ἡ
1084 4413 1261 4472 πίστις
1306 4409 1565 4486 Κυρίλλου,
1604 4408 1827 4482 ἡμετέρα
1855 4409 2014 4467 πίστις

440 4508 454 4527 ν
533 4509 543 4523 ο
579 4522 590 4527 _
698 4511 705 4523 ι
745 4506 758 4523 Ι
840 4500 855 4524 1
889 4503 1009 4527 θνα,
1054 4526 1059 4527 ,
1142 4504 1330 4527 _,,!\s,_-
1378 4507 1461 4527 __-_‘.
1496 4502 1543 4527 2-.
1577 4499 1733 4527 ΣηλΑ--
1765 4499 2003 4527 u..-.’\\--.

2132 4409 2285 4516 mnat
2305 4498 2321 4523 ,
2362 4456 2431 4513 de
2465 4408 2667 4527 Gyirillo
2697 4453 2963 4507 dicentem
2987 4490 3002 4515 ,
3286 4408 3446 4500 fidem
3480 4450 3736 4497 nostram

432 4508 591 4563 ἐστίν’
624 4511 707 4562 καῖ
739 4506 765 4561 ὁ
794 4500 862 4561 τά
885 4503 1078 4560 δώδεκα
1107 4504 1348 4577 κεφάλαια
1371 4507 1462 4558 τοῦ
1493 4502 1543 4555 ἐν
1573 4499 1733 4573 ἀγίοις
1765 4499 2028 4574 Κυρίλλου,

428 4599 720 4671 ἐναντία,τῇ
744 4599 864 4673 ὀρθῇ
889 4600 1065 4651 πίστει
1093 4595 1250 4667 λέγων
1280 4595 1569 4669 ὑπάρχειν,
1603 4594 1662 4647 ού
1702 4591 1846 4663 μόνον
1882 4592 2030 4646 αὐτὸν

435 4692 522 4747 τὸν
565 4690 613 4743 ἐν
651 4688 811 4760 ἁγίοις
842 4688 1093 4763 Κύριλλον,
1125 4689 1214 4741 καί
1254 4688 1339 4741 τὸν
1388 4687 1439 4739 ἐν
1480 4685 1709 4763 ρικκαρίᾳ
1753 4690 1818 4757 τῇ
1860 4687 2029 4755 μνήμη

436 4781 747 4844 κελεστῖνον,
764 4781 849 4832 καί
873 4780 962 4836 τήν
990 4779 1195 4853 πρώτην
1218 4776 1265 4828 ἐν
1280 4775 1470 4847 Ἐφέσῳ
1491 4772 1702 4828 σύνοδον
1718 4773 2026 4846 κατακρίνει,

436 4874 561 4930 ἀλλά
587 4876 674 4927 καί
701 4876 791 4931 τήν
819 4872 868 4925 ἐν
894 4865 1168 4929 Χαλκηδόνι
1196 4866 1406 4923 σνῙνοδμν
1434 4864 1782 4930 καταδικάζει,
1807 4869 1896 4922 την
1925 4886 2028 4919 πα·-

437 4968 560 5041 τέρα
611 4969 696 5020 καί
747 4962 1052 5020 διδάσκαλον
1106 4960 1233 5017 ἴδιον
1280 4959 1512 5037 Κύριλλον
1567 4958 1981 5034 ἐπιγραψαμένην
2012 4974 2026 4988 ·

437 5057 588 5113 ὁπότε
615 5058 697 5111 καί
721 5056 916 5110 Λέοντα
940 5054 1026 5109 τὸν
1048 5055 1098 5107 ἓν
1127 5052 1286 5127 ἁγίοις
1308 5054 1484 5108 πάπαν
1506 5054 1695 5122 Ῥώμης
1727 5050 1914 5120 ὁμοίως
1938 5071 2032 5103 κα-

443 5156 717 5222 ταδικάζει,
768 5151 824 5217 ὃς
870 5155 999 5231 πρὸς
1024 5159 1114 5214 τὴν
1162 5155 1211 5207 ἐν
1249 5149 1526 5215 Χαλκηδόνι
1567 5148 1777 5206 σύνοδον
1804 5146 2031 5222 γράφων,

438 5248 574 5305 εῗπεν
604 5252 724 5325 περί
748 5255 848 5305 τῶν
875 5246 1069 5304 δώδεκα
1099 5248 1373 5320 κεφαλαίων
1402 5251 1491 5300 τοῦ
1515 5246 1564 5297 ἐν
1586 5244 1743 5318 ἁγίοις
1773 5243 2030 5317 ιιυρίλλουο

444 5357 463 5390 ε
498 5341 556 5392 ΟΞ
587 5336 703 5414 ὅροι
727 5340 773 5394 οί
800 5338 1199 5413 προενεχθέντες
1244 5339 1376 5390 κατά
1420 5336 1695 5409 Νεστορίου
1748 5335 1889 5409 παρά
1942 5348 2034 5384 κυ-

442 5430 608 5508 ρῦιλου
647 5437 739 5486 τοῦ
766 5438 858 5490 τῆς
885 5428 1034 5502 ἁγίας
1062 5428 1262 5499 μνήμης
1287 5427 1334 5481 ἐν
1356 5425 1551 5499 βεϐαίῳ
1578 5425 1921 5496 μενέτωσαν.»

515 5658 681 5714 Πάσης
710 5651 763 5709 δέ
784 5652 1025 5714 ἀσεϐείας
1052 5653 1421 5724 πεπληρωμένη
1456 5653 1488 5709 ἡ
1518 5650 1728 5727 μυσαρά
1762 5647 2034 5709 ἐπιστολή,

439 5747 496 5804 ἓν
527 5748 674 5820 μόνον
703 5753 802 5802 τῶν
842 5746 1031 5803 ἀληθῶν
1075 5743 1373 5819 αποκρύψαι
1400 5745 1492 5796 οὐκ
1514 5740 1765 5810 ἴσχυσεν,
1813 5737 1895 5793 ὅτι
1935 5739 2038 5792 ἀπὸ

448 5838 718 5917 ὀρθοδόξων
746 5839 825 5890 καί
859 5834 1013 5907 ἁγίων
1051 5834 1324 5905 ἀνθρώπων
1352 5829 1616 5905 Θεόδωρος
1644 5828 1735 5883 ἀπ’
1774 5828 2039 5886 ἐκκλησίας

520 5957 539 5975 ⁸
580 5951 795 6007 l'llrasis
841 5947 1061 6004 omnino
1099 5946 1323 6010 vitiosa,
1368 5960 1486 6015 qua”:
1513 5987 1526 6009 ,
1569 5946 1611 5999 si
1646 5944 1821 6015 Graeci
1854 5950 2040 6015 textus

448 6036 610 6096 atque
648 6019 1080 6080 antecedentium
1107 6017 1245 6073 ratio
1278 6012 1537 6070 habeatur
1557 6049 1573 6077 ,
1614 6014 1691 6069 sic
1725 6012 2039 6082 corrigenda

2082 631 2216 685 iicos
2243 627 2406 682 etiam
2435 622 2714 678 nominare
2743 634 2849 674 non
2875 624 3114 673 veretur.
3145 614 3222 669 De
3245 614 3413 668 beato
3440 622 3674 679 namque

2085 720 2291 777 Babnla
2320 717 2715 772 Edesseuorum
2746 710 3022 780 episcopo,
3053 705 3262 763 eximite
3291 701 3506 775 pietatis
3534 699 3672 755 anti-

2084 815 2250 877 stite,
2293 809 2446 876 cujus
2483 805 2549 859 ad
2588 803 2892 874 sepulcrum
2945 798 3011 852 ad
3060 797 3174 851 haec
3215 809 3384 863 usque
3431 803 3676 861 tempora

2089 900 2353 959 mirabilia
2384 903 2687 967 patrantur,
2715 892 2822 947 hoc
2850 888 3013 944 modo
3043 886 3096 941 in
3125 886 3290 955 impia
3318 885 3409 939 illa
3437 899 3539 938 sua
3561 882 3680 951 epi-

2088 992 2229 1046 stola
2273 988 2459 1043 scribit
2487 1004 2500 1038 :
2538 1005 2557 1036 ε
2587 983 2868 1055 Tyrannus
2904 987 3103 1034 nostrae
3132 975 3364 1031 civitatis
3384 1014 3403 1040 ,
3432 988 3593 1043 quem
3623 979 3683 1026 tu

2091 1084 2253 1139 etiam
2284 1081 2395 1150 ipse
2425 1093 2530 1132 non
2562 1076 2807 1144 ignoras,
2834 1071 2925 1140 qui
2954 1068 3241 1124 occasione
3275 1064 3429 1129 fidei,
3459 1080 3566 1117 non
3596 1078 3687 1117 so-

2094 1175 2203 1229 lum
2233 1186 2360 1226 cum
2388 1184 2454 1224 eo
2479 1167 2722 1222 viventes
2749 1160 3118 1237 persequitur,
3149 1156 3244 1213 sed
3282 1156 3445 1212 etiam
3472 1169 3568 1210 eos
3594 1151 3687 1221 qui

2102 1261 2301 1317 dudum
2329 1259 2397 1313 ad
2423 1256 2708 1312 Dominum
2738 1251 3004 1306 abierunt.
3033 1247 3273 1315 Quorum
3298 1261 3436 1301 unus
3456 1254 3542 1300 est
3559 1245 3705 1299 bca--

2098 1364 2183 1410 tus
2210 1351 2527 1407 Theodorus
2554 1344 2876 1417 νεωάίοοὶοε
2906 1338 3169 1406 veritatis,
3199 1344 3254 1392 et
3280 1337 3470 1392 doctor
3497 1334 3693 1390 Eccle-

2098 1448 2211 1512 site,
2245 1443 2338 1514 qui
2366 1457 2473 1498 non
2521 1438 2696 1494 solum
2740 1435 2924 1489 vivens
2962 1431 3246 1487 hereticos
3285 1444 3383 1500 per
3417 1426 3694 1498 propriam

2100 1512 2589 1605 ﬁdem—percussit,
2619 1525 2712 1582 sed
2741 1524 2903 1580 etiam
2934 1527 3056 1593 post
3094 1528 3324 1575 mortem
3355 1531 3504 1571 arma
3530 1512 3695 1584 spiri-

2102 1627 2228 1683 talia
2259 1626 2311 1679 in
2344 1623 2496 1677 libris
2522 1618 2633 1675 suis
2661 1613 2950 1683 dereliquit
2975 1609 3233 1666 Ecclesia:
3261 1606 3382 1662 liliis
3408 1647 3423 1672 ,
3464 1606 3604 1660 sicut
3638 1611 3698 1659 ct

2104 1728 2196 1775 tua
2216 1713 2539 1777 reverentia,
2565 1725 2687 1766 cum
2710 1722 2776 1763 eo
2798 1705 3071 1762 collocuta
3093 1700 3366 1769 cognovit,
3387 1707 3443 1754 et
3466 1697 3550 1752 bis
3575 1711 3698 1766 quae

2031 1913 2072 1972 ιι
2102 1904 2195 1976 qui
2241 1898 2423 1957 omnia
2477 1895 2662 1963 audet,
2722 1891 2792 1946 ab
2836 1887 3077 1945 Ecclesia
3140 1880 3617 1939 anatliematizarc.
3678 1898 3696 1931 ε

2108 1974 2424 2065 Rursusque
2452 1991 2504 2045 in
2533 1986 2707 2044 sancti
2751 1982 2933 2056 Cyrilli
2975 1978 3398 2042 contumeliam,
3441 1977 3553 2031 hate
3580 1974 3703 2044 ipsa

2107 2089 2162 2144 iu
2188 2064 2505 2143 exsecrabili
2533 2094 2597 2135 ea
2625 2075 2854 2148 epistola
2882 2072 3226 2129 continentur
3250 2086 3264 2121 :
3294 2086 3313 2119 ι
3342 2066 3450 2122 Cor
3478 2064 3704 2136 :Egypti

2108 2177 2405 2236 emollitum
2435 2179 2519 2227 est
2540 2209 2554 2235 ,
2586 2175 2641 2224 et
2668 2167 2786 2224 sine
2815 2163 3102 2219 vexatione
3122 2201 3138 2227 ,
3171 2166 3334 2214 rectae
3361 2156 3483 2211 fidei
3508 2170 3705 2210 assen-

2108 2271 2238 2326 titus
2253 2274 2335 2323 est
2349 2283 2364 2332 ;
2387 2272 2443 2319 et
2461 2258 2767 2317 inordinate
2778 2261 2963 2312 contra
2979 2251 3131 2307 vivos
3151 2257 3207 2305 et
3227 2255 3470 2303 mortuos
3492 2247 3708 2299 irruen-

2110 2375 2193 2418 tes
2216 2361 2270 2417 iu
2296 2355 2612 2414 confusione
2635 2356 2779 2414 sunt,
2804 2342 3198 2402 satisfacientes
3224 2355 3324 2410 pro
3353 2337 3561 2393 delictis
3588 2337 3710 2390 suis

2110 2462 2165 2511 et
2193 2448 2462 2509 contraria
2521 2442 2685 2515 priori
2725 2454 2835 2493 sua:
2875 2434 3133 2491 doctrina:
3169 2430 3443 2493 docentes,
3476 2426 3713 2496 etquod

2112 2551 2362 2618 oporteat
2387 2536 2631 2595 conﬁteri
2661 2535 2714 2588 in
2744 2529 3001 2599 templum
3038 2535 3200 2595 atque
3236 2522 3621 2599 inbabitayntem
3652 2520 3711 2573 in

2113 2611 2199 2695 eo.
2222 2657 2240 2690 ι
2267 2636 2439 2703 Atque
2457 2633 2569 2685 haec
2584 2627 2797 2698 quidem
2823 2624 2875 2677 in
2903 2625 3202 2675 memorata
3224 2615 3449 2686 epistola
3470 2611 3712 2681 sparsim

2114 2730 2386 2787 intricata.
2406 2721 2684 2778 manifeste
2704 2716 2857 2772 vobis
2879 2715 2948 2768 ob
2970 2710 3156 2767 oculos
3185 2723 3387 2779 ponere
3407 2705 3583 2762 conati
3605 2722 3713 2759 suo

2117 2837 2254 2884 mus,
2275 2827 2349 2882 ut,
2370 2815 2474 2870 etsi
2498 2827 2644 2876 sero,
2663 2806 2989 2878 quandoque
3015 2810 3215 2868 tamen,
3237 2808 3383 2855 recta
3402 2798 3714 2867 cogitantes

2120 2913 2188 2968 ab
2218 2907 2397 2981 pravis
2440 2905 2503 2960 iis
2536 2898 2957 2975 Opinatiouibus,
2989 2892 3369 2960 erroribusque
3395 2888 3711 2944 diseedatis.

2042 3013 2089 3078 ς,
2190 3002 2363 3057 Tanta
2390 3011 2554 3068 porro
2583 2993 2861 3049 scelerata:
2889 2988 3027 3042 illius
3055 2983 3298 3054 epistola:
3323 2989 3407 3038 est
3433 2982 3715 3052 impietas,

2114 3105 2175 3153 ut
2201 3107 2377 3162 neque
2404 3104 2502 3144 vos
2531 3086 2631 3158 ipsi
2660 3083 2773 3139 ausi
2805 3082 2940 3145 sitis,
2965 3086 3024 3133 ut
3049 3077 3263 3143 dicitur,
3296 3073 3543 3130 universa
3584 3087 3719 3141 qum

2114 3189 2231 3261 ipsa
2259 3179 2655 3253 complectitur,
2702 3176 2758 3230 in
2801 3172 3068 3243 capitibus
3126 3182 3249 3237 quae
3277 3164 3526 3232 misistis,
3574 3179 3718 3232 pro-

2114 3255 2318 3351 ponere
2343 3315 2360 3343 ,
2406 3283 2714 3341 quanquam
2759 3264 3014 3320 nonnulla
3058 3273 3312 3332 perversa
3351 3255 3723 3326 explicatione

2118 3347 2465 3437 interpretari
2495 3356 2847 3416 tentaveritis.
2895 3353 3025 3421 Quis
3064 3351 3207 3407 enim
3249 3347 3569 3405 Christianis
3605 3347 3724 3401 erit

2117 3452 2585 3514 aunumerandus,
2616 3450 2707 3520 qui
2731 3462 2850 3503 eam
2882 3445 3099 3516 impiam
3140 3457 3246 3497 non
3274 3440 3446 3504 dicat,
3480 3453 3599 3509 qua:
3636 3446 3725 3493 tot

2119 3559 2407 3618 tantasque
2437 3542 2680 3599 continet
2706 3534 3105 3607 blasphemias?
3142 3530 3393 3601 Quisquis
3419 3530 3561 3584 enim
3592 3527 3723 3598 ejus

2118 3638 2359 3713 epistola:
2388 3633 2760 3690 defensionem
2787 3628 3009 3698 suscipit
3034 3625 3087 3680 iu
3117 3639 3223 3693 qua
3251 3622 3309 3678 S.
3339 3620 3566 3692 Cyrillus
3595 3620 3723 3674 hze-

2120 3733 2323 3788 reticus
2359 3725 2691 3797 appellatur,
2720 3720 3003 3793 primaque
3038 3715 3306 3787 Ephesina
3345 3713 3588 3783 rejicitur
3620 3727 3723 3782 sy-

2122 3822 2316 3886 nodus,
2340 3819 2429 3874 hic
2452 3813 2734 3871 manifeste
2755 3819 2915 3866 stata
2939 3806 3167 3864 Nestorii
3195 3803 3457 3876 partibus,
3485 3800 3730 3870 ejusque

2124 3912 2367 3969 adhaeret
2402 3906 2666 3979 impietati
2693 3947 2709 3972 ,
2747 3918 2909 3972 quem
2940 3901 3057 3969 ipsa
3105 3896 3336 3969 epistola
3368 3892 3730 3964 inquisitione

2120 4004 2431 4075 iudicioque
2467 3999 2550 4061 bis
2577 3997 2890 4053 damnatum
2920 3991 3086 4046 fuisse
3122 3988 3320 4043 fatetur
3347 3984 3584 4055 quidem,
3618 3982 3727 4038 sed

2127 4072 2235 4149 non
2263 4092 2575 4160 dogmatum
2603 4101 2765 4142 causa
2787 4126 2802 4151 ,
2830 4097 3017 4139 verum
3048 4080 3245 4135 civium
3276 4077 3402 4132 odio
3431 4075 3500 4130 ad
3526 4072 3731 4130 Eccle—

2127 4184 2261 4243 siam
2288 4197 2394 4237 non
2425 4195 2546 4237 esse
2567 4191 2844 4241 reversum
2868 4176 2888 4195 ‘
2916 4192 2930 4227 :
2956 4182 3119 4241 atque
3139 4186 3246 4225 non
3269 4166 3478 4240 peccati
3494 4180 3621 4221 reus
3637 4172 3735 4220 est

2129 4276 2290 4332 modo
2320 4274 2391 4331 ob
2418 4274 2557 4328 hanc
2581 4285 2821 4338 causam,
2851 4267 2941 4338 qui
2970 4266 3087 4336 ejus
3110 4262 3354 4335 epistolae
3386 4268 3565 4316 tuetur
3596 4274 3735 4330 par—

2131 4378 2215 4429 tes
2237 4409 2253 4434 ,
2298 4380 2484 4423 verum
2513 4364 2640 4433 quia
2666 4360 3018 4417 leestiuum
3046 4370 3265 4426 quoque
3293 4367 3489 4424 papam
3518 4350 3741 4406 conde-

2130 4547 2294 4604 tidem
2315 4562 2456 4603 esse.
2480 4545 2557 4600 Ac
2576 4543 2799 4615 pariter,
2819 4540 2912 4611 qui
2933 4537 3219 4595 duodecim
3247 4551 3312 4593 ea
3339 4534 3511 4590 sancti
3535 4531 3741 4604 Cyrilli

2132 4640 2308 4711 capita
2339 4652 2460 4694 cum
2489 4645 2640 4691 recta
2663 4633 2767 4688 fide
2793 4644 3034 4703 pugnare
3056 4626 3356 4691 contendit,
3387 4625 3433 4679 is
3460 4639 3568 4678 non
3600 4638 3745 4677 san-

2131 4738 2277 4785 ctum
2306 4727 2563 4799 Cyrillum
2592 4724 2754 4779 modo
2782 4730 2947 4791 atque
2978 4720 3152 4774 beata:
3178 4714 3451 4771 memoria:
3478 4712 3746 4768 C(elesti-

2131 4834 2258 4874 num
2277 4858 2293 4884 ,
2324 4818 2662 4888 primamque
2689 4811 3016 4883 Ephesinam
3043 4807 3309 4880 synodum
3338 4805 3597 4867 damnat,
3631 4801 3748 4857 sed

2130 4913 2387 4969 adversus
2425 4921 2640 4979 quoque
2681 4913 2929 4961 sanctum
2958 4899 3400 4957 Chalcedoneuse
3437 4895 3747 4952 concilium

2127 5002 2386 5074 judicium
2415 5001 2520 5057 fert
2538 4998 2681 5070 quod
2705 4997 2961 5069 Cyrillum
2991 4994 3205 5063 scriptis
3233 4994 3445 5047 Patrem
3473 5001 3594 5044 esse
3623 4987 3749 5041 sibi

2134 5103 2296 5164 atque
2325 5091 2603 5147 doctorem
2632 5086 2957 5150 declaravit;
3009 5092 3170 5152 atque
3215 5082 3435 5150 insuper
3472 5077 3755 5133 adversus

2139 5193 2383 5240 sanctum
2426 5180 2665 5235 Leonem
2708 5176 3075 5233 Romanorum
3122 5169 3469 5243 pontiﬁcem,
3524 5165 3615 5235 qui
3672 5166 3756 5220 ad

2141 5272 2590 5344 Chalcedoneuse
2693 5256 2983 5323 Concilium
3038 5264 3279 5321 scribens
3334 5261 3402 5316 de
3446 5258 3759 5313 duodecim

2143 5364 2314 5421 sancti
2360 5360 2545 5433 Cyrilli
2580 5357 2845 5431 capitibus
2887 5356 3003 5410 bmc
3045 5353 3210 5409 habet
3248 5370 3261 5406 :
3304 5369 3337 5418 ,ι
3383 5347 3766 5404 Deliuitiones

2145 5458 2404 5514 adversus
2435 5451 2741 5509 Nestorium
2776 5450 2843 5504 ab
2870 5456 3071 5503 sancta:
3097 5442 3489 5502 recordationis
3528 5440 3767 5512 Cyrillo

2147 5550 2439 5621 prepositze
2486 5548 2538 5601 in
2569 5551 2695 5607 tuto,
2730 5545 3081 5613 perstiterunt
3109 5538 3305 5614 [Gram
3338 5530 3683 5608 persistant].
3734 5552 3760 5586 δ

2217 5638 2538 5707 Quanquam
2576 5649 2708 5691 vero
2748 5632 2924 5701 omnis
2960 5631 3121 5702 plena
3149 5632 3221 5686 sit
3258 5626 3555 5699 iniquitatis
3588 5638 3774 5678 exse-

2147 5731 2363 5787 crabilis
2391 5745 2458 5784 ea
2484 5727 2711 5798 epistola
2730 5767 2744 5791 ,
2788 5740 2948 5778 unam
2978 5733 3155 5778 tamen
3186 5709 3407 5776 minime
3436 5720 3614 5775 celare
3658 5735 3778 5786 p0-

2148 5826 2251 5878 tuit
2285 5824 2585 5884 veritatem,
2621 5815 2909 5872 Theodoro
2937 5816 3144 5871 scilicet
3172 5822 3293 5885 post
3322 5821 3548 5867 mortem
3576 5810 3774 5866 etiam

2148 5946 2231 5990 est
2264 5954 2276 5987 :
2459 5947 2606 6004 quem
2645 5931 2757 6004 ipsa
2788 5928 2992 5998 epistol.
3022 5942 3137 5981 smn
3175 5926 3364 5994 inquis.
3380 5922 3521 6004 rjud.
3559 5921 3780 5979 (ίιιηιιι.

2149 6009 2308 6078 fuisse
2337 5992 2495 6072 meti,
2529 6018 2618 6056 nec
2650 5992 2827 6052 ἄρρην
2858 6013 3011 6037 μηνί-ἰ
3062 5992 3347 6051 ἐπιεικέα..
3380 5992 3525 6052 Eutr.
