4000 6186
249 410 350 467 509

1404 392 1777 452 JUSTlNlANi
1813 391 1953 451 IMP.
1995 388 2344 447 EPISTOLA.

3408 385 3509 442 810

247 527 323 580 κιὶ
346 521 477 591 μετὰ
507 520 709 576 θάνατον
748 517 1109 588 ἁνεθεματίσθη
1128 556 1142 579 ,
1178 510 1229 567 ὃν
1269 511 1432 566 ἀσεϐῆ
1462 508 1715 582 Θεόδωρον
1746 506 1824 561 δι·

1947 521 1963 560 ι
1994 505 2095 575 piis
2124 501 2549 571 orthodoxlsque
2576 500 2881 556 houtinihus
2926 498 3088 555 lbisse
3131 498 3334 555 dlctum
3381 515 3519 555 eua-

252 613 496 670 δὰσκαλον
518 620 605 673 τῆς
632 611 922 674 ὶκκλησίας,
952 610 1034 661 καὶ
1062 605 1255 680 κήρυκα
1284 610 1373 662 τῆς
1408 601 1638 659 ἀληθείας
1676 599 1824 651 καλεῖ

257 709 279 762 ἦ
306 706 431 763 uani
451 704 640 764 ἀσεϐής
663 702 920 761 ἐπιστολὴ,
949 701 1034 753 τὸν
1061 698 1193 773 ὑπὲρ
1238 696 1429 753 πάντας
1474 694 1594 751 τούς
1639 692 1827 764 ατρετι-

255 797 362 855 ιηῦς
408 795 867 867 βλασφημήσαντα.
917 786 1125 848 Οὗτινος
1166 795 1266 842 τῶν
1313 787 1639 858 βλασφημῶν
1679 784 1827 855 μέρος

254 888 521 956 ὒάχιστον
549 883 611 941 δι’
638 884 815 960 ἑτέρας
842 885 960 954 ύμῖν
987 881 1254 941 ἐπιστολῆς
1282 880 1361 933 ἐπ’
1392 879 1558 933 αὐτῶν
1590 879 1706 948 ύμῖν
1732 882 1830 929 τῶν

255 980 487 1049 ῥημάτων
505 976 602 1035 ἤδη
623 978 1011 1048 ἑφανερὼσαμεν
1034 969 1404 1035 ἀποδείξαντες,
1433 970 1514 1023 καί
1544 970 1595 1023 τί
1623 967 1665 1020 οἱ
1699 964 1831 1036 ἅγιοι

256 1070 488 1144 πατέρες,
521 1067 773 1145 Κύριλλος,
823 1068 905 1119 καὶ
956 1063 1189 1138 Πρόκλος,
1240 1065 1324 1116 καί
1361 1058 1673 1118 Ῥαξξονλάς
1702 1061 1831 1112 κατὰ

257 1157 534 1235 Θεοδώρου,
570 1160 656 1210 καὶ
683 1164 782 1212 τῶν
807 1156 1006 1210 ἀσεϐῶν
1035 1156 1192 1208 αὐτοῦ
1219 1153 1376 1225 λόγων
1397 1150 1647 1227 ἔγραψαν,
1677 1170 1835 1203 κατα-

258 1254 498 1327 κρίναντες
516 1252 669 1306 αὐτὸν
694 1252 824 1321 μετά
846 1256 938 1309 τῆς
954 1251 1115 1307 αὐτῆς
1141 1245 1760 1317 άσεϐείαςΤοιαῦταιγὰρ
1782 1241 1833 1295 αἱ

258 1340 512 1417 Θεοδώρου
528 1342 842 1414 βλασφημίαι
864 1342 1010 1405 εἰσιν,
1028 1336 1107 1393 ὅτι
1123 1335 1214 1408 [ἔθ’.
1231 1333 1387 1404 ὥστε]
1404 1334 1518 1389 οὐδὲ
1542 1336 1687 1406 ὑμεῖς
1704 1331 1836 1386 ἐτίλλε-

258 1436 439 1501 μησατε
461 1428 661 1490 ταύτας
681 1427 953 1492 ἐκδικῆσαι,
976 1430 1020 1481 εί
1039 1426 1225 1480 καὶτὸν
1255 1426 1502 1495 ἐκθέμενον
1531 1425 1687 1483 αὐτάς
1708 1419 1836 1476 ἐκδι-

259 1531 396 1580 ιῆτε’
425 1528 647 1595 ςανεροῦ
686 1517 827 1580 ὄντος
858 1518 934 1575 ὅτι
961 1517 1121 1579 οὐδεὶς
1146 1517 1211 1571 τὰ
1241 1517 1368 1570 κακά
1408 1516 1729 1589 κατακρίνων,
1754 1513 1837 1566 τὸν

257 1612 502 1683 ἑκῦἐμενον
525 1613 660 1667 αὐτὰ
683 1610 881 1673 ἐκδικεῖ,
896 1610 1021 1667 πλὴν
1041 1612 1083 1663 εἰ
1103 1615 1171 1678 μὴ
1192 1609 1375 1662 ἐκεῖνον
1392 1607 1475 1661 τὸν
1497 1608 1839 1676 μετανοήσαν-

257 1725 331 1759 τα.
362 1707 443 1757 καί
471 1713 569 1763 τῆς
598 1703 729 1763 ἰδίας
757 1703 1057 1757 ἀποστάντα
1080 1701 1297 1763 πλάνης,
1324 1700 1410 1752 καί
1437 1703 1606 1752 ταῦτα
1635 1693 1839 1750 καταδι-

257 1793 499 1850 κάσαντα.
534 1802 659 1854 Ταῖς
681 1792 735 1848 δέ
758 1790 931 1852 ἄλλαις
960 1792 1145 1869 ὕϐρεσι
1170 1797 1282 1849 ταῖς
1307 1789 1354 1841 ἄν
1383 1795 1443 1862 τῇ
1472 1789 1601 1857 αύτῇ
1626 1788 1837 1840 ἐπιστο-

1894 654 1901 660 ,
1932 597 2108 651 thema
2128 634 2143 660 ,
2175 602 2231 649 et
2258 594 2325 648 ab
2353 590 2593 647 Ecclesia
2618 590 2877 662 rejectum
2908 605 3055 656 esse,
3082 606 3238 662 quem
3266 590 3519 648 Theodo-

1930 699 2049 739 rum
2098 682 2335 738 omnium
2386 680 2478 750 qui
2527 681 2789 734 hactenus
2831 681 3091 734 exstitere
3137 678 3516 736 haereticorum

1931 775 2321 845 blasphemum,
2356 773 2517 843 impia
2544 772 2634 827 illa
2663 771 2890 844 epistola
2921 771 3176 828 Ecclesia:
3204 774 3520 841 magistrqu

1931 874 2089 921 vocat
2125 878 2539 935 praeconemque
2575 863 2840 929 veritatis,
2876 862 3028 931 cujus
3067 863 3523 933 blaSphcmiarum

1934 959 2179 1026 exiguam
2208 965 2415 1025 partem
2444 955 2613 1009 altera
2637 953 2749 1023 jam
2786 954 2939 1008 vobis
2984 953 3212 1023 cpistola
3260 957 3518 1022 exposui-

1935 1066 2094 1105 mus:
2130 1048 2305 1104 verbis
2348 1060 2580 1116 namque
2601 1045 2698 1100 SS.
2726 1044 2933 1116 Cyrilli,
2964 1042 3143 1099 Procli
3190 1059 3255 1098 ac
3292 1043 3516 1100 ltabulae

1935 1139 2064 1208 quid
2094 1139 2192 1208 ipsi
2216 1145 2406 1192 contra
2433 1134 2775 1189 Theodorum
2798 1133 3132 1201 scripserint,
3164 1131 3521 1199 ostendimus,

1937 1239 2098 1298 atque
2134 1225 2582 1296 quemadmodum
2611 1238 2755 1297 eum,
2798 1223 3123 1293 impiamque
3167 1221 3286 1291 ejus
3320 1221 3525 1277 doctri-

1937 1334 2080 1383 nam,
2124 1326 2285 1385 atque
2322 1315 2660 1384 iniquitatem
2697 1312 3191 1368 condemnaverint.
3249 1311 3524 1382 Ejusmodi

1938 1418 2117 1465 autem
2147 1416 2274 1463 sunt
2294 1406 2563 1467 Theodori
2593 1405 2953 1476 blasphemiae,
2982 1411 3038 1459 ut
3062 1418 3238 1473 neque
3275 1419 3373 1460 vos
3398 1404 3523 1473 ipsi,

1937 1503 2029 1572 qui
2055 1498 2397 1555 Theodorum
2422 1512 2516 1552 eas
2544 1503 2937 1568 proponentem
2967 1496 3213 1562 tuemini,
3242 1496 3362 1551 illas
3401 1511 3527 1567 pro.
3616 1558 3631 1571 ρ

1939 1606 2178 1662 pugnare
2204 1590 2321 1646 ausi
2361 1589 2523 1644 sitis:
2560 1603 2684 1644 cum
2723 1595 2905 1643 tamen
2952 1594 3164 1643 constet
3210 1602 3242 1640 a
3288 1588 3524 1650 nomine,

1939 1683 2031 1752 qui
2075 1682 2411 1751 impietatem
2459 1679 2664 1750 judicio
2702 1694 2801 1734 suo
2843 1678 3256 1748 proscripserit,
3311 1678 3523 1734 defendi

1938 1789 2100 1845 posse
2118 1773 2360 1845 ejusdem
2379 1772 2669 1843 impietatis
2689 1780 2994 1842 patronum,
3018 1772 3120 1826 nisi
3143 1772 3187 1827 is
3210 1770 3438 1827 fortasse
3458 1774 3526 1828 ab

256 1887 307 1961 λῇ
356 1888 483 1941 κατᾶ
532 1893 623 1941 τοῦ
666 1893 716 1941 ιν
744 1885 907 1957 ἁγίοις
950 1883 1184 1959 κνρίλλού
1237 1882 1494 1960 ῥηθείσαις
1538 1877 1838 1955 πρόσκειται

1947 1884 2124 1925 errore
2144 1867 2432 1924 recesserit
2458 1867 2715 1937 primum,
2737 1876 2899 1935 atque
2925 1865 3235 1936 resipuerit,
3254 1873 3418 1934 atque
3435 1865 3527 1921 illa

257 1980 460 2040 κάκεῖνο,
482 1974 580 2032 ὅτι
599 1976 1128 2046 άναισχύντωςαύτός
1164 1975 1221 2028 ἓν
1251 1972 1416 2045 ἁγίοις
1440 1971 1672 2046 κύριλλός
1702 1972 1833 2035 ἔστι,

204 2122 215 2136 ,
259 2071 331 2121 καί
354 2065 428 2122 ὅτι
451 2066 821 2137 μεταμεληθεὶς
850 2066 1049 2122 ἐναντία
1084 2071 1147 2135 τῇ
1188 2066 1367 2138 πρώτῃ
1394 2063 1553 2116 αὐτοῦ
1583 2059 1833 2117 διδασκα-

258 2157 332 2232 λίᾳ
350 2160 556 2222 ἐξέθετο
598 2158 651 2221 ἐξ
689 2153 755 2209 ὧν
801 2154 828 2209 ὁ
863 2161 955 2215 τήν
985 2154 1250 2213 ἐπιστολὴν
1272 2155 1458 2211 ἓκε’νην
1485 2150 1692 2227 γράψας
1733 2148 1837 2206 δεί-

261 2272 421 2305 κνυται
448 2250 629 2308 πάσης
650 2250 823 2307 ἀνοίας
843 2248 1048 2317 μεστός.
1073 2252 1174 2300 Ποῦ
1202 2249 1303 2319 γάρ
1332 2244 1358 2299 ὁ
1386 2247 1436 2298 ὲν
1466 2243 1626 2314 ἁγίοις
1654 2242 1837 2317 Κύριλσ-

261 2340 331 2400 λος
354 2344 559 2395 ἐναντία
578 2349 642 2413 τῇ
672 2342 848 2414 πρώτῃ
873 2341 1035 2394 αὐτοῦ
1056 2336 1356 2411 διδασκαλίᾳ
1385 2338 1603 2403 ἰξέθετο,
1633 2334 1664 2395 ἦ
1687 2356 1837 2406 μετε-

262 2433 454 2495 ranam;
508 2429 540 2489 ἦ
584 2437 695 2490 πῶς
732 2431 763 2488 ἡ
809 2432 859 2483 ἐν
896 2426 1173 2486 Χαλκηδόνι
1207 2427 1329 2502 ἁγία
1375 2424 1591 2487 σύνοδος
1637 2428 1837 2501 πατέρα

262 2528 427 2575 τοῦτον
474 2523 809 2597 ἐπεγράφετο,
844 2521 888 2574 εί
933 2519 1269 2592 μετεμελήθη,
1318 2519 1441 2573 καθά
1482 2526 1546 2593 τῇ
1593 2518 1835 2591 ἐπιστολῇ

262 2614 587 2690 περιέχεταις
618 2622 673 2665 ‘0
696 2615 795 2688 γάρ
826 2619 1083 2683 μετανοῶν
1113 2612 1169 2664 ού
1200 2618 1306 2672 τοῖς
1335 2607 1658 2670 διδασκάλοις
1688 2630 1843 2663 συνα-

263 2704 537 2773 ριθμεῖται,
592 2702 695 2757 ἀλλ’
738 2704 806 2760 ὡς
860 2702 960 2758 άπὸ
1006 2702 1194 2761 πλάνης
1238 2699 1576 2782 ὑποστρέψας
1630 2698 1838 2758 δεκτεός

264 2813 383 2849 εστι.

1940 1960 2399 2026 condemnaverit,
2431 1974 2553 2029 qua:
2582 1959 2711 2014 olim
2738 1957 2904 2029 impie
2932 1957 3223 2014 docuisset.
3256 1956 3340 2012 Ad
3375 1965 3529 2013 caete

1939 2067 2030 2108 ras
2058 2059 2238 2107 autem
2264 2050 2617 2106 contumelias
2641 2049 2897 2105 adversus
2916 2056 3164 2105 sanctum
3183 2048 3441 2121 Cyrillum
3464 2065 3527 2106 ea

1942 2141 1996 2196 in
2023 2141 2254 2211 epistola
2286 2140 2519 2210 jactatas
2558 2139 2809 2208 adjicitur
2853 2138 3037 2205 etiam,
3084 2140 3313 2210 turpiter
3358 2140 3530 2208 egisse

1942 2233 2221 2305 Cyrillum,
2265 2231 2407 2288 adeo
2456 2239 2535 2299 ut,
2561 2246 2747 2287 eorum
2782 2231 3052 2300 paenitens
3084 2245 3214 2300 quae
3259 2230 3527 2288 docuisset
3552 2230 3565 2237 “

1941 2325 2458 2401 pridem,adversam
2485 2324 2589 2379 illis
2611 2324 2915 2379 doctrinam
2943 2324 3301 2395 proposuerit.
3324 2323 3530 2380 Exinde

1943 2436 2075 2476 vero
2106 2418 2350 2490 epistola:
2388 2418 2626 2488 scriptor
2673 2416 3048 2472 insanissimus
3099 2432 3220 2473 esse
3263 2416 3528 2487 proditur.

1946 2510 2064 2579 Quo
2100 2523 2334 2579 namque
2378 2508 2484 2563 loci
2524 2508 2828 2564 doctrinam
2867 2508 3096 2563 astruxit
3137 2508 3366 2580 Cyrillus
3407 2522 3529 2564 cum

1941 2617 2038 2660 sua
2068 2601 2249 2672 priore
2286 2600 2653 2670 pugnantem?
2687 2613 2797 2668 quo
2824 2598 3109 2668 paenituit?
3134 2598 3221 2653 vel
3260 2597 3531 2669 quomodo

1940 2691 2057 2748 ﬁeri
2084 2691 2259 2763 potuit
2284 2697 2396 2746 uta
2425 2697 2611 2746 sancta
2639 2689 3065 2745 Chalcedonensi
3095 2689 3302 2758 synodo
3328 2690 3532 2746 sanctis

1941 2782 2190 2838 Patribus
2230 2790 2697 2846 annumeraretur,
2745 2781 2814 2849 si,
2849 2781 3303 2851 quemadmodum
3349 2789 3532 2837 narrat

1953 2875 2203 2947 epistola,
2231 2874 2425 2945 prioris
2444 2889 2565 2929 eum
2594 2888 2705 2929 suae
2736 2874 2996 2929 doctrinae
3033 2874 3407 2944 paenituisset?
3432 2872 3532 2941 Qui

263 2976 392 3033 enim
415 2977 487 3031 ab
514 2976 1013 3031 erroremevcrtitur
1040 2975 1104 3030 ad
1126 2975 1412 3030 sanitatem
1440 2988 1549 3028 non
1572 2973 1710 3028 inter
1737 2971 1991 3026 doctores
2019 2966 2328 3032 ascribitur,
2358 2966 2454 3022 sed
2478 2965 2642 3021 veluti
2664 2965 2731 3020 ab
2753 2979 2940 3020 errore
2966 2979 3279 3021 conversus.

324 3070 473 3131 τέλος
502 3069 555 3125 δὲ
578 3077 727 3125 τοῦτο
746 3071 903 3129 cum”;
931 3066 957 3122 ὁ
999 3067 1204 3141 γράψας
1242 3070 1332 3125 τὴν
1368 3066 1631 3124 ἐπιστολὴν
1672 3066 1840 3123 ἑποιῆ-

264 3182 378 3215 caro
402 3163 587 3233 λέγων’
621 3179 641 3211 ε
673 3160 789 3215 Ὀτι
810 3159 890 3216 δεῖ
909 3159 1160 3230 ὁμολογεῖν
1190 3160 1262 3220 εἰς
1287 3160 1372 3213 τὸν
1397 3157 1533 3224 ναὸν,
1561 3160 1640 3213 καί
1666 3162 1738 3217 εἰς
1754 3159 1839 3211 τὰν

267 3254 539 3308 ἐνοικοῦντα
569 3254 615 3305 ἐν
640 3261 712 3324 τῷ
736 3260 859 3326 ναῷ.
908 3269 931 3306 D
966 3262 1047 3306 Ἐκ
1073 3253 1266 3308 τούτων
1290 3249 1343 3306 δέ
1376 3250 1494 3306 ὅσον
1520 3249 1631 3312 ἧκεν
1656 3253 1726 3310 εἰς
1751 3256 1840 3310 τήν

266 3345 405 3397 ἀσέῦε
429 3365 498 3397 αν
532 3350 623 3404 τῆς
670 3344 956 3406 ἐπιστολῆς,
1005 3347 1092 3398 καί
1137 3346 1256 3404 τούς
1296 3340 1621 3404 ἑχδικοῦντας
1661 3345 1836 3409 αὐτὴν,

269 3438 403 3487 πᾶσα
423 3434 461 3491 ἡ
488 3434 610 3508 ὀρθὴ
633 3436 807 3494 πίστις
829 3435 1182 3509 ἀνατρέπεται.
1216 3444 1267 3488 Ἦ
1291 3436 1394 3510 γάρ
1420 3433 1650 3492 καθολική
1670 3433 1837 3490 ἔκκλη-

270 3526 346 3576 si:
364 3525 457 3577 ἕνα
494 3527 669 3598 κύριον
706 3522 895 3583 Ἰησοῦν
933 3526 1146 3599 Χριστὸν
1188 3531 1420 3598 μονογενῆ
1464 3525 1569 3578 υἱὸν
1594 3530 1685 3579 τοῦ
1714 3530 1840 3579 Θεοῦ
1872 3495 1917 3559 c

270 3611 510 3687 ὁμολογεῖ,
535 3618 623 3669 καί
647 3617 773 3686 ούχί
801 3619 871 3677 εἰς
895 3617 981 3671 τὸν
1008 3618 1123 3671 ναὸν
1149 3620 1231 3670 καί
1257 3619 1327 3678 εἰς
1354 3616 1438 3672 τὸν
1474 3618 1755 3671 ἐνοικοῦντα
1797 3616 1844 3669 ἐν

271 3715 333 3779 τῷ
352 3717 459 3782 ναῷ
480 3712 739 3765 πιστεύειν
784 3710 815 3769 ἦ
846 3709 1099 3783 ὁμολογεῖν
1155 3708 1398 3765 διδάσκει.
1435 3707 1580 3765 Ὀθεν
1613 3713 1700 3764 καὶ
1738 3718 1845 3770 τοῖς

273 3806 351 3859 τοῦ
379 3803 529 3873 ἁγίου
560 3802 867 3873 ἀξιουμένοις
905 3803 1270 3874 βαπτίσματος
1305 3800 1646 3876 παραδίδοται
1673 3800 1848 3872 ὁμολο-

274 3900 361 3962 γεῖν
384 3896 473 3949 καί
499 3895 760 3948 martius
785 3897 856 3953 εἰς
880 3893 968 3948 ἕνα
997 3893 1194 3967 πατέρα
1214 3895 1604 3971 παντοκράτορα
1621 3933 1633 3954 ,
1660 3896 1745 3946 καί
1773 3897 1847 3952 εἰς

275 3983 350 4036 ἕνα
369 3987 542 4061 κύρτον
563 3990 757 4042 Ἰησοῦν
783 3986 996 4060 Χριστὸν
1015 3985 1102 4039 τὸν
1131 3984 1238 4037 υἱὸν
1267 3986 1418 4038 αὐτοῦ
1454 3985 1537 4038 τὸν
1580 3992 1839 4057 μονογενῆ,

276 4078 349 4135 tsi
375 4081 443 4141 εἰς
490 4081 553 4133 τὸ
587 4077 729 4152 ἅγιον
767 4084 1005 4150 πνεῦμα,
1041 4079 1097 4133 ού
1133 4085 1230 4149 μήν
1255 4080 1325 4138 εἰς
1354 4077 1445 4133 δύο
1485 4079 1626 4140 υἱούς
1647 4120 1658 4139 .
1698 4078 1728 4137 ἧ
1755 4077 1846 4134 δύο

277 4171 541 4238 Χριστούς,
563 4167 688 4245 ὅπερ
717 4172 747 4227 ἡ
770 4171 900 4246 πρὸς
928 4171 1084 4243 Μάριν
1098 4171 1184 4224 τὸν
1205 4170 1400 4244 Πέρσην
1422 4169 1660 4229 ἐπιστολή
1688 4167 1846 4233 δηλοῖ,

278 4256 481 4330 λέγουσα
503 4269 697 4337 χρῆναι
721 4262 973 4335 ὁμολογεῖν
999 4266 1071 4323 εἰς
1098 4264 1182 4317 τὸν
1232 4264 1348 4317 ναὸν
1393 4266 1472 4316 καὶ
1505 4265 1575 4323 εἰς
1600 4264 1686 4318 τὸν
1728 4264 1852 4317 ἔνοι-

278 4359 447 4409 κοῦντα
467 4355 519 4407 ἐν
538 4362 609 4424 τῷ
629 4362 753 4421 ναῷ,
778 4358 863 4409 καί
901 4356 956 4408 ἐκ
984 4356 1168 4410 τούτου
1201 4354 1444 4427 τέταρτον
1480 4353 1761 4428 πρόσωπον
1787 4360 1849 4427 τῇ

278 4442 388 4519 ἆγίᾳ
410 4444 587 4522 Τριάδι
614 4442 985 4519 ἕπεισοίγουσα.

340 4625 414 4680 Ἐκ
443 4633 641 4686 τούτων
680 4632 847 4683 τοίνυν
882 4628 1121 4685 ἁπάντων
1158 4626 1435 4696 δέδεικται,
1479 4626 1557 4683 ὅτι
1597 4628 1850 4703 ἀλλότριὸς

281 4714 378 4769 ἔστι
404 4725 496 4776 τῆς
530 4717 792 4793 ὀρθοδὸξου
834 4719 1060 4778 πίστεως
1098 4718 1125 4772 ὁ
1159 4723 1250 4778 τὴν
1288 4720 1647 4794 προειρημένην
1688 4719 1851 4777 ἀσεϐῆ

281 4803 534 4865 ὶπιστολήν
559 4809 794 4872 ἐπαινῶν,
825 4808 856 4867 ἦ
882 4807 1109 4863 ἐκδικῶν.
1135 4802 1331 4867 Ἐπειδὴ
1359 4807 1413 4863 δὲ
1438 4809 1603 4882 λέγετε
1620 4849 1635 4876 ,
1664 4814 1727 4869 ὥς
1751 4807 1776 4864 ὁ
1802 4811 1851 4862 ἐν

2016 3055 2132 3112 Hoc
2160 3055 2394 3126 denique
2422 3056 2583 3111 modo
2608 3056 2891 3126 epistolam
2936 3056 3167 3125 scriptor
3219 3056 3531 3113 concludit:

1956 3169 1973 3202 ε
2002 3149 2263 3206 Conﬁteri
2309 3164 2376 3204 ac
2410 3148 2630 3205 credere
2675 3156 2893 3219 oportet
2938 3150 2993 3203 in
3022 3149 3298 3220 templum,
3328 3157 3533 3205 etcum

1946 3242 2039 3311 qui
2067 3242 2119 3295 in
2144 3241 2343 3311 templo
2368 3239 2649 3295 inhabitat.
2682 3258 2700 3291 ε
2748 3240 2867 3307 Quo
2896 3254 2962 3294 ex
2992 3239 3135 3305 loco,
3166 3247 3425 3308 quantum
3467 3239 3534 3294 ad

1948 3333 2551 3404 impietatcmepistolae
2577 3340 2790 3403 spectat
2826 3331 3050 3403 ejusque
3093 3340 3372 3403 patronos,
3421 3333 3535 3388 uni-

1948 3438 2103 3478 versa
2137 3423 2463 3477 subvertitur
2492 3432 2645 3477 recta"
2685 3422 2835 3478 ﬁdes.
2882 3422 3160 3478 Catholica
3187 3424 3386 3494 quippe
3430 3421 3535 3478 Ec-

1947 3512 2110 3567 clesia
2135 3512 2352 3567 unicum
2382 3512 2663 3567 Dominum
2694 3511 2877 3567 Jesum
2915 3513 3189 3569 Christum
3215 3514 3410 3570 Fiﬁum
3437 3514 3534 3570 Del

1946 3588 2281 3673 unigenitum
2309 3605 2617 3671 conﬁtetur,
2667 3619 2844 3675 neque
2874 3605 3084 3676 uspiam
3114 3607 3276 3661 docet
3308 3607 3534 3663 creden-

1946 3697 2071 3754 dum
2115 3711 2237 3753 esse
2276 3698 2330 3751 in
2376 3698 2657 3768 templum,
2687 3697 2910 3767 ejusque
2958 3698 3396 3766 inhabitatorem,
3432 3709 3535 3755 aut

1946 3789 2063 3844 huic
2109 3788 2354 3845 conﬁteri
2408 3795 2695 3859 oportere,
2745 3788 3201 3859 quemadmodum
3244 3789 3312 3844 ad
3360 3792 3535 3846 sancti

1948 3878 2284 3949 baptismatis
2309 3880 2538 3948 gratiam
2579 3881 2825 3938 admissis
2864 3882 3043 3949 tradit,
3086 3891 3147 3937 ut
3180 3884 3537 3939 conﬁteantur

1949 3975 2004 4024 et
2031 3969 2256 4025 credant
2283 3971 2336 4025 in
2365 3986 2529 4025 unum
2553 3970 2719 4027 Deum
2751 3971 2966 4028 Patrem
3005 3978 3450 4046 omnipotentem,
3482 3984 3537 4031 ct

1950 4060 2003 4114 in
2035 4075 2199 4115 unum
2227 4061 2511 4117 Dominum
2540 4060 2721 4117 Jesum
2751 4061 3022 4117 Christum
3063 4063 3257 4120 Filium
3293 4065 3387 4121 Dei
3418 4069 3538 4123 uni-

1950 4149 2209 4217 genitum,
2237 4151 2367 4205 etin
2389 4149 2648 4221 Spiritum
2673 4163 2940 4221 sanctum,
2972 4168 3080 4209 non
3107 4155 3163 4210 in
3189 4154 3325 4212 duos
3351 4155 3534 4223 Filios,

1950 4238 2037 4293 vel
2065 4239 2120 4293 in
2146 4238 2283 4296 duos
2301 4239 2574 4308 Christos,
2604 4250 2766 4313 prout
2812 4244 3039 4314 epistola
3084 4243 3154 4301 ad
3191 4245 3379 4301 Marim
3408 4247 3539 4305 Per-

1952 4347 2065 4388 sam
2093 4332 2297 4389 diserte
2320 4334 2507 4390 statuit
2529 4349 2651 4390 esse
2678 4334 3023 4405 credendum,
3064 4338 3247 4407 templi
3292 4346 3455 4410 atque
3483 4341 3537 4395 in

1952 4424 2069 4496 ipso
2106 4424 2454 4481 inhabitantis
2502 4424 2607 4481 ﬁde
2651 4427 2952 4497 proposita,
2996 4442 3106 4496 quo
3145 4429 3205 4481 ﬁt
3248 4437 3309 4485 ut
3344 4441 3536 4500 quarta

1951 4524 2151 4571 sancta:
2172 4514 2450 4571 Trinitatis
2477 4531 2708 4586 persona
2730 4519 3110 4574 constituatur.

2025 4609 2462 4667 Demonstratum
2508 4619 2592 4668 est
2637 4612 2817 4681 itaque
2859 4612 2945 4668 his
2977 4614 3248 4683 omnibus,
3305 4616 3540 4688 prmfatzc

1952 4702 2299 4758 exsecrabilis
2326 4703 2571 4773 epistolae
2616 4711 2874 4775 patronos
2912 4715 3075 4776 atque
3117 4707 3426 4765 laudatores
3469 4710 3537 4763 ab

1954 4800 2255 4856 orthodoxa
2276 4798 2380 4856 ﬁde
2407 4802 2627 4858 omnino
2657 4802 2863 4860 alienos
2891 4819 3012 4860 esse
3047 4804 3335 4874 judicatos.
3367 4805 3540 4861 Crete-

282 4895 431 4971 ἆγίοις
457 4898 690 4971 ιύριλλος
714 4898 797 4954 διὰ
821 4905 975 4955 τοῦτο
1004 4902 1147 4975 παρὰ
1181 4907 1279 4954 τῶν
1304 4900 1601 4955 ἀνατολικῶν
1636 4898 1842 4971 ἐδέχθη,

1953 4909 2095 4963 rum,
2125 4895 2250 4964 quia
2278 4902 2517 4951 sanctum
2537 4894 2795 4969 Cyrillum
2835 4897 3038 4954 idcirco
3074 4898 3142 4954 ab
3181 4897 3540 4955 Orientalibus

280 4985 351 5042 ὅτι
376 4993 439 5044 τά
464 4988 571 5045 ἴδια
608 4990 854 5063 κεφάλαια
881 4994 1218 5066 ἡρμήνευσεν,
1250 4992 1308 5044 ού
1333 4990 1657 5062 θαυμάζομεν
1690 4990 1847 5060 ὑμᾶς,

280 5076 351 5135 ὅτι
379 5086 460 5136 καί
495 5084 549 5137 ἓν
584 5090 694 5141 τοῖς
725 5083 994 5153 πεμφθεῖσι
1030 5081 1154 5157 παρ’
1199 5082 1341 5152 ὑμῶν
1382 5080 1661 5153 κεφαλαίοις
1687 5078 1850 5140 οὕτως

281 5173 583 5238 ἠπατήθητε,
629 5173 676 5226 οἱ
714 5174 797 5226 καί
836 5173 966 5227 αύτὰ
1005 5173 1071 5226 τά
1098 5172 1147 5225 ἐν
1185 5180 1248 5245 τῇ
1287 5172 1397 5227 κατ’
1424 5167 1637 5243 Ἐῖνεσον
1671 5172 1851 5245 πρώτη

280 5261 459 5336 συνόδῳ
483 5265 812 5343 γεγραμμένα
834 5263 1155 5336 ἠγνοηκότες.
1199 5264 1293 5315 Καὶ
1320 5262 1417 5336 γάρ
1451 5265 1534 5315 καὶ
1562 5260 1587 5315 ὁ
1616 5261 1667 5317 ἰν
1692 5260 1851 5334 ἁγίοις

284 5353 603 5423 Κελεστῖνος,
643 5359 725 5410 καὶ
761 5358 793 5416 ἡ
841 5359 891 5410 ἐν
920 5353 1105 5428 Ἐφέσῳ
1144 5356 1323 5429 πρώτη
1364 5352 1606 5419 σύνοδος,
1638 5356 1720 5408 καί
1746 5352 1773 5408 ὃ
1801 5355 1852 5409 ίν

280 5444 431 5515 invict;
460 5450 626 5511 Δίων,
654 5451 732 5501 καὶ
761 5450 791 5506 ἦ
827 5449 876 5502 ἐν
904 5444 1178 5505 Χαλκηδόνι
1200 5445 1322 5519 ἁγία
1349 5442 1557 5505 σύνοδος
1580 5447 1713 5501 αὐτὰ
1741 5444 1855 5500 καθ’

284 5538 403 5591 οὖτά
425 5538 489 5593 τὰ
517 5538 758 5610 κεφάλαια
784 5542 876 5591 τοῦ
914 5538 965 5591 ἕν
1004 5536 1164 5610 ἁγίοις
1205 5535 1439 5612 κυρίλλου
1476 5538 1561 5589 καί
1596 5532 1850 5602 ὶδίξαντο,

285 5630 362 5679 mi
384 5629 710 5695 ὶϐιϐαίωσοιν,
741 5632 823 5683 καί
840 5627 1070 5700 ούδιμίαν
1090 5631 1284 5685 τούτων
1303 5628 1562 5704 ὅρμηνείαν
1583 5629 1851 5693 ίζήτησαν·

284 5722 311 5777 ἦ
334 5722 429 5797 γὰρ
453 5723 693 5797 ἔρμηνεία
710 5724 768 5775 ού
792 5721 875 5777 διά
898 5726 1016 5785 τούς
1044 5722 1343 5802 ὀρθοδόξονς
1367 5723 1558 5797 ἒγένετο
1574 5765 1589 5789 ,
1619 5722 1742 5778 ἀλλὰ
1769 5719 1853 5779 διὰ

287 5815 397 5874 τοὺς
432 5814 749 5888 αἱρετικῶς,
777 5817 822 5872 οἳ
851 5815 1114 5893 Νεστὸριον
1152 5812 1494 5880 ἐκδικοῦντες,
1524 5820 1634 5874 τοῖς
1658 5833 1851 5884 μνημο-

289 5903 495 5960 ιιυλῖσι
524 5902 804 5974 κεφαλαίοις
828 5907 1094 5981 αντέ)εγςν.
1120 5907 1209 5968 Ὠς
1231 5908 1331 5981 γάρ
1354 5907 1503 5977 ὑμεῖς
1525 5905 1709 5980 λέγετι,
1734 5901 1849 5960 οὔτε

1955 4998 2074 5038 esse
2102 4992 2379 5054 receptum
2416 4985 2612 5052 dicitis,
2660 4995 2949 5058 propterea
2996 4987 3139 5058 quod
3183 5002 3279 5043 sua
3325 4987 3415 5041 illa
3454 5003 3539 5042 ca-

1951 5074 2064 5144 pita
2093 5075 2474 5144 interpretatus
2502 5077 2593 5141 sit,
2622 5079 2843 5133 minime
2869 5079 3125 5133 miramur
3149 5093 3247 5133 vos
3274 5078 3327 5132 in
3345 5079 3538 5135 vestris

1953 5165 2019 5220 ad
2040 5182 2140 5222 nos
2164 5168 2338 5223 missis
2360 5168 2623 5238 capitibus
2661 5170 2908 5225 similiter
2930 5185 3050 5225 esse
3093 5170 3369 5241 deceptos,
3414 5188 3539 5230 cum

1957 5255 2204 5312 videlicet
2229 5268 2347 5313 acta
2367 5274 2582 5329 quoque
2608 5260 2802 5331 prioris
2834 5260 3117 5330 Ephesium
3159 5262 3349 5333 synodi
3386 5263 3540 5333 igno-

1954 5360 2077 5402 rare
2100 5345 2406 5403 videamini.
2430 5348 2671 5420 Namque
2689 5358 2906 5407 sanctus
2925 5349 3267 5420 Crelostinus,
3291 5355 3537 5425 etprima

1957 5433 2228 5507 Ephesina
2263 5439 2519 5510 synodus,
2548 5448 2604 5496 et
2640 5440 2699 5497 S.
2748 5440 2880 5510 Leo,
2924 5449 2980 5497 et
3010 5442 3180 5511 ipsum
3226 5459 3442 5515 quoque
3479 5447 3537 5502 S.

1957 5534 2398 5595 Chalcedonense
2427 5540 2735 5607 concilium,
2766 5555 2831 5598 ea
2868 5540 2924 5597 S.
2968 5539 3147 5612 Cyrilli
3184 5544 3416 5615 capitula
3448 5560 3541 5601 ex-

1959 5635 2234 5697 ceperunt,
2269 5644 2474 5699 suoque
2511 5628 2762 5701 suﬁ'ragio
2799 5629 3267 5701 conﬁrmaverunt,
3314 5634 3542 5689 nttllam-
3596 5654 3603 5662 -

1958 5734 2063 5789 que
2091 5733 2282 5775 corum
2314 5721 2704 5791 expositionem
2733 5739 2967 5795 unquam
3002 5726 3316 5796 quaesivere.
3359 5725 3537 5795 Expli-

1959 5809 2102 5866 catio
2125 5809 2269 5866 enim
2293 5809 2528 5868 adhibita
2556 5819 2640 5867 est
2665 5829 2772 5871 non
2801 5815 3189 5872 catholicorum
3218 5816 3409 5886 gratia,
3443 5811 3539 5866 sed

1957 5905 2181 5974 propter
2209 5900 2510 5973 hazrcticos,
2540 5902 2629 5973 qui
2662 5903 2891 5963 Nestorii
2932 5906 3173 5977 partibus
3197 5904 3392 5967 addicti
3422 5910 3553 5952 mea
3638 5949 3648 5957 .
