4000 6186
281 332 421 393 313.

1443 330 1813 413 ιυδῖιΝιΑΝι
1851 334 1988 391 IMP.
2031 336 2386 399 EPISTOLA.

3448 355 3553 416 διε

279 448 411 509 ε’ὸαι
435 454 525 511 τήν
553 446 970 525 ἃγίανπαρθίνον
997 452 1211 538 Μαρίαν·
1250 449 1297 504 οε
1336 447 1390 506 δὲ
1421 448 1557 522 ἅγιοι
1586 450 1802 538 πατέρες
1825 451 1872 507 οί

1980 455 2290 526 sumpsisse,
2320 471 2385 513 ac
2419 472 2489 513 ex
2531 457 2647 530 ipsa
2683 466 2869 517 natum
2892 476 3016 520 esse
3064 480 3172 524 non
3215 466 3567 538 conﬁtentur,

274 543 331 597 ἐν
363 537 633 598 Χαλκηδόνι
676 538 992 599 συνελθόντες
1021 537 1322 605 συνοδικῶς,
1351 539 1588 596 Θεοτόκον
1622 536 1749 597 εἶναι
1781 546 1874 601 τήν

273 635 434 706 ἁγίαν
459 633 701 707 παρθένον
726 632 920 706 Μαρίαν
949 631 1294 705 ὡμολόγησαν.
1314 630 1575 709 Θεόδωρος
1603 631 1630 688 ό
1660 634 1875 699 ἀσεϐής,

275 729 366 781 καὶ
393 726 424 782 ἦ
472 725 730 792 ἀνώνυμος
776 721 1018 781 ἱπιστολή
1064 720 1157 777 δύο
1197 722 1449 799 πρόσωπα
1494 720 1723 798 λέγοντες
1749 728 1879 782 κατά

281 820 534 887 σχετικὴν
557 806 733 870 ἕνωσιν
757 813 807 869 ἓν
834 816 1109 893 πρόσωπον
1137 816 1562 874 ἀναπλάττουσιν.
1591 829 1643 873 Ἦ
1666 817 1878 881 σύνοδος

279 904 330 960 δέ
361 915 469 960 τῶν
497 906 587 962 δίο
610 909 813 979 φύσεων
849 914 940 967 τήν
977 909 1090 965 καθ’
1118 907 1409 966 ὑπόστασιν
1434 911 1610 966 ἕνωσιν
1636 911 1873 984 λέγουσα,

279 995 327 1049 ἓν
351 998 596 1071 κηρύττει
624 997 921 1073 πρόσωπον,
951 998 1060 1057 ἦτοι
1082 1002 1201 1071 μίαν
1226 1000 1515 1057 ὑπόστασιν
1539 1008 1754 1079 Χριστοῦ
1789 1010 1877 1058 τοῦ

278 1094 588 1159 μονογενοῦς
624 1095 752 1143 Θεοῦ
777 1088 946 1161 λόγου.
985 1091 1128 1146 Πάλιν
1154 1093 1185 1149 ἡ
1226 1091 1416 1153 ἀσεϐὴς
1443 1094 1597 1151 ἐκείνη
1635 1090 1878 1154 επιστολή

278 1176 611 1242 καταδικάζει
648 1184 738 1238 την
781 1180 832 1233 ἕν
859 1178 1047 1253 Ἐφέσῳ
1090 1184 1298 1257 πρώτην
1340 1181 1571 1252 σύνοδον,
1603 1186 1798 1240 καὶτὸν
1826 1186 1878 1240 ἐν

276 1266 445 1339 ἆγὶοις
473 1269 742 1343 Κύριλλον,
779 1271 863 1323 καί
896 1270 1059 1329 ἀσεϐῆ
1086 1274 1152 1326 τὰ
1180 1273 1337 1326 αὐτοῦ
1368 1273 1602 1344 κεφάλαια
1625 1274 1875 1345 ὀνομάζει.

276 1361 555 1436 Νεστόριον
592 1360 645 1417 δέ
672 1364 758 1417 καί
796 1359 1055 1438 Θεόδωρον
1084 1360 1275 1418 ἐκδικεῖ
1315 1366 1401 1418 καὶ
1438 1365 1659 1419 ἐπαινεῖ·
1690 1368 1720 1425 ἡ
1748 1364 1801 1422 δέ
1827 1365 1879 1422 ἓν

279 1450 558 1510 Χαλκηδόνι
589 1450 802 1513 σύνοδος
832 1452 917 1509 διὰ
948 1455 1151 1509 πάντων
1176 1454 1518 1528 ἀκολουθεῖ
1540 1457 1668 1531 αὐτῇ
1696 1458 1875 1533 πρώτῃ

276 1548 324 1599 ἰν
347 1543 544 1615 Ἐφέσῳ
567 1544 767 1617 συνόδῳ
786 1585 802 1609 ,
838 1550 921 1601 καί
948 1548 1150 1621 πατέρα
1179 1549 1264 1601 καί
1301 1544 1602 1604 διδάσκαλον
1634 1546 1878 1624 Κύριλλον

275 1639 645 1714 ἐπιγράφεται,
672 1643 755 1693 καί
780 1644 870 1699 την
892 1638 1155 1700 συνοδικην
1185 1644 1338 1696 αὐτοῦ
1368 1642 1655 1707 ἐπιστολήν,
1811 1647 1878 1701 τά

274 1728 403 1785 δὰδε
414 1754 485 1785 κα
510 1732 757 1804 κερὰλοιια
777 1733 1139 1797 ὑποτέτακται,
1169 1733 1390 1804 βεϐαιοῖ,
1422 1734 1691 1810 Νεστόριον
1710 1732 1765 1789 δὲ
1792 1736 1877 1791 τόν

1979 560 2148 615 quare
2170 548 2332 603 etiam
2361 549 2751 607 sanctissimam
2777 552 3050 623 Virginem
3071 556 3292 614 Mariam
3324 557 3563 619 inﬁcian-

1979 646 2070 693 tur
2094 638 2383 710 Deiparam
2411 656 2566 698 esse:
2593 645 2768 700 sancti
2799 660 2929 701 vero
2956 645 3145 704 Patres
3181 649 3235 704 in
3263 648 3563 707 Chalcedo—

1978 731 2134 787 nensi
2162 732 2395 790 concilio
2422 736 2732 806 congregati
2759 738 3151 795 sanctissimam
3188 739 3412 808 Mariam
3441 742 3569 798 Deis

1978 843 2167 899 param
2192 829 2430 886 confessi
2450 841 2595 887 sunt.
2648 831 2847 903 Impius
2876 834 3191 892 Theodorus
3228 845 3390 908 atque
3429 855 3565 897 ano-

1980 934 2144 991 nyma
2181 921 2406 990 epistola
2446 923 2581 979 duas
2622 923 2969 981 admittentes
3007 942 3294 997 personas,
3348 930 3564 986 unicam

1980 1016 2162 1065 tamen
2193 1026 2480 1081 personam
2507 1029 2605 1083 per
2645 1014 2975 1071 habitnalem
3022 1017 3277 1073 unionem
3320 1019 3567 1089 proﬁteri

1978 1115 2038 1155 se
2064 1101 2319 1157 simulant
2344 1119 2357 1156 :
2382 1103 2618 1174 synodus
2642 1113 2820 1160 autem
2850 1106 3046 1177 duplici
3075 1115 3282 1165 natum
3308 1110 3565 1180 hyposta-

1981 1189 2142 1245 ticam
2185 1205 2307 1248 esse
2356 1193 2608 1247 unionem
2657 1193 2962 1261 affirmans,
3015 1199 3235 1254 unicam
3278 1216 3564 1271 personam

1979 1277 2259 1348 pmdicat,
2302 1281 2418 1336 sive
2459 1283 2638 1352 potius
2667 1285 2880 1340 unicam
2926 1287 3322 1345 subsistentiam
3364 1289 3565 1348 Christi

1980 1369 2238 1439 unigeniti
2263 1370 2379 1425 Filii
2410 1371 2524 1427 Dei.
2555 1371 2763 1429 Rursus
2783 1390 2848 1430 ea
2877 1376 3105 1445 epistola
3127 1379 3362 1448 priorem
3390 1380 3565 1451 Ephe-

1978 1459 2151 1515 sinam
2179 1461 2462 1532 synodum,
2494 1478 2560 1518 ac
2586 1474 2829 1520 sanctum
2856 1464 3114 1538 Cyrillum
3140 1468 3382 1538 damnat,
3413 1473 3567 1542 cujus

1979 1549 2142 1604 etiam
2198 1552 2430 1617 capitula
2458 1552 2620 1624 impia
2665 1564 2871 1611 vocat:
2924 1556 3227 1615 Nestorium
3278 1570 3458 1627 autem
3510 1571 3566 1621 et

1980 1639 2324 1698 Theodorum
2353 1644 2590 1701 vindicat
2616 1660 2682 1702 ac
2709 1646 2895 1703 laudat
2918 1666 2932 1701 :
2955 1649 3408 1707 Chalcedonensis
3438 1669 3565 1710 vero

1978 1734 2215 1803 synodus
2255 1736 2309 1790 in
2347 1736 2597 1793 omnibus
2637 1735 2966 1807 Ephesinam
3014 1742 3248 1810 priorem
3302 1745 3566 1817 synodum

274 1823 448 1881 ἀσεϐῆ
474 1826 782 1897 κατακρίνει,
812 1827 893 1877 καί
920 1823 1051 1899 πρός
1067 1825 1269 1885 τούτοις
1295 1826 1352 1878 τό
1380 1822 1651 1880 Ἰουδαϊκὸν
1680 1825 1877 1899 σύμϐο-

1982 1825 2245 1894 sequitur,
2284 1824 2541 1901 Cyrillum
2582 1826 2759 1885 Patris
2787 1829 3135 1902 doctorisque
3179 1834 3346 1891 titulis
3387 1846 3591 1905 ornat,.

273 1915 360 1967 λον
389 1915 458 1968 τό
484 1913 585 1969 ύπό
609 1912 869 1991 Θεοδώρου
905 1914 1391 1986 συμπεπλασμένον,
1417 1916 1476 1972 τό
1498 1920 1583 1972 καὶ
1606 1919 1655 1971 δν
1675 1927 1737 1994 τῇ
1762 1918 1876 1974 κατ’
1902 1984 1905 1993 ι

274 2002 494 2079 ’Ἔφεσον
532 2008 711 2081 πρώτη
748 2004 947 2077 συνόδῳ
986 2008 1304 2082 κατακριθέν,
1350 2010 1430 2063 καὶ
1470 2008 1522 2062 ἄν
1549 2010 1678 2083 αὐτῇ
1720 2017 1782 2086 τῇ
1830 2011 1878 2063 ἐν

274 2095 560 2153 Χαλκηδόνι
603 2094 802 2170 συνδῳ
852 2099 982 2169 μετᾶ
1026 2104 1196 2153 ταῦτα
1234 2100 1574 2175 προκομισθίν
1614 2101 1745 2172 μετά
1782 2107 1873 2157 τοῦ

274 2188 578 2261 γράψαντος
603 2188 733 2245 αύτό
758 2189 1132 2264 παραπλησίως
1152 2188 1489 2254 καταδικάζει.

1982 1916 2402 1990 synodicamque
2429 1918 2573 1975 illius
2591 1920 2897 1991 epistolam,
2925 1924 3013 1978 cui
3035 1923 3320 1981 duodecim
3347 1942 3411 1982 ea
3438 1928 3566 1984 sub-

1986 2023 2126 2063 nexa
2160 2016 2285 2063 sunt
2312 2009 2568 2080 capitula,
2601 2010 2906 2081 conﬁrmat,
2954 2013 3260 2070 Nestorium
3304 2018 3563 2084 damnat;

1982 2104 2145 2168 atque
2172 2097 2239 2152 ad
2264 2099 2378 2155 haec
2399 2097 2677 2156 Iudaicum
2707 2103 3009 2173 symbolum
3042 2120 3074 2160 a
3116 2105 3402 2164 Theodoro
3431 2124 3565 2165 con-

1978 2187 2322 2251 sarcinatum,
2349 2188 2492 2261 quod
2514 2190 2642 2245 olim
2668 2192 2830 2246 etiam
2859 2193 2913 2247 in
2940 2195 3108 2264 prima
3136 2195 3403 2266 Ephesina
3429 2215 3561 2270 syn-

274 2279 381 2335 odo
433 2277 747 2334 damnatum
788 2278 999 2344 fuerat,
1050 2287 1107 2334 et
1151 2287 1273 2349 post
1321 2295 1385 2336 ea
1432 2296 1551 2352 qua:
1598 2280 1844 2352 superius
1898 2278 2268 2334 recensuimus
2312 2279 2369 2334 in
2415 2280 2602 2336 eadem
2645 2291 2833 2338 sancta
2877 2282 3307 2344 Chalcedonensi
3351 2291 3562 2362 synodo

275 2372 553 2444 prolatum
600 2370 796 2440 fuerat,
844 2372 1091 2427 similiter
1143 2382 1476 2444 exsecratur,
1527 2382 1690 2444 atque
1741 2388 1866 2430 cum
1902 2379 2123 2427 auctore
2149 2386 2249 2426 suo
2274 2371 2709 2428 anathematizat.

344 2471 531 2519 ταῦτα
559 2462 615 2519 δὲ
642 2464 691 2517 ἕν
720 2473 824 2520 τοῖς
851 2463 1128 2541 ὁρισθεῖσιν
1154 2468 1185 2524 ἦ
1212 2466 1332 2537 ἁγία
1354 2468 1404 2522 ἐν
1424 2466 1695 2525 Χαλκηδόνι
1724 2469 1874 2523 σύνο-

276 2551 364 2615 δος
392 2556 622 2619 ἐξέθετο,
651 2555 710 2607 ού
731 2555 1026 2618 καινίζουσὰ
1060 2577 1111 2609 τι
1138 2559 1256 2628 περὶ
1276 2561 1368 2615 την
1394 2554 1654 2633 όροόδοξον
1676 2558 1871 2623 πίστιν,

277 2646 400 2700 ὣλά
438 2644 525 2700 διὰ
546 2649 751 2701 πάντων
779 2646 1125 2701 ἀκολουθοῦσα
1242 2646 1483 2723 ὁμολογίᾳ
1509 2657 1598 2708 τῆς
1624 2651 1870 2716 πίστεως,

276 2742 337 2796 ἠν
367 2738 393 2792 ό
418 2740 602 2811 κύριος
631 2735 716 2792 διὰ
743 2745 842 2793 τῶν
870 2737 1025 2811 ἁγίων
1044 2739 1341 2794 ἀποστόλων
1368 2739 1686 2814 ἐδωρήσατο,
1718 2743 1801 2795 καί
1827 2741 1873 2795 οἱ

278 2830 412 2902 ἅγιοι
433 2832 716 2886 ἀπόστολοι
739 2833 1004 2906 ἐκήρυξαν,
1026 2835 1111 2887 καί
1130 2834 1176 2887 οἱ
1194 2833 1477 2911 τριακόσιοι
1502 2832 1623 2889 δέκα
1641 2837 1722 2887 καί
1744 2834 1871 2888 όκτώ

277 2923 411 2997 ἅγιοι
439 2926 667 2999 πατέρες
701 2921 1101 2995 παραδεδώκασι
1126 2932 1189 2998 τῇ
1214 2930 1308 2979 τοῦ
1339 2931 1465 2979 Θεοῦ
1489 2924 1758 2999 ἐκκλησίᾳ,
1789 2929 1873 2980 καί

277 3020 320 3071 οἵ
351 3016 535 3071 ἑκατόν
560 3020 873 3073 πεντήκοντα
906 3017 1124 3094 πατέρες
1151 3015 1483 3083 ἇϐεϐαίωσαν,
1514 3018 1875 3089 σαφηνίσαντες

277 3113 397 3186 περί
420 3116 516 3168 τῆς
544 3104 783 3167 Θεότητος
808 3112 902 3163 τοῦ
927 3107 1070 3179 ἁγίου
1095 3110 1403 3182 πνεύματος.
1433 3109 1606 3181 Ταύτῃ
1638 3106 1695 3163 δὲ
1719 3111 1803 3163 καὶ
1829 3108 1875 3162 οἱ

279 3201 328 3255 ἓν
348 3198 548 3271 Ἐφέσῳ
582 3200 641 3253 τό
680 3202 856 3274 πρώην
882 3200 1224 3269 συναχθέντες
1252 3196 1385 3271 ἅγιοι
1420 3199 1638 3273 πατέρες
1662 3197 1877 3257 ἠκολού-

279 3296 463 3354 θησαν.
491 3292 542 3348 Ἠ
568 3292 622 3349 δέ
662 3294 713 3346 ἄν
737 3291 1012 3351 Χαλκηδόνι
1050 3292 1171 3366 ἁγία
1197 3290 1405 3352 σύνοδος
1431 3294 1514 3345 καί
1547 3291 1873 3363 ἁνεθεμάτισε
1900 3314 1946 3376 c

283 3391 400 3448 τούς
429 3389 606 3461 ἔτερσν
638 3387 896 3459 σύμϐολον
930 3385 960 3447 ἧ
1000 3384 1189 3441 ἔκθεσιν
1224 3388 1447 3445 πίστεως
1472 3381 1872 3458 παραδιδόντας,

282 3484 428 3557 παρὰ
450 3484 510 3534 τό
528 3482 630 3535 ύπὸ
656 3487 757 3536 τῶν
781 3482 1085 3557 τριακοσίων
1118 3476 1246 3535 δέκα
1280 3481 1367 3535 καί
1392 3479 1525 3534 ὀκτώ
1544 3476 1700 3552 ὅιγίων
1720 3478 1877 3534 πατί-

275 3597 383 3647 ρων
410 3572 721 3650 παραδοθὲν.

350 3755 535 3818 οὕτως
558 3750 724 3812 τοίνυν
762 3764 855 3817 τῆς
881 3756 1113 3816 ἀληθείας
1137 3754 1386 3826 ἐχούσης,
1417 3753 1510 3825 όψὶ
1550 3758 1673 3826 γοῦν
1711 3775 1873 3810 κατα-

282 3853 504 3905 νοήσατε
522 3886 538 3909 ,
567 3852 646 3908 τίς
674 3848 831 3923 ὀρθῶς
864 3853 954 3906 τήν
988 3846 1137 3918 ἁγίαν
1164 3845 1216 3900 ἓν
1250 3843 1520 3905 Χαλκηδόνι
1558 3843 1770 3901 σύνοδον
1797 3846 1874 3899 ἐκ·

287 3935 456 4001 δικείς
498 3939 712 4014 Πότερον
762 3937 788 3993 ό
827 3936 1062 3993 δεικνύων
1104 3934 1179 3992 ὅτι
1226 3944 1333 3997 τοῖς
1377 3937 1653 4007 εἰρημένοις
1698 3935 1898 4010 ἁγίοις,

286 4032 547 4103 πατράσιν
572 4030 959 4090 ἀκολουθήσασα
984 4026 1159 4097 πάντα,
1181 4030 1336 4107 ὀρθῶς
1374 4029 1593 4094 ἐξέθετο,
1630 4027 1661 4087 ἦ
1701 4026 1727 4082 ό
1751 4030 1873 4088 τοὺς

286 4126 492 4187 δυσεξεῑς
534 4132 635 4181 τῶν
680 4124 941 4196 αίρετικῶν
982 4124 1161 4196 λόγους
1210 4124 1523 4197 προσάπτειν
1569 4119 1875 4186 σπουδάζων

285 4220 447 4292 αύτῇ;
491 4220 621 4278 Τοὺς
660 4220 761 4289 γὰρ
806 4217 1001 4294 καθαρᾷ
1050 4213 1368 4287 συνειδήσει,
1411 4217 1493 4270 καί
1532 4215 1663 4289 ὀρθῷ
1697 4219 1874 4282 σκοπῷ

286 4307 600 4379 δεχομένους
642 4315 734 4369 τήν
781 4310 831 4364 ἄν
860 4310 1048 4382 Ἐρέσῳ
1092 4312 1299 4384 πρώτην
1338 4305 1577 4373 σύνοδον,
1625 4310 1711 4362 καί
1752 4309 1876 4369 τούς

284 4398 465 4471 ἆγίους
489 4405 717 4478 πατέρας
742 4403 1066 4471 ιελεστῐνον,
1107 4402 1370 4477 κύριλλον,
1414 4404 1498 4456 καὶ
1537 4400 1751 4468 Λέοντα,
1792 4400 1895 4457 καὶ,

286 4495 373 4547 τόν
427 4490 539 4568 ὅρον
583 4504 678 4557 τῆς
727 4497 780 4550 ἄν
829 4494 1102 4553 Χαλκηδόνι
1150 4490 1386 4558 συνόδου,
1442 4489 1689 4548 ἀδύνατόν
1739 4493 1877 4548 ἔστιν

286 4580 533 4654 δέχεσθαι
575 4589 706 4656 μετὰ
750 4586 945 4641 τούτων
991 4589 1075 4641 καὶ
1118 4591 1210 4645 τήν
1257 4584 1385 4659 πρός
1425 4584 1595 4658 Μάριν
1634 4585 1876 4658 μυσαρὰν

288 4674 557 4735 ἄπιστολύν
573 4682 665 4735 τήν
685 4681 816 4737 κατά
834 4678 1000 4732 πάντα
1019 4678 1219 4735 τούτοις
1244 4675 1640 4744 ἐναντιουμένην.
1668 4678 1756 4735 Τίς
1773 4678 1875 4751 γὰρ

2047 2460 2173 2517 Rrec
2197 2462 2381 2533 itaque
2414 2462 2814 2521 deﬁnitionibus
2866 2479 3064 2525 sancta
3110 2470 3562 2534 Chalcedonensis

1975 2554 2165 2626 synodi
2195 2557 2486 2612 constituta
2514 2566 2658 2624 sunt,
2687 2574 2790 2615 nec
2816 2560 3105 2617 obscurum
3131 2565 3402 2636 quidpiam
3437 2585 3562 2639 pro-

1973 2646 2156 2701 locuta
2185 2654 2268 2701 est
2297 2646 2438 2702 eirea
2467 2647 2623 2703 ﬁdem
2652 2650 2918 2720 synodus,
2963 2668 3151 2724 verum
3180 2656 3376 2727 ubique
3401 2670 3457 2715 et
3506 2661 3567 2717 in

1974 2738 2221 2793 omnibus
2241 2755 2361 2794 eam
2382 2748 2585 2796 sectata
2607 2750 2689 2797 est
2708 2741 3099 2801 confessionem
3122 2748 3263 2815 tidei,
3288 2749 3561 2809 aDominu

1973 2828 2207 2898 benigne
2234 2846 2549 2886 concessam
2580 2848 2678 2903 per
2695 2835 2976 2904 apostolus
3013 2853 3158 2903 suos,
3187 2855 3349 2909 quam
3387 2846 3561 2901 saneti

1976 2921 2077 2991 ipsi
2106 2922 2465 2997 praedicarunt
2492 2926 2744 2994 apostoli,
2775 2942 2936 2997 quam
2965 2932 3136 2986 sancti
3168 2934 3392 2991 trecenti
3419 2945 3571 2993 octo-

1976 3013 2151 3070 decim
2193 3016 2377 3071 Patres
2415 3016 2506 3071 Dei
2556 3015 2808 3074 Ecclesia:
2858 3021 3210 3088 tradiderunt,
3238 3039 3400 3093 quam
3428 3043 3557 3083 cen-

1978 3112 2092 3160 tum
2119 3115 2172 3160 et
2202 3108 2583 3177 quinquaginta
2614 3107 2799 3166 Patres
2830 3111 3013 3167 itidem
3042 3114 3109 3169 de
3136 3114 3367 3185 Spiritus
3386 3120 3560 3175 sancti

1978 3195 2260 3254 divinitate
2282 3198 2532 3275 dogmata
2554 3201 2898 3271 declarantes
2915 3204 3388 3271 conﬁrmaverunt.
3409 3209 3563 3270 Hanc

1977 3289 2147 3342 secuti
2178 3298 2305 3344 sunt
2329 3292 2499 3347 sancti
2527 3290 2715 3348 Patres
2742 3292 3015 3363 Ephesum
3051 3284 3431 3357 convenientes
3452 3303 3559 3373 pri-

1978 3394 2156 3447 mum;
2185 3379 2327 3437 hanc
2347 3383 2593 3453 amplexa
2615 3394 2698 3440 est
2724 3395 2911 3443 sancta
2927 3387 3285 3449 Chalcedonis
3301 3394 3560 3466 synodus,

1977 3490 2098 3545 quae
2126 3476 2471 3532 anathemate
2509 3476 2671 3544 feriit,
2702 3481 3010 3552 quicunque
3061 3484 3208 3541 aliud
3258 3488 3561 3559 symbolum

1980 3567 2235 3634 traderet,
2268 3567 2382 3623 sive
2410 3567 2533 3623 fidei
2561 3569 2977 3639 expositionem,
3001 3583 3198 3643 praeter
3223 3592 3343 3632 eam
3367 3594 3486 3649 quae
3528 3594 3559 3634 a

1978 3660 2179 3717 sanctis
2206 3660 2466 3716 trecentis
2499 3668 2552 3718 et
2582 3660 2882 3718 octodecim
2909 3663 3160 3721 Patribus
3190 3669 3381 3725 tradita
3406 3680 3511 3726 est.

2050 3751 2181 3819 Quae
2204 3767 2328 3807 cum
2355 3752 2429 3807 ita
2460 3767 2520 3808 se
2547 3752 2799 3819 habeant,
2829 3769 2956 3812 sero
2983 3756 3198 3813 tandem
3229 3762 3557 3828 cognoscite,

1979 3853 2100 3903 uter
2124 3846 2327 3902 rectius
2355 3853 2594 3901 sanctam
2624 3844 3120 3906 Chalcedonensem
3158 3859 3373 3907 tueatur
3398 3868 3558 3925 syno~

1977 3938 2144 4005 dum,
2176 3939 2292 3996 isne
2314 3938 2407 4009 qui
2429 3954 2549 3995 eam
2590 3938 2840 4008 praefatos
2867 3939 2964 3996 SS.
3004 3940 3196 3998 Patres
3223 3943 3452 4001 ﬁdeliter
3479 3963 3560 4003 se-

1977 4038 2180 4096 cutam,
2208 4038 2357 4085 recte
2378 4029 2626 4086 universa
2656 4027 2931 4087 deﬁniisse
2958 4033 3256 4103 contendit,
3286 4050 3355 4091 an
3397 4036 3443 4093 is
3469 4039 3561 4109 qui

1978 4123 2028 4178 ei
2056 4122 2288 4177 tribuere
2314 4122 2505 4177 nititur
2530 4122 2723 4192 impios
2762 4122 3011 4194 loquendi
3051 4125 3243 4181 modos
3280 4128 3561 4185 hmretico-

1978 4217 2136 4275 rum?
2183 4214 2598 4284 Ficrinamque
2642 4214 2861 4270 minime
2914 4224 3093 4285 potest
3149 4222 3207 4272 ut
3259 4221 3350 4288 qui
3400 4236 3561 4291 puras

1941 4277 2179 4376 .primre.
2213 4277 2735 4376 Ephesium-synodi
2782 4277 3112 4371 sanctiones,
3160 4277 3561 4380 catholicaslue

1981 4410 2143 4452 voces
2163 4396 2470 4457 admittunt,
2500 4395 2699 4464 quique
2725 4393 2821 4450 SS.
2854 4393 2958 4451 PP.
2995 4396 3366 4463 Caelestinum,
3388 4399 3559 4473 Cyril-

1981 4487 2090 4541 lum
2111 4525 2127 4552 ,
2171 4484 2410 4542 Leonem
2455 4500 2519 4540 ac
2559 4484 3014 4555 Chalcedonensis
3058 4489 3248 4559 synodi
3292 4489 3553 4547 deﬁnitio-

1982 4592 2107 4634 nem
2154 4575 2439 4646 recipiunt,
2491 4574 2529 4630 ii
2556 4574 2841 4634 scelestam
2864 4590 3088 4646 quoque
3127 4579 3194 4634 ad
3228 4579 3418 4635 Marim
3448 4582 3560 4653 cpi-

1981 4668 2199 4736 stolam,
2224 4682 2346 4722 cum
2380 4666 2446 4723 iis
2472 4680 2596 4735 quae
2620 4667 3043 4735 percensuimus,
3074 4671 3295 4727 omnino
3323 4687 3560 4741 ριιειιιιιιο

290 4767 410 4825 τοὺς
430 4763 766 4829 διδασκάλους
794 4776 885 4828 τῆς
911 4767 1196 4833 ἐκκλησίας,
1227 4768 1453 4826 καὶτοὺς
1479 4768 1546 4823 τὰ
1574 4762 1772 4821 ἐναντία
1802 4764 1877 4821 δι·-

1981 4768 2088 4815 tem
2119 4758 2419 4814 admittant.
2465 4759 2595 4827 Quis
2623 4761 2764 4816 enim
2795 4760 3055 4819 Ecclesia:
3080 4740 3367 4835 magistros
3401 4740 3559 4835 atque

286 4854 574 4921 δασκοντας
592 4900 607 4924 .
632 4860 663 4920 ἦ
702 4864 822 4922 τούς
849 4860 1179 4937 όρθοδόξους,
1226 4861 1314 4915 καί
1339 4861 1459 4921 τούς
1495 4860 1814 4933 αίρετικούς,
1845 4860 1876 4921 ἦ

285 4953 405 5011 τούς
434 4952 898 5017 καταδικάσαντας,
922 4957 1005 5009 καί
1025 4957 1146 5015 τούς
1166 4954 1557 5030 κατακριθέντας
1579 4951 1705 5023 όμοῦ
1724 4950 1891 5009 δύναοη

285 5062 374 5098 ται
397 5042 664 5108 δίξασθαις
708 5043 816 5102 Ἰνα
850 5045 903 5103 δέ
939 5046 1246 5121 τελειότερον
1272 5048 1336 5102 τὰ
1364 5044 1450 5102 διὰ
1477 5042 1620 5100 ἰϐαν
1649 5048 1730 5100 καὶ
1756 5054 1871 5101 Θεο-

286 5131 500 5204 δὸριτον
540 5141 838 5210 κεκινημένα
891 5146 1079 5211 ⁶γνῶτε,
1127 5140 1397 5211 ἀναγκαῖον
1445 5138 1748 5208 ἐνομίσαμεν
1796 5139 1878 5191 καί

287 5233 453 5283 ταῦτα
477 5230 598 5299 ύμῖν
624 5239 933 5308 φανερῶσαι.

356 5322 621 5377 Γινώσκετε
657 5327 824 5378 τοίνυν
849 5321 929 5380 ὅτι
961 5324 1087 5378 κατά
1118 5319 1387 5394 διαφόρους
1416 5321 1627 5391 καιρούς
1672 5316 1755 5373 διὰ
1781 5324 1874 5377 τήν

280 5407 521 5465 ἀσέϐειαν
549 5410 813 5485 Θεοδώρου
841 5417 921 5472 καὶ
948 5414 1224 5485 Νιστορίου
1259 5417 1351 5471 την
1386 5418 1448 5484 τῇ
1472 5412 1604 5484 αὐτῇ
1636 5409 1894 5483 ἕπιστολῇ.

282 5503 673 5576 “Palam.
697 5506 783 5557 καί
810 5501 896 5560 διὰ
916 5505 1009 5565 τὰς
1039 5503 1211 5578 ὕϐρεις
1240 5504 1335 5562 τὰς
1358 5502 1492 5555 κατά
1518 5506 1610 5554 τοῦ
1636 5500 1683 5553 ἄν
1711 5498 1872 5571 ἁγίοις

283 5591 522 5661 ιυρᾶλου
562 5596 650 5646 καί
684 5602 784 5648 τῶν
807 5595 963 5650 αὐτοῦ
997 5596 1277 5667 κεφαλαίων
1307 5592 1608 5663 λεχθείσας.
1650 5607 1865 5658 κατηγο-

283 5683 516 5751 ρηθέντος
536 5681 655 5745 ἰεαι
679 5687 824 5759 παρᾶ
857 5685 1109 5758 Θεοδοσίῳ
1140 5692 1216 5759 τῷ
1243 5693 1336 5745 τῆς·
1362 5681 1605 5741 εὐσεϐοῦς
1632 5681 1817 5745 λήξεως
1846 5677 1864 5709 ⁸
1889 5724 1895 5731 -

285 5773 514 5837 βασιλεῖ.
542 5779 626 5830 καί
658 5780 802 5855 παρὰ
839 5778 1038 5854 πρόκλῳ
1069 5788 1142 5852 τῷ
1182 5781 1233 5834 ἐν
1278 5776 1440 5848 ἁγίοις
1466 5772 1864 5848 ἀρχιιπισκόπῳ

372 5866 389 5896 ⁸
427 5863 526 5922 νει
551 5868 747 5934 ut“...
773 5870 979 5947 Πρόκλος
1005 5886 1340 5931 κωνσταντιν.
1365 5866 1606 5942 ’Δρχιεπ.

1979 4852 2246 4907 contraria
2278 4850 2535 4909 docentes
2555 4852 2639 4911 vel
2661 4854 2995 4911 orthodoxos
3020 4857 3178 4913 simul
3203 4865 3364 4926 atquc
3393 4859 3555 4912 hanc-

1981 4943 2133 5010 ticos,
2184 4943 2269 4998 vel
2318 4941 2706 5002 condemnatos
2756 4960 2863 5001 una
2912 4962 3034 5003 cum
3081 4947 3560 5005 condemnantibus

1977 5034 2155 5087 valeat
2173 5033 2457 5103 amplecti?
2477 5032 2762 5102 Caeterum,
2791 5045 2851 5091 ut
2874 5038 3082 5107 plenius
3101 5054 3164 5093 ea
3184 5053 3303 5106 qum
3326 5054 3355 5092 a
3379 5038 3559 5094 Theo-

1979 5122 2169 5178 doreto
2199 5133 2255 5179 et
2279 5123 2369 5177 lba
2402 5126 2611 5180 turbata
2641 5135 2765 5180 sunt
2792 5126 3118 5194 intelligatis,
3150 5127 3264 5182 hmc
3292 5128 3395 5182 alia
3425 5145 3562 5198 quo-

1980 5228 2086 5283 que
2115 5214 2265 5270 vobis
2292 5228 2565 5284 exponere
2605 5229 2786 5284 oper-.1:
2837 5215 3067 5284 pretium
3115 5215 3557 5272 existimavimus.

2014 5303 2316 5363 -Noveritis
2362 5305 2575 5373 itaque,
2618 5303 2762 5375 quod
2798 5318 2920 5359 cum
2958 5304 3182 5360 diversis
3231 5307 3561 5375 temporibus

1979 5406 2260 5452 accusatus
2308 5404 2453 5451 esset
2502 5395 2619 5449 lbas
2672 5394 2815 5464 apud
2869 5392 3119 5464 piissinne
3173 5396 3561 5453 recordationis

1978 5501 2159 5555 regem
2182 5481 2565 5552 Theodosium,
2598 5487 2667 5541 ob
2694 5485 3072 5541 Nestor-ianum
3099 5485 3559 5543 Thcodorianam-

1977 5595 2083 5649 que
2119 5578 2448 5648 impietatem
2487 5578 2540 5631 in
2580 5592 2675 5632 sua
2728 5592 2791 5631 ca
2845 5577 3074 5648 epistola
3121 5588 3449 5642 contentam,
3496 5592 3559 5632 ac

1971 5680 2195 5746 propter
2237 5670 2593 5727 contumelias
2633 5670 2684 5725 in
2735 5681 2978 5727 sanctqu
3026 5670 3285 5745 Cyrillum
3334 5672 3558 5742 ejusque

1973 5762 2206 5838 capitula
2252 5761 2508 5835 prolatas,
2539 5770 2596 5820 et
2634 5764 2775 5835 apud
2824 5762 3072 5821 Proetum
3120 5775 3370 5822 sanctum
3406 5761 3555 5820 Cum
