4000 6186
606 363 712 421 515

1980 365 2274 424 VIGILIUS
2313 368 2510 425 PAPA.

606 486 1205 551 Κωνσταντινονπόλεως,
1266 488 1352 541 καί
1396 490 1538 563 παρά
1584 484 1838 561 διαφόροις
1871 484 2186 557 ’Δντιοχείας

2219 488 2272 550 Α
2295 489 2722 559 stantinopoleos
2747 489 3230 562 archiepiscopum,
3269 497 3430 562 atque
3458 488 3598 561 apud
3630 503 3768 558 com;

603 577 1065 647 ἀρχιεπισνόποις,
1101 578 1380 632 τελευταῖον
1415 580 1560 653 παρά
1592 584 1684 633 τοῦ
1712 580 1869 633 αὐτοῦ
1907 576 2187 652 βασιλέως,

604 678 688 726 καί
712 674 986 727 Φλαυιανοῦ
1009 674 1138 743 μετά
1165 673 1374 749 Πρόκλον
1402 679 1489 729 τοῦ
1517 674 1564 726 ἐν
1591 672 1753 745 ἀγίοις
1773 672 2191 747 ἀρχιεπισκόπου

604 765 1171 826 κωνσταντινονπόλεσυς
1212 767 1510 838 γενομένου,
1547 767 1826 833 ἀπενεμήθη
1869 766 1900 821 ἡ
1930 766 2191 835 κινουμένη

603 854 714 913 δίκη
742 858 875 911 κατά
902 863 991 911 τοῦ
1027 859 1184 911 αὐτοῦ
1209 854 1351 918 Ἰϐα,
1379 860 1552 927 Φωτίῳ
1587 857 1853 925 ἐπισκόπῳ
1883 856 2080 929 Τύρου,
2109 858 2193 908 καί

601 949 862 1019 Εύσταθίῳ
891 943 1159 1018 έπισκόπῳ
1197 952 1454 1020 Βηρυτοῦ,
1486 945 1608 1017 παρ’
1636 943 1708 1006 οἷς
1742 947 1860 1022 περί
1887 966 1941 999 τε
1968 949 2191 1005 πίστεως

600 1040 918 1113 κατηγορήθη
946 1038 970 1091 ό
1002 1037 1154 1097 αὐτὸς
1181 1033 1357 1099 Ἴδας,
1385 1038 1471 1089 καί
1499 1038 1618 1111 περί
1645 1034 1841 1109 ὕϐρεων
1872 1035 1997 1089 κατά
2024 1040 2115 1088 τοῦ
2145 1035 2192 1087 ἐν

601 1128 764 1202 ἆγίοις
810 1128 1046 1201 κυρίλλου
1093 1128 1386 1198 γενομένων.
1434 1131 1648 1183 Ἐκεῖνος
1692 1121 1745 1177 δέ
1792 1122 2193 1195 ἀπολογούμενος

600 1221 922 1295 ἀπεκρίνατο,
951 1216 1106 1289 μηδὲν
1132 1218 1380 1288 ύϐριστόν
1399 1217 1530 1286 μετὰ
1554 1220 1644 1274 τὴν
1666 1216 1842 1269 ἕνωσιν
1869 1220 1960 1273 τήν
1986 1218 2190 1288 γενομέ-

598 1334 683 1371 νην
710 1314 900 1383 μεταξύ
936 1319 1037 1367 τῶν
1060 1311 1412 1373 ’Δνατολικῶν,
1444 1310 1530 1364 καί
1568 1315 1651 1363 τοῦ
1680 1309 1733 1363 έν
1758 1307 1918 1378 ἀγίοις
1950 1309 2188 1382 Κυρίλλου

600 1407 784 1468 ε’πείν,
819 1403 849 1463 ἦ
874 1403 1071 1478 γράψαι
1108 1404 1217 1458 κατ’
1260 1403 1441 1457 αὐτοῦ.
1474 1411 1527 1455 Ἦ
1567 1398 1623 1456 δέ
1660 1401 1879 1475 μυσαρὰ
1917 1399 2049 1458 αὕτη
2082 1402 2191 1455 ἔπι-

598 1494 756 1552 στολὴ
777 1495 809 1552 ἡ
826 1493 1233 1569 προκομισθιῖσα
1252 1493 1393 1568 παρά
1414 1498 1514 1546 τῶν
1534 1491 1828 1566 κατηγόρων
1852 1491 2010 1546 αύτοῦ
2050 1488 2195 1549 δηλοῖ

603 1582 684 1640 ὅτι
710 1587 843 1656 μετά
871 1590 961 1644 την
985 1584 1165 1639 ἕνωσιν
1189 1585 1497 1660 γέγραπται.

672 1774 932 1828 Δείκνυται
958 1774 1127 1829 τοίνυν
1152 1769 1296 1832 Ἴδας
1336 1773 1391 1827 έκ
1415 1781 1506 1834 τῆς
1535 1774 1724 1834 οἰκείας
1753 1774 2068 1833 καταθέσεως
2097 1777 2187 1832 τὴν

2292 598 2381 639 res
2408 584 2705 640 Antiochia:
2739 584 3173 655 archiepiscopos
3193 623 3209 648 ,
3257 582 3544 639 novissime
3588 590 3765 636 autem

2293 676 2481 733 eodem
2511 691 2658 745 rege,
2690 692 2754 732 ac
2781 676 3063 744 Flaviano,
3112 676 3205 745 qui
3235 675 3425 732 Proclo
3473 677 3528 729 in
3572 674 3770 729 Consta

2293 768 2605 838 nOpolitaua
2632 769 2759 823 sede
2785 783 3065 824 successor
3093 766 3347 822 suffectus
3389 766 3504 829 fuit,
3552 766 3755 835 judicio

2290 875 2478 914 versus
2507 859 2755 915 eumdem
2783 859 2931 914 Ibam
2960 860 3184 915 ferendo
3209 858 3428 913 Photius
3448 858 3594 929 Tyri,
3620 869 3670 913 et
3697 858 3770 913 Eu

2292 950 2435 1004 thius
2461 949 2642 1021 Beryti
2670 950 2907 1020 episcopi
2936 950 3128 1006 delecti
3168 958 3293 1004 sunt
3336 968 3348 1001 :
3400 965 3428 1002 a
3460 949 3653 1018 quibus
3682 951 3748 1004 de

2292 1055 2387 1096 sua
2411 1043 2770 1110 reprehensus
2804 1039 2943 1105 lbas,
2975 1039 3152 1110 deque
3182 1038 3388 1108 injuriis
3424 1040 3475 1093 in
3506 1048 3751 1095 sanctum

2291 1130 2470 1184 rillum
2495 1130 2732 1199 jactatis,
2764 1145 2887 1185 cum
2928 1129 3031 1184 sibi
3072 1128 3398 1185 defensionis
3444 1129 3664 1184 daretur
3708 1131 3770 1184 Ιο‹

2291 1223 2504 1291 negavit
2532 1223 2801 1292 quidpiam
2826 1222 2896 1277 ab
2925 1236 2985 1277 se
3013 1221 3067 1276 in
3112 1229 3355 1276 sanctum
3390 1219 3648 1293 Cyrillum
3690 1237 3772 1276 con

2289 1314 2513 1370 meliose
2555 1314 2754 1370 dictum
2795 1314 2881 1369 vel
2918 1314 3174 1384 scriptum
3205 1328 3345 1378 esse,
3394 1321 3516 1383 post
3563 1314 3772 1368 reconci

2289 1410 2490 1465 tionem
2518 1411 2659 1466 inter
2687 1408 2988 1464 Orientales
3017 1415 3370 1476 sanctumque
3399 1406 3656 1478 Cyril-um
3705 1407 3772 1475 ips

2290 1501 2672 1566 constitutam;
2705 1515 2889 1555 verum
2937 1499 3225 1554 criminosa
3262 1513 3327 1554 ea
3367 1497 3597 1568 epistola
3628 1497 3695 1552 ab
3725 1515 3772 1551 at

2288 1592 2559 1648 sutoribus
2581 1590 2845 1661 producta
2871 1591 3047 1662 palam
3076 1606 3194 1646 eam
3217 1598 3342 1661 post
3362 1590 3765 1647 rcconciliation

2288 1685 2647 1756 conscriptam
2672 1682 2835 1739 fuisse
2856 1683 3212 1740 demonstrat.
3312 1690 3321 1693 '

2360 1774 2479 1831 Ilias
2506 1775 2687 1843 igitur,
2711 1790 2776 1830 ex
2799 1783 3014 1831 suamet
3040 1775 3227 1832 eadem
3250 1775 3585 1846 depositione
3613 1792 3772 1831 mcmt

599 1865 1019 1934 μνημονευθεῖσαν
1048 1867 1315 1925 ἐπιστολήν
1344 1865 1719 1940 ἀπαρνούμενος
1738 1882 1748 1895 ·
1793 1861 1901 1920 ὅθεν
1929 1865 1976 1919 οί
2006 1884 2179 1939 προει-

2218 1855 2259 1915 Β
2289 1872 2399 1919 tam
2483 1864 2763 1934 epistolam
2829 1865 3051 1919 omnino
3122 1866 3428 1935 repudiasse
3494 1868 3773 1935 cognoscit

600 1954 799 2028 ρημένοι
825 1956 1091 2011 ίπίσκοποι
1132 1955 1348 2032 ὁρῶντες
1374 1962 1464 2015 τὴν
1491 1956 1729 2011 ἀσέϐειαν
1756 1964 1849 2016 τῆς
1886 1957 2181 2022 έπιστολῆς,

599 2049 648 2100 εἰ
673 2050 758 2100 καὶ
782 2043 929 2109 ἰϐας
970 2050 1078 2119 οὐχ
1109 2046 1425 2121 ὡμολόγησεν
1468 2050 1661 2108 ταύτην
1693 2046 1823 2104 ίδίαν
1868 2044 2018 2115 εἶναι,
2048 2048 2185 2120 ὅμως

600 2137 762 2211 ψῆφον
804 2136 1085 2214 ἐξήνεγκαν,
1111 2138 1194 2196 διὰ
1219 2142 1423 2196 πάντων
1467 2142 1689 2199 ἐναντίαν
1716 2147 1778 2215 τῇ
1807 2140 2019 2215 ἀσεϐείᾳ
2048 2148 2110 2210 τῇ
2136 2142 2184 2194 έν

599 2238 667 2305 τῇ
846 2232 1086 2307 ἐπιστολῇ
1115 2232 1477 2306 περιεχομένῃ.
1527 2231 1855 2285 Διετύπωσαν
1893 2232 1991 2305 γὰρ
2027 2230 2096 2290 ὥς
2129 2251 2185 2286 τε

601 2314 740 2374 Ἰϐαν
767 2321 1135 2393 ἀναθεματίσαι
1177 2322 1268 2392 μέν
1302 2321 1590 2394 Νεστόριον,
1622 2322 1801 2375 καίτά
1828 2320 1990 2378 ἀσεϐῆ
2033 2321 2184 2375 αὐτοῦ

601 2406 851 2482 δόγματα,
897 2413 982 2466 καί
1022 2413 1145 2471 τούς
1187 2408 1503 2471 έκδικοῦντας
1541 2413 1715 2476 αὑτὸν,
1744 2409 1876 2482 ἅπερ
1922 2412 1953 2469 ἡ
1993 2410 2187 2472 ἀσεϐής

602 2499 842 2558 έπιστολή
880 2499 1111 2564 ἔξεδίκει·
1143 2498 1376 2564 δέξασθαι
1419 2498 1473 2554 δέ
1521 2503 1701 2561 έπίσης
1744 2508 1842 2556 τῶν
1885 2503 2186 2576 τριακοσίων

603 2586 852 2642 δεκαοκτὼ
876 2588 1031 2659 ἁγίων
1055 2590 1311 2662 πατέρων,
1336 2591 1423 2641 καί
1448 2594 1537 2647 τήν
1561 2590 1608 2642 ἐν
1628 2593 1813 2661 Ἐφέσῳ
1839 2593 2046 2665 πρώτην
2073 2592 2189 2644 σύν-

604 2679 734 2747 οδον,
766 2681 835 2739 ὡς
863 2681 965 2734 ἀπὸ
994 2679 1137 2750 ἀγίου
1166 2681 1457 2751 πνεύματος
1483 2682 1854 2749 συναχθεῖσαν,
1885 2682 1991 2735 καθ’
2014 2680 2187 2752 ὁμοιό-

603 2792 730 2829 τητα
755 2777 854 2825 τῶν
891 2772 1192 2845 τριακοσίων
1231 2768 1484 2824 δεκαοκτὼ
1524 2770 1680 2841 ἀγίων
1709 2773 1961 2846 πατέρων,
1995 2773 2054 2829 ἦν
2076 2792 2188 2850 τινα

605 2863 653 2915 έν
676 2859 862 2933 Ἐφέσῳ
886 2859 1100 2916 σύνοδον
1130 2861 1240 2933 μετ’
1259 2862 1413 2915 αύτοῦ
1445 2866 1535 2915 τοῦ
1562 2862 1611 2915 ἐν
1638 2860 1802 2930 ἁγίοις
1841 2862 2076 2936 κυρίλλου
2106 2866 2191 2917 καί

604 2961 701 3009 τῶν
746 2952 935 3009 δώδεκα
978 2956 1136 3009 αῦτοῦ
1187 2953 1463 3026 κεφαλαίων
1491 2951 1793 3028 ἐνυϐρίζειή
1823 2955 1953 3012 αύτή
2000 2954 2190 3013 ἀσεϐής

606 3046 662 3099 έν·
671 3047 864 3106 ιστολή.

2287 1954 2638 2024 quamobrem
2662 1953 2976 2024 praelaudati
3006 1954 3245 2026 episc0pi
3276 1955 3606 2025 impietatem
3636 1958 3773 2026 epist

2287 2046 2711 2111 considerantes,
2738 2047 2948 2101 etiamsi
2993 2046 3113 2102 [bas
3140 2062 3260 2101 eam
3308 2049 3377 2103 ab
3414 2063 3473 2104 se
3513 2048 3714 2103 editam
3759 2067 3774 2104 ι

2287 2136 2506 2192 minime
2531 2136 2899 2201 confiteretur,
2929 2152 3025 2207 par
3064 2152 3161 2207 per
3188 2138 3367 2197 omnia
3401 2138 3709 2207 suffragium
3760 2158 3774 2210 ι

2288 2230 2461 2283 tulere
2482 2227 2739 2283 adversus
2765 2228 3092 2299 impietatem
3114 2244 3274 2298 quam
3295 2228 3523 2299 epistola
3553 2230 3774 2300 complc:

2286 2319 2464 2375 batur.
2517 2318 2855 2375 Censuerunt
2904 2319 3123 2390 quippe.
3158 2322 3225 2375 ab
3282 2320 3374 2376 Iba
3428 2321 3774 2377 anathemati;

2289 2411 2595 2468 Nesmrium
2619 2426 2739 2467 cum
2764 2408 2940 2481 impiis
2962 2411 3300 2480 dogmatibus
3318 2411 3447 2479 suis,
3474 2427 3593 2483 quae
3620 2412 3673 2467 in
3712 2413 3776 2466 in:

2290 2504 2518 2574 epistola
2571 2504 2986 2572 colligebantur,
3039 2502 3215 2573 excipi
3279 2509 3460 2558 autem
3514 2512 3776 2558 trecentor

2290 2602 2453 2663 atque
2482 2593 2783 2648 octodecim
2812 2593 3027 2648 Patrum
3050 2592 3209 2649 fidem
3232 2602 3503 2664 oportere,
3533 2594 3775 2664 priorem

2290 2684 2612 2753 Ephesinam
2640 2683 2903 2754 synodum
2932 2698 3030 2739 ceu
3061 2683 3112 2737 in
3141 2681 3344 2753 Spiritu
3362 2691 3550 2738 sancto
3581 2698 3776 2750 congre

2294 2783 2423 2839 tam,
2444 2774 2633 2828 eodem
2663 2772 2821 2828 modo
2848 2782 3011 2843 atque
3036 2789 3156 2829 eam
3176 2788 3295 2842 qua:
3314 2788 3379 2827 ex
3412 2774 3667 2828 trecentis
3693 2773 3771 2826 ἰὶει

2291 2872 2452 2933 atque
2508 2861 2816 2918 octodecim
2863 2863 3063 2917 sanctis
3106 2861 3352 2917 Patribus
3405 2862 3669 2930 constitit,
3719 2877 3772 2930 qi

2291 2952 2612 3023 Ephesiuam
2634 2951 2918 3024 synodum,
2942 2967 3047 3007 una
3067 2967 3186 3008 cum
3209 2960 3395 3007 sancto
3419 2949 3642 3024 Cyrillo,
3675 2951 3776 3006 duo

2292 3047 2505 3115 cimque
2542 3044 2790 3116 capitulis
2830 3043 2945 3114 ejus
2974 3059 3039 3099 ea
3068 3044 3231 3114 impia
3269 3043 3497 3115 epistola
3544 3051 3778 3098 contunn

2293 3139 2615 3195 lacessebat.

676 3232 753 3283 Τά
775 3230 940 3284 τοίνυν
964 3228 1107 3303 παρά
1133 3234 1233 3281 τῶν
1259 3224 1510 3280 δικαστῶν
1539 3227 1797 3303 κεκριμένκ
1822 3231 1890 3298 μὴ
1914 3226 2191 3299 πληρώσας
2220 3238 2256 3300 C

2220 3238 2266 3300 ο
2365 3226 2500 3281 Cum
2530 3241 2693 3297 porro
2738 3226 2805 3281 ab
2848 3225 2940 3280 lba
2988 3226 3208 3281 minime
3243 3223 3624 3296 perﬁcerentur
3654 3241 3719 3281 ea
3766 3242 3778 3279 t

601 3314 754 3381 ἰϐας
798 3328 890 3379 τῆς
929 3322 1216 3377 ίπισκοπῆς
1261 3313 1528 3391 καθῃρέθη,
1561 3319 1647 3370 καί
1691 3319 1823 3387 μετά
1868 3325 2034 3373 ταῦτα
2072 3339 2193 3372 συνο

606 3412 747 3483 ἤχθη
787 3412 817 3468 ἠ
858 3412 911 3463 ὲν
955 3406 1228 3465 Χαλκηδόνι
1277 3408 1399 3482 ἁγία
1448 3404 1692 3472 σύνοδος,
1722 3408 1772 3461 έν
1868 3405 1982 3462 οὐδέ
2026 3408 2197 3467 έκλήθη

607 3498 764 3566 Ἴδας,
797 3499 914 3555 οὐδέ
942 3503 1009 3560 ὡς
1050 3499 1328 3559 ίπίσκοπος
1357 3499 1729 3574 παραγέγονεν,
1760 3498 1944 3553 Νὸννου
1987 3497 2082 3557 ἤδη
2126 3503 2197 3560 εἰς

607 3595 761 3653 τόπον
795 3596 956 3650 αὐτοῦ
1006 3592 1465 3667 χειροτονῆθὴτος,
1498 3597 1588 3646 τοῦ
1638 3594 1724 3645 καί
1770 3591 2032 3651 κληθέντος
2058 3593 2108 3645 ἐν
2134 3601 2196 3662 τῇ

608 3686 729 3759 ἁγία
757 3686 807 3738 έν
829 3682 1104 3743 Χαλκηδόνι
1133 3679 1352 3753 συνόδῳ.
1396 3678 1538 3737 ’Λλλά
1565 3681 1696 3752 μετά
1723 3683 1809 3737 τόν
1836 3679 1951 3757 ὅρον
1973 3684 2058 3738 τὶν
2077 3686 2199 3754 περί

608 3786 701 3837 τῆς
742 3779 968 3835 πίστεως
1006 3772 1270 3844 δεδομένον
1308 3772 1539 3826 εἰσελθὼν
1569 3770 1596 3827 ό
1623 3772 1981 3843 μνημονευθεὶς
2023 3769 2191 3840 Ἴδας,

609 3866 794 3941 ᾔτησεν
842 3869 931 3923 τὴν
973 3866 1094 3937 περὶ
1139 3864 1295 3917 αὐτοῦ
1342 3861 1579 3916 ὑπόθεσιν
1622 3864 1911 3929 ζητηθῆναι,
1937 3860 2080 3921 δι’ἣν
2106 3871 2198 3923 τῆς

609 3956 892 4014 ἐπισκοπῆς
939 3953 1207 4027 καθῃρέθη,
1235 3955 1316 4006 καί
1353 3950 1688 4028 προεκόμισιν
1717 3957 1806 4011 τὴν
1833 3955 2197 4031 προειρημένην

610 4046 767 4118 ψῆφον
802 4046 990 4099 Φωτίου
1034 4047 1119 4098 καί
1143 4044 1434 4098 Εύσταθίου·
1479 4041 1539 4102 ἧς
1577 4044 2003 4115 ἀναγνωσθείσης,
2034 4045 2197 4103 εἰσελ-

607 4136 778 4195 θόντες
816 4138 896 4189 καί
924 4135 969 4187 οί
994 4135 1181 4189 τούτου
1211 4136 1474 4207 κατήγοροι
1498 4135 1840 4205 προεκόμισαν
1868 4138 1935 4190 τὰ
1961 4137 2010 4189 ἐν
2047 4135 2197 4212 Τύρῳ

609 4227 960 4301 πεπραγμένα,
985 4225 1036 4278 έν
1060 4221 1133 4285 οἷς
1165 4227 1463 4299 περιείχετο
1487 4226 1519 4282 ἡ
1541 4226 1667 4284 αύτή
1706 4226 1901 4287 ἀσεϐής
1932 4227 2194 4288 imas-0113‘

610 4316 670 4378 ὗς
696 4316 1118 4389 ἀναγνωσθείσης,
1148 4312 1296 4374 είδὼς
1318 4310 1483 4381 Ἷϐας,
1516 4316 1585 4373 ὡς
1611 4316 1654 4369 εί
1677 4312 1982 4387 ὁμολογήσοι
2004 4319 2197 4376 ταύτην

609 4405 740 4463 ἰδίαν
767 4403 914 4472 εἶναι,
943 4404 1027 4463 διὰ
1051 4410 1141 4465 τήν
1188 4404 1425 4460 ἀσέϐειαν
1452 4407 1607 4466 αὐτῆς
1649 4404 2030 4472 κατεδικάζετο,
2061 4408 2196 4480 έγκό-

608 4500 713 4571 εἴας
757 4504 846 4555 τήν
892 4506 997 4552 τῶν
1042 4498 1412 4569 πεπραγμένων
1459 4499 1768 4570 ἀνάγνωσιν,
1818 4498 1980 4560 οὕτως
2034 4496 2192 4554 εἶπεν

2298 3320 2511 3375 fuerant
2556 3319 2624 3374 ab
2672 3318 2942 3388 judicibus
2980 3318 3289 3381 constituta,
3324 3318 3436 3387 ipse
3472 3318 3541 3372 ab
3574 3332 3778 3388 οριεοοι

2298 3413 2541 3483 dejectus
2580 3420 2682 3478 est,
2727 3419 2890 3481 atque
2932 3412 3137 3466 interea
3189 3420 3375 3466 sancta
3427 3408 3773 3465 Chalcedone

2298 3503 2537 3576 synodus
2582 3511 2800 3568 coacta,
2851 3502 3100 3572 adquam
3141 3517 3314 3571 neque
3349 3511 3573 3558 vocatus
3616 3511 3701 3557 est
3747 3502 3778 3555 ll

2300 3613 2476 3668 neque
2500 3605 2556 3651 ut
2583 3597 2868 3666 episcopus
2898 3594 3158 3661 interfuit,
3189 3594 3381 3649 Nonno
3407 3594 3520 3663 jam
3561 3595 3763 3663 in'ejus

2299 3706 2422 3746 cum
2455 3706 2549 3759 ter
2574 3706 2828 3745 manuum
2851 3690 3245 3760 impositionem
3270 3690 3582 3761 subrogato,
3606 3691 3698 3760 qui
3727 3699 3777 3743 et

2299 3781 2368 3837 ad
2390 3790 2631 3836 sanctam
2671 3779 2914 3835 eamdem
2942 3778 3300 3836 Chalcedonis
3348 3780 3613 3853 synodum
3662 3782 3777 3834 advt

2298 3880 2384 3926 tus
2412 3870 2603 3925 fuerat.
2636 3869 2893 3925 Perfectis
2922 3877 3103 3925 autem
3132 3870 3196 3924 iis
3222 3886 3342 3941 qua:
3381 3871 3528 3927 circa
3568 3871 3727 3925 tidem
3758 3888 3777 3926 ί

2298 3960 2569 4017 stitucnda
2598 3959 2831 4026 fuerant,
2859 3960 3153 4016 adveniens
3181 3960 3301 4016 lbas
3321 3961 3634 4033 postulavit,
3669 3962 3734 4016 de
3768 3977 3778 4014 ι

2299 4053 2577 4109 stitutione
2596 4051 2697 4107 sibi
2728 4051 2867 4106 facta
2889 4067 3104 4107 causam
3128 4052 3339 4121 agitari,
3362 4067 3468 4121 qua
3496 4054 3565 4109 ab
3581 4054 3778 4126 ορὶεςοι

2299 4141 2669 4211 dcjiciebatur,
2702 4140 3093 4212 prmfatumque
3136 4140 3310 4196 Photii
3360 4141 3731 4213 Eustathiique

2298 4230 2526 4300 fragium
2555 4231 2609 4286 in
2656 4230 2890 4287 medium
2927 4231 3186 4301 protulit;
3238 4232 3382 4303 quod
3434 4248 3558 4288 cum
3601 4234 3777 4303 legere

2299 4324 2648 4380 advenientes
2676 4323 2877 4394 pariter
2904 4332 3249 4378 accusatores
3276 4323 3413 4403 ejus,
3445 4332 3568 4380 acta
3613 4323 3741 4398 Tyri

2299 4416 2585 4481 duxerunt,
2613 4417 2667 4471 in
2698 4416 2895 4486 quibus
2923 4415 3089 4470 etiam
3119 4416 3280 4485 impia
3301 4430 3367 4470 ea
3395 4416 3621 4486 epistola
3652 4427 3777 4472 cont

2298 4508 2475 4563 batur.
2518 4506 2633 4563 Hac
2677 4507 2784 4575 legi
2811 4506 3061 4562 similiter
3086 4514 3283 4577 empta,
3313 4521 3650 4577 cognoscens
3676 4507 3778 4561 Iba:

615 4608 633 4641 ε
663 4590 942 4643 Κελεύσατε
969 4592 1252 4661 ἀναγνῶναι
1276 4590 1341 4643 τά
1367 4590 1652 4662 γράμματα
1681 4596 1780 4643 τῶν
1807 4590 2045 4664 κληρικῶν
2064 4590 2193 4646 Ἐδέ-

2220 4613 2273 4673 Ῑ)
2299 4600 2417 4669 ejus
2440 4599 2775 4669 impietatem
2805 4598 3274 4654 condemnandum
3314 4614 3375 4655 se
3395 4599 3617 4655 omnino
3666 4600 3778 4655 fore

608 4705 706 4744 an:
723 4723 737 4745 .
761 4684 842 4737 ἶνα
867 4683 917 4746 έξ
952 4684 1125 4736 αὐτῶν
1152 4684 1341 4755 μάθητε
1370 4682 1453 4738 ὄτι
1481 4682 1736 4757 ἀλλότριος
1764 4686 1864 4753 εἰμι
1888 4691 1988 4738 τῶν
2028 4686 2197 4755 έπαχ-

607 4776 786 4829 θέντων
812 4791 948 4843 μοι.»
970 4775 1062 4826 Καί
1087 4774 1507 4843 ἀναγνωσθέντων
1533 4776 1697 4829 αὐτῶν
1725 4781 2128 4835 κατανοήσαντες
2150 4777 2197 4830 οί

607 4868 874 4923 έπίσκοποι
915 4871 1006 4925 τὴν
1049 4864 1212 4936 ψῆφον
1254 4869 1445 4920 Φωτίου
1498 4869 1582 4922 καί
1618 4868 1904 4922 Εύσταθίου
1927 4908 1942 4931 ,
1988 4870 2070 4921 καί
2105 4875 2195 4927 τὴν

606 4960 741 5015 κειτά
785 4955 899 5013 ἰϐα
936 4960 1197 5031 γενομένην
1244 4962 1573 5034 κατηγορίαν.
1625 4964 1889 5035 ἀπῄτησαν
1933 4962 2086 5015 αὐτὸν
2132 4963 2197 5016 τὰ

606 5054 751 5127 ποιρά
793 5055 982 5108 Φωτίου
1029 5055 1117 5107 καί
1156 5054 1437 5107 Εύσταθίου
1487 5054 1753 5127 κεκριμένα
1791 5053 2083 5128 πληρῶσαι,
2108 5057 2196 5108 καί

604 5139 861 5209 δέξασθαι
879 5146 967 5200 τόν
995 5143 1134 5220 ὅρον,
1165 5140 1219 5198 όν
1249 5145 1280 5202 ἠ
1309 5144 1440 5201 αύτὴ
1468 5143 1589 5217 ἀγία
1628 5141 1842 5203 σύνοδος
1869 5144 2191 5217 ἐξεφώνησεν,

604 5237 688 5288 καί
715 5234 1014 5310 ὑπογράψαι
1032 5237 1082 5289 έν
1109 5237 1266 5309 αύτῷ,
1291 5233 1356 5289 δι’
1377 5232 1438 5289 οὗ
1467 5239 1552 5289 καὶ
1578 5239 1669 5294 τήν
1697 5236 1905 5309 πρώτην
1930 5236 1981 5289 έν
2008 5236 2196 5309 Ἐφέσῳ

602 5323 841 5391 σύνοδον,
871 5332 958 5382 καί
996 5330 1083 5383 τὸν
1110 5330 1159 5382 έν
1183 5327 1346 5400 ἁγίοις
1382 5328 1615 5401 κύριλλον
1633 5369 1647 5393 ,
1677 5331 1761 5383 καί
1790 5334 1882 5388 τήν
1912 5331 2072 5385 αὐτοῦ
2116 5328 2195 5384 δι·

604 5413 880 5473 δασκαλίαν
910 5417 1134 5483 ίδίξατο⁶
1165 5420 1296 5499 ἅπερ
1333 5420 1557 5485 ἅπαντα,
1602 5423 1672 5482 ὡς
1714 5424 2006 5496 εἰρήκαμεν,
2038 5424 2070 5482 ἡ
2098 5444 2199 5493 μυ-

796 5508 956 5567 έκείνη
1009 5511 1256 5588 ἐνυϐρίζει
1310 5513 1584 5574 έπιστολὴ⁸
1635 5511 1699 5568 δι’
1719 5512 1785 5567 ὧν
1834 5513 2192 5570 ἀποδείκνυται

603 5599 776 5654 πάντα
798 5606 966 5654 ταῦτα
995 5605 1085 5658 τήν
1125 5601 1270 5672 ἀγίαν
1296 5605 1347 5656 έν
1374 5602 1644 5661 Χαλκηδόνι
1682 5602 1889 5658 σύνοδον
1918 5606 2000 5659 ἐπί
2025 5626 2191 5659 κατα·-

605 5693 772 5761 κρίσιι
797 5694 883 5746 καί
903 5693 1164 5768 ἀνατροπῇ
1189 5701 1279 5753 τῆς
1299 5696 1514 5757 ἀσεϐοῦς
1548 5696 1735 5757 έκείνης
1760 5697 2031 5757 Ima-rom;
2050 5694 2192 5749 Ἰϐαν

604 5778 1002 5853 παρασιωυοίσαι
1044 5791 1271 5841 ποιῆσαι.
1325 5788 1662 5857 Θαυμάζομεν
1705 5788 1870 5841 τοίνυν
1906 5787 2046 5857 ὑμᾶς
2065 5827 2079 5849 ,
2110 5786 2191 5841 ὄτι

607 5877 698 5932 τήν
722 5877 969 5950 μνσαράν
997 5876 1179 5934 εκείνην
1210 5875 1497 5938 ’ίπιστολὴν
1524 5876 1783 5948 ἐκδικεῖτε,
1811 5878 1869 5938 ἢν
1897 5877 2004 5933 οὐδὲ
2037 5879 2190 5934 αὐτὸς·

2301 4703 2456 4745 suam
2478 4703 2601 4743 esse
2629 4688 2908 4754 fateretur,
2942 4697 3186 4744 actorum
3210 4690 3559 4760 interpellans
3587 4691 3778 4746 lection

2300 4781 2379 4836 sic
2403 4781 2612 4836 locutus
2632 4790 2716 4836 est
2741 4798 2753 4834 :
2785 4778 3118 4837 Clericorum
3140 4780 3539 4837 Edessenorum
3570 4784 3774 4840 litteras

2295 4870 2503 4939 jubete,
2535 4878 2610 4937 ut,
2643 4884 2804 4939 quam
2825 4870 3034 4927 alienus
3061 4871 3131 4926 ab
3159 4871 3224 4927 iis
3251 4872 3373 4938 sim,
3401 4888 3628 4943 quorum
3675 4874 3773 4929 insi

2301 4961 2404 5026 lor,
2435 4962 2802 5029 cognoscatis.
2829 4959 2964 5017 Cum
2993 4962 3109 5019 haec
3138 4963 3341 5032 pariter
3364 4963 3501 5019 lecta
3530 4974 3730 5031 essent,
3759 4983 3778 5021 ‹

2299 5054 2601 5111 siderantes
2644 5054 2886 5123 episcopi
2932 5053 3112 5110 Photii
3150 5053 3521 5125 Eustathiique
3563 5057 3775 5127 sullragi

2299 5155 2464 5216 atque
2492 5146 2791 5202 institutam
2820 5148 3076 5201 adversus
3118 5145 3265 5200 Ibam
3305 5148 3724 5210 accusationem,
3754 5165 3778 5203 c

2299 5239 2526 5295 stituere
2555 5254 2740 5294 rursus
2769 5239 2837 5293 ab
2868 5239 2985 5309 ipso
3013 5238 3224 5308 impleri
3244 5247 3501 5310 oportere
3527 5256 3647 5310 quae
3669 5240 3778 5295 Pho

2300 5340 2463 5401 atque
2490 5331 2805 5388 Eustathius
2842 5332 3237 5402 judicaverant,
3280 5347 3346 5387 ac
3384 5335 3583 5405 suscipi
3624 5335 3777 5389 delini

2300 5440 2425 5481 nem
2445 5440 2607 5493 quam
2633 5425 2749 5495 ipsa
2777 5433 2962 5480 sancta
2991 5425 3229 5497 synodus
3256 5425 3634 5496 conclamavit,
3683 5427 3776 5499 ipsi

2299 5517 2580 5583 subscribi,
2611 5532 2718 5586 qua
2744 5517 2962 5586 quidem
3000 5515 3331 5583 definitione,
3372 5524 3430 5571 et
3456 5518 3680 5588 primam
3706 5517 3778 5588 Ep

2298 5608 2468 5662 sinam
2522 5607 2783 5677 synodum
2810 5649 2825 5675 ,
2881 5615 2939 5663 et
2986 5616 3230 5662 sanctum
3294 5607 3555 5678 Cyrillum
3607 5610 3775 5680 compl

2299 5696 2489 5760 fuerat,
2520 5695 2742 5765 ejusque
2767 5696 3086 5763 doctrinam,
3114 5712 3235 5766 quae
3280 5699 3481 5764 omnia,
3540 5708 3597 5756 ut
3646 5701 3777 5755 anim

2296 5787 2579 5855 vertimus,
2605 5789 2658 5844 in
2682 5788 2882 5843 nefaria
2912 5803 2975 5843 ea
3004 5789 3232 5858 epistola
3281 5789 3525 5849 ludibriis
3568 5802 3778 5848 contenn

2300 5880 2514 5936 bantur.
2539 5879 2631 5937 llis
2654 5889 2829 5938 autem
2850 5881 3133 5939 manifeste
3154 5880 3431 5951 docemur,
3454 5894 3690 5942 sanctam
3708 5883 3778 5951 ips
