4000 6186
256 343 385 400 31⁸1

1476 354 1845 413 JUSTINIANI
1883 355 2019 412 IMP.
2060 355 2414 445 EPISTQLA.

3470 375 3581 435 318

254 454 458 529 ἰξίας,
489 458 599 522 ὗεν
626 468 795 542 Τύρῳ,
833 466 973 528 rixa!
1008 472 1138 541 μετὰ
1183 475 1352 526 ταῦτα
1390 469 1438 523 ἓν
1485 477 1548 544 τῇ
1590 469 1710 544 ἁγία
1759 492 1866 525 κατι

1985 468 2487 528 Chalcedoneusem
2523 473 2785 545 synodum
2828 476 3173 549 disposuisse,
3207 488 3268 537 ut
3305 497 3369 539 ea
3395 487 3576 542 omnia

257 557 579 617 Χαλκηδόνα
606 560 808 634 συνόδῳ
836 565 1110 638 ἐτόλμησεν
1152 565 1283 621 ἰδίαν
1313 570 1479 621 εἰπεῖν
1496 606 1510 630 ,
1537 564 1568 623 ἦ
1600 564 1879 630 ἐκδικῆσαι,

255 651 412 707 ἆλλᾶ
454 655 540 707 καί
584 662 700 716 τοῖς
725 658 992 733 γράμμασι
1032 667 1135 715 τῶν
1173 660 1416 735 κληρικῶν
1441 656 1675 725 Ἐδέσης,
1708 661 1793 712 καί
1818 665 1883 733 τῆ

256 743 432 817 ψήφῳ
459 748 658 802 Φωτίου
686 751 771 802 καί
797 752 1080 805 Εὑσταθίου
1124 753 1391 827 ἐχρήσατο
1429 751 1647 825 πρόςντὸ
1687 751 1882 820 ἀποφυ-

256 842 380 906 γεῖν
406 841 501 895 τήν
524 841 757 914 περὶτῆς
780 841 1005 902 ἀσεϐοῦς
1025 842 1294 902 ἐπιστολῆς
1315 842 1425 897 κατ’
1441 843 1600 898 αὑτοῦ
1622 843 1794 913 γενομέ
1804 862 1885 898 δην

255 930 613 1003 κατηγορίαν.

1984 563 2052 617 ab
2078 561 2167 618 Iba
2193 561 2404 635 tierent,
2435 567 2502 621 ad
2552 568 2728 638 impia:
2755 571 2951 640 saepius
2996 584 3309 631 memorata:
3337 577 3581 647 epistola)

1983 654 2316 709 eversionem
2347 664 2514 725 atque
2552 659 3078 717 condemnationem.
3121 663 3377 721 Miramur
3413 667 3579 737 igitur

1982 758 2080 798 vos
2098 743 2274 801 adhuc
2304 745 2499 815 iniqua:
2519 747 2567 802 ei
2587 748 2829 818 epistolae
2849 751 3194 820 patrocinari,
3219 768 3380 822 quam
3403 771 3579 827 neque

1983 835 2103 893 lbas
2130 838 2268 907 ipse,
2296 839 2382 893 vel
2411 839 2558 911 Tyri,
2590 841 2673 896 vel
2704 850 2827 911 post
2854 858 2939 904 ea,
2981 860 3101 913 quae
3146 845 3220 900 ibi
3263 854 3385 902 acta
3427 856 3572 913 sunt,

1983 927 2039 982 in
2066 939 2252 983 sancta
2279 928 2699 987 Cbalcedonensi
2728 932 2934 1003 synodo
2962 948 3116 988 suam
3164 948 3328 990 ausus
3354 944 3439 992 est
3476 951 3577 1006 ap-

1980 1017 2207 1087 pellare,
2236 1034 2411 1089 neque
2438 1020 2707 1076 sustinere
2725 1063 2741 1087 ,
2770 1023 2897 1092 quin
2938 1024 3117 1094 potius
3144 1024 3273 1079 cieri
3313 1024 3576 1081 Edesseni

256 1107 494 1176 litteris,
520 1110 832 1182 Photiique,
861 1121 1024 1184 atque
1051 1112 1318 1168 Eustatbii
1338 1110 1591 1181 sull‘ragio
1626 1125 1752 1167 usus
1781 1118 1861 1166 est
1885 1149 1902 1177 ,
1942 1116 2003 1164 ut
2041 1109 2338 1163 institutam
2366 1109 2653 1165 adversum
2693 1126 2753 1167 se
2785 1112 2854 1167 ob
2876 1112 3092 1182 impiam
3122 1112 3267 1169 illam
3292 1115 3576 1185 epistolam

256 1199 586 1257 declinaret
609 1205 1031 1260 accusationem.

336 1296 477 1368 Πρὸς
508 1294 561 1351 δέ
588 1305 698 1358 τοῖς
726 1295 890 1358 ἄλλοις
919 1297 1088 1353 ἅπασι
1110 1305 1226 1359 τοῖς
1250 1304 1417 1358 κακῶς
1430 1294 1553 1372 παρ’
1567 1298 1707 1367 ὑμῶν
1728 1285 1878 1369 έρμη-

253 1389 521 1452 νενθεῖσι,
552 1393 636 1443 καί
664 1394 755 1453 τῆν
780 1391 1018 1461 Εὐνομίου
1050 1389 1314 1445 διαλαλιάν
1339 1393 1430 1449 τῆν
1453 1391 1573 1464 περὶ
1596 1385 1713 1443 Ἴϐα
1736 1408 1877 1462 γενο·

257 1478 426 1547 μένην
471 1476 607 1552 πρὸς
641 1478 806 1552 ψευδῆ
841 1478 1034 1535 ἔννοιαν
1076 1482 1409 1553 μετηγάγετε,
1441 1479 1877 1550 διαϐεϐαιούμενοι

254 1577 352 1630 τήν
398 1570 673 1626 διαλαλιάν
724 1574 971 1642 Εὐνομίαν
1016 1574 1149 1645 ὑπὲρ
1191 1579 1284 1632 τῆς
1332 1572 1562 1631 ἀσεϐοῦς
1602 1571 1875 1631 ἐπιστολῆς

250 1661 601 1733 γεγενῆσθαι.
638 1663 849 1733 Λέγεται
884 1663 984 1737 γάρ
1012 1662 1273 1736 περιέχειν
1301 1667 1392 1720 τήν
1418 1662 1572 1720 αὐτὴν
1598 1659 1869 1723 διαλαλιάν,

254 1751 347 1807 ὅτε
378 1755 438 1807 έν
468 1760 576 1812 τοῖς
606 1753 870 1829 ἀνωτέροις
913 1760 1005 1812 τῆς
1047 1753 1318 1812 ἐπιστολῆς
1361 1751 1584 1826 ὑϐρίσας
1611 1748 1756 1812 ἰϐας
1786 1752 1872 1805 τὸν

251 1846 307 1899 έν
337 1845 519 1918 ἁγίοις
545 1845 809 1920 Κύριλλον,
831 1846 881 1899 έν
909 1853 1021 1905 τοῖς
1043 1846 1352 1906 τελευταίοις
1381 1846 1557 1901 ἑαυτὸν
1573 1847 1874 1920 ἑτι-ἀνωρθώ-

250 1951 428 1990 σατο⁶
462 1931 618 1990 ὁπότε
648 1933 791 1995 δῆλόν
829 1935 943 1991 ἐστι
971 1940 1061 1994 τήν
1088 1936 1339 2006 Εὐνομίαν
1369 1934 1640 1998 διαλαλιάν,
1665 1938 1725 1989 οὑ
1754 1938 1874 2010 περί

249 2038 352 2087 τῆς
369 2028 604 2086 ἀσεϐοῦς
632 2028 824 2087 ἐκείνης
845 2027 1137 2092 ἐπιστολῆς,
1154 2027 1280 2081 ἀλλά
1301 2030 1421 2100 περί
1443 2035 1534 2086 τῆς
1554 2028 1873 2086 καταθέσεως

251 2118 384 2175 ἰϐα
414 2128 512 2179 τῆς
543 2121 595 2173 ἐν
622 2121 774 2194 Τύρῳ
800 2120 1068 2192 γινομένης
1112 2120 1260 2194 ποιρά
1302 2121 1472 2188 Φωτίῳ
1498 2121 1579 2171 καί
1608 2119 1872 2187 litim-«06',»

254 2215 525 2291 ιῖρῆσθαι.
553 2210 632 2267 Ἐν
649 2214 754 2287 γάρ
773 2226 882 2272 τοῖς
908 2213 1033 2270 παρ’
1047 2212 1229 2271 αὑτοῖς
1252 2211 1624 2284 πεπραγμένοις
1652 2217 1872 2283 φανερῶς

251 2295 414 2362 ἰἷας
451 2302 795 2372 ὡμολόγησεν,
821 2304 886 2362 ὡς
907 2304 989 2356 καί
1005 2302 1240 2378 ἀνωτέρω
1257 2302 1538 2375 εἰρήκαμεν,
1561 2301 1660 2375 πρό
1684 2301 1869 2354 τούτου

245 2396 349 2463 μέν
378 2396 522 2462 μετά
552 2402 651 2448 τῶν
680 2392 841 2461 ἄλλων
882 2394 1182 2448 ἀνατολικῶν
1209 2394 1505 2448 ἐπισκόπων
1542 2392 1757 2467 ὑϐρίσαι
1784 2395 1870 2447 τὸν

252 2490 303 2541 ἰν
331 2486 512 2559 ἁγίοις
541 2487 799 2561 Κύριλλον,
832 2483 913 2540 ὅτε
938 2487 1128 2558 μεταξὺ
1156 2487 1320 2541 αὐτῶν
1359 2483 1591 2556 διχόνοια
1628 2481 1703 2543 ἦν’
1735 2487 1866 2555 μετὰ

252 2574 307 2630 δὲ
334 2581 441 2634 τήν
466 2575 649 2629 ἕνωσιν
669 2581 762 2634 τὴν
791 2578 980 2645 μεταξὺ
1013 2569 1175 2631 αὐτῶν
1215 2574 1480 2646 γενομένην
1500 2617 1510 2633 ,
1541 2572 1693 2646 μηδὲν
1721 2574 1869 2648 ὑϐρι-

253 2670 441 2724 στικὸν
465 2671 629 2723 εἰπεῖν
675 2671 807 2723 κατά
834 2675 924 2722 τοῦ
955 2670 1004 2722 ἐν
1034 2668 1199 2739 ἁγίοις
1238 2668 1579 2744 κυρίλλουξέξ
1610 2664 1667 2726 ἧς
1693 2667 1868 2735 ὁμολο-

244 2762 377 2828 γίας
411 2760 659 2834 εὑρίσκων
686 2760 924 2829 Εὑνόμιος
951 2756 1099 2813 Ἴϐαν
1125 2766 1328 2834 πρῶτον
1356 2761 1445 2829 μὲν
1470 2758 1758 2831 ὑϐρίσαντα
1785 2759 1869 2812 τὸν

246 2855 305 2907 έν
354 2852 530 2921 ἁγίοις
578 2852 831 2926 Εὑριλλον,
857 2852 987 2923 μετά
1031 2858 1197 2905 ταῦτα
1235 2849 1290 2906 δέ
1334 2850 1756 2920 ἀπολογούμενον,
1786 2853 1869 2905 καί

245 2941 475 3008 λέγοντα
503 2935 580 2993 ὅτι
612 2940 742 3008 μετὰ
770 2944 861 2996 τήν
895 2938 1071 2992 ἕνωσιν
1108 2936 1246 2992 οὐδέν
1272 2937 1569 3011 ὑϐριστικὸν
1621 2939 1749 2991 κατά
1773 2943 1866 2992 τοῦ

246 3030 299 3080 ἓν
332 3031 511 3101 ἁγίοις
546 3025 655 3084 εἷπε
703 3030 976 3105 Κυρίλλου,
1016 3036 1105 3088 τήν
1150 3029 1581 3099 μνημονευθεῖσαν
1627 3030 1864 3086 ἐποίησεν

247 3120 547 3177 dulciter».
594 3117 709 3175 Ὀτι
748 3118 803 3174 δέ
840 3121 872 3178 ῆ
914 3122 1250 3195 προειρημένη
1292 3120 1484 3179 ἀσεϐής
1518 3120 1789 3179 ἐπιστολή,
1831 3121 1861 3176 ἡ

241 3212 505 3282 λεγομένη
550 3208 687 3277 ἰϐα,
718 3212 893 3271 πάσης
922 3212 1184 3274 ἀσεϐείας,
1212 3215 1296 3265 καί
1330 3218 1430 3267 τῶν
1457 3212 1584 3265 κατά
1628 3211 1861 3288 Κυρίλλου

250 3305 469 3378 ὕϐρεων
506 3304 594 3359 ἀπ’
625 3308 800 3379 ἀρχῆς
827 3306 923 3365 ἕως
949 3306 1128 3366 τέλους
1172 3306 1523 3381 πεπλήρωται,
1567 3304 1727 3360 mide-ai
1760 3308 1860 3377 an.

244 3395 580 3466 ῳιεὰλλεταϋ
616 3397 723 3450 ἀλλ’
758 3395 866 3451 οὐδὲ
894 3395 1011 3466 ἔχει
1040 3396 1182 3469 λόγον
1207 3399 1266 3453 τὸ
1295 3403 1578 3452 πιστεῦσαι
1604 3394 1681 3451 ὅτι
1710 3398 1859 3451 Εὐνό-

248 3506 383 3552 suo;
410 3487 477 3540 τά
516 3494 699 3560 πρῶτα
724 3490 815 3558 μέν
844 3486 1040 3543 διέϐαλε
1068 3495 1158 3548 τῆς
1187 3489 1478 3552 ἐπιστολῆς,
1511 3490 1580 3548 ὡς
1623 3490 1771 3553 κακά,
1799 3489 1864 3542 τά

248 3580 538 3633 τελευταῖα
567 3578 621 3634 δέ
650 3582 863 3655 χείρονα
887 3576 1009 3635 ὄντα
1050 3582 1309 3653 ἐπῄνεσεν.
1338 3578 1518 3639 Οὐδείς
1543 3580 1641 3653 γὰρ
1683 3580 1863 3653 εὐφρο-

250 3680 364 3728 νῶν
388 3670 708 3742 ἀποδέχεται
744 3675 832 3728 τὸν
858 3675 944 3727 έπί
974 3673 1082 3733 ίνὸς
1109 3676 1195 3727 καί
1221 3678 1315 3728 τοῦ
1351 3673 1504 3727 αὑτοῦ
1532 3673 1858 3747 πράγματος,

257 3765 394 3831 ὁμοῦ
425 3766 513 3818 τὸν
547 3764 704 3819 αὑτὸν
750 3764 1053 3819 ἐπαινοῦντα
1094 3766 1177 3817 καί
1216 3762 1462 3835 ψέγεντα.
1494 3760 1560 3815 Εἴ
1588 3782 1667 3821 τις
1692 3764 1859 3817 τοίνυν

256 3864 358 3913 τήν
380 3858 616 3925 εὑνομίου
647 3854 906 3912 διὼλιάν
934 3856 1170 3927 τολμήσει
1192 3856 1351 3927 λέγειν
1374 3858 1443 3922 μῆ
1558 3850 1673 3907 ἰϐα
1701 3875 1861 3908 κατα·

254 3947 397 4000 Elian
422 3954 488 4020 τῇ
528 3947 578 4001 έν
612 3948 764 4021 Τύρῳ
802 3948 1057 4021 γενομένῃ,
1093 3946 1221 4000 ἀλλά
1259 3952 1331 4019 τῷ
1358 3943 1471 4016 ὕφει
1507 3942 1741 4018 συνᾴδειν
1765 3951 1858 4006 τῆς

255 4038 693 4107 μνηθαονιυθείσης
750 4038 976 4100 ἀσεϐοῦς
1018 4037 1322 4103 ἐπιστολῆς,
1364 4041 1455 4095 τῆν
1496 4043 1588 4097 τῆς
1630 4035 1858 4096 ἀληθείας

261 4126 560 4181 ἐκολουθίαν
579 4130 636 4182 οὐ
664 4127 924 4199 φυλάττει,
952 4126 1056 4183 ἀλλ’
1079 4131 1147 4188 ὠς
1176 4128 1428 4206 αίρετικὸς
1453 4127 1598 4206 ὕϐριν
1621 4136 1728 4189 τοῖς
1750 4149 1858 4184 πα·-

258 4219 454 4292 τράσιν
478 4220 798 4294 προσάπτειν
825 4218 1122 4283 σπουδάζει.

2054 1293 2135 1348 Ad
2161 1303 2355 1349 caetera
2384 1310 2548 1364 porro
2599 1295 2780 1350 omnia
2808 1297 3039 1365 pessime
3066 1313 3097 1352 a
3129 1299 3282 1355 vobis
3323 1301 3567 1371 exposita

1981 1385 2253 1455 adjecistis
2280 1385 2466 1451 etiam,
2506 1394 2566 1440 ut
2608 1384 2860 1457 Eunomii
2905 1386 3320 1456 divulgationem
3367 1390 3436 1445 de
3480 1390 3577 1447 Iba

1978 1476 2175 1533 factam
2203 1477 2446 1533 mendaci
2475 1478 2827 1547 intelligentia
2856 1483 3265 1550 perverteretis,
3297 1483 3572 1538 alllrman-

1979 1578 2060 1624 tes
2088 1584 2209 1624 eam
2237 1567 2487 1623 Eunomii
2516 1570 2933 1637 divulgationem
2966 1587 3130 1642 super
3167 1572 3329 1643 impia
3358 1574 3572 1651 caepi-

1978 1659 2116 1715 stola
2146 1659 2455 1715 institutam
2473 1675 2614 1716 esse.
2646 1660 2840 1716 Fertur
2866 1664 3007 1716 enim
3037 1663 3151 1718 hate
3179 1665 3231 1718 in
3255 1664 3369 1734 ipsa
3398 1666 3571 1719 conti-

1978 1748 2094 1803 neri
2121 1766 2134 1802 :
2158 1748 2303 1817 quod
2327 1766 2448 1805 cum
2471 1750 2525 1804 in
2551 1751 2731 1821 priore
2752 1752 2990 1821 epistolae
3015 1760 3164 1822 parte
3192 1754 3309 1809 lbas
3328 1763 3573 1811 sanctum

1977 1836 2233 1909 Cyrillum
2279 1838 2487 1907 injuriis
2511 1839 2879 1910 proscidissct,
2909 1843 3053 1912 circa
3097 1843 3257 1898 linem
3289 1852 3468 1898 tamen
3511 1860 3582 1900 se.

1976 1930 2149 1998 ipsum
2196 1931 2516 1999 corrigendo
2554 1932 2959 1989 emendaverit:
3000 1950 3124 1990 cum
3170 1944 3352 1991 tamen
3400 1940 3570 1993 mani-

1974 2020 2169 2077 festum
2208 2023 2280 2078 sit
2317 2022 2565 2093 Eunomii
2604 2039 2726 2079 eam
2756 2024 3204 2081 declamationem
3234 2029 3455 2084 minime
3500 2028 3575 2085 ad

1974 2113 2194 2182 impiam
2224 2129 2344 2169 eam
2395 2116 2681 2184 epistolam
2731 2118 3021 2186 pertinere,
3068 2118 3162 2172 sed
3191 2118 3259 2174 de
3307 2120 3567 2190 subroga-

1974 2204 2143 2271 tione,
2180 2218 2298 2271 quae
2344 2203 2471 2275 Tyri
2508 2204 2612 2259 lbae
2661 2205 2801 2260 facta
2841 2206 3018 2261 fuerat
3065 2223 3164 2278 per
3220 2210 3466 2264 Photium
3514 2200 3565 2267 et

1973 2290 2306 2347 Eustathium
2355 2293 2407 2348 in
2442 2310 2506 2349 ea
2536 2310 2843 2351 sermonem
2888 2297 3115 2359 institui.
3164 2296 3222 2352 In
3252 2300 3387 2355 actis
3420 2301 3564 2356 enim

1974 2384 2115 2454 apud
2142 2384 2287 2453 ipsos
2316 2384 2596 2440 manifeste
2631 2386 2802 2441 fassus
2834 2396 2916 2441 est
2939 2387 3078 2453 lbas,
3116 2389 3565 2457 quemadmodum

1973 2475 2133 2529 etiam
2164 2475 2410 2544 superius
2432 2475 2800 2540 indicavimus,
2825 2491 2884 2530 se
2904 2485 3032 2531 ante
3058 2477 3172 2532 haec
3193 2494 3317 2533 cum
3345 2479 3564 2549 reliquis

1972 2565 2206 2619 Orientis
2252 2565 2522 2634 episcopis
2570 2574 2816 2623 sanctum
2865 2563 3121 2636 Cyrillum
3177 2567 3383 2636 injuriis
3434 2568 3564 2623 alle-

1971 2666 2127 2730 cisse,
2157 2680 2276 2720 cum
2301 2665 2509 2719 scilicet
2529 2664 2765 2734 ipsorum
2792 2664 3015 2735 ejusque
3048 2666 3232 2736 dispar
3257 2676 3402 2724 esset
3438 2684 3562 2724 sen-

1972 2757 2138 2810 tentia
2169 2773 2179 2807 :
2214 2764 2337 2825 post
2364 2764 2563 2820 autem,
2595 2754 2793 2809 unione
2814 2755 2955 2809 inter
2980 2756 3126 2826 ipsos
3147 2758 3402 2827 perfecta,
3428 2760 3558 2815 nihil

1971 2847 2190 2901 omnino
2216 2848 2283 2901 ab
2312 2864 2370 2902 se
2398 2848 2711 2918 injuriosum
2744 2851 2794 2904 in
2825 2861 3068 2906 sanctum
3095 2851 3352 2924 Cyrillum
3396 2853 3560 2910 fuisse

1970 2938 2269 3008 prolatum;
2303 2956 2369 2994 ex
2399 2957 2503 3011 qua
2546 2941 2650 2996 Iba:
2680 2942 3038 3003 confessione.
3074 2942 3367 2999 Eunomius
3414 2945 3559 2999 Ibam

1970 3031 2199 3099 primum
2241 3031 2294 3084 in
2337 3040 2580 3086 sanctum
2609 3031 2864 3103 Cyrillum
2915 3033 3136 3102 injurias
3179 3045 3559 3103 congerentem

1965 3123 2262 3192 reperiens,
2295 3132 2418 3193 post
2444 3132 2624 3179 autem
2650 3125 3072 3194 resipiscentem,
3102 3126 3444 3196 aientemque
3465 3127 3559 3184 abs

1965 3234 2025 3275 se
2055 3220 2186 3274 nihil
2208 3220 2449 3285 omnino,
2484 3229 2606 3290 post
2624 3222 2972 3277 constitutam
2997 3223 3271 3289 unionem,
3299 3222 3560 3280 adversus

1965 3320 2207 3366 sanctum
2235 3310 2491 3382 Cyrillum
2520 3312 2679 3367 fuisse
2715 3312 3002 3382 prolatum,
3044 3322 3396 3368 memoratam
3429 3329 3559 3384 per-

1966 3400 2095 3456 fecit
2118 3400 2590 3456 declamationem.
2624 3401 2832 3457 Nemini
2867 3419 3031 3473 porro
3060 3403 3280 3459 dubium
3311 3420 3431 3462 esse
3459 3420 3557 3476 po-

1967 3501 2090 3560 test,
2124 3494 2415 3549 indicatam
2456 3494 2675 3563 impiam
2702 3496 2985 3565 epistolam
3035 3496 3140 3551 lbze
3164 3498 3442 3564 tributam,
3486 3499 3556 3553 ab

1969 3584 2124 3639 initio
2166 3584 2234 3639 ad
2281 3591 2583 3639 extremum
2610 3586 2756 3640 omni
2803 3586 3083 3655 iniquitate
3146 3595 3307 3656 atque
3339 3588 3390 3642 in
3432 3603 3553 3642 sano

1967 3687 2112 3734 ctum
2179 3675 2439 3749 Cyrillum
2483 3677 2811 3733 contumelia
2857 3686 3069 3733 scatere
3098 3722 3112 3745 ,
3160 3694 3335 3748 neque
3379 3694 3555 3734 causa!

1966 3770 2238 3839 quidpiam
2265 3776 2369 3837 est,
2399 3776 2460 3825 ut
2504 3768 2775 3837 credatur,
2825 3768 3143 3825 Eunomium
3189 3771 3397 3841 priores
3441 3772 3553 3841 epi-

1965 3861 2120 3916 stolae
2160 3868 2361 3930 partes,
2414 3867 2667 3930 tanquam
2706 3874 2900 3930 pravas
2947 3858 3272 3926 traduxisse,
3323 3860 3553 3943 reliquas

1964 3968 2116 4020 vero,
2157 3967 2275 4022 quae
2303 3952 2517 4023 pejores
2564 3960 2711 4019 sunt,
2766 3950 3014 4006 laudibus
3057 3950 3250 4008 efferre
3296 3952 3553 4008 voluisse.

1963 4044 2135 4100 Nemo
2183 4044 2327 4099 enim
2368 4044 2626 4100 cordatus
2667 4043 2863 4114 probat
2907 4057 3033 4098 eum
3078 4044 3171 4113 qui
3212 4044 3368 4099 unius
3415 4044 3553 4113 ejus-

1964 4134 2196 4204 demque
2233 4151 2299 4191 ac
2337 4134 2525 4190 similis
2566 4136 2644 4189 rei
2690 4134 2848 4189 simul
2896 4134 3144 4190 laudator
3169 4136 3258 4198 sit,
3309 4136 3554 4205 idemque

1964 4224 2317 4295 vituperator.
2350 4224 2602 4293 Quisquis
2631 4224 2794 4293 igitur
2813 4223 3063 4279 Eunomii
3110 4224 3554 4281 declamationem

1963 4329 2073 4370 non
2121 4313 2188 4368 ad
2236 4314 2342 4369 Iba:
2395 4315 2832 4383 subrogationem
2871 4313 2998 4385 Tyri
3043 4314 3241 4370 factam
3285 4325 3554 4388 Spectare,

260 4416 452 4457 verum
493 4403 567 4459 ad
612 4404 790 4477 impia:
830 4414 1141 4462 memorata:
1182 4406 1513 4477 epistolas...
1560 4407 1831 4477 pertinere
1853 4448 1869 4473 ,
1908 4406 2170 4477 quisquis,
2203 4406 2443 4474 inquam,
2485 4404 2542 4460 id
2587 4404 2769 4461 dicere
2794 4405 2977 4474 audet,
3027 4405 3072 4461 is
3092 4406 3312 4462 minime
3338 4409 3552 4463 veritati

263 4492 603 4563 obsequitur,
640 4511 851 4565 verum,
889 4495 1056 4552 veluti
1100 4496 1386 4552 haereticus
1424 4494 1672 4552 Patribus
1717 4496 1969 4567 injuriam
1998 4494 2191 4551 aﬁ'erre
2219 4496 2425 4550 nititur.

337 4586 433 4639 ιαί
456 4588 527 4646 είς
548 4591 703 4641 τοῦτο
722 4584 777 4641 δέ
800 4587 1161 4660 ιθαυμάσαμεν
1203 4584 1280 4642 ὅτι
1304 4589 1504 4662 γράψαι
1524 4587 1850 4657 ὑπεμείνατε,

2029 4585 2206 4655 Atque
2232 4586 2285 4642 id
2313 4586 2475 4642 etiam
2505 4587 2684 4642 mirati
2708 4604 2911 4655 sumus,
2943 4589 3087 4658 quod
3115 4589 3357 4645 scribere
3395 4591 3551 4647 veriti

264 4677 334 4729 τά
359 4676 606 4748 κεφάλαια
631 4681 722 4747 μέν
744 4684 834 4733 τοῦ
863 4680 914 4733 έν
938 4677 1100 4753 ἁγίοις
1145 4680 1395 4753 Κυρίλλου
1440 4682 1671 4736 σκοτειιά
1705 4675 1854 4736 εἶναι·

265 4768 360 4824 τήν
383 4763 439 4819 δέ
464 4767 629 4825 ἀσεϐῆ
654 4767 944 4833 έπιστολῆν,
977 4770 1045 4828 ὡς
1073 4774 1161 4823 τοῦ
1200 4768 1346 4840 ἁγίου
1374 4772 1661 4840 πνεύματος
1694 4769 1859 4839 μεσά-

266 4860 445 4918 ζοντκ
491 4855 871 4928 ἀποδεχθε”σαν
918 4859 1221 4929 έπῃνέσατε·
1252 4862 1339 4913 καί
1363 4855 1566 4933 φανερόν
1611 4860 1751 4914 έστιν
1781 4856 1859 4913 ὅτι

228 4936 437 5005 ’ταῦτα
475 4951 541 5005 τά
578 4952 781 5028 ῥήματα
805 4954 897 5005 οὑκ
922 4953 972 5015 ιξ
1000 4951 1147 5023 ἁγίου
1176 4954 1485 5023 πνεύματος,
1526 4951 1695 5015 ἀλλίξ
1723 4953 1860 5025 ένερ-

263 5045 409 5111 γιίας
433 5047 529 5096 τοῦ
554 5049 777 5118 πονηροῦ
818 5045 1111 5116 πνεύματος
1154 5045 1486 5117 προηγάγετε⁸
1519 5041 1597 5100 ὅτι
1624 5046 1746 5104 τοὺς
1772 5046 1862 5115 μὲν

262 5131 501 5205 πατέρας
530 5135 619 5186 καί
643 5130 981 5195 διδασκάλους
1005 5141 1098 5194 τῆς
1125 5134 1395 5194 έκκλησίας
1433 5135 1720 5193 σκοτεινοὺς
1749 5136 1863 5189 ἐκα-

262 5219 476 5290 λέσατε,
506 5229 596 5283 τῆν
622 5222 676 5279 δέ
710 5222 1005 5288 κακοδοξίαν
1029 5232 1122 5285 τῆς
1164 5225 1433 5286 έπιστολῆς
1471 5227 1600 5296 μετά
1627 5225 1861 5297 βλασφη-

262 5314 394 5382 μίας
418 5313 722 5383 έπῃνέσατν
769 5310 880 5367 ὅθεν
905 5314 1067 5373 καλῶς
1094 5312 1304 5388 ἁρμόζει
1341 5316 1428 5368 καί
1471 5314 1609 5384 ὑμῖν,
1638 5317 1724 5369 καί
1749 5323 1862 5375 τοῖς

263 5399 439 5463 moi;
465 5410 580 5463 τοῖς
605 5403 673 5457 τά
695 5403 1033 5477 παραπλήσια
1052 5403 1175 5474 ὑμῖν
1196 5407 1433 5476 περὶτῶν
1456 5403 1613 5475 ἁγίων
1630 5405 1864 5480 πατέρων

264 5501 544 5572 φρονοῦσι,
588 5497 649 5550 τὸ
693 5496 837 5571 παρὰ
875 5499 968 5549 τοῦ
1014 5494 1161 5567 ἁγίου
1204 5496 1398 5570 Πέτρου
1442 5501 1531 5549 τοῦ
1579 5495 1862 5549 ἀποστόλου

265 5587 415 5659 ῥηθέν
441 5588 562 5659 περὶ
584 5592 687 5641 τῶν
712 5590 878 5645 κακῶς
902 5582 1147 5639 νοοὺντων
1171 5586 1265 5645 τάς
1290 5584 1564 5643 ἐπιστολάς
1591 5592 1680 5638 τοῦ
1712 5584 1859 5656 ἁγίου

266 5679 467 5733 Παύλου
499 5694 519 5728 ε
554 5676 633 5734 ὃτι
652 5683 820 5733 ταῦτα
846 5678 890 5731 oi
922 5679 1128 5750 ἀμαθεῖς
1168 5681 1251 5732 καί
1280 5680 1577 5753 ἀστήρικτοι
1602 5677 1863 5751 στρεϐλὼ-

268 5785 453 5825 σουσιν
480 5766 533 5840 [ἦ
554 5767 928 5844 στρεϐλοῦσιν],
959 5773 1027 5831 ὡς
1052 5773 1140 5826 καί
1164 5771 1257 5831 τάς
1284 5769 1463 5829 λοιπάς
1488 5768 1705 5843 γραφάς,
1730 5770 1860 5845 πρὸς

267 5867 366 5927 τήν
391 5859 524 5921 ἰδίαν
549 5862 715 5917 αὐτῶν
735 5864 1000 5921 ἀπώλειαν.
1025 5882 1045 5918 ι
1071 5863 1222 5921 Οὕτω
1247 5867 1411 5919 τοίνυν
1434 5865 1519 5917 καί
1541 5866 1664 5932 ὑμῖν
1691 5869 1858 5925 κακῶς

1959 4679 2180 4735 minime
2205 4679 2335 4734 sitis.
2371 4680 2555 4734 Sancti
2577 4679 2759 4751 Cyrilli
2784 4681 2961 4751 capita
2986 4680 3212 4736 obscura
3240 4696 3380 4748 esse,
3404 4697 3550 4737 eam-

1961 4786 2067 4841 que
2094 4770 2311 4842 impiam
2358 4772 2658 4844 epistolam,
2709 4782 2962 4843 tanquam
3005 4774 3206 4846 Spiritu
3249 4785 3440 4834 sancto
3467 4778 3550 4834 af-

1962 4859 2143 4927 llante,
2176 4862 2566 4918 clarescentem
2596 4863 2959 4920 laudaveritis.
2993 4865 3329 4923 Manifestqu
3358 4876 3443 4923 est
3478 4869 3549 4925 si-

1962 4950 2182 5020 quidem
2208 4952 2371 5007 verba
2396 4953 2512 5009 haec
2549 4970 2657 5009 non
2700 4954 2932 5025 Spiritus
2967 4958 3139 5013 sancti
3186 4957 3405 5022 virtute,
3456 4960 3549 5016 sed

1966 5042 2185 5110 maligni
2226 5045 2445 5114 spiritus
2486 5045 2689 5114 impetu
2715 5062 2747 5099 a
2777 5047 2930 5101 vobis
2956 5061 3078 5102 esse
3123 5048 3330 5117 prolata
3363 5065 3377 5099 :
3425 5065 3549 5104 cum

1966 5130 2155 5189 Patres
2178 5131 2543 5204 Ecclesizeque
2572 5137 2857 5204 magistros
2878 5136 3224 5192 obscuritatis
3253 5138 3550 5210 redargue-

1965 5222 2102 5290 ritis,
2134 5224 2378 5294 epistola:
2405 5233 2585 5281 autem
2612 5227 2754 5282 illius
2781 5228 3038 5281 malitiam
3082 5226 3550 5299 blaspltemiasque

1967 5312 2213 5370 laudibus
2240 5316 2544 5372 extuleritis
2568 5335 2581 5369 :
2614 5317 2964 5386 quamobrem
2990 5324 3139 5371 recte
3164 5318 3420 5373 convenit
3450 5335 3550 5375 vu-

1967 5402 2050 5457 bis
2077 5405 2394 5476 caeterisque
2422 5407 2671 5463 omnibus
2711 5407 2907 5462 similia
2947 5405 3015 5459 de
3050 5406 3253 5462 sanctis
3293 5406 3548 5466 Ecclesiae

1967 5493 2217 5551 Patribus
2242 5497 2615 5563 sentientibus,
2648 5495 2779 5551 illud
2818 5511 2853 5550 a
2898 5495 3059 5551 Petro
3101 5498 3351 5567 apostolo
3384 5499 3455 5556 de
3486 5500 3548 5558 iis

1964 5585 2183 5652 dictum,
2208 5588 2300 5657 qui
2329 5587 2598 5657 Epistolas
2626 5588 2798 5642 sancti
2828 5587 2976 5643 Pauli
3007 5600 3258 5660 perverse
3286 5589 3546 5660 intellige-

1962 5677 2132 5731 bant:
2163 5678 2300 5748 quod
2322 5679 2416 5733 has
2440 5679 2635 5733 indocti
2659 5688 2812 5751 atque
2838 5680 3104 5736 instabiles
3153 5672 3456 5752 depravanl,
3493 5696 3547 5738 ut

1961 5784 2013 5828 et
2050 5783 2262 5829 cetera:
2300 5773 2622 5844 Scripturas,
2653 5773 2723 5827 ad
2752 5790 2901 5831 suam
2940 5776 3168 5847 ipsorum
3207 5776 3550 5845 perditionem

1963 5865 2052 5937 (Il
2081 5864 2223 5922 Petr.
2255 5883 2331 5938 ut,
2364 5866 2473 5925 l6).
2504 5866 2595 5925 Sic
2622 5866 2805 5938 itaque
2829 5869 2983 5926 vobis
3001 5867 3165 5923 etiam
3194 5882 3359 5938 prave
3385 5868 3543 5927 intel-
