4000 6186
643 347 702 401 Sil
715 347 748 399 ε)
2016 356 2305 418 νιοιιιυε
2344 360 2540 420 ΡΑΡΔ·.

634 477 811 528 νοοῦσι
851 475 1080 530 σκοτεινά
1108 468 1235 528 εἶναι
1261 469 1399 528 δοκεῖ
1426 473 1491 530 τά
1514 475 1659 552 παρά
1695 480 1797 532 τῶν
1834 482 1925 535 τῆς
1951 476 2214 539 ἐκκλησίας

2212 499 2217 510 ’
2248 482 2293 539 Α
2321 477 2609 549 ligentibus
2634 492 2699 538 ea
2727 494 2847 554 qua
2874 483 2944 540 ab
2968 483 3226 544 Ecclesia:
3253 486 3521 558 magistris
3547 489 3743 546 tradita
3766 506 3792 547 s

639 566 970 636 διδασκάλων,
988 573 1071 623 καί
1093 576 1193 625 τῶν
1215 569 1359 625 θείων
1378 580 1577 644 γραφῶν
1594 567 1923 642 έκτεθειμίνα.
1948 572 2036 625 καί
2058 577 2219 627 ταῦτα

2214 593 2226 627 ι
2326 579 2491 649 atque
2519 588 2588 629 ex
2616 574 2809 631 divinis
2854 575 3047 633 litteris
3085 579 3275 634 hausta
3304 582 3532 638 obscura
3564 598 3687 640 esse
3720 584 3794 640 vic

633 661 727 728 μέν
767 663 833 715 τά
876 663 995 737 περὶ
1035 656 1172 725 ἰϐα,
1203 663 1290 717 καί
1340 668 1433 723 τῆς
1479 662 1702 724 ἀσεϐοῦς
1741 664 1925 722 έκείνης
1955 661 2213 725 ἐπιστολῆς

2213 685 2225 723 ,-
2324 668 2431 717 tur.
2458 662 2633 732 Atque
2653 664 2768 720 haec
2795 666 3011 736 quidem
3039 668 3106 724 de
3134 667 3225 724 lba
3245 678 3407 740 atque
3453 672 3617 743 impia
3661 674 3753 730 illa
3792 712 3793 715 η

638 751 770 807 οὕτω
787 752 1302 825 παρακολουθήσαντα
1328 752 1386 809 ἒν
1403 776 1511 811 τισι
1537 754 1749 826 βιϐλίοις
1777 756 2110 831 εὑρίσκονται.

2312 751 2461 829 ⁶διοιει
2486 751 2540 807 in
2572 753 2840 826 aliquibus
2871 756 3021 814 libris
3046 769 3381 829 perscrutata
3404 765 3767 835 reperiuntur.

704 840 894 898 Είδέναι
937 842 992 898 δέ
1032 845 1171 916 ὑμᾶς
1211 850 1321 921 χρὴ
1353 842 1432 903 ὅτι
1473 847 1538 901 τά
1577 851 1948 923 πεπραγμένα,
1985 848 2034 900 ἐν
2074 844 2148 909 οἷς
2190 849 2222 907 ἡ

2214 849 2222 907 5
2393 840 2635 914 Namque
2662 860 2841 916 operte
2868 848 3100 919 pretium
3140 859 3223 906 est
3266 860 3324 907 ut
3352 854 3537 911 sciatis
3581 866 3704 913 acta
3745 873 3794 914 οι

637 935 829 995 ἀσεϐὴς
877 936 1030 996 ἐκείνη
1083 938 1322 997 ἐπιστολή
1366 940 1693 1013 περιέχεται,
1724 943 1829 1010 οὺχ
1876 941 2217 996 ὑποτέτακται

2214 963 2221 995 ι
2321 934 2515 1004 quibus
2544 936 2707 1007 impia
2738 938 2827 993 illa
2870 941 3179 997 continetur
3202 944 3449 1015 epistola,
3491 948 3714 1005 minime
3758 966 3794 1007 ο

636 1036 743 1089 τοῖς
767 1030 1090 1095 αὐθεντικοῖς,
1116 1027 1191 1091 οἶς
1218 1031 1266 1085 οί
1305 1031 1572 1087 ἐπίσκοποι
1605 1032 1930 1106 ὑπέγραψαν,
1959 1028 2024 1085 ὧν
2048 1036 2132 1087 καί
2156 1033 2216 1087 τά

2214 1055 2221 1087 ι
2320 1024 2482 1096 plecti
2508 1027 2562 1081 in
2586 1029 2913 1085 authenticis
2947 1031 3014 1087 iis
3050 1034 3246 1103 quibus
3291 1037 3528 1108 episcopi
3574 1041 3794 1105 subserit

638 1119 865 1175 ίσότυπα
892 1122 1174 1186 αὐθεντικά,
1206 1119 1258 1176 ἕν
1276 1141 1332 1178 τε
1363 1130 1426 1197 τῇ
1451 1121 1712 1195 ἁγιωτάτῃ
1739 1121 1973 1197 ἐκκλησίᾳ
1996 1120 2215 1194 Ῥώμης,

2214 1168 2215 1177 χ
2320 1126 2467 1187 runt,
2496 1134 2727 1188 quorum
2765 1122 3079 1178 authentica
3114 1127 3444 1197 exemplaria
3478 1130 3530 1184 in
3569 1134 3794 1189 sanctiss

636 1215 719 1266 καί
744 1213 796 1265 iv
815 1220 879 1287 τῇ
905 1215 1449 1281 κωνσταντινουπόλει,
1480 1218 1561 1270 καί
1589 1216 1639 1269 ἐν
1680 1222 1755 1289 τῷ
1795 1216 1909 1287 θείῳ
1938 1217 2078 1287 ἡμῶν
2116 1237 2216 1271 πα-

2214 1245 2219 1255 .
2322 1206 2566 1265 Ιὶοωοηει
2611 1209 2852 1267 Ecclesia
2890 1220 2947 1268 et
2992 1214 3046 1269 in
3089 1214 3712 1292 Constantinopolitana.
3746 1234 3794 1280 al

634 1300 788 1374 λατίῳ
810 1303 1252 1374 παραδεδώκασιν.
1278 1305 1418 1361 Ἐπεὶ
1437 1311 1603 1361 τοίνυν
1622 1305 1874 1362 δείκνυται
1893 1307 2214 1377 πανταχόθεν

2214 1331 2218 1352 υ
2320 1301 2484 1355 etiam
2507 1302 2563 1356 in
2590 1316 2748 1358 sacro
2774 1311 2962 1360 nostro
2990 1305 3192 1376 palatio
3220 1318 3432 1364 servata
3459 1319 3602 1366 sunt.
3642 1313 3794 1380 Quen

633 1394 806 1455 πάσης
848 1397 1482 1477 ἀσεϐείαςπεπληρωμένη
1511 1400 1544 1456 ἡ
1571 1399 1699 1458 αὕτη
1727 1398 1922 1459 ἀσεϐής
1950 1399 2213 1463 ἐπιστολή,

2209 1439 2213 1459 ,
2319 1391 2482 1460 igitur
2520 1392 2755 1464 undique
2783 1394 3123 1453 manifestum
3153 1408 3237 1456 est
3272 1400 3493 1472 impiam
3536 1418 3656 1459 eam
3703 1408 3789 1477 epi

632 1488 712 1540 καί
739 1486 940 1542 ἐναντία
967 1474 1104 1543 οὖσα
1128 1497 1236 1551 τοῖς
1264 1488 1533 1565 ὁρισθεῖσιν
1557 1490 1658 1545 ὑπὸ
1683 1497 1775 1550 τῆς
1818 1489 1969 1562 ἁγίας
1996 1491 2046 1544 έν
2082 1494 2212 1546 Χαλ-

2214 1521 2217 1529 ,
2320 1481 2426 1536 lam
2456 1483 2603 1538 omni
2632 1484 2915 1555 iniquitate
2941 1486 3193 1544 refertam
3222 1505 3360 1559 esse,
3392 1496 3705 1565 sanctisque.
3739 1513 3794 1552 sa

634 1574 803 1634 κηδόνι
843 1578 1078 1640 συνόδου.
1106 1582 1152 1634 οί
1192 1578 1385 1639 ταύτην
1425 1582 1653 1654 λέγοντες
1693 1581 1935 1655 δεδέχθαι
1978 1585 2081 1640 ὑπὸ
2123 1593 2214 1646 τῆς

2214 1608 2216 1616 ι
2318 1570 2775 1630 Chalcedonensis
2802 1576 2992 1647 synodi
3021 1577 3419 1637 definitionibus
3459 1584 3755 1656 adversari,
3786 1604 3794 1643 ι

633 1665 782 1739 ἁγίας
807 1669 858 1722 ἄν
879 1668 1151 1727 Χαλκηδόνι
1177 1671 1393 1728 συνόδου
1411 1714 1427 1739 ,
1460 1677 1519 1728 οὺ
1547 1675 1694 1745 μόνον
1718 1680 1812 1736 τήν
1839 1677 2025 1731 οἰκείαν
2064 1699 2213 1732 κακο-

2214 1707 2217 1716 .
2317 1678 2483 1733 quum
2511 1675 2593 1721 est
2620 1675 2679 1721 ut
2706 1668 2798 1737 qui
2825 1668 3059 1724 dixerint
3104 1671 3273 1743 ipsam
3309 1675 3363 1729 in
3397 1689 3584 1733 saneta
3607 1678 3794 1736 Cbalcr

632 1754 798 1822 δοξίαν
844 1759 1221 1825 σπουδάζουσιν
1265 1761 1489 1829 ἐκδικεῖν,
1515 1765 1637 1821 ἀλλά
1662 1768 1753 1820 καί
1789 1765 1938 1843 ὕϐριν
2085 1769 2212 1842 αὐτῇ

2318 1755 2471 1810 nensi
2491 1756 2697 1827 synodo
2727 1759 3016 1825 contineri,
3046 1761 3084 1816 ii
3114 1779 3220 1819 non
3252 1765 3412 1822 modo
3439 1769 3717 1840 prOpriam
3746 1780 3794 1826 tu

631 1849 756 1925 ἁγίᾳ
780 1851 977 1923 συνόδῳ
1016 1856 1356 1931 προσάπτειν.
1381 1858 1456 1912 Τά
1483 1860 1584 1933 γάρ
1609 1856 1859 1930 δεχθέντα
1881 1862 1966 1914 καί
1993 1860 2211 1931 βεϐαιω-

2214 1892 2216 1899 ,
2248 1868 2295 1926 Β
2320 1849 2580 1906 malitiam
2602 1853 2747 1907 omni
2778 1863 2977 1910 conatu
3011 1856 3144 1912 eniti
3170 1854 3531 1927 censeantur;
3568 1877 3754 1917 verum
3780 1864 3794 1917 i

630 1941 775 1997 θέντα
802 1945 946 2018 παρά
971 1953 1064 2007 τῆς
1091 1948 1516 2017 μνημονευθείσης
1536 1948 1685 2023 ἁγίας
1709 1950 1944 2018 συνόδου,
1969 1952 2210 2021 ὀνομαστὶ

2214 1996 2216 2004 ,
2318 1954 2478 2010 gnem
2506 1958 2721 2015 quoque
2745 1955 2932 2003 sancto
2959 1949 3192 2005 concilio
3222 1950 3423 2006 faciant
3451 1952 3724 2023 injuriam.
3753 1956 3794 2022 ρ

631 2033 681 2086 ἐν
708 2041 780 2104 τῷ
805 2035 931 2112 παρ’
957 2038 1117 2099 αὐτῆς
1141 2036 1396 2110 δεδομένῳ
1421 2043 1541 2119 περί
1566 2051 1659 2103 τῆς
1682 2045 1907 2105 πίστεως
1932 2040 2035 2118 ὅρῳ
2074 2064 2211 2121 περι-

2316 2050 2531 2106 cunque
2571 2040 2715 2094 enim
2744 2044 3042 2112 approbata
3081 2053 3243 2115 atque
3270 2045 3586 2104 confirmata
3628 2066 3659 2104 a
3700 2068 3794 2107 me:

630 2124 816 2195 εχεται
2314 2135 2431 2182 rata
2479 2137 2666 2185 sancta
2712 2134 2920 2203 synodo
2962 2143 3107 2201 sunt,
3152 2151 3218 2191 ea
3265 2139 3447 2193 omnia
3494 2141 3793 2196 nominatin

572 2195 579 2205 ’
2318 2216 2436 2274 ﬁdei
2465 2195 2779 2279 definitione
2807 2226 2875 2280 ab
2900 2225 3015 2295 ipsa
3048 2228 3243 2284 tradita
3271 2231 3636 2287 continentur.

699 2310 964 2364 Γινώσκειν
1001 2307 1055 2365 δέ
1100 2311 1239 2382 ὑμᾶς
1277 2313 1558 2385 βουλόμεθα
1581 2355 1597 2380 ,
1644 2313 1727 2372 ὅτι
1758 2318 1843 2371 καί
1877 2315 2210 2395 Θεοδώριτος,

2207 2362 2210 2380 ν
2363 2310 2642 2369 'Volumus
2663 2325 2842 2371 autem
2864 2319 3016 2374 vobis
3042 2319 3200 2375 simul
3220 2330 3489 2389 constare,
3519 2323 3787 2380 Theodori

628 2396 799 2459 ἐπειδή
822 2403 953 2455 κατά
976 2409 1074 2458 τῶν
1109 2401 1306 2459 δώδεκα
1346 2405 1619 2476 κεφαλαίων
1647 2413 1740 2462 τοῦ
1765 2407 1817 2461 έν
1846 2406 2009 2481 ἁγίοις
2035 2410 2208 2481 ευρίλ-

2312 2418 2546 2474 quoque,
2576 2416 2862 2480 postquam
2896 2410 3156 2469 adversus
3184 2414 3467 2471 duodecim
3506 2419 3678 2472 sancti
3721 2419 3794 2491 Cy

627 2487 715 2546 λου
747 2490 969 2565 ἔγραψε,
1000 2498 1300 2572 Νεστόριον,
1330 2501 1415 2553 καί
1443 2504 1534 2559 τὴν
1566 2501 1721 2554 αὐτοῦ
1754 2499 2050 2566 κακοδοξίαν
2076 2502 2207 2559 ἐκδι-

2312 2497 2491 2566 capita
2538 2499 2803 2555 calamum
2855 2504 3277 2572 perstrinxisset,
3329 2507 3631 2565 Nestorium
3680 2512 3794 2581 ejus

627 2588 742 2641 κῶν.
773 2587 904 2654 μετά
946 2586 1032 2639 τὸν
1081 2583 1199 2661 ὅρον
1241 2595 1333 2647 τῆς
1378 2589 1427 2641 ἐν
1471 2588 1750 2647 Χαλκηδόνι
1798 2589 1946 2663 ἁγίας
1992 2592 2207 2648 συνόδου

2311 2588 2632 2657 pravitatem
2657 2590 3053 2660 defendentem,
3082 2605 3204 2667 post
3239 2609 3438 2654 sancta:
3477 2601 3665 2672 synodi
3711 2602 3794 2658 del

627 2675 883 2733 σωωθήθη
902 2716 918 2741 ,
957 2683 1162 2748 πρῶτον
1197 2681 1287 2750 μέν
1323 2679 1685 2751 άναθεματίσαι
1719 2684 1982 2755 Νεστόριον
2010 2687 2096 2738 καί
2118 2690 2207 2744 τήν

2313 2676 2514 2733 tionem
2550 2678 2605 2734 id
2642 2680 2896 2739 habuisse
2936 2685 2990 2739 in
3018 2687 3303 2753 mandatis,
3356 2692 3530 2760 primo
3578 2695 3794 2761 quidem

626 2764 863 2819 άσέξειαν
888 2769 977 2824 τήν
1019 2768 1199 2832 αὑτοῦ,
1229 2770 1310 2822 καί
1338 2766 1649 2841 ὁμολογῆσαι
1691 2769 1916 2825 θεοτόκον
1943 2778 2033 2831 τήν
2059 2772 2206 2845 ἁγίαν

2309 2768 2789 2827 anatbematizaret
2812 2772 3141 2844 Nestorium,
3167 2787 3515 2852 sanctamque
3537 2790 3591 2837 et
3611 2784 3794 2853 glorio:

625 2852 817 2920 ἔνδοξον
865 2858 1188 2933 άειπάρθενον
1230 2860 1438 2928 Μαρίαν,
1484 2861 1568 2914 καί
1608 2860 1771 2920 οὕτως
1812 2860 2020 2932 ἐδέχθη.
2066 2859 2205 2917 Ὀθεν

2308 2872 2524 2929 semper
2550 2862 2812 2931 virginem
2853 2864 3075 2922 Mariam
3114 2869 3398 2940 Deiparam
3441 2852 3792 2930 confiteretur

623 2949 707 3003 καί
734 2944 878 3010 Ἴϐας
908 2952 992 3004 καί
1042 2948 1350 3028 Θεοδὼριτος
1374 2954 1480 3023 οὐχ
1509 2955 1579 3013 ὡς
1616 2950 1908 3009 διδάσκαλοι
1943 2958 2022 3009 καὶ
2051 2958 2203 3013 πατέ-

2307 2949 2538 3019 idipsum
2594 2963 2881 3011 exsecutus
2927 2967 3029 3013 est.
3076 2959 3255 3026 Quare
3316 2962 3437 3020 [bas
3489 2966 3698 3035 pariter
3726 2977 3794 3021 au

621 3057 725 3113 ρες,
742 3039 847 3092 ἀλλ’
869 3041 938 3100 ὡς
962 3048 1341 3110 μετανοοῦντες,
1359 3045 1445 3098 καί
1469 3044 1920 3117 άναθιματίζοντες
1947 3053 2038 3106 τήν
2065 3068 2201 3103 κακο-

2308 3038 2685 3111 Theodoritus,
2722 3061 2831 3102 non
2865 3048 3029 3104 veluti
3052 3053 3295 3121 magistri
3337 3064 3432 3111 aut
3460 3055 3669 3125 Patres,
3700 3061 3794 3116 sed

619 3127 803 3194 δοξίαν,
837 3132 967 3209 ὑπέρ
992 3129 1053 3194 ἧς
1078 3135 1513 3210 κατηγορήθησαν,
1537 3138 1621 3190 καί
1660 3134 1922 3208 δεξάμενοι
1962 3140 2052 3195 τόν
2084 3138 2199 3213 ὅρον

2306 3131 2648 3200 pmnitentes,
2682 3143 2736 3190 et
2768 3138 3102 3206 perniciosas
3143 3146 3440 3203 sententias
3466 3147 3794 3208 detestantes

617 3227 708 3279 τῆς
736 3220 787 3273 iv
812 3218 1084 3279 Χαλκηδόνι
1125 3219 1366 3285 συνόδου,
1403 3227 1487 3278 καί
1525 3224 1916 3300 ὑπογράψαντες
1950 3228 2001 3281 ἐν
2025 3231 2192 3299 αὐτῷ,

2226 3244 2270 3306 C
2305 3220 2498 3288 quibus
2525 3221 2738 3280 fuerant
2760 3231 3020 3300 accusati,
3049 3242 3212 3305 atque
3253 3235 3625 3296 deﬁnitionem
3666 3241 3794 3298 Chal

615 3306 920 3379 ἐδέχθησαν.
957 3305 1152 3371 Ἐπειδὴ
1193 3310 1304 3373 ἔθος
1345 3314 1482 3370 ἐστίν
1524 3317 1574 3369 ἄν
1598 3325 1661 3390 τῇ
1696 3318 1927 3393 καθολικῇ
1957 3320 2195 3397 ἐκκλησίᾳ

2243 3305 2252 3306 “
2297 3309 2553 3369 donensis
2592 3319 2783 3388 synodi
2829 3323 3085 3392 amplexi,
3131 3327 3338 3399 ipsique
3379 3332 3794 3403 subscribentes,

615 3397 847 3460 ἅπαντας
874 3400 994 3462 τοὺς
1021 3403 1302 3477 αἱρετικούς
1324 3412 1414 3465 τῆς
1441 3407 1619 3465 οἰκείας
1647 3408 1837 3469 πλάνης
1868 3412 2195 3487 ἀναχωροῦν-

2190 3443 2195 3452 .
2295 3418 2360 3458 ea
2400 3409 2606 3477 recepti
2643 3419 2796 3479 sunt;
2827 3429 2951 3469 cum
2991 3415 3045 3475 in
3092 3397 3335 3476 Ecclesia
3385 3425 3653 3482 catholica
3698 3429 3770 3482 sit

614 3511 726 3551 τας.
749 3494 833 3545 καί
855 3493 982 3566 πρὸς
1005 3498 1098 3551 τήν
1120 3493 1380 3572 όρθόδοξον
1402 3498 1696 3559 ἐπανιόντας
1722 3503 1918 3567 πίστιν,
1945 3500 2192 3575 δεχθῆναι

2295 3510 2449 3551 more
2481 3500 2714 3568 positum
2755 3502 3040 3563 haereticos
3081 3511 3175 3579 qui
3216 3514 3499 3591 proprium
3537 3532 3794 3575 exsecren

612 3586 681 3644 εἰς
728 3588 1005 3653 κοινωνίαν,
1048 3591 1109 3641 οὺ
1155 3593 1252 3661 μήν
1302 3592 1370 3650 ὡς
1417 3588 1752 3652 διδασκάλους
1800 3601 1916 3654 τοῖς
1958 3594 2191 3670 πατράσι

2293 3601 2534 3644 errorem
2557 3592 2624 3647 ad
2646 3594 3115 3670 orthodoxamque
3134 3599 3293 3659 fidem
3305 3586 3667 3677 revertantur,
3689 3626 3794 3667 SUSt

611 3680 1036 3753 συναριθμεῖσθαι.
1078 3679 1224 3736 Ὀθεν
1259 3686 1342 3738 καί
1367 3686 1489 3745 τοὺς
1526 3682 1703 3746 ἄλλους
1731 3688 2053 3749 άνατολικοὺς
2080 3692 2190 3747 ἐπι-

2292 3677 2348 3732 in
2375 3683 2837 3751 communionem,
2866 3703 2973 3744 non
2999 3699 3180 3747 autem
3209 3695 3373 3751 veluti
3400 3701 3685 3769 magistros
3709 3701 3794 3757 Pal

612 3771 870 3835 σκόπους,
913 3776 958 3827 οἳ
1000 3794 1133 3835 τινες
1175 3775 1443 3850 Νεστόριον
1485 3775 1795 3838 ἒκδικοῦντες
1840 3781 2081 3837 ἀντεῖπον
2125 3792 2187 3858 τῇ

2289 3769 2388 3825 bus
2417 3778 2813 3832 connumerari.
2836 3778 3025 3850 Itaque
3049 3784 3186 3841 alios
3228 3787 3390 3843 etiam
3435 3790 3732 3850 Orientales
3768 3810 3794 3850 e

611 3864 787 3936 πρώτῃ
832 3869 880 3949 iv
920 3862 1105 3935 Ἐφέσῳ
1150 3865 1372 3938 συνόδῳ,
1400 3870 1483 3922 καί
1528 3877 1601 3942 τῷ
1641 3870 1688 3924 έν
1735 3870 1898 3942 ἁγίοις
1941 3875 2182 3950 Κυρίλλῳ,

2289 3877 2503 3932 scapos,
2533 3880 2762 3935 quorum
2793 3871 3009 3941 quidam
3047 3890 3076 3929 a
3121 3875 3353 3935 Nestorii
3381 3884 3623 3952 partibus
3650 3894 3794 3942 stant

609 3952 780 4012 ἐπειδὴ
807 3958 937 4023 μετά
973 3964 1143 4012 ταῦτα
1186 3961 1453 4034 Νεστόριον
1492 3964 1574 4016 καί
1632 3967 1718 4022 τὴν
1745 3963 2035 4029 κακοδοξίαν
2061 3969 2182 4023 άνε-

2288 3954 2456 4023 priori
2476 3954 2762 4027 Ephesium
2802 3963 3010 4033 synodo
3050 3977 3345 4040 sanctoque
3373 3970 3576 4045 Cyrillo
3611 3985 3794 4032 contra

607 4050 883 4118 θιμάτισαν
909 4056 1000 4109 την
1032 4053 1213 4116 αὐτοῦ,
1243 4052 1440 4117 ίδίξατο
1467 4053 1494 4108 ό
1519 4058 1650 4111 κατᾶ
1679 4056 1865 4126 Ῥώμην
1903 4060 2185 4118 ἀποστολι-

2288 4054 2500 4112 xerant,
2549 4063 2673 4105 cum
2720 4060 2909 4121 postea
2963 4058 3252 4116 anathema
3295 4061 3558 4125 dixissent
3610 4065 3793 4123 Nestor

606 4138 690 4197 κὸς
716 4139 907 4212 θρόνος,
934 4140 1068 4195 καὶὸ
1100 4142 1149 4195 έν
1176 4142 1338 4214 ἁγίοις
1362 4146 1614 4218 κύριλλος,
1641 4151 1723 4202 καὶ
1751 4146 1836 4204 διά
1863 4156 2019 4210 τοῦτο
2044 4156 2126 4209 καὶ
2152 4156 2184 4213 ἡ

2286 4160 2657 4217 pet-versaeque
2712 4150 2882 4219 ipsius
2934 4157 3241 4227 sententim,
3282 4163 3580 4230 apostolica
3633 4165 3794 4220 Roma

602 4228 724 4302 ἁγία
749 4236 837 4287 τοῦ
866 4238 1006 4293 Θεοῦ,
1023 4235 1263 4292 ἐκκλησία
1286 4233 1498 4306 δέχεται
1525 4239 1731 4301 αὐτούς.

2284 4236 2442 4293 sedes
2461 4248 2790 4312 sanctusque
2809 4241 3042 4315 Cyrillus
3082 4248 3135 4303 in
3176 4228 3609 4310 communionem
3651 4272 3794 4327 recej

2285 4337 2431 4395 runt,
2465 4339 2629 4402 atque
2652 4342 2942 4405 propterea
2970 4338 3039 4395 ab
3064 4348 3252 4396 sancta
3281 4341 3379 4399 Dei
3419 4343 3661 4402 Ecclesia
3686 4363 3794 4404 sus<

2282 4421 2364 4488 pti
2378 4420 2768 4493 intelliguntur.

670 4505 760 4556 Bai
796 4511 947 4560 τοῦτο
992 4503 1045 4560 δὲ
1089 4511 1225 4579 ὑμᾶς
1261 4506 1440 4565 εἰδέναι
1477 4510 1768 4584 βουλόμεθα,
1797 4514 1875 4572 ὅτι
1919 4520 1979 4572 οὗ
2030 4518 2178 4590 μόνον

2356 4513 2414 4569 1d
2442 4522 2623 4570 autem
2646 4532 2677 4570 a
2696 4517 2850 4575 vobis
2876 4518 3041 4575 etiam
3067 4522 3418 4581 animadverti
3447 4528 3712 4598 cupimus,
3758 4546 3793 4584 ιι

598 4590 743 4654 Ἰϐας
794 4600 881 4650 καί
931 4596 1238 4672 Θεοδώριτος
1285 4600 1370 4657 διὰ
1416 4605 1475 4659 τό
1520 4606 1772 4660 ἀντειπεῖν
1816 4616 1925 4669 τοῖς
1989 4608 2178 4668 δώδεκα

2214 4610 2258 4672 ι)
2285 4602 2433 4658 lbam
2465 4615 2671 4661 tantum
2717 4615 2775 4663 et
2812 4607 3196 4668 Theodoritum
3225 4615 3297 4670 ob
3325 4590 3633 4687 oppugnata
3675 4590 3794 4676 dum

597 4684 878 4754 κεφαλαίοις
910 4692 999 4740 τοῦ
1031 4689 1078 4739 ἐν
1114 4688 1275 4760 ἁγίοις
1322 4692 1557 4764 κυρίλλου
1580 4694 1910 4757 ἐξεϐλήθησαν
1946 4707 2039 4759 τῆς
2066 4700 2177 4756 έπε-

2284 4696 2390 4750 cim
2418 4710 2483 4752 ea
2504 4700 2678 4754 sancti
2711 4698 2897 4771 Cyrilli
2935 4703 3112 4773 capita
3139 4703 3303 4763 fuisse
3330 4684 3415 4763 ab
3427 4684 3737 4782 episcopatu
3766 4714 3794 4768 ι]

594 4784 810 4839 σκοπῆς,
850 4777 972 4832 ἀλλά
1013 4782 1097 4832 καί
1121 4780 1358 4859 Δόμνοςὸ
1398 4781 1711 4855 Ἀντιοχείας
1759 4788 2174 4862 άρχιεπίσκοπος

2275 4789 2472 4858 jectos,
2496 4806 2682 4846 verum
2711 4792 2977 4851 Domuum
3006 4812 3221 4868 quoque
3246 4777 3663 4860 Antiocliensein
3690 4808 3794 4862 arcl

592 4865 676 4922 διά
696 4874 847 4923 τοῦτο
873 4869 1227 4930 κατεδικάσθη.
1247 4875 1315 4933 ὡς
1336 4874 1543 4948 γράψας
1573 4877 1775 4949 ὀφείλειν
1800 4879 1949 4947 μόνον
1971 4901 2172 4941 σιωπη-

2279 4890 2587 4961 cpiscopum
2631 4892 3093 4952 coudemnationis
3145 4898 3372 4958 subiisse
3404 4901 3691 4973 judicium’,
3732 4921 3794 4975 pr

591 4962 730 5017 θῆναι
771 4963 837 5017 τά
882 4964 1010 5018 αὐτὰ
1051 4961 1243 5019 δώδεκα
1293 4968 1558 5041 κεφάλαια⁶
1604 4971 1663 5027 ἦν
1709 4993 1822 5026 τινα
1870 4973 2171 5050 κατάκρισιν

2167 4999 2173 5022 ι
2280 4988 2468 5049 pterea
2515 4981 2664 5051 quod
2712 4984 3039 5056 scripsisset,
3085 4989 3341 5058 expedire
3369 4961 3430 5046 ut
3465 4961 3747 5050 duodecim

588 5056 717 5108 κατὰ
761 5054 950 5125 Δόμνου
998 5059 1279 5129 γενομένην,
1311 5064 1392 5116 καί
1431 5065 1565 5132 μετά
1609 5064 1819 5120 θάνατον
1864 5069 2025 5122 αὑτοῦ
2062 5071 2092 5128 ἡ
2119 5072 2168 5124 έν

2277 5070 2454 5139 capita
2480 5071 2694 5128 silentio
2713 5054 3111 5145 premerentur;
3149 5054 3295 5149 quod
3319 5080 3579 5151 judicium
3613 5085 3664 5139 in
3696 5086 3794 5139 Dm;

585 5145 856 5205 Χαλκηδόνι
872 5148 1093 5210 σύνοδος
1135 5149 1339 5216 ἐδέξατό
1378 5174 1433 5207 τε
1475 5159 1559 5208 καί
1598 5155 1922 5211 έϐεϐαίωσεν.
1971 5156 2088 5215 Ὀτι
2114 5158 2165 5216 δέ

2276 5175 2406 5215 num
2437 5161 2759 5231 institutum,
2788 5165 3028 5238 synodus
3048 5145 3521 5238 Chalcedonensis,
3551 5189 3618 5230 eo
3643 5191 3794 5247 quoqt

590 5242 738 5292 τοῦτο
764 5238 937 5300 ἀληθές
978 5242 1109 5305 ἔστι,
1138 5246 1221 5297 καὶ
1248 5244 1404 5304 αὐτὸς
1443 5243 1756 5322 Θεοδὼριτος
1794 5250 1923 5325 πρὸς
1949 5246 2167 5311 Ἰωάννην

2274 5266 2307 5306 e
2353 5252 2488 5308 vivis
2527 5255 2760 5323 sublato,
2816 5259 3067 5328 probavit
3113 5270 3277 5331 atque
3331 5238 3680 5324 confirmavit:
3726 5238 3794 5325 lla

588 5327 669 5384 τόν
694 5334 1019 5406 Γερμανικίας
1042 5335 1321 5389 έπίσκοπον
1342 5346 1595 5413 μαρτυρεῖ
1609 5341 1812 5414 γράφων
1840 5341 2029 5402 οὕτως·
2062 5359 2083 5395 ε
2107 5345 2167 5398 Τί

2272 5357 2434 5412 porro
2484 5345 2763 5402 verissima
2807 5327 2956 5418 esse,
3003 5361 3166 5423 atque
3208 5355 3283 5411 ita
3320 5359 3761 5426 quemadmodum

583 5415 771 5476 δήποτε
800 5423 886 5473 καί
914 5432 1183 5494 προφανῶς
1208 5424 1502 5496 ψεύδονται.
1528 5433 1612 5484 καί
1644 5452 1771 5501 φασι
1810 5430 2057 5503 μηδεμίαν
2081 5454 2163 5506 γε-

2271 5434 2424 5489 nobis
2452 5437 2695 5505 exposita
2725 5448 2872 5507 sunt,
2914 5415 2973 5496 se
3001 5415 3201 5500 habere
3246 5415 3474 5517 ipsemet
3502 5415 3794 5508 Theodoritt

580 5513 816 5581 γενῆσθαι
857 5517 978 5590 περί
1021 5515 1185 5591 δόγμα
1235 5525 1586 5595 καινοτομίαν;
1638 5524 1721 5580 διά
1763 5532 1944 5589 ποίους
1986 5530 2160 5603 φόνους

2276 5534 2501 5582 testatur
2527 5529 2581 5583 in
2606 5531 2833 5601 epistola
2861 5533 2929 5588 ad
2955 5534 3217 5593 Joannem
3252 5513 3604 5601 ἀει-ιησηὶοη
3642 5547 3794 5616 θρίεει

580 5604 663 5656 καί
691 5605 923 5674 γοητείας
952 5607 1182 5670 έξηλάθην
1220 5611 1345 5683 ίγῶς
1376 5613 1402 5668 ό
1429 5614 1567 5670 δεῖνα
1588 5618 1726 5679 τίνας
1752 5622 1995 5690 μοιχείας
2023 5622 2160 5676 ἐτόλ-

2269 5635 2395 5688 pum
2419 5620 2531 5675 haec
2550 5623 2819 5679 scribens:
2840 5642 2859 5677 ι
2878 5625 3017 5693 Quid
3037 5630 3180 5686 enim
3206 5632 3415 5702 profani
3437 5604 3793 5692 mentiuntur:

580 5711 743 5764 μησες
774 5701 953 5759 ποίους
981 5697 1008 5753 ό
1031 5697 1160 5754 δεῖνα
1181 5699 1392 5776 διώρυξε
1416 5708 1631 5779 τάφουςς
1653 5708 1799 5768 δῆλόν
1819 5712 1927 5767 ἔστι
1947 5716 2035 5766 καὶ
2055 5721 2160 5773 τοῖς

2265 5710 2471 5776 dicunt,
2512 5713 2713 5767 nullam
2749 5716 2897 5772 circa
2938 5697 3428 5789 dogmata-novam
3484 5727 3672 5784 factam
3722 5742 3794 5783 οε

578 5782 881 5860 βσρϐάροίς¹
914 5788 1191 5862 παρακαλῶ
1215 5787 1336 5861 (sic)
1362 5795 1426 5854 ὡς
1451 5792 1712 5868 δογμάτων
1742 5801 1899 5874 χάριν
1921 5803 2052 5871 κάμέ
2075 5806 2156 5856 καί

2263 5801 2589 5862 sectionem?
2608 5815 2835 5876 propter
2859 5822 2996 5878 quas
3013 5782 3198 5870 caedes
3231 5816 3409 5884 igitur,
3440 5782 3561 5876 sive
3582 5820 3794 5891 prmstigi

580 5878 696 5941 τώς
718 5873 896 5939 ἄλλους
922 5877 1180 5943 δξήλασαν.
1210 5884 1300 5937 xui
1333 5885 1433 5957 γὰρ
1453 5886 1539 5942 τόν
1566 5890 1738 5964 κύριον
1764 5873 1962 5965 Δόμνον,
1995 5896 2064 5954 ὡς
2090 5895 2155 5949 τά

2261 5894 2513 5965 expulsus
2558 5910 2659 5968 ego
2705 5873 3170 5974 sumi-quasnam
3213 5873 3475 5969 mvtechias
3522 5873 3794 5986 perpetu;
