4000 6186
662 372 763 401 *ς’-ιτ

663 395 691 424 ι’,
702 395 769 426 ιε)

2030 366 2326 424 VICILIUS
2365 366 2561 422 PAPA.

658 493 920 554 καθολικῆς
976 492 1239 553 ίκκλησίᾳς
1287 486 1659 549 ἀνεκλήθησαν,
1706 485 1970 539 τουτέστιν
2017 481 2238 543 Ἰωάννης

2208 505 2242 543 νς
2272 484 2320 543 Α
2346 491 2492 549 sunt,
2517 477 2966 550 quemadmodum
2995 487 3217 534 econtra
3265 477 3299 531 ii
3336 492 3428 547 qun
3466 482 3669 545 injuste
3708 473 3788 529 dat

658 588 742 638 καί
762 584 1049 648 Φλαυιανός,
1082 583 1128 635 οί
1160 583 1209 635 ἐν
1232 579 1392 654 ἁγίοις
1422 577 1826 652 ἀρχιεπίσκοποι
1856 589 2246 630 Κωνσταντινουο

634 665 873 735 ’πόλεως’
899 675 1031 728 κατά
1069 674 1168 750 γάρ
1193 677 1284 731 τήν
1324 671 1577 744 ὑμετέραν
1619 665 1812 722 ἔννοιαν
1845 670 1953 741 χρὴ
1980 669 2099 727 τοὺς
2118 666 2253 736 αίρε-

665 769 828 827 τικοῦς
867 767 915 818 ἐν
950 772 1013 839 τῇ
1044 766 1200 838 οἰκείᾳ
1228 764 1394 838 πλάνη
1418 766 1822 820 τελευτήσαντας
1851 760 2249 831 ἐλευθεροῦσθαί,

663 859 782 918 τοῦς
810 854 864 910 δέ
891 854 1194 929 ὀρθοδόξους
1239 856 1358 915 τοὺς
1384 851 1566 912 ἀδίκως
1594 851 2006 926 κατακριθέντας,
2036 853 2107 918 μή
2131 848 2254 902 ἀνα-

667 944 927 1001 καλεῖσθαι
948 947 1077 1019 μετά
1099 945 1180 1000 τὸν
1202 946 1434 999 θάνατον·
1459 941 1583 1016 ὅπερ
1607 943 1779 1001 πάσης
1799 940 2038 1000 ἀσεϐείας
2063 939 2255 996 πεπλή-

664 1057 849 1107 ρωται.

740 1310 855 1369 Ὀτι
885 1313 937 1369 δὲ
967 1314 1352 1371 ἐκκλησιαστική
1394 1312 1501 1366 ἔστι
1521 1308 1809 1384 παράδοσις
1834 1311 1955 1369 τοὺς
1977 1310 2263 1382 αἰρετικοῦς

673 1409 755 1459 καί
783 1407 910 1475 μετά
952 1406 1161 1457 θάνατον
1192 1400 1635 1465 καταδικάζεσθαι,
1665 1402 1751 1454 καί
1789 1399 2259 1469 ἀναθεματίζεσθαι,

674 1498 880 1569 φανερὸν
919 1496 1008 1566 μὲν
1037 1496 1091 1547 ἐκ
1133 1491 1330 1548 τούτων
1376 1494 1717 1561 ἐποιήσαμεν
1767 1490 1894 1549 πλὴν
1935 1488 2070 1563 ὅμως
2098 1495 2183 1545 καί
2210 1491 2265 1543 ἐκ

675 1584 1085 1655 τῶνκδιατὰξεων
1128 1591 1227 1639 τῶν
1272 1582 1425 1653 ἁγίων
1469 1581 1763 1636 ἀποστόλων
1799 1586 1953 1635 τοῦτο
1995 1578 2263 1640 δείκνυται⁹

676 1675 903 1745 λέγοντες
929 1679 1028 1748 γὰρ
1053 1678 1325 1748 προσήκειν
1351 1674 1483 1745 ὑπὲρ
1513 1672 1854 1730 ἀναπαύσεως
1876 1674 1977 1720 τῶν
2002 1666 2259 1722 τελευτόν-

681 1787 774 1819 των
814 1765 1150 1835 ἐλεημοσύνας
1177 1764 1518 1836 παρᾶχεσθαι,
1552 1760 1712 1819 οὕτως
1743 1757 2013 1831 ἐπάγουσι·
2048 1775 2067 1808 ε
2095 1763 2269 1813 Ταῦτα

2350 572 2515 627 tionis
2567 571 2711 642 passi
2762 569 2977 626 fuerant
3017 569 3305 640 judicium,
3348 568 3635 623 Flavianus
3684 564 3788 620 Vidi

2350 670 2513 731 atque
2539 661 2798 729 Joannes,
2847 661 3024 717 sancti
3070 657 3619 728 Constantinopoleos
3666 655 3788 711 arci]

2351 753 2524 823 scopi,
2546 762 2670 823 post
2696 761 2925 807 mortem
2955 759 3079 807 sunt
3125 751 3192 805 ab
3223 751 3337 820 ipsa
3384 749 3649 805 catholica
3693 746 3788 802 Ecc

2352 845 2607 900 restituti.
2636 843 2830 898 Vestro
2859 858 3020 913 porro
3045 841 3249 911 judicio
3275 840 3558 896 hmreticos
3587 840 3678 909 qui
3712 855 3788 909 pri

2354 935 2680 990 inhaerentes
2716 934 2988 988 erroribus
3025 932 3371 998 decesserint,
3414 930 3767 986 damnatione

2354 1027 2462 1081 rari
2502 1041 2639 1096 opus
2691 1032 2820 1082 est:
2856 1024 3153 1079 catholicos
3196 1030 3377 1077 autem
3433 1020 3632 1091 injuste
3670 1019 3788 1089 judi

2355 1118 2578 1172 minime
2612 1124 2738 1186 post
2765 1123 2994 1170 mortem
3032 1114 3278 1170 revocari
3323 1113 3390 1167 ad
3429 1111 3687 1168 Ecclesia:
3732 1127 3788 1181 pa

2357 1211 2503 1281 quod
2524 1219 2722 1280 quanta
2751 1211 2971 1280 plenum
2998 1210 3067 1265 sit
3092 1210 3395 1280 iniquitate,
3424 1210 3514 1263 vix
3542 1208 3649 1264 dici
3673 1216 3788 1278 pott

2432 1301 2637 1368 Quibus
2663 1301 2925 1372 exemplis
2957 1301 3238 1371 perspicue
3278 1298 3638 1366 ostendimus,
3686 1297 3788 1354 Ecc

2369 1406 2491 1446 esse
2538 1390 2830 1446 traditione
2892 1390 3157 1445 sancitum
3212 1390 3497 1444 haereticos
3545 1398 3671 1459 post
3715 1404 3788 1442 mi

2365 1497 2583 1552 quoque
2606 1480 2834 1551 judicari
2861 1493 3052 1551 posse,
3097 1490 3258 1550 atque
3285 1479 3723 1534 anathematibus
3751 1494 3788 1533 ci

2366 1574 2561 1629 mnari.
2602 1572 2869 1628 Caeterum
2898 1572 3121 1628 ulterius
3149 1571 3326 1627 adhuc
3353 1572 3581 1642 idipsum
3632 1586 3702 1626 ex
3744 1586 3788 1625 s:

2367 1682 2488 1721 rum
2556 1664 2925 1736 apostolorum
2986 1663 3472 1721 Constitutionibus
3546 1662 3788 1719 demonsl

2369 1755 2635 1812 validius:
2683 1770 2792 1826 quo
2825 1770 3058 1825 namque
3098 1755 3203 1811 loci
3243 1754 3578 1812 constituunt
3622 1753 3787 1808 utiles

677 1854 732 1910 δὲ
756 1862 873 1928 περὶ
893 1863 993 1911 τῶν
1016 1856 1238 1918 εῦσεξῶν
1258 1855 1483 1926 λέγομεν·
1510 1854 1627 1928 περί
1650 1850 1705 1907 δέ
1726 1858 1827 1905 τῶν
1851 1850 2071 1913 ἀσεϐῶν.
2101 1848 2185 1904 ἐάν
2203 1852 2257 1906 τό

2207 1852 2269 1906 τὰ
2298 1851 2346 1910 Β
2372 1865 2472 1922 pro
2519 1856 2854 1905 mortuorum
2898 1849 3088 1920 requie
3135 1849 3598 1919 eleemosynarmn
3629 1846 3787 1902 oblat

677 1954 765 1998 τοῦ
813 1943 1006 2010 κόσμου
1054 1941 1126 2010 δῷ
1169 1945 1406 2007 πένησιν,
1455 1939 1598 1996 οὐδέν
1646 1941 1816 1999 ὀνήσει
1860 1939 2036 1994 αὐτόν·
2164 1941 2266 2015 γάρ

679 2035 901 2105 περιίντι
950 2035 1165 2088 hauriat:
1206 2030 1266 2091 ἦν
1313 2032 1371 2087 τὸ
1419 2034 1569 2097 θεῖον,
1620 2029 1766 2089 δῆλον
1804 2027 1884 2086 ὅτι
1933 2032 2020 2084 καί
2068 2048 2269 2102 μετασ-

680 2124 841 2179 τάντι.
882 2141 901 2173 t
951 2121 1130 2179 Ὀπότε
1177 2126 1340 2176 τοίνυν
1390 2123 1434 2175 oi
1486 2121 1766 2176 ἀπόστολοι
1817 2122 1937 2196 περὶ
1976 2126 2077 2174 τῶν
2124 2122 2270 2173 εὐσε-

683 2223 783 2275 ϐῶν
823 2215 956 2271 οὕτω
985 2212 1338 2277 διετύπωσαν,
1377 2218 1458 2275 τίς
1487 2211 1620 2267 εἴποι
1660 2219 1852 2289 χρῆναι
1895 2212 2023 2277 μετὰ
2059 2212 2271 2265 θάνατον

679 2315 801 2371 τοὺς
829 2310 1113 2385 αίρετικοῦς
1132 2347 1147 2373 ν
1189 2308 1219 2367 ἧ
1256 2309 1405 2363 αἰνεῖν
1444 2308 1666 2378 μάλιστα
1709 2305 1966 2380 Θεόδωρον
1991 2314 2083 2367 τῆς
2109 2328 2270 2363 κατα-

684 2404 896 2475 κρίσεως
933 2409 1026 2457 τοῦ
1054 2403 1369 2473 ἀναθέματος
1400 2402 1801 2477 ἐλευθεροῦσθαι,
1832 2397 1887 2455 ὅν
1912 2423 2025 2456 τινα
2064 2402 2110 2455 οἱ
2138 2398 2274 2473 ἅγιοι

685 2495 901 2567 πατέρες
931 2495 996 2553 ὡς
1027 2495 1240 2562 χείρονα
1282 2491 1558 2553 Ἰουδαίων,
1594 2495 1681 2546 καί
1706 2492 1977 2556 Ἑλλήνων,
2014 2494 2097 2545 καί
2126 2489 2271 2546 Σοδο-

686 2590 844 2651 μιτῶν
861 2622 876 2646 ,
906 2586 988 2637 καί
1017 2584 1220 2638 πάντων
1247 2591 1349 2637 τῶν
1376 2583 1638 2658 αἱρετικῶν
1663 2582 2095 2655 βλασφημήσαντα
2113 2624 2127 2647 ,
2155 2583 2274 2637 τού-

681 2690 791 2731 τοις
811 2673 1225 2746 συνηρίθμησαν,
1260 2675 1345 2726 καί
1378 2673 1505 2744 μετὰ
1523 2680 1616 2734 τῆς
1657 2674 1816 2728 αὐτοῦ
1856 2673 2095 2735 ἀσεϐείας
2123 2675 2273 2729 κατέ·-

685 2780 853 2834 κριναν
867 2776 883 2825 ;

2373 1941 2456 1998 sic
2479 1948 2901 2011 prosequuntur:
2921 1958 2939 1992 ι
2965 1938 3025 1994 ld
3053 1947 3245 2005 autem
3263 1938 3329 1993 de
3358 1938 3461 2008 piis
3485 1937 3788 1993 hominibus

2373 2045 2533 2085 mus:
2577 2030 2646 2083 de
2672 2027 2850 2098 impiis
2875 2028 3020 2083 enim
3066 2028 3276 2083 etiamsi
3323 2027 3574 2081 universa
3624 2023 3788 2080 mund

2373 2119 2570 2175 stantia
2598 2132 2699 2189 pro
2727 2117 2858 2188 ipsis
2885 2117 3209 2188 pauperibus
3233 2116 3678 2181 distribueretur,
3729 2131 3788 2171 ιι(

2375 2211 2666 2282 quidquam
2692 2208 2976 2282 proderit:
3027 2209 3116 2264 cui
3144 2208 3288 2263 enim
3314 2207 3594 2277 superstiti
3636 2207 3781 2262 divin

2376 2301 2753 2366 versabantur,
2784 2305 2991 2354 certum
3016 2306 3100 2352 est
3139 2298 3299 2352 etiam
3329 2304 3513 2352 amoto
3541 2312 3650 2351 non
3681 2311 3788 2351 esse

2375 2392 2575 2445 futura.
2605 2410 2625 2443 ε
2671 2389 2944 2461 Apostolis
2987 2389 3152 2458 igitur
3178 2390 3284 2445 hoc
3324 2389 3490 2444 modo
3515 2389 3662 2457 circa
3692 2389 3787 2457 pio

2376 2481 2710 2538 decesserint
2731 2481 3003 2546 homines,
3032 2477 3429 2543 deﬁnientibus,
3454 2479 3575 2549 quis
3605 2486 3787 2534 statue

2376 2576 2523 2641 deat,
2547 2575 2830 2630 haereticos
2850 2582 2972 2644 post
2999 2580 3250 2637 mortem,
3278 2572 3617 2655 potissimum
3641 2586 3775 2625 vero

2377 2670 2566 2726 dorum
2586 2671 2782 2740 ipsum,
2813 2686 2842 2723 a
2866 2669 3314 2725 condemnatione
3328 2667 3530 2722 liberos
3549 2680 3670 2721 esse
3689 2681 3788 2737 ope

2377 2775 2538 2829 quem
2561 2761 2734 2815 sancti
2764 2758 2974 2826 Patres,
3000 2758 3167 2813 veluti
3194 2755 3412 2813 Judaeis.
3443 2755 3645 2810 Grazcis
3672 2764 3787 2823 atqt

688 2850 902 2905 domitis
915 2849 1149 2907 deterius
1170 2851 1651 2921 blasphemantem,
1678 2852 1806 2923 ipsis
1827 2861 2303 2921 connumerarunt,
2348 2861 2512 2920 atque
2537 2867 2643 2905 una
2667 2865 2788 2906 cum
2819 2851 3095 2920 impietate
3123 2865 3219 2904 sua
3247 2845 3744 2904 condemnaveruut
3762 2849 3787 2901 ?

752 2938 867 2997 Ὀτι
892 2940 1047 2997 δὲκαὶ
1079 2943 1207 3014 μετὰ
1241 2945 1449 2998 θάνατον
1486 2947 1606 3004 τοὺς
1641 2946 1956 3019 αίρετικοῦς,
1992 2948 2061 3006 ὡς
2096 2947 2275 3021 προεί-

690 3052 841 3102 πομεν
861 3035 1317 3103 ἀναθεματίζεσθαι
1351 3031 1459 3096 δεῖ,
1494 3036 1578 3089 καί
1604 3033 1629 3088 ό
1660 3035 1707 3088 ἐν
1744 3034 1905 3105 ἁγίοις
1935 3036 2275 3106 Δύγουστῖνος

690 3123 965 3183 ἐπίσκοπος
994 3125 1048 3177 ἐκ
1088 3132 1179 3185 τῆς
1217 3130 1315 3178 τῶν
1352 3121 1541 3198 ’Δφρῶν
1573 3128 1756 3199 χώρας
1804 3126 1939 3181 οὕτω
1975 3127 2107 3200 λέγει
2135 3129 2185 3181 ἐν
2212 3135 2275 3203 τῇ

2450 2940 2718 2997 Cancrum
2745 2940 3027 2996 hxereticos
3054 2949 3175 3011 post
3198 2949 3425 2995 mortem
3452 2953 3691 3010 quoque,
3722 2936 3780 2993 ut

2377 3049 2491 3091 rtus
2535 3033 2928 3099 constituimus,
2976 3049 3094 3089 esse
3135 3032 3492 3100 damnandos,
3535 3038 3758 3087 sanctus

2378 3126 2706 3196 Augustinus
2747 3124 3014 3181 Africana:
3048 3125 3329 3195 cujusdam
3373 3124 3522 3179 urbis
3569 3124 3788 3195 episcOp

689 3214 925 3287 ἐπιστολῇ
962 3222 1025 3291 τῇ
1055 3216 1187 3289 πρὸς
1225 3217 1499 3286 Βονιφάτιον
1531 3219 1877 3293 γεγραμμὲντν
1915 3234 1934 3268 ε
1961 3215 2140 3272 Ὁπότε
2184 3214 2269 3272 κᾶν

2208 3214 2276 3272 τᾶν
2299 3250 2345 3311 c
2377 3216 2605 3286 epistola
2631 3216 2698 3270 ad
2720 3215 3051 3271 Bonifacium
3081 3214 3282 3270 diserte
3311 3215 3473 3270 tradit
3498 3232 3511 3269 :
3548 3234 3567 3267 ι
3587 3213 3788 3282 Quamv

691 3307 839 3364 άληθῆ
951 3305 1160 3362 δυνατόν
1203 3304 1468 3376 δειχθῆναι
1506 3310 1571 3363 τά
1610 3306 1736 3382 παρ’
1764 3310 1931 3363 αὐτῶν
1960 3311 2276 3367 ἀνατεθέντα

693 3396 909 3451 κεκιλιαν
928 3408 980 3461 ῖι,
1022 3401 1106 3452 καί
1130 3399 1281 3470 ὑμῖν,
1307 3402 1394 3453 καί
1419 3401 1733 3456 ἀποθανόντα
1766 3396 1825 3456 ἂν
1853 3403 2007 3457 αὐτὸν
2040 3404 2278 3476 ἀναθεμα-

689 3489 908 3558 τίζομεν⁹
939 3487 1044 3541 ἀλλ’
1071 3486 1206 3561 ὅμως
1226 3495 1316 3549 τήν
1343 3496 1436 3545 τοῦ
1460 3498 1683 3565 Χριστοῦ
1706 3492 1997 3559 ἐκκλησίαν,
2039 3496 2074 3553 η’
2100 3517 2179 3556 τις
2215 3499 2275 3551 οῦ

693 3583 812 3637 ταῖς
846 3577 1193 3647 ὶμφιλονείκοις
1219 3576 1385 3644 δόξαις
1409 3582 1802 3651 μεταϐάλλεται,
1837 3583 1962 3640 ἀλλά
1989 3593 2100 3646 ταῖς
2120 3586 2279 3648 θείαις

684 3669 999 3738 μαρτυρίαις
1021 3668 1318 3740 βεϐαιοῦται
1335 3710 1350 3735 ,
1380 3669 1446 3725 δι’
1473 3668 1571 3726 οἷον
1599 3670 1783 3731 δήποτε
1811 3670 2075 3749 ἄνθρωπον
2119 3698 2275 3733 κατα-

688 3759 879 3814 λείπειν
899 3761 990 3813 οὺκ
1010 3759 1278 3831 ὀφείλομεν.
1310 3778 1331 3812 t

765 3852 867 3903 Καὶ
901 3855 1068 3905 ταῦτα
1115 3852 1205 3921 μὲν
1249 3850 1275 3906 ό
1316 3852 1367 3907 ἐν
1408 3851 1567 3927 ἁγίοις
1606 3856 1959 3930 Δῦγουστῖνος.
1998 3855 2173 3931 ὀμως
2217 3864 2277 3917 οῦ

694 3939 838 4012 μόνον
875 3943 996 4001 τοὺς
1037 3942 1110 4003 εἰς
1152 3944 1326 3998 πίστιν
1376 3943 1757 4021 ἁμαρτάνοντας
1813 3951 1944 4020 μετά
1982 3951 2193 4007 θάνατον
2233 3954 2279 4007 οί

695 4028 831 4101 ἅγιοι
865 4032 1085 4106 πατέρες
1122 4032 1601 4101 ἀναθεματίζουσιν,
1632 4037 1756 4091 ἀλλά
1800 4041 2031 4101 καὶτοὺς
2073 4041 2280 4096 ἐπισκό-

697 4140 844 4185 πους,
865 4123 990 4182 τοὺς
1018 4123 1069 4177 ἐν
1104 4130 1168 4197 τῇ
1188 4122 1450 4199 τελευταίᾳ
1492 4127 1653 4182 αὐτῶν
1681 4129 1949 4199 βουλήσει,
1994 4131 2024 4192 ἦ
2059 4134 2111 4197 ἐξ
2134 4132 2281 4190 ἀδια-

696 4209 835 4264 θίτου
867 4212 1145 4282 αίρετικοῖς
1169 4215 1495 4287 συγγενέσιν,
1535 4216 1566 4275 ἢ
1593 4219 1844 4282 ἐξωτικοῖς
1882 4222 2281 4294 καταλιμπάνον-

693 4322 808 4361 κας.
839 4309 940 4362 Τῆς
971 4303 1072 4380 γάρ
1115 4305 1164 4357 ἓν
1202 4301 1403 4381 ’Δφρικῇ
1447 4305 1664 4362 συνόδου
1710 4308 2039 4382 ὀγδοηκοστὸς
2075 4323 2280 4391 πρῶτος

688 4395 848 4448 κανῶν
869 4392 1003 4449 οὕτω
1026 4394 1155 4467 λέγει
1178 4411 1194 4427 ⁸
1223 4412 1242 4447 ε
1269 4396 1412 4451 Πάλιν
1442 4400 1654 4473 ὡρίσθη,
1685 4398 1736 4455 εἴ
1761 4424 1840 4463 τις
1864 4406 2137 4469 ἐπίσκοπος
2164 4406 2282 4469 κλη-

697 4483 940 4573 ρονόμους
966 4486 1236 4549 ἃξωτικούς
1271 4495 1363 4549 τῆς
1404 4487 1536 4549 ἰδίας
1565 4495 1889 4565 συγγενείας,
1919 4494 1949 4555 ἣ
1976 4498 2276 4573 α’ρετικοὺς,

2377 3309 2512 3380 quit,
2543 3308 2668 3364 etsi
2691 3322 2819 3363 vera
2848 3314 3029 3362 essent
3054 3321 3174 3376 qua:
3201 3307 3269 3362 ab
3297 3307 3376 3361 eis
3405 3305 3615 3375 objecta
3644 3315 3772 3360 sunt

2376 3400 2522 3455 liano
2551 3408 2606 3454 et
2632 3398 2787 3454 nobis
2828 3406 3051 3469 possent
3093 3395 3385 3466 aliquando
3434 3397 3745 3463 monstrari,
3786 3413 3787 3417 η

2372 3492 2485 3564 jam
2510 3500 2789 3547 mortuum.
2810 3490 3387 3545 anathematizaremus
3411 3505 3426 3554 ;
3452 3486 3545 3543 sed
3569 3496 3745 3542 tamen
3770 3486 3788 3540 l

2377 3584 2510 3640 siam
2538 3582 2757 3651 Christi,
2779 3597 2898 3653 qum
2919 3597 3029 3637 non
3070 3581 3319 3649 litigiosis
3346 3580 3691 3649 opinionibus
3721 3580 3787 3634 lin

2379 3675 2476 3730 sed
2531 3674 2725 3729 divinis
2775 3672 3212 3729 attestationibus
3265 3671 3647 3742 comprobatur
3668 3713 3683 3738 ,
3739 3689 3788 3743 pl

2378 3764 2675 3836 quemlibet
2702 3765 2978 3820 hominem
3007 3764 3316 3833 relinquere
3341 3763 3561 3818 minime
3587 3763 3788 3819 debemi

2451 3855 2578 3912 Haec
2606 3856 2953 3926 Augustinus.
3004 3854 3263 3911 Similiter
3287 3863 3464 3910 autem
3496 3870 3603 3911 non
3633 3855 3788 3911 modo

2378 3946 2615 4012 multos,
2664 3947 2756 4016 qui
2804 3946 3062 4002 adversus
3110 3945 3267 4001 ﬁdem
3317 3955 3666 4014 enaverant,
3715 3962 3788 4004 ιη(

2379 4037 2855 4093 anathematizavit
2878 4035 3119 4093 Ecclesia
3168 4044 3226 4092 et
3270 4036 3442 4092 sancti
3470 4035 3680 4102 Patres,
3728 4052 3787 4094 se

2378 4143 2574 4200 scopas
2597 4129 2758 4184 etiam
2785 4127 2877 4195 qui
2905 4127 2990 4183 vel
3017 4127 3071 4182 in
3102 4127 3288 4182 ultima
3315 4140 3411 4181 sua
3438 4126 3735 4192 voluntate,
3773 4143 3788 4176 π

2378 4220 2635 4276 intestato
2661 4218 2932 4274 hatreticis
2976 4216 3408 4286 consanguineis,
3457 4215 3544 4271 vel
3581 4216 3745 4271 etiam
3775 4231 3788 4271 ι

2379 4311 2496 4367 neis
2523 4325 2616 4366 sua
2644 4310 2787 4365 bona
2816 4309 3175 4379 reliquissent.
3216 4305 3619 4377 Octuagesimus
3664 4310 3787 4364 enin

2378 4420 2500 4461 mus
2527 4404 2789 4460 Africanae
2816 4404 3004 4478 synodi
3033 4420 3209 4460 canon
3239 4404 3354 4460 haec
3378 4404 3543 4460 habet
3568 4423 3581 4459 :
3621 4424 3641 4458 ι
3667 4406 3788 4461 item

2381 4498 2625 4555 stitutum
2654 4504 2758 4565 est,
2788 4504 2849 4550 ut
2877 4497 2922 4551 si
2950 4497 3071 4567 quis
3091 4497 3378 4566 episeopus
3404 4496 3641 4552 haeredes
3668 4507 3787 4552 extr

695 4570 790 4628 τᾶν
831 4574 990 4637 ἰδίους
1016 4587 1308 4652 συγγενεῖς,
1335 4580 1365 4640 ἢ
1392 4579 1628 4644 Ἐλληνας
1647 4591 1952 4661 προτιμήσει
1984 4570 2077 4651 της
2104 4591 2275 4651 ὶκκλη-

2208 4608 2277 4651 ιη·
2301 4624 2355 4685 D
2380 4603 2412 4643 a
2437 4587 2905 4656 consanguinitate
2942 4602 3059 4652 sua,
3109 4587 3195 4642 vel
3235 4587 3520 4642 hzereticos
3545 4589 3704 4643 etiam
3735 4605 3788 4643 cc

699 4668 845 4730 σίας,
885 4670 1125 4737 καὶμετά
1161 4671 1371 4727 θάνατον
1410 4675 1874 4747 ἀναθεματιζέσθω,
1913 4682 2081 4736 καὶτὸ
2119 4680 2277 4755 ὄνομα

699 4758 853 4811 αὐτοῦ
880 4760 1067 4829 μεταξὺ
1097 4769 1196 4815 τῶν
1240 4770 1331 4817 τοῦ
1361 4771 1487 4819 Θεοῦ
1529 4768 1699 4841 ίερίων
1729 4774 1800 4840 μή
1836 4772 2277 4843 ἀναγινωσκέσθω,

700 4852 782 4903 καί
806 4848 916 4904 οὐδέ
943 4852 1213 4925 ἐξαιρεῖται
1233 4863 1324 4916 τῆς
1351 4862 1714 4934 κατακρίσεως,
1750 4865 1796 4917 εί
1821 4862 2084 4928 ἀδιάθετος
2108 4868 2278 4922 τελευ-

700 4944 861 4998 τήσει·
891 4941 1063 5003 ἔπειδὴ
1090 4945 1250 5018 ἐχρῆν
1280 4949 1430 5004 αὐτόν
1454 4949 1729 5007 ἐπίσκοπον
1754 4956 2007 5025 γενόμενον
2032 4955 2279 5029 μηδαμῶς

702 5032 1041 5088 ἀναϐαλέσθαι
1068 5040 1157 5094 τὴν
1196 5044 1287 5097 τῆς
1327 5036 1456 5101 ἰδίας
1495 5042 1674 5103 οὐσίας
1719 5042 1988 5107 διοίκησιν,
2033 5046 2278 5122 άρμοόίαν

702 5130 772 5192 τῷ
792 5126 953 5195 οἰκείῳ
972 5126 1333 5200 ἱπαγγέλματι.
1365 5148 1384 5181 t
1410 5135 1465 5184 Εἰ
1488 5137 1672 5195 τοίνυν,
1699 5139 1861 5197 καθὼς
1884 5136 1909 5190 ό
1930 5138 2279 5198 ἐκκλησιαστι-

703 5214 786 5271 κὸς
812 5214 966 5285 ὥρισε
995 5220 1178 5283 κανὼν,
1210 5219 1342 5293 ὑπὲρ
1370 5218 1501 5281 ἰδίας
1531 5222 1576 5273 oi
1598 5223 1859 5278 ἐπίσκοποι
1886 5231 2183 5298 περιουσίας
2211 5235 2279 5297 μή

705 5302 861 5375 ὀρθῶς
900 5303 1255 5369 διοικηθείσης.
1288 5312 1375 5362 καί
1407 5313 1535 5379 μετά
1573 5312 1780 5369 θάνατον
1812 5316 2278 5386 άναθεματίζονται,

705 5391 847 5461 πόσῳ
880 5394 1062 5462 μᾶλλον
1101 5398 1541 5470 ἀναθεματίζεσθαι
1579 5401 1781 5474 ὤφειλον
1823 5406 1869 5458 oi
1896 5408 1967 5465 είς
2009 5408 2159 5461 αὐτόν
2192 5410 2279 5461 τὸν

704 5481 821 5533 Θεὸν
849 5480 1251 5556 ἁμαρτάνοντες,
1291 5496 1381 5548 τῆς
1410 5485 1555 5558 ἁγίας
1589 5500 1785 5565 γραφῆς
1825 5493 2087 5565 λεγούσης,
2120 5513 2138 5544 ί
2169 5501 2280 5551 Ἐὲιν

704 5567 962 5646 ἅνθρωπος
990 5576 1059 5639 είς
1098 5572 1358 5654 ἄνθρωπον
1396 5579 1626 5656 ἁμάρτῃ,
1656 5586 1739 5636 καί
1764 5583 2132 5657 προσεύξονται
2158 5590 2278 5662 περί

707 5664 863 5716 αὐτοῦ
880 5681 892 5694 ·
923 5667 967 5719 εἰ
998 5662 1053 5720 δὲ
1080 5668 1150 5725 εἰς
1178 5668 1303 5722 Θεόν
1328 5691 1405 5732 τις
1433 5670 1658 5746 ἁμάρτῃ,
1687 5675 1766 5734 τίς
1792 5677 2126 5750 προσεύξεται
2160 5681 2278 5755 περὶ

708 5777 860 5812 αυτου
879 5772 894 5820 ;

2380 4680 2624 4748 guineos,
2657 4687 2751 4734 aut
2774 4693 3012 4749 paganos
3040 4678 3296 4735 Ecclesiae
3312 4680 3625 4751 prmtulerit,
3653 4682 3788 4735 etiau

2382 4778 2611 4825 mortem
2661 4770 2710 4824 ei
2758 4770 2966 4825 dicatur
2994 4771 3310 4838 anathema,
3362 4780 3418 4827 et
3447 4787 3639 4827 nomen
3668 4773 3783 4841 ejus

2382 4859 2692 4915 sacerdotes
2723 4859 2813 4913 Dei
2857 4875 2966 4915 non
3012 4870 3392 4930 computetur;
3445 4877 3545 4917 nec
3593 4877 3785 4917 excusa

2381 4949 2465 5005 illi
2488 4949 2637 5005 locus
2661 4950 2751 5016 sit,
2778 4950 2921 5020 quod
2950 4951 3231 5006 intestatus
3259 4951 3586 5007 decesserit:
3619 4953 3740 5022 quia
3770 4970 3788 5007 t

2382 5039 2568 5094 debuit
2592 5037 2766 5095 factus
2787 5041 3092 5110 episcopus,
3142 5042 3223 5097 rei
3261 5057 3371 5097 sua:
3401 5042 3788 5099 ordinationem

2380 5142 2569 5197 gruam
2597 5144 2706 5184 sine
2732 5128 3053 5199 professioni
3091 5146 3428 5201 nequaquam
3477 5133 3532 5187 in
3572 5134 3707 5189 aliud
3742 5144 3788 5188 te

2382 5218 2617 5274 differre.
2661 5240 2681 5273 ι
2726 5220 2782 5275 Si
2831 5220 3028 5291 itaque,
3084 5223 3538 5292 quemadmodum
3588 5226 3788 5280 ecclesi:

2382 5323 2449 5363 eo
2478 5324 2686 5364 canone
2725 5310 3003 5365 deﬁnitum
3034 5320 3135 5378 est,
3178 5323 3301 5386 post
3328 5323 3557 5369 mortem
3587 5332 3788 5387 quoque

2384 5399 2624 5457 themate
2653 5402 2917 5456 feriuntur
2932 5403 3253 5476 episcOpiob
3268 5404 3481 5459 divitias
3515 5408 3653 5477 ipsas
3692 5410 3788 5463 hau

2380 5498 2469 5544 ete
2525 5491 2870 5557 distributas,
2933 5502 3135 5561 quanto
3165 5495 3361 5563 justius
3407 5502 3788 5556 excommunic:

2385 5579 2698 5651 subjiciendi
2726 5592 2883 5637 erunt
2910 5584 3003 5653 qui
3045 5585 3097 5638 in
3137 5584 3304 5640 Deum
3353 5587 3527 5657 ipsum
3574 5606 3788 5660 peccave

2384 5675 2599 5732 dicente
2624 5677 2942 5748 Scriptura:
2994 5678 3056 5733 Si
3093 5679 3245 5734 homo
3284 5682 3337 5736 in
3366 5683 3618 5737 hominem
3643 5701 3788 5755 pecco

2384 5770 2481 5823 erit
2504 5769 2589 5839 qui
2618 5786 2711 5839 pro
2738 5772 2850 5840 ipso
2878 5778 2991 5824 oret
3009 5790 3029 5837 ;
3079 5773 3124 5826 si
3169 5782 3337 5828 autem
3374 5775 3429 5828 iu
3472 5773 3633 5831 Deum
3658 5777 3788 5852 deliq

2382 5862 2497 5930 quis
2522 5862 2688 5917 orabit
2710 5878 2805 5934 pro
2832 5877 2892 5917 eo
2913 5862 2939 5916 Ρ
3590 5860 3591 5863 “
