4000 6186
342 354 455 414 525

1507 364 1880 424 JUSTINIANI
1907 370 2046 426 IMP.
2092 372 2447 431 EPISTOLA.
3122 428 3129 431 .
3237 343 3241 346 ’
3440 388 3463 401 ο

3524 392 3624 452 3'36

408 468 781 539 ’Δποδςίξαντες
837 475 891 532 δὲ
957 476 1035 534 ὅτι
1084 481 1135 534 ἓν
1196 488 1309 542 τοῖς
1345 481 1682 556 προλαϐοῦσι
1729 483 1907 559 χρόνοι

2112 489 2244 544 Cum
2274 502 2455 546 autem
2477 493 2880 555 ostenderimus
2908 499 3070 558 fuisse
3097 505 3384 574 praeteritis
3413 517 3501 564 ten
3524 527 3626 581 po-

334 566 530 642 ὖρίσθη
551 569 695 642 παρὰ
719 575 821 624 τῶν
849 568 1005 642 ἁγίων
1034 574 1274 647 πατέρων
1304 582 1497 650 χρῆναι
1525 579 1611 631 καί
1629 578 1759 649 μετά
1779 576 1938 633 Θάνα-

334 680 423 715 τον
445 661 889 733 ἆναθεματίζεσθαι
914 666 1032 723 τοὺς
1072 663 1170 720 εἴτε
1201 669 1275 726 είς
1299 670 1502 737 πίστιν,
1530 665 1630 724 εἴτε
1671 671 1741 731 είς
1785 669 1937 726 κανό-

332 773 424 811 νας
450 752 884 823 ἁμαρτήσαντας,
916 754 1190 826 ἀναγκαῖον
1219 752 1342 811 εἶναι
1367 756 1658 829 συνείδομεν
1687 762 1771 814 καί
1795 764 1862 817 τὰ
1888 763 1936 816 ἔν

331 852 438 903 τοῖς
478 845 742 919 ἡμετέροις
772 845 981 919 χρόνοις
1012 846 1253 919 γενόμενα
1295 853 1431 904 πᾶσι
1460 847 1585 907 δῆλα
1612 859 1936 910 καταστῆσαι

326 933 463 1007 προς
492 937 749 1012 ἀναίρεσιν
778 938 948 997 πάσης
976 939 1204 1012 ἀφορμῆς
1228 947 1326 993 τῶν
1354 944 1473 1001 τούς
1500 950 1770 1017 προφανεῑς
1796 945 1936 1017 αἶρε-

326 1029 525 1087 τικοὺς,
547 1029 632 1080 καί
653 1032 745 1086 τήν
765 1031 960 1083 τούτων
983 1029 1109 1084 aias"
1122 1050 1227 1083 ειαν
1252 1028 1598 1091 ἐκδικούντων.
1626 1035 1856 1106 Λαυρέντ
1877 1053 1930 1086 ον

324 1119 425 1192 γάρ
450 1159 466 1179 ,
513 1120 597 1173 καί
624 1120 918 1195 Διόσκορον,
963 1124 1085 1181 τοὺς
1116 1123 1162 1175 ἐν
1191 1121 1443 1199 διαιόροις
1471 1123 1679 1198 χρόνοις
1712 1131 1799 1186 τήν
1835 1133 1927 1181 τοῦ

322 1206 670 1265 ὶποστολικοῦ
696 1210 876 1286 Θρόνου
907 1214 1186 1286 ἱερωσύνην
1213 1213 1648 1289 ὑφαρπάσαντας,
1681 1221 1724 1272 εἰ
1750 1222 1831 1272 καί
1856 1224 1926 1290 μὴ

320 1300 396 1356 εἷς
438 1300 619 1354 πίστιν
659 1301 916 1376 ἥμαρτον,
960 1304 1067 1357 ἀλλ’
1109 1299 1195 1356 οὖν
1237 1303 1409 1364 ἐπειδὴ
1456 1309 1586 1362 κατά
1619 1307 1925 1385 περιδρομὴν

320 1387 666 1445 ἓσπούδασαν
691 1399 784 1452 τῆς
814 1394 1096 1455 ἐπισκοπῆς
1122 1395 1446 1451 ἐπιλαϐέσθαι
1465 1437 1480 1461 ,
1510 1400 1638 1466 μετά
1663 1399 1869 1455 θάνατον
1897 1400 1922 1455 ὁ

319 1479 667 1542 ἔποστολικός
690 1483 863 1557 θρόνος
891 1487 1161 1558 κατέκρινε,
1189 1487 1274 1540 καί
1298 1486 1667 1552 ἀνεθεμάτισεν.

2043 580 2191 636 ribus
2220 597 2252 636 a
2281 585 2482 639 sanctis
2510 584 2761 643 Ecclesia:
2783 587 3031 649 Patribus
3054 595 3172 664 lege
3192 600 3479 670 sancitum,
3502 580 3627 673 post

2043 684 2274 730 mortem
2304 677 2487 743 etiam,
2530 694 2625 735 eos
2651 682 2742 751 qui
2770 683 2858 737 vel
2886 694 3077 741 contra
3116 689 3294 755 ﬁdem,
3326 694 3413 748 vel
3439 693 3634 753 adver-

2042 776 2132 817 sus
2143 760 2395 823 Ecclesia:
2413 783 2651 825 canones
2671 775 2986 842 erraverint,
3004 778 3441 839 anathematizari
3461 800 3627 855 opor-

2043 863 2160 912 tere
2185 875 2198 911 :
2239 861 2602 916 necessarium
2633 865 2836 933 pariter
2862 882 2982 923 esse
3009 872 3362 941 prospicimus
3389 889 3451 930 ea
3482 890 3624 945 quo-

2040 958 2147 1014 que
2175 963 2293 1017 quae
2322 959 2505 1004 nostra
2550 952 2653 1008 hac
2697 962 2857 1010 mtate
2890 954 3033 1012 facta
3084 968 3211 1014 sunt
3236 963 3486 1019 omnibus
3515 981 3624 1021 ma-

2032 1037 2228 1091 nil‘esta
2275 1040 2626 1107 constituere,
2681 1049 2739 1097 ut
2783 1045 2958 1100 omnis
2986 1047 3207 1103 tollatur
3234 1052 3615 1118 contradictio,

2032 1143 2150 1197 qua:
2178 1144 2206 1183 a
2236 1129 2584 1199 profanorum
2616 1134 3012 1203 haereticorum,
3045 1138 3394 1211 ipsorumque
3423 1143 3620 1213 impie-

2034 1218 2160 1272 tatis
2199 1220 2693 1288 patrocinatoribus
2740 1225 2913 1293 possit
2964 1227 3212 1283 excitari.
3266 1228 3617 1288 Laurentium

2031 1321 2266 1375 namque
2306 1315 2361 1361 et
2390 1308 2726 1379 Dioscorum,
2749 1313 2841 1381 qui
2871 1314 3095 1371 diversis
3123 1320 3453 1388 temporibus
3474 1337 3614 1393 apo-

2029 1397 2205 1453 stolici
2246 1399 2427 1455 throni
2472 1402 2815 1458 sanctitatem
2864 1406 3262 1476 subripuerant,
3308 1427 3615 1483 quanquam

2028 1487 2161 1542 nihil
2190 1487 2245 1542 in
2275 1486 2379 1544 ﬁde
2402 1501 2735 1560 peccassent,
2762 1494 2832 1549 ob
2861 1495 3093 1566 idipsum
3116 1504 3321 1569 tamen,
3343 1503 3488 1571 quod
3513 1522 3613 1575 per

2030 1580 2284 1649 ambages
2310 1581 2679 1654 episcopatum
2709 1587 2982 1655 suscipere
3010 1590 3194 1645 conati
3223 1590 3466 1661 fuerant,
3505 1597 3613 1653 vita

316 1657 432 1725 iam
461 1658 679 1716 functos
706 1664 1003 1733 apostolica
1024 1664 1283 1734 judicavit
1311 1669 1489 1737 sedes,
1522 1678 1683 1740 atque
1711 1672 2090 1728 condemnavit

393 1751 601 1813 Ἐπειδὴ
643 1753 696 1810 δὲ
742 1760 827 1811 καὶ
872 1766 1022 1814 τοῦτο
1086 1769 1193 1821 τοῖς
1253 1763 1520 1838 ὑμετέροις
1576 1767 1911 1839 προσεθήκατε

2101 1764 2301 1820 Verum
2323 1780 2444 1820 cum
2483 1766 2538 1821 in
2571 1769 2766 1824 vestris
2791 1769 2985 1826 litteris
3013 1772 3067 1827 id
3089 1775 3252 1830 etiam
3273 1776 3611 1847 adjeceritis:

310 1845 654 1919 γράμμασιν,
686 1846 765 1904 ὅτι
799 1844 884 1903 ἔάν
924 1873 999 1912 τις
1039 1855 1125 1907 τὸν
1153 1854 1495 1929 αίρεσιάρχην
1539 1857 1887 1931 ἁναθεματίσῃ
1907 1899 1921 1922 ,

310 1940 407 1992 καί
438 1936 559 2013 εἴπῃ
577 1944 910 2016 κατακρίνων,
939 1948 1020 1999 καὶ
1044 1948 1162 2006 τοῦς
1183 1951 1246 2003 τὰ
1268 1946 1418 2019 ὅμοια
1436 1956 1736 2021 φρονοῦντας
1764 1953 1920 2023 αὐτῷ,

310 2033 804 2107 συμπεριλαμϐάνει
837 2038 1033 2099 πάντας
1060 2042 1180 2100 τοὺς
1215 2038 1296 2095 ὅτε
1326 2039 1511 2099 δήποτε
1546 2048 1713 2097 ταῦτα
1748 2048 1923 2120 φρονή-

310 2138 545 2182 σαντας·
566 2127 654 2177 καί
680 2122 765 2179 διὰ
798 2132 945 2181 τοῦτο
974 2126 1148 2187 ἐπειδὴ
1180 2130 1370 2184 Παῦλον
1394 2131 1478 2185 τὸν
1503 2134 1924 2203 Σαμοσατέα,καί

309 2219 533 2281 Φὼτιον,
559 2219 645 2271 καί
671 2218 893 2274 Βόνωσον
912 2261 923 2282 ,
954 2224 1038 2274 καί
1078 2223 1349 2297 Νεστόριον
1375 2225 1761 2295 ἁναθεματίζετε
1783 2271 1797 2294 ,
1829 2228 1921 2282 οὐκ

307 2307 540 2379 ὀφείλετε
567 2312 652 2363 καί
675 2309 935 2385 Θεόδωρον
971 2313 1056 2368 τὸν
1081 2316 1148 2368 τά
1192 2311 1342 2384 ὅμοια
1379 2316 1576 2379 ἐκείνοις
1602 2321 1921 2391 φρονήσαντα

306 2399 568 2468 ἰνομαστί
630 2402 1023 2473 ἀναθεματίσαι.
1088 2407 1366 2459 Γινώσκετε
1436 2403 1516 2461 ὅτι
1578 2414 1780 2481 πρῶτον
1827 2412 1921 2478 μὲν

302 2490 496 2544 ἐκεῖνοι
541 2489 673 2563 δίχα
716 2494 958 2565 ὀνόματος
1003 2496 1455 2566 ἁναθεματίζονται
1493 2497 1700 2555 οἱκατὰ
1729 2499 1918 2559 πλάνην

306 2581 757 2644 ἀκολουθήσαντες
801 2592 913 2646 τοῖς
953 2585 1354 2662 αίρεσιάρχαες,
1404 2588 1461 2641 οὐ
1502 2592 1599 2657 μὴν
1650 2589 1695 2641 oi
1738 2586 1917 2649 ἄλλους

305 2673 679 2734 ἀπατήσαντες
728 2677 857 2735 Τοὺς
885 2677 981 2753 γὰρ
1018 2680 1287 2751 ἀρχηγοὺς
1318 2686 1418 2733 τῶν
1442 2678 1680 2755 αἱρέσεων
1704 2684 1787 2734 καί
1810 2682 1852 2735 ὀι
1864 2701 1917 2733 ο-

305 2767 485 2833 μαστὶ
511 2765 542 2821 ἡ
570 2765 807 2823 ἐκκλησία
829 2773 918 2820 τοῦ
944 2775 1073 2822 Θεοῦ
1100 2770 1468 2837 ἀναθεματίζειο
1491 2767 1759 2841 ’Θεόδωρος
1787 2768 1835 2824 δὲ
1860 2773 1917 2823 οὐ

307 2856 470 2928 μόνον
490 2853 792 2919 διδάσκαλος
815 2855 873 2917 ἦν
898 2866 987 2919 τῆς
1018 2864 1290 2936 Νεστορίου
1321 2859 1649 2922 δυσσεϐείας,
1674 2860 1798 2915 ἀλλὰ
1827 2867 1913 2916 καί

306 2952 537 3014 πολλοὺς
557 2951 639 3009 διὰ
666 2962 768 3009 τῶν
792 2954 992 3009 ἀσεϐῶν
1013 2958 1165 3009 αὐτοῦ
1189 2954 1609 3030 συγγραμμάτων
1632 2956 1910 3014 ἠπάτησεν.
1934 2988 1941 3003 ι

299 3040 521 3121 Ὠσπερ
559 3048 654 3124 γὰρ
685 3047 730 3100 οἱ
758 3049 891 3124 ὀρθοί
916 3057 1007 3107 τῆς
1047 3048 1320 3108 ἐκκλησίας
1360 3046 1652 3103 διδάσκαλοι
1691 3047 1773 3103 διὰ
1811 3057 1911 3103 τῶν

2027 1859 2071 1913 si
2101 1858 2221 1929 quis
2264 1858 2576 1915 haereticum
2625 1863 3186 1934 anathematizaverit,
3235 1877 3292 1924 et
3338 1871 3393 1927 in
3435 1874 3611 1946 ipsum

2024 1950 2350 2005 sententiam
2373 1951 2573 2015 ferens,
2603 1970 2779 2008 omnes
2802 1971 3001 2029 quoque
3027 1973 3143 2012 cum
3168 1960 3281 2028 ipso
3309 1966 3607 2033 sentientes,

2026 2039 2355 2110 adjunxerit,
2391 2056 2514 2096 eum
2564 2042 2683 2098 illos
2719 2058 2909 2101 omnes
2935 2048 3244 2118 complecti,
3287 2052 3378 2120 qui
3421 2055 3610 2124 quavis

2022 2133 2237 2188 ratione
2275 2131 2327 2187 id
2375 2133 2549 2203 ipsum
2578 2135 2721 2203 quod
2749 2135 3037 2192 damnatur
3081 2139 3470 2207 probaverint‘.
3501 2144 3608 2199 ita-

2022 2240 2129 2294 que
2172 2240 2297 2278 cmn
2348 2222 2573 2278 Paulum
2618 2223 3077 2293 Samosatensem,
3127 2236 3182 2282 et
3228 2227 3498 2298 Photium,
3549 2241 3607 2287 et

2022 2315 2351 2381 Nestorium,
2403 2323 2459 2369 et
2501 2313 2774 2370 Bonosum
2822 2316 3326 2384 condemnaveritis,
3382 2320 3605 2376 minime

2023 2422 2158 2478 opus
2202 2420 2322 2460 esse
2367 2413 2428 2461 ut
2465 2403 2811 2460 Theodorum
2839 2421 3056 2476 quoque
3091 2407 3281 2464 eadem
3317 2425 3439 2464 cum
3468 2411 3600 2483 ipsis

2019 2498 2342 2555 sentientem
2371 2496 2689 2552 nominatim
2741 2496 3151 2554 condemnetis:
3198 2499 3391 2557 scitote
3428 2502 3603 2571 primo

2020 2591 2237 2660 quidem
2266 2590 2387 2645 illos
2416 2604 2707 2661 suppresso
2736 2591 2954 2651 nomine
3000 2591 3461 2659 anathematizari,
3511 2595 3603 2663 qui

2021 2682 2285 2737 htcresum
2307 2687 2558 2735 auctores
2584 2686 2709 2734 sunt
2734 2679 2789 2734 in
2813 2695 3000 2736 errore
3027 2680 3220 2747 secuti,
3252 2690 3480 2738 cteteros
3508 2698 3602 2737 au-

2020 2781 2126 2826 tem
2156 2769 2377 2824 minime
2414 2767 2761 2839 deceperunt.
2796 2768 2863 2823 At
2888 2785 3019 2824 vero
3059 2770 3321 2827 haaresum
3357 2771 3523 2828 duces
3548 2782 3600 2827 et

2019 2859 2304 2930 magistros
2331 2857 2573 2915 Ecclesia
2601 2859 2920 2914 nominatim
2950 2860 3389 2916 anathematizat.
3422 2860 3601 2919 Theo-

2016 2954 2183 3007 dorus
2211 2966 2373 3021 porro
2403 2966 2510 3005 non
2540 2950 2701 3005 modo
2730 2948 2962 3005 Nestorii
2981 2952 3237 3021 magister
3263 2953 3487 3018 exstitit,
3509 2969 3599 3009 ve-

2017 3064 2134 3102 rum
2164 3048 2329 3102 etiam
2360 3045 2543 3115 impiis
2575 3045 2790 3113 scriptis
2819 3045 2929 3099 suis
2957 3044 3255 3114 permultos
3296 3043 3504 3098 induxit
3544 3044 3598 3099 in

306 3138 512 3189 οἰκείων
541 3137 779 3192 ἐκθέσεων
804 3141 1146 3211 γνωρίζονται,
1181 3140 1263 3192 καί
1294 3139 1636 3198 ἐπαινοῦνται,
1666 3138 1800 3193 οὕτω
1831 3141 1911 3193 καί

2018 3153 2278 3193 errorem.
2329 3135 2540 3192 Etenim
2577 3134 3029 3205 quemadmodum
3059 3135 3190 3189 recti
3220 3132 3475 3190 Ecclesiae
3501 3134 3597 3190 do-

306 3227 376 3279 ὶκ
415 3232 507 3279 τοῦ
544 3227 763 3280 ἐναντίου
806 3230 994 3287 πάντες
1033 3228 1080 3281 οί
1123 3236 1214 3286 τῆς
1242 3227 1534 3291 κακοδοξίας
1560 3230 1789 3303 ἀρχηγοὶ
1828 3226 1913 3283 διὰ

303 3324 418 3371 τῶν
450 3315 589 3371 ἰδίων
616 3320 817 3373 ἀσεϐῶν
846 3321 1260 3393 συγγραμμάτων
1286 3320 1615 3393 ἐλέγχονται,
1659 3323 1743 3374 καὶ
1789 3320 1909 3376 ἀνα-

307 3405 695 3476 Θεματίζονται.
723 3408 909 3466 Ὀπότε
948 3416 1113 3467 τοίνυν
1161 3411 1421 3489 Θεόδωρος
1450 3418 1535 3469 καὶ
1569 3416 1907 3493 αἵρεσιάρχης

314 3501 515 3571 γέγονε,
559 3507 639 3555 καί
684 3504 1054 3576 ἀναριθμήτους
1100 3504 1423 3576 βλασφημίας
1470 3508 1521 3560 ἓν
1561 3514 1673 3567 τοῖς
1708 3511 1908 3570 οἰκείοις

308 3590 535 3659 βιϐλίοις
562 3591 821 3664 ὶξήμεσεν,
852 3594 1086 3666 οὐδεμίαν
1113 3593 1264 3666 ἔχετε
1295 3594 1491 3652 δικαίαν
1536 3600 1757 3675 ἀφορμήν
1779 3601 1908 3675 πρὸς

310 3682 372 3736 τὸ
399 3686 818 3757 παραιτήσασθαι
836 3686 921 3742 τόν
945 3687 1058 3742 κατ’
1086 3687 1239 3742 αὐτοῦ
1268 3688 1688 3760 ἁναθεματισμὸν.

378 3959 499 4032 Περὶ
528 3955 584 4013 δί
605 3965 700 4017 τῆς
728 3957 967 4018 ἐκθέσεως
992 3966 1085 4018 τῆς
1110 3960 1369 4023 πίστεως,
1401 3959 1462 4018 ἣν
1488 3966 1595 4019 τοῖς
1637 3961 1902 4034 ὖμετὲροις

313 4054 608 4124 γράμμασιν
649 4050 935 4116 ἐνεθήκατε,
968 4051 1011 4104 εἰ
1054 4050 1323 4107 καὶπολλὰ
1349 4048 1557 4122 εἴχομεν
1580 4052 1901 4126 μέμψασθαι,

311 4143 414 4196 ἀλλ’
442 4138 530 4196 οὖν
556 4139 696 4204 ὅπως
732 4141 819 4199 διὰ
856 4149 947 4203 τήν
975 4144 1224 4220 ὑμετέραν
1261 4141 1461 4218 ἄγνοιαν
1506 4148 1593 4200 καὶ
1643 4144 1901 4203 ἁπλότητα

311 4240 462 4290 τοῦτο
506 4235 839 4311 παραλείπειν
880 4237 1010 4297 τέως
1055 4233 1156 4291 δεῖν
1194 4236 1521 4309 ἐνομίσαμεν,
1562 4234 1614 4291 ἕν
1647 4259 1756 4293 τισι
1797 4240 1900 4312 γὰρ

305 4330 605 4400 ivno-pali»;
632 4330 912 4405 ἐγράψατε.
952 4328 1038 4385 Ἐν
1078 4353 1184 4388 τισι
1221 4333 1417 4409 ῥήματα
1453 4332 1729 4401 τεθείκατε,
1773 4332 1902 4405 μηδὲ

306 4427 420 4480 ταῖς
441 4420 599 4480 θείαις
623 4429 846 4497 γραφαῖς
863 4461 881 4488 ,
924 4419 1050 4496 μηδᾶ
1078 4429 1186 4483 τοῖς
1220 4426 1383 4496 ἁγίοις
1419 4426 1678 4495 πατράσιν
1706 4425 1897 4498 ἔγνωσ-

301 4513 448 4578 μένα·
477 4519 528 4565 ἰν
553 4509 725 4574 ἄλλοις
763 4512 818 4568 δὲ
845 4516 965 4574 τοὺς
999 4512 1331 4576 διδασκάλους
1360 4522 1452 4576 τῆς
1489 4517 1749 4578 ίκκλησίας
1779 4516 1896 4587 τόγε

2017 3238 2196 3284 ctores
2224 3243 2294 3283 ex
2325 3227 2557 3298 propriis
2592 3226 2849 3281 doctrinis
2878 3234 3244 3294 agnoscuntur
3272 3234 3435 3295 atque
3465 3241 3596 3295 pro-

2017 3329 2138 3390 pter
2165 3320 2309 3389 ipsas
2334 3317 2808 3382 commendantur,
2842 3317 2914 3371 ita
2945 3325 3186 3383 econtra,
3221 3331 3595 3387 perversarum

2016 3411 2405 3468 sententiarum
2455 3418 2704 3466 auctores
2734 3426 2799 3466 ex
2831 3411 3063 3480 propriis
3109 3411 3349 3482 ipsorum
3401 3411 3595 3468 litteris

2015 3503 2407 3573 rrdarguuntur
2450 3510 2611 3570 atque
2656 3503 3195 3557 anathematizantur.
3254 3503 3390 3558 Cum
3432 3505 3593 3574 igitur

2017 3594 2335 3650 Theodorus
2381 3601 2436 3648 et
2464 3593 2849 3648 haeresiarches
2892 3595 3161 3648 exstiterit
3189 3602 3245 3649 et
3284 3596 3593 3651 innumeras

2012 3702 2179 3757 prope
2206 3684 2561 3754 hlasphemias
2588 3684 2643 3739 in
2668 3684 2779 3738 suis
2812 3682 2962 3737 libris
2990 3683 3292 3754 protulerit,
3336 3684 3469 3739 nihil
3494 3699 3592 3740 vo-

2011 3780 2092 3835 bis
2134 3780 2381 3850 superest
2408 3792 2583 3834 causa:
2622 3791 2720 3832 cur
2764 3776 3052 3832 anathema
3091 3776 3145 3831 in
3194 3776 3368 3847 ipsum
3409 3776 3591 3834 dicere

2008 3870 2340 3927 detrectetis.

2079 3960 2237 4017 Circa
2268 3960 2388 4016 lidei
2419 3975 2547 4016 vero
2579 3958 2993 4030 expositionem,
3025 3975 3185 4030 quam
3226 3961 3420 4017 vestris
3446 3961 3589 4018 Ιίιιο-

2007 4052 2081 4108 ris
2109 4052 2407 4107 inseruistis
2427 4093 2443 4120 ,
2482 4050 2584 4106 etsi
2631 4051 2798 4105 multa
2827 4051 2937 4105 sint
2980 4050 3049 4106 de
3085 4051 3281 4121 quibus
3308 4052 3466 4109 nobis
3493 4068 3589 4109 vo-

2006 4143 2212 4199 biscum
2239 4150 2383 4198 esset
2408 4142 2870 4211 conquerendum,
2923 4141 3091 4197 nihilo
3123 4150 3300 4198 tamen
3328 4141 3506 4199 minus
3535 4142 3588 4199 id

2007 4240 2182 4288 totum
2244 4231 2559 4300 ignorantiae
2596 4230 3032 4300 simplicitatique
3086 4230 3379 4286 condonari
3427 4246 3588 4302 opor-

2009 4331 2123 4379 tere
2148 4322 2588 4378 existimavimus.
2628 4321 2836 4376 Alicubi
2867 4336 3099 4392 namque
3130 4330 3341 4377 versate
3366 4322 3586 4393 scripsi-

2005 4417 2123 4481 stis,
2150 4415 2343 4471 alicubi
2373 4416 2554 4471 verbis
2582 4414 2663 4468 usi
2690 4414 2841 4477 estis,
2870 4429 3046 4484 neque
3076 4414 3130 4468 in
3159 4415 3329 4470 sacris
3368 4415 3584 4484 litteris,

2008 4521 2186 4576 neque
2212 4521 2244 4560 a
2271 4506 2471 4563 sanctis
2497 4503 2755 4558 Ecclesiae
2781 4502 3023 4557 Patribus
3045 4517 3276 4573 unquam
3299 4503 3581 4572 adhibitis;

304 4607 373 4665 εἰς
394 4605 532 4675 ὑμᾶς
556 4602 673 4665 ἧκον
700 4603 1090 4662 κατεδικάσατε.
1119 4608 1250 4680 Πρός
1270 4606 1469 4668 τούτοις
1492 4606 1546 4662 δέ
1572 4610 1657 4662 καί
1684 4625 1798 4665 τινα
1825 4613 1897 4671 είς

2017 4596 2128 4652 dibi
2157 4595 2412 4651 Ecclesitr
2438 4594 2689 4650 doctores
2716 4594 2879 4663 ipsos,
2900 4593 3051 4663 juxta
3075 4594 3219 4664 quod
3238 4594 3391 4650 vobis
3412 4595 3583 4652 visunt

297 4700 391 4754 τὸν
439 4695 700 4770 ὀρθόδοξον
751 4701 1072 4753 συντείνοντα
1129 4701 1300 4753 πίστιν
1343 4698 1707 4773 παρελείψατε.
1753 4697 1896 4756 Ὀθεν

303 4792 414 4863 χρὴ
439 4788 578 4859 ὑμᾶς
614 4789 745 4843 κατά
779 4792 869 4846 τήν
915 4790 1214 4861 παραίνεσιν
1258 4794 1357 4843 τῶν
1403 4788 1557 4859 ἁγίων
1603 4791 1837 4864 πατέρων
1862 4790 1894 4850 ἢ

303 4882 641 4951 τινῶσκοντας
684 4881 868 4945 Ααλεῖν,
906 4880 937 4941 ἦ
970 4881 1276 4953 ἀγνοοῦντας
1304 4887 1525 4945 σιωπᾶν,
1558 4887 1641 4937 καί
1669 4884 1768 4938 ἀπὸ
1795 4890 1895 4937 τῶν

301 4970 648 5040 ἐπισταμένων
678 4968 1023 5026 διδάσκεσθαι.

367 5245 577 5306 Ἐπειδή
622 5244 676 5300 δέ
722 5243 980 5320 ἐγράψατε
1021 5247 1166 5314 ἡμῖν,
1215 5251 1324 5304 πῶς
1368 5244 1621 5316 ὀφείλομεν
1662 5252 1768 5305 τοῖς
1814 5245 1892 5299 Δί-

292 5340 533 5409 γνπτίοις
556 5338 945 5410 ἀποκρίνασθαι,
970 5335 1289 5407 Θαυμάζομεν
1315 5335 1472 5405 ὑμᾶς,
1504 5332 1585 5391 ὅτι
1610 5340 1699 5394 τὴν
1722 5338 1887 5413 dco-eff!

293 5429 569 5487 ἓπιστολήν
598 5427 785 5483 ἐκείνην
819 5430 901 5480 καί
929 5423 1215 5500 Θεόδωρον,
1245 5427 1331 5479 καί
1355 5424 1653 5499 Νεστὸριον,
1688 5429 1768 5479 mi
1795 5432 1884 5485 τὴν

292 5517 591 5582 κακοδοξίαν
629 5522 721 5577 τήν
760 5518 927 5571 αὐτῶν
971 5514 1307 5578 ὶκδικοῦντες,
1337 5520 1455 5587 ἡμῖν
1492 5525 1749 5591 παραινεῖν
1776 5519 1887 5571 ἑπι-

293 5621 557 5683 χειρεῖςε,
606 5609 658 5663 τί
707 5607 961 5680 ὀφείλομεν
1015 5602 1179 5668 ἄλλοις
1206 5607 1448 5666 ἐναντίοις
1491 5614 1581 5666 τῆς
1627 5606 1886 5669 ἐκκλησίας

291 5699 686 5774 ἀποκρίνασθαι.
718 5698 774 5751 Εἰ
801 5698 899 5771 γάρ
927 5717 1004 5756 τις
1033 5703 1138 5755 τοῖς
1163 5692 1286 5767 παρ’
1306 5697 1446 5768 ῦμῶν
1474 5704 1712 5771 γραξεῐσι
1740 5718 1887 5752 συνε-

290 5790 427 5843 νόσει
468 5788 619 5859 (sic),
653 5786 797 5843 οὐδέν
825 5788 990 5863 ἕτερον
1026 5787 1326 5864 παραινέσει
1364 5795 1471 5847 τοῖς
1500 5785 1886 5859 Ἀιγυπτίοις,·ἣ

296 5881 669 5956 Θεῶωροῳιαί
702 5877 969 5957 Νιστόριον
1015 5883 1134 5943 τοὺς
1169 5878 1454 5955 αἱρετικῶς
1501 5875 1768 5950 δέξασθαι,
1801 5881 1888 5936 καί

2001 4697 2101 4753 cst,
2133 4685 2555 4753 condemnastis,
2586 4691 2749 4752 atque
2778 4683 2957 4739 adhuc
2985 4684 3269 4755 quemdam
3300 4686 3366 4741 ad
3396 4687 3582 4742 ortho-

1997 4780 2194 4846 doxam
2224 4778 2383 4831 Iidem
2412 4777 2635 4831 omnino
2672 4776 3045 4846 pertinentem
3074 4775 3289 4832 silentio
3319 4777 3578 4846 pneterii-

1995 4845 2112 4926 stis:
2155 4868 2499 4939 Quapropter
2520 4845 2735 4937 oportet
2777 4884 2885 4931 vos,
2934 4866 3086 4935 juxta
3117 4845 3428 4922 sanctorum
3468 4865 3575 4920 Pa-

1995 4972 2029 5017 t'
2048 4978 2136 5017 um
2169 4960 2614 5032 admonitionem,
2646 4958 2730 5013 vel
2762 4959 2995 5013 scientes
3019 4958 3185 5029 loqui,
3216 4957 3301 5011 vel
3331 4956 3376 5011 si
3406 4956 3577 5026 ignari

1996 5054 2153 5120 estis,
2213 5061 2422 5116 tacere,
2472 5059 2636 5120 atque
2694 5051 2761 5105 ab
2807 5050 2979 5105 doctis
3018 5057 3074 5104 ct
3119 5047 3411 5104 scientibus
3451 5063 3576 5104 eru-

1990 5142 2111 5197 diri.

2061 5240 2180 5297 Jam
2208 5256 2338 5296 vero
2379 5255 2502 5295 cum
2531 5237 2883 5309 scripseritis,
2916 5232 3365 5306 quemadmodum
3401 5229 3575 5304 Egy-

1992 5332 2117 5403 ptiis
2162 5329 2492 5399 respondere
2538 5327 2850 5387 debeamus,
2899 5326 3159 5377 miramur
3184 5321 3425 5390 quidem,
3474 5339 3571 5377 vos

1990 5423 2199 5477 scilicet
2226 5420 2317 5490 qui
2351 5418 2569 5491 impiam
2591 5432 2709 5471 eam
2740 5413 3040 5485 epistolam,
3073 5412 3441 5482 Theodorum,
3469 5414 3573 5469 Ne-

1986 5511 2230 5574 storium,
2260 5520 2646 5578 perversasque
2670 5520 2854 5559 eorum
2882 5503 3176 5559 sententias
3201 5502 3571 5569 defenderitis,

1991 5616 2130 5655 nunc
2156 5612 2505 5654 commonere
2545 5610 2644 5651 nos
2689 5596 3001 5660 instituisse,
3044 5595 3171 5665 quid
3210 5596 3282 5651 sit
3329 5612 3360 5651 a
3389 5596 3548 5652 nobis

1990 5691 2107 5746 aliis
2153 5686 2400 5744 Ecclesiae
2433 5687 2678 5744 hostibus
2723 5685 3180 5757 respondendum.
3222 5684 3495 5753 Siquidem
3525 5686 3572 5740 si

1991 5798 2054 5839 ea
2101 5794 2219 5852 quae
2262 5780 2460 5851 scripta
2505 5795 2535 5835 a
2580 5776 2735 5833 vobis
2783 5786 2910 5835 sunt
2954 5778 3079 5848 quis
3123 5775 3570 5841 consideraverit,

1989 5876 2124 5937 nihil
2153 5872 2299 5930 aliud
2321 5871 2606 5948 Egyptios
2633 5872 2955 5945 hortabitur,
2986 5887 3150 5946 quam
3182 5879 3242 5928 ut
3263 5870 3570 5930 Nestorium
