4000 6186
584 462 686 521 607

586 579 792 638 ἐπαινεῖ,
817 570 941 628 ἀλλά
969 571 1053 623 καί
1086 565 1204 625 τούς
1234 559 1522 642 ὀρθοδὸξους
1568 557 1721 628 λέγει.
1775 564 1837 609 ηε

584 666 840 741 μακαρίου
866 660 1172 717 Ῥαϐϐούλου
1202 641 1293 713 τοῦ
1319 651 1525 712 Ἐδὲσης
1556 648 1868 714 ἐπισκόπου,
1902 641 2085 721 ἀνδρὸς
2127 642 2177 695 ἓν

588 755 887 814 ἐπισκόποις
914 753 1192 820 ἐπισήμου,
1214 744 1271 801 οὗ
1292 745 1350 801 τό
1375 751 1543 818 μνῆμα
1566 742 1805 812 θαύματα
1843 744 1984 792 ποιεῖ
2016 735 2182 808 μέχρι

589 856 678 907 τῆς
720 850 974 921 σήμερον,
1008 841 1171 899 οὕτως
1198 838 1349 911 φησίν
1379 834 1431 890 ἐν
1458 842 1521 910 τῇ
1549 833 1674 906 αὐτῇ
1715 829 1897 885 ἀσεϐεῖ
1920 826 2178 899 ἐπιστολῇ*

595 956 613 989 ι
642 936 761 993 Ὀτι
808 935 833 991 ὁ
860 934 1104 1010 τύραννος
1132 938 1224 989 τῆς
1264 927 1513 1001 ἡμετέρας
1553 924 1769 984 πόλεως,
1799 917 1851 973 ὃν
1897 917 2004 972 ούδέ
2036 917 2185 975 αὐτὸς

594 1030 813 1100 ἀγνοεῖς,
842 1026 1094 1100 προφάσει
1122 1028 1214 1080 τῆς
1239 1021 1465 1077 πίστεως
1488 1017 1545 1070 ού
1567 1010 1717 1085 μόνον
1766 1012 1884 1071 τούς
1926 1013 2187 1071 συζῶντας

595 1122 732 1193 αύτῷ
758 1118 957 1182 διώκει,
994 1115 1117 1170 ἀλλά
1164 1115 1249 1168 καί
1286 1112 1408 1171 τοὺς
1451 1106 1546 1167 ἤδη
1577 1107 1731 1163 πάλαι
1757 1105 1885 1177 πρὸς
1916 1102 1996 1155 τὸν
2016 1097 2189 1175 κῦριον

596 1211 903 1269 ἀπελθόντας
922 1204 989 1262 ὧν
1012 1202 1082 1267 εἷς
1105 1205 1242 1259 ἐστιν
1266 1200 1292 1257 ό
1313 1202 1562 1277 μακάριος
1584 1194 1846 1267 Θεόδωρος
1875 1191 1900 1247 ὁ
1926 1192 2080 1264 κήρυξ
2100 1197 2192 1248 τίς

600 1303 851 1362 ἀληθείας.
875 1302 960 1354 καί
980 1295 1281 1354 διδάσκαλος
1306 1301 1401 1353 τῆς
1445 1289 1735 1353 ἐκκλησίας,
1767 1282 1822 1345 ὃς
1863 1285 1922 1337 ού
1963 1281 2109 1355 μόνον
2144 1281 2194 1331 ἐν

601 1403 665 1469 τῇ
684 1395 845 1468 οἰκείᾳ
874 1396 977 1463 ζωῇ
1003 1391 1124 1448 τοὺς
1146 1386 1433 1459 αἱρετικούς
1461 1381 1757 1452 emiseram
1787 1374 1872 1430 διά
1896 1381 1987 1434 τῆς
2008 1372 2195 1430 οἰκείας

602 1490 848 1555 πίστεως,
871 1485 1003 1540 ἀλλά
1031 1485 1117 1537 καί
1156 1481 1285 1552 μετά
1311 1479 1523 1532 θάνατον
1564 1471 1695 1528 ὅπλα
1736 1459 2060 1540 πνευματικά
2091 1470 2198 1523 τοῖς

605 1578 751 1642 ἰδίοις
794 1577 1010 1650 βιϐλίοις
1061 1581 1167 1633 τοῖς
1218 1579 1310 1633 τῆς
1359 1567 1622 1625 ἐκκλησίας
1668 1563 1853 1622 τέκνοις
1890 1556 2197 1627 κατέλειψεν,

607 1678 679 1735 ὡς
702 1675 786 1727 καί
810 1674 840 1730 ἡ
860 1675 926 1729 σὴ
949 1668 1185 1723 εὐλάξεια
1210 1661 1320 1738 μετ’
1353 1663 1508 1717 αὐτοῦ
1535 1658 1803 1716 λαλήσασα
1825 1654 2086 1725 γινώσκει,
2118 1651 2203 1702 καί

607 1767 665 1821 ἑκ
686 1771 785 1818 τῶν
808 1760 933 1832 παρ’
951 1761 1109 1816 αὐτοῦ
1136 1754 1528 1831 σνγγραφέντων
1549 1749 1846 1805 ἐπίστευσε·
1868 1748 2051 1797 τοῦτον
2078 1740 2206 1795 ἐτόλ-

609 1875 773 1926 μησεν
795 1852 820 1907 ό
841 1849 1013 1907 πάντα
1033 1848 1228 1919 τολμῶν
1247 1845 1325 1900 ἐπ’
1354 1842 1620 1902 ἐκκλησίας
1640 1843 1863 1914 φανερῶς
1894 1832 2201 1898 ἀναθεματί⁹

609 1970 720 2003 σαι.
738 1956 754 1997 ἑ
776 1949 864 2000 Καὶ
881 1943 1031 2000 πάλιν
1050 1940 1356 2018 περιέχεται
1610 1931 1793 1992 ἀσεϐεῖ
1809 1926 2049 2001 ἐπιστολῇ
2067 1925 2199 1998 πρός

609 2041 757 2112 ὕϐριν
784 2044 875 2094 τοῦ
901 2039 952 2092 ἐν
981 2036 1143 2107 ἁγίοις
1183 2031 1438 2109 ιυρίλλου⁶
1470 2045 1488 2080 ε
1515 2024 1635 2081 Ὀτι
1655 2026 1686 2084 ἦ
1708 2021 1894 2100 καρδία
1931 2025 2023 2075 τοῦ
2055 2020 2208 2090 Αἰγυ-

609 2134 762 2189 πτίου
796 2129 1098 2201 ἐμαλάχθη,
1126 2128 1211 2180 καί
1252 2125 1419 2198 χωρίς
1464 2119 1726 2177 σκύλσεως
1763 2123 1825 2186 τῇ
1874 2113 1995 2187 ὀρθῇ
2032 2112 2207 2165 πίστει
2252 2136 2256 2140 Α

611 2224 877 2293 συνῄνεσε.
932 2221 1022 2272 Καὶ
1051 2215 1131 2271 ὅτι
1166 2216 1395 2273 ἀτάκτως
1435 2211 1560 2266 κατά
1594 2215 1695 2264 τῶν
1742 2208 1938 2270 ζώντων
1988 2202 2071 2255 καί
2107 2205 2207 2254 τῶν

611 2311 1020 2370 τελευτησάντων
1049 2306 1386 2383 ὁρμήσαντες,
1418 2303 1469 2355 ἐν
1506 2299 1739 2369 αἰσχύνη
1766 2296 1894 2349 εἰσίν
1933 2291 2067 2365 ὑπὲρ
2107 2294 2208 2343 τῶν

612 2400 752 2456 ἐδίων
778 2401 1176 2474 ἀπολογούμενοι
1205 2396 1564 2463 πταισμάτων,
1590 2392 1674 2443 καί
1702 2386 1899 2440 ἐναντία
1924 2390 1986 2458 τῇ
2027 2403 2061 2436 π
2070 2382 2207 2455 ρῶτῃ

614 2493 781 2551 αὐτῶν
817 2488 1124 2561 διδασκαλίκ
1177 2484 1524 2548 διδάσκοντες,
1573 2482 1661 2534 καί
1700 2475 1778 2532 ὅτι
1811 2479 1918 2549 χρη
1951 2471 2210 2543 ὁμολογεῖν

615 2587 689 2643 εἰς
716 2584 803 2637 τόν
824 2581 960 2643 ναὸν,
985 2582 1067 2633 καί
1098 2581 1169 2636 εἰς
1189 2577 1272 2631 τὸν
1307 2576 1588 2627 ἐνοικοῦντα
1623 2572 1669 2622 ἐν
1695 2569 1886 2637 αὐτῷ.»
1917 2565 2007 2619 Καὶ
2047 2569 2213 2617 ταῦτα

618 2678 707 2745 μὲν
746 2675 998 2746 ἐγκείμενοι
1036 2679 1103 2747 τῇ
1137 2668 1527 2739 μνημονευθείσῃ
1574 2661 1811 2735 ἐπιστολῇ·
1854 2658 2045 2733 φανερά
2093 2657 2212 2727 ύμῖν

618 2764 1009 2833 ἐσπουδάσαμεν
1050 2767 1406 2819 καταττῇσαι,
1436 2757 1519 2811 ’ίνα
1556 2748 1839 2811 κάν-οὔτως
1870 2748 1963 2820 ὀψέ
1988 2766 2112 2802 ποτε
2146 2747 2213 2800 τά

618 2860 740 2932 ἑρθά
776 2855 1117 2929 ἐπιλεγόμενοι
1147 2854 1517 2927 ἀναχωρήσητε
1554 2848 1747 2905 ταύτης
1775 2850 1865 2904 τῆς
1895 2837 2210 2903 κακοδνξίας.

691 3040 930 3097 Τοσαύτη
970 3036 1025 3094 δέ
1070 3037 1207 3091 ἐστιν
1235 3035 1266 3093 ἡ
1293 3039 1384 3094 τῆς
1409 3034 1649 3107 μυσνρᾶς
1688 3026 1955 3085 ἐπιστολῆς
1981 3022 2213 3087 άσέὲεια,

625 3134 706 3190 ὃτι
726 3130 837 3187 ούδέ
862 3132 1007 3199 ὑμεῖς
1027 3130 1329 3199 ἐτολμήσατε
1350 3126 1539 3189 πάντα,
1577 3123 1645 3181 ὡς
1686 3118 1884 3194 εἴρηται
1907 3158 1921 3180 ,
1952 3118 2020 3173 τά
2039 3135 2214 3190 περιε-

625 3226 822 3296 χόμενα
846 3223 973 3298 αὐτῇ
993 3228 1104 3281 τοῖς
1127 3219 1412 3295 παρ’ύμῶν
1430 3218 1733 3288 πεμφθεῖσιν
1750 3211 2034 3286 κεφαλαίοις
2061 3210 2216 3263 ἐνθεῖ-

626 3322 730 3379 ναι,
762 3317 806 3369 εί
832 3316 915 3369 καί
930 3334 1045 3370 τινα
1063 3313 1115 3376 ἐξ
1137 3313 1300 3367 αὐτῶν
1320 3308 1695 3384 διεστραμμένη
1734 3305 1897 3379 ἐννοίᾳ
1926 3301 2217 3380 ἑρμηνεύειν

626 3407 943 3480 ἐπειράθητε.
964 3407 1053 3465 Τίς
1078 3406 1181 3480 γάρ
1213 3410 1537 3479 χριστιανοῐς
1563 3399 1779 3455 δύναται
1803 3397 2218 3471 συναριθμεῖσθαι

629 3508 698 3577 μή
723 3504 878 3577 λέγων
917 3500 1080 3558 ἀσεϐῆ
1106 3506 1198 3556 τήν
1229 3496 1519 3563 ἐπιστολὴν,
1564 3496 1613 3548 ἐν
1718 3492 2054 3548 τοιαῦταικαὶ
2091 3509 2218 3545 τοσ-

629 3602 780 3651 αῦται
818 3595 1155 3667 περιέχονται
1191 3592 1531 3664 βλασφημίαις
1578 3600 1634 3643 ‘0
1673 3590 1775 3663 γάρ
1824 3590 1914 3646 τὴν
1952 3582 2220 3642 ἐπιστολήν

629 3687 841 3744 ἐκδικῶν
863 3692 953 3746 τὴν
978 3686 1063 3742 τὸν
1089 3684 1227 3757 ἅγιον
1252 3682 1489 3758 κύριλλον
1519 3680 1764 3754 αῗρετικὶν
1800 3679 2056 3733 καλοῦσαν
2075 3717 2091 3742 ,
2139 3677 2223 3729 καί

636 3786 718 3838 τήν
746 3778 796 3834 ἐν
820 3776 1006 3852 Ἐφέσῳ
1049 3780 1258 3852 πρώτην
1309 3772 1519 3830 σύνοδον
1572 3770 1948 3845 ἐκϐάλλουσαν,
1996 3774 2223 3840 φανερῶς

632 3868 906 3944 Νεστόριον
945 3871 1033 3922 καὶ
1072 3873 1162 3927 την
1211 3867 1365 3920 αὐτοῦ
1411 3862 1651 3918 ἀσέϐειαν
1694 3859 1929 3931 δέχεται,
1961 3855 2013 3912 ὃν
2040 3860 2071 3916 ἡ
2098 3856 2224 3916 αὕτη

632 3961 868 4019 ἐπιστολή
894 3960 1028 4033 λέγει
1074 3958 1203 4029 δίχα
1246 3959 1466 4034 κρίσεως
1506 3958 1592 4009 καί
1637 3957 1897 4018 ζητήσεως
1948 3949 2225 4008 καταδικα-

633 4055 832 4115 σθῆναι,
855 4056 940 4107 καὶ
966 4048 1024 4107 οὗ
1049 4048 1131 4107 διά
1149 4052 1217 4106 τά
1256 4046 1509 4121 δόγματα,
1536 4042 1662 4102 ἀλλά
1687 4044 1770 4102 διά
1815 4047 1875 4101 τό
1922 4054 2084 4118 μῖσος
2126 4051 2227 4099 τῶν

637 4148 847 4204 πολιτῶν
875 4151 947 4207 εἰς
969 4151 1059 4205 τὴν
1087 4144 1343 4217 ἐκκλησίαν
1374 4146 1451 4214 ’μὴ
1485 4139 1833 4215 ὑποστρέψαν
1862 4140 1945 4209 καί
1982 4139 2041 4192 οὐ
2085 4138 2228 4208 μόνον

637 4241 709 4297 εἰς
731 4242 884 4293 τοῦτο
926 4236 1206 4310 ἁμαρτάνει
1253 4233 1278 4287 ὁ
1327 4238 1419 4292 τὴν
1464 4231 1625 4290 ἀσεϐῆ
1674 4229 1936 4288 ἐπιστολήν
1982 4226 2225 4292 ἐκδικῶν,

638 4323 758 4382 ά)λά
780 4330 866 4382 καί
890 4326 1172 4381 ιίελεστίνον
1199 4327 1286 4381 τὸν
1328 4324 1505 4380 Πάπαν
1532 4318 1877 4385 καταδικάζει,
1911 4321 1998 4376 τὸν
2027 4318 2233 4374 εἰπόντα

639 4421 1038 4497 περίλυρίλλον,
1093 4416 1174 4475 ὅτι
1217 4420 1247 4476 ἡ
1288 4418 1467 4477 πίστις
1511 4414 1769 4491 Κυρίλλου,
1810 4413 2032 4487 ἡμετέρα
2060 4413 2233 4471 πίστις
2262 4415 2311 4473 Ι)

638 4514 796 4569 ἐστίν·
830 4517 910 4568 καί
945 4512 971 4567 ὁ
999 4505 1067 4567 τά
1090 4509 1284 4566 δώδεκα
1312 4509 1554 4583 κεφάλαια
1578 4512 1668 4562 τοῦ
1699 4507 1749 4560 ἐν
1779 4504 1939 4578 ἁγίοις
1970 4503 2233 4578 Κυρίλλου,

640 4605 925 4678 ἐναντίατῇ
950 4604 1070 4679 ὀρθῇ
1095 4605 1271 4657 πίστει
1298 4600 1456 4672 λέγων
1485 4600 1775 4674 ὑπάρχειν,
1809 4598 1867 4652 ού
1907 4595 2052 4668 μόνον
2088 4596 2236 4650 αὐτὸν

641 4699 728 4754 τόν
771 4697 819 4750 ἐν
857 4695 1017 4766 ἁγίοις
1047 4693 1299 4768 κύριλλον,
1331 4695 1420 4746 καί
1459 4693 1546 4747 τόν
1594 4691 1646 4744 ἓν
1686 4690 1915 4768 μακαρίᾳ
1960 4694 2023 4761 τῇ
2065 4690 2234 4759 μνήμῃ

643 4788 953 4851 κελεστῖνον,
970 4787 1054 4838 καί
1079 4789 1169 4843 τήν
1196 4785 1401 4860 πρώτην
1424 4782 1471 4834 ἐν
1486 4781 1677 4852 ἐφέσῳ
1698 4777 1908 4833 σύνοδον
1923 4778 2232 4850 κατακρίνει,

643 4881 767 4937 ἀλλά
793 4883 880 4935 καί
907 4883 996 4939 τὴν
1025 4880 1074 4933 ἐν
1100 4872 1374 4935 Χαλκηδόνι
1401 4872 1612 4929 σίνοδιν
1641 4869 1988 4934 καταδικάζει,
2012 4874 2101 4927 τήν
2131 4889 2233 4923 πα-

643 4976 767 5049 τέρα
818 4976 903 5029 καί
953 4970 1258 5028 διδάσκαλον
1312 4967 1439 5024 ἴδιον
1486 4965 1719 5042 Κύριλλον
1774 4963 2186 5038 ἐπιγραψαμένην
2217 4977 2232 4992 ⁸

644 5065 795 5121 ὁπότε
822 5066 904 5118 καί
927 5064 1122 5116 Λέοντα
1146 5060 1232 5114 τὸν
1254 5061 1304 5112 ἐν
1333 5058 1492 5132 ἁγίοις
1514 5059 1692 5113 πάπαν
1713 5059 1901 5127 Ῥώμης
1934 5055 2120 5123 ὁμοίως
2144 5076 2237 5107 κα-

651 5164 923 5228 ταδικάζει,
974 5158 1041 5223 ὃς
1076 5160 1204 5237 πρὸς
1230 5164 1321 5218 τήν
1369 5160 1418 5212 ἐν
1456 5155 1733 5222 Χαλκηδόνι
1773 5152 1983 5211 σύνοδον
2010 5150 2237 5226 γράφων,

647 5254 781 5312 εῗπεν
811 5257 932 5331 περέ
955 5261 1054 5310 τῶν
1081 5252 1276 5310 δώδεκα
1305 5252 1580 5325 κεφαλαίων
1610 5256 1699 5305 τοῦ
1722 5251 1771 5302 ἐν
1792 5249 1950 5322 ἁγίοις
1979 5247 2236 5320 ιίυρίλλου·

653 5364 671 5397 ε
705 5348 763 5398 Oi
794 5343 910 5421 ὅροι
934 5346 979 5400 οἱ
1007 5344 1406 5420 προενεχθέντες
1451 5343 1583 5395 κατά
1627 5341 1902 5413 Νεστορίου
1955 5340 2095 5414 παρὰ
2149 5352 2241 5388 tto-

649 5437 815 5514 ρίλλου
853 5443 946 5492 τοῦ
972 5444 1065 5497 τῆς
1092 5435 1241 5521 ἁγίας
1270 5434 1469 5504 iit-arium-
1495 5432 1543 5485 ἐν
1564 5430 1758 5503 βεϐαίῳ
1785 5428 2093 5500 μενέτωσαν.
2111 5445 2128 5478 ι

723 5664 890 5719 Man;
917 5657 970 5714 δέ
990 5659 1232 5719 ἀσεϐείας
1259 5658 1629 5729 πεπληρωμένη
1664 5656 1696 5713 ἡ
1725 5654 1935 5730 μυσαρά
1970 5651 2242 5723 ἐπιστολή,

647 5753 668 5807 ἓ
680 5776 704 5808 ν
736 5754 882 5824 μόνον
910 5759 1009 5807 τῶν
1049 5752 1238 5807 ἀληθῶν
1283 5747 1580 5824 ἀποκρύψαι
1608 5749 1699 5800 ούκ
1720 5743 1973 5813 ἴσχυσεν,
2020 5741 2103 5796 ὅτι
2143 5742 2245 5795 ἀπὸ

665 5846 678 5863 ,
777 5844 855 5861 ,ην
1021 5844 1029 5858 .
1074 5840 1085 5854 .
1141 5843 1149 5853 .
1270 5841 1281 5856 .
1397 5841 1407 5856 .
1640 5836 1649 5851 .
1862 5834 1874 5850 .
2174 5835 2181 5845 .

657 5847 926 5922 ορθοοοςων
955 5862 1032 5894 και
1067 5860 1220 5912 αγιων
1259 5839 1532 5911 ανθρωπων
1560 5833 1823 5909 Θεόδωρος
1852 5831 1943 5887 ἀπ’
1982 5832 2246 5890 ἐκκλησιας

729 5962 748 5979 ⁶
789 5955 1003 6011 l'hrasis
1048 5951 1269 6008 omnino
1307 5952 1531 6015 vitiosa,
1575 5964 1693 6019 qua:
1720 5992 1734 6013 ,
1777 5950 1819 6003 si
1860 5948 2028 6002 Graeci
2071 5955 2248 5999 textus

658 6042 819 6101 atque
857 6023 1289 6084 antecedentium
1316 6021 1454 6077 ratio
1486 6016 1781 6082 habeatur,
1822 6019 1899 6074 sic
1933 6016 2248 6087 corrigenda

1940 427 2237 489 ViGlLlUS
2274 425 2475 481 PAPA.
3747 403 3789 461 3‘

1843 556 1895 630 ρί
1937 553 2037 624 γάρ
2078 553 2167 604 τεῦ
2197 546 2248 611 Α
2273 552 2413 614 ptor,
2431 554 2540 595 non
2563 532 2723 592 modo
2745 529 3030 587 haereticos
3053 533 3234 582 tuetur
3252 540 3316 580 ac
3335 521 3538 588 laudat,
3556 517 3649 576 sed
3670 517 3787 573 calli

2281 634 2415 689 ﬁcos
2442 629 2605 686 etiam
2634 625 2913 681 nominare
2943 636 3048 676 non
3074 625 3313 675 veretur.
3343 616 3421 671 De
3445 614 3610 669 beato
3638 623 3790 679 namq

2283 724 2489 781 Babula
2518 720 2915 775 Edesseuornm
2946 712 3221 783 episeopo,
3252 706 3461 763 eximite
3489 702 3702 775 pietatis
3729 716 3790 755 an

2283 818 2410 874 stite
2434 856 2449 880 ,
2492 812 2645 879 cujus
2682 808 2748 862 ad
2788 805 3092 876 sepulcrum
3144 799 3211 854 ad
3259 799 3373 853 lucc
3414 810 3582 864 usque
3628 803 3790 862 tempr

2288 903 2551 962 mirabilia
2583 905 2886 970 patrantur,
2915 895 3022 949 hoc
3051 890 3213 946 modo
3243 888 3295 942 in
3325 887 3489 956 impia
3517 885 3607 940 illa
3634 900 3732 939 sua
3757 899 3785 937 e

2287 995 2427 1050 stola
2472 990 2658 1047 scribit
2686 1007 2700 1042 :
2738 1007 2756 1038 ι
2787 986 3068 1057 Tyrannus
3104 988 3303 1035 nostra:
3332 976 3563 1033 civitatis
3583 1015 3601 1041 ,
3630 989 3789 1043 quem

2290 1087 2451 1143 etiam
2484 1084 2594 1153 ipse
2625 1096 2730 1135 non
2762 1079 3006 1146 ignoras,
3034 1073 3126 1142 qui
3154 1070 3441 1126 occasione
3474 1066 3626 1131 fidei,
3656 1081 3761 1118 non

2293 1179 2402 1233 tum
2433 1189 2561 1230 cum
2588 1187 2654 1227 eo
2679 1171 2922 1225 viventes
2950 1162 3318 1240 persequitur,
3349 1158 3444 1215 sed
3482 1157 3643 1214 etiam
3670 1170 3765 1210 eos

2301 1265 2501 1320 dudum
2529 1262 2597 1317 ad
2623 1259 2908 1314 Dominum
2937 1254 3204 1309 abierunt.
3232 1249 3472 1316 Quorum
3498 1262 3635 1303 unus
3655 1255 3739 1301 est
3757 1246 3789 1299 b

2298 1367 2383 1414 tus
2410 1354 2728 1411 Theodorus
2754 1347 3076 1420 prmdicaior
3106 1339 3369 1408 veritatis,
3399 1346 3454 1393 et
3480 1338 3669 1393 doctor
3696 1335 3790 1390 Eec

2298 1452 2411 1516 size,
2445 1447 2538 1518 qui
2567 1460 2673 1501 non
2721 1441 2896 1497 solum
2939 1438 3124 1492 vivens
3163 1433 3445 1488 hereticos
3485 1445 3583 1501 per
3617 1426 3790 1498 propri

2300 1540 2459 1596 ﬁdem
2487 1532 2789 1609 percussit,
2819 1528 2912 1585 sed
2942 1527 3103 1582 etiam
3134 1530 3257 1594 post
3295 1530 3525 1576 mortem
3556 1532 3703 1571 arma
3730 1532 3788 1584 sp

2302 1631 2429 1686 talia
2459 1606 2512 1683 in
2544 1626 2695 1681 libris
2722 1621 2834 1678 suis
2861 1615 3150 1686 dereliquit
3176 1610 3433 1669 Ecclesia:
3462 1607 3582 1663 ﬁliis
3608 1647 3624 1673 ,
3664 1606 3790 1661 sicut

2303 1732 2397 1778 tua
2416 1716 2739 1780 reverentia,
2766 1728 2887 1769 cum
2910 1725 2977 1765 eo
2998 1708 3271 1764 collocuta
3294 1701 3567 1771 cognovit,
3587 1708 3643 1755 et
3667 1699 3750 1753 his
3776 1717 3790 1751 ι

2232 1917 2273 1975 Β
2302 1907 2396 1980 qui
2442 1901 2623 1960 omnia
2678 1897 2863 1965 audet,
2923 1893 2993 1949 ab
3037 1889 3278 1947 Ecclesia
3341 1881 3790 1940 anathematizarc

2308 1975 2624 2068 liursusque
2653 1993 2706 2048 in
2734 1989 2908 2047 sancti
2952 1985 3134 2058 Cyrilli
3177 1979 3599 2043 contumeliam,
3642 1975 3790 2031 hatci

2307 2092 2363 2147 in
2389 2065 2706 2147 exsecrabili
2733 2097 2799 2138 ea
2827 2077 3055 2150 epistola
3083 2074 3427 2131 continentur
3451 2087 3465 2122 :
3496 2087 3514 2121 ι
3543 2067 3651 2122 Cor
3680 2065 3790 2133 Aigj

2309 2180 2607 2239 emollitum
2637 2181 2720 2230 est
2741 2212 2756 2238 ,
2788 2178 2843 2227 et
2870 2169 2988 2227 sine
3016 2164 3303 2222 vexatione
3324 2203 3340 2228 ,
3373 2168 3534 2216 rectae
3561 2157 3683 2212 ﬁdei
3711 2172 3790 2211 ass

2309 2274 2439 2330 titus
2454 2278 2566 2336 est;
2590 2275 2644 2322 et
2663 2261 2968 2321 inordinate
2980 2264 3165 2315 contra
3180 2253 3333 2309 vivos
3353 2258 3408 2306 et
3427 2256 3672 2305 mortuos
3694 2248 3790 2300 im:

2311 2379 2394 2421 tes
2418 2365 2471 2419 in
2498 2358 2814 2417 confusione
2837 2359 2981 2417 sunt,
3006 2344 3400 2405 satisfacientes
3426 2357 3526 2412 pro
3554 2338 3763 2395 delictis

2312 2465 2367 2514 et
2395 2451 2664 2512 contraria
2723 2444 2887 2517 priori
2928 2455 3037 2496 sua:
3077 2436 3335 2493 doctrina:
3370 2432 3646 2495 docentes,
3678 2438 3732 2483 et
3756 2445 3789 2496 q

2314 2554 2565 2621 oporteat
2588 2539 2833 2599 conﬁteri
2862 2538 2916 2591 in
2946 2531 3203 2601 templum
3240 2537 3402 2596 atque
3438 2523 3785 2581 inbabitantex

2315 2616 2401 2698 eo.
2424 2661 2443 2693 ›
2470 2639 2641 2707 Atque
2659 2636 2771 2688 haec
2786 2629 2999 2700 quidem
3025 2626 3077 2679 in
3105 2626 3404 2677 memorata
3426 2616 3652 2687 epistola
3673 2628 3790 2682 spar

2316 2734 2588 2791 intricata.
2608 2724 2886 2781 manifeste
2907 2719 3059 2774 vobis
3081 2716 3150 2770 ob
3173 2711 3358 2768 oculos
3387 2724 3589 2780 ponere
3609 2707 3787 2763 conati

2318 2841 2456 2887 mus,
2478 2831 2552 2886 ut,
2572 2818 2677 2873 etsi
2701 2830 2846 2877 sero,
2866 2808 3190 2880 quandoque
3218 2812 3417 2869 tamen,
3439 2809 3586 2856 recta
3605 2800 3779 2868 cogita

2323 2916 2391 2971 ab
2420 2910 2599 2984 pravis
2642 2908 2706 2962 iis
2738 2900 3160 2977 Opinatiouibus,
3192 2894 3572 2962 erroribusque
3598 2890 3790 2945 disced:

2244 3017 2291 3082 ρ
2392 2983 2565 3060 Tanta
2592 3014 2756 3071 porro
2785 2995 3062 3051 sceleratm
3092 2990 3229 3044 illius
3258 2984 3500 3056 epistola:
3526 2991 3610 3039 est
3637 2983 3790 3052 impie

2316 3108 2377 3157 ut
2404 3110 2581 3166 neque
2607 3106 2705 3147 vos
2733 3089 2833 3160 ipsi
2863 3085 2977 3142 ausi
3008 3084 3143 3147 sitis,
3167 3089 3227 3135 ut
3252 3078 3466 3144 dicitur,
3499 3075 3747 3131 universa

2316 3193 2433 3265 ipsa
2462 3182 2858 3256 complectitur,
2906 3178 2960 3232 in
3004 3174 3272 3245 capitibus
3330 3183 3451 3239 qua;
3480 3165 3731 3233 misistis,
3781 3180 3790 3233 ι

2318 3256 2521 3356 ponere
2546 3319 2564 3346 ,
2609 3285 2918 3345 quanquam
2962 3264 3218 3322 nonnulla
3260 3275 3516 3334 perversa
3554 3256 3789 3326 explicat

2321 3348 2668 3441 interpretari
2699 3359 3051 3418 tentaveritis.
3098 3355 3227 3423 Quis
3267 3353 3410 3409 enim
3453 3348 3774 3406 Christianis

2320 3455 2789 3519 annumerandus,
2819 3452 2911 3523 qui
2934 3464 3055 3506 eam
3086 3447 3303 3518 impiam
3343 3458 3449 3498 non
3478 3441 3651 3505 dicat,
3685 3454 3790 3509 qua

2322 3563 2611 3622 tantasque
2640 3546 2883 3603 continet
2910 3536 3309 3610 blasphemias?
3345 3532 3598 3601 Quisquis
3624 3531 3766 3585 enim

2322 3643 2562 3717 cpistola:
2592 3637 2963 3693 defensionem
2990 3629 3213 3700 suscipit
3238 3627 3290 3682 in
3320 3640 3426 3695 qua
3455 3623 3513 3679 S.
3543 3621 3773 3693 Cyrillns

2323 3713 2527 3792 reticus
2563 3728 2894 3801 appeliatur,
2923 3722 3206 3795 primaque
3242 3716 3509 3788 Ephesina
3550 3713 3790 3784 rejicitur

2327 3826 2519 3890 nodus,
2543 3822 2633 3878 hic
2648 3800 2938 3874 manifeste
2957 3821 3119 3868 stata
3143 3808 3370 3865 Nestorii
3398 3804 3662 3877 partibus,
3692 3800 3790 3871 ejui

2327 3916 2570 3973 adhaeret
2607 3908 2870 3982 impietati
2897 3949 2912 3974 ,
2950 3920 3114 3975 quem
3144 3903 3260 3972 ipsa
3309 3897 3540 3970 epistola
3572 3893 3790 3965 inquisit

2324 4008 2634 4079 iudicioque
2670 4003 2754 4063 bis
2779 4000 3094 4056 damnatum
3124 3993 3291 4048 fuisse
3326 3989 3524 4045 fatetur
3551 3984 3790 4056 quidem,

2331 4112 2439 4153 non
2467 4073 2779 4164 doématum
2807 4103 2969 4145 causa
2990 4129 3006 4154 ,
3033 4100 3221 4141 verum
3252 4081 3449 4137 civium
3479 4078 3607 4134 odio
3636 4076 3705 4131 ad
3734 4073 3790 4128 Ε(

2330 4188 2466 4246 siam
2492 4201 2598 4241 non
2629 4198 2750 4241 esse
2771 4193 3049 4243 reversum
3072 4178 3091 4197 ’
3120 4194 3134 4229 :
3161 4183 3323 4243 atque
3344 4187 3450 4227 non
3474 4167 3685 4241 peccati
3700 4182 3790 4221 reu

2334 4280 2494 4336 modo
2524 4278 2595 4334 ob
2621 4277 2762 4331 hanc
2785 4288 3025 4340 causam,
3055 4269 3146 4341 qui
3175 4268 3291 4337 ejus
3315 4264 3558 4337 epistola:
3591 4269 3774 4317 tuetur

2337 4382 2420 4433 tes
2442 4413 2458 4437 ,
2503 4383 2689 4426 verum
2718 4366 2845 4437 quia
2871 4362 3223 4420 leestinum
3251 4372 3469 4428 quoque
3498 4368 3697 4426 papam
3726 4368 3790 4407 co

2337 4471 2490 4520 mnat
2511 4502 2525 4527 ,
2567 4460 2636 4516 de
2670 4455 2872 4529 Cyrillo
2902 4455 3167 4510 dicentem
3192 4492 3207 4517 ,
3260 4448 3445 4522 Cyrilli
3491 4446 3652 4501 ﬁdem
3688 4459 3786 4498 nos

2335 4551 2499 4608 fidem
2521 4565 2661 4607 esse.
2684 4548 2762 4602 Ac
2780 4546 3003 4618 pariter,
3024 4542 3117 4613 qui
3137 4540 3425 4599 duodecim
3452 4553 3517 4594 ea
3544 4536 3719 4591 sancti
3744 4532 3785 4588 C

2337 4644 2514 4714 capita
2544 4655 2666 4698 cum
2694 4647 2845 4694 recta
2868 4635 2971 4690 ﬁde
2998 4646 3240 4705 pugnare
3262 4627 3563 4692 contendit,
3593 4626 3640 4681 is
3668 4640 3777 4679 non

2337 4712 2482 4789 ctum
2511 4730 2769 4802 Cyrillum
2797 4726 2959 4781 modo
2988 4732 3152 4793 atque
3184 4722 3358 4776 beatae
3384 4715 3658 4773 memoriae
3686 4712 3790 4769 Coel

2338 4837 2463 4877 num
2483 4861 2499 4887 ,
2529 4821 2867 4891 primamque
2895 4813 3222 4885 Ephesiuam
3248 4808 3514 4881 synodum
3543 4806 3767 4862 damnat

2337 4917 2593 4971 adversus
2631 4924 2846 4982 quoque
2887 4915 3135 4963 sanctum
3163 4900 3608 4959 Chalcedonense
3645 4899 3790 4953 conci

2334 5005 2592 5077 judicium
2621 5004 2725 5059 fert
2744 5001 2887 5073 quod
2911 4999 3167 5071 Cyrillum
3197 4995 3412 5065 scriptis
3439 4995 3653 5049 Patrem
3681 5002 3790 5044 esse

2341 5106 2502 5167 atque
2531 5094 2810 5150 doctorem
2838 5088 3163 5153 declaravit;
3215 5093 3377 5153 atque
3423 5083 3643 5152 insuper
3680 5078 3790 5133 adv.

2345 5196 2590 5244 sanctum
2632 5183 2872 5238 Leonem
2914 5179 3280 5235 Romanorum
3327 5170 3676 5245 pontificem,
3734 5182 3790 5235 ιιι

2348 5276 2797 5348 Chalcedonense
2899 5269 3189 5325 concilium
3244 5266 3486 5322 scribens
3541 5263 3610 5317 de
3654 5259 3790 5315 duod

2349 5368 2521 5425 sancti
2567 5363 2751 5436 Cyrilli
2786 5359 3051 5433 capitibus
3093 5358 3209 5412 lucc
3251 5355 3417 5410 habet
3454 5371 3467 5408 :
3511 5371 3543 5419 ,ι
3590 5349 3786 5405 Delinit

2352 5462 2611 5518 adversus
2643 5455 2949 5513 Nestorium
2983 5452 3050 5506 ab
3076 5458 3277 5506 sanctae
3303 5444 3696 5503 recordationis
3737 5440 3790 5513 C;

2353 5553 2646 5625 prepositae
2692 5550 2746 5604 in
2776 5554 2903 5610 tuto,
2938 5547 3288 5616 perstiterunt
3315 5540 3512 5616 [Gram
3545 5537 3789 5611 persistar

2424 5642 2747 5709 Quanquam
2784 5651 2915 5692 vero
2955 5635 3131 5690 omnis
3167 5632 3327 5704 plena
3356 5633 3428 5688 sit
3465 5627 3763 5701 iniquitatis

2355 5734 2570 5791 crabilis
2599 5747 2665 5787 ea
2692 5729 2918 5800 epistola
2937 5768 2952 5794 ,
2995 5742 3155 5780 unam
3185 5734 3362 5779 tamen
3393 5722 3614 5778 minime
3644 5721 3790 5776 celar

2356 5828 2459 5881 tuit
2493 5826 2793 5887 veritatem,
2829 5817 3116 5875 Theodoro
3144 5818 3352 5873 scilicet
3379 5824 3500 5886 post
3529 5822 3756 5868 mortem
3784 5832 3790 5863 ι

2356 5949 2439 5993 est
2472 5957 2484 5992 :
2667 5950 2815 6008 quem
2853 5933 2966 6008 ipsa
2996 5930 3200 5999 epistol.
3229 5944 3345 5982 smn
3382 5923 3728 6008 inquis.'jud.
3768 5939 3790 5974 (ι

2357 6013 2517 6082 fuisse
2545 5993 2704 6076 morr,
2738 6022 2827 6060 nec
2859 5993 3034 6055 docti"
3066 6015 3237 6045 νην
3271 5993 3554 6054 rerum)".
3587 5993 3733 6053 Ειιιτ,
