4000 6186
256 425 365 481 309

1421 408 1795 467 «ΙΗΞΤΙΝῙΑΝῙ
1830 406 1971 466 IMP.
2012 403 2361 461 EPISTOLA.

3424 402 3526 459 810

252 563 280 594 κ
300 540 334 589 αἱ
359 534 487 605 μετᾶ
516 535 726 590 θάνατον
766 531 1125 604 ἁνεθεματίσθη
1145 571 1159 594 ,
1195 525 1246 581 ὃν
1286 526 1449 581 ἀσεϐῆ
1478 523 1733 597 Θεόδωρον
1764 520 1842 575 δι·-

1962 537 1980 574 1
2012 520 2112 591 piis
2141 517 2566 587 orthodoxisque
2595 516 2898 571 hominibus
2944 514 3105 571 ﬁxisse
3149 515 3352 572 dictum
3397 531 3535 572 aua-

258 627 506 684 δάσκαλον
530 635 620 687 τῆς
649 626 939 688 ἔκκλησίας,
969 624 1051 676 γαί
1078 620 1272 695 κήρυκα
1300 626 1389 677 τῆς
1424 616 1654 675 ἀληθείας
1694 614 1841 666 καλεῖ

263 722 286 777 ἦ
315 720 444 777 αύτή
464 718 657 779 ἀσεϐής
679 717 937 776 ίπιστολή,
966 716 1051 767 τὸν
1078 713 1210 787 ύπέρ
1254 711 1445 768 πάντας
1490 709 1611 767 τοὺς
1655 707 1845 780 αἶρε-τι-

260 811 374 869 ιηῦς
422 809 884 882 βλασφημήσαντα.
933 801 1141 863 Οὖτινος
1183 809 1282 856 τῶν
1329 801 1655 873 βλασφημῶν
1695 799 1844 870 μέρος

260 902 537 971 ἐλάχιστον
564 898 627 957 δι’
655 899 833 975 ἐτέρας
858 899 977 968 ύμῖν
1003 896 1270 956 ἐπιστολῆς
1299 894 1378 948 ἐπ’
1409 894 1575 948 αὐτῶν
1607 894 1723 962 ύμῖν
1748 898 1847 944 τῶν

260 994 502 1062 ῥημάτων
522 990 618 1050 ἤδη
641 992 1027 1063 ἒφανερώσαμεν
1051 983 1421 1049 ἀποδείξαντες,
1450 985 1530 1038 καί
1562 985 1612 1037 τί
1640 982 1682 1035 οἱ
1716 979 1848 1051 ἅγιοι

260 1085 504 1158 πατᾶρες,
539 1081 789 1159 κύριλλος,
839 1082 921 1133 καί
973 1078 1207 1152 Πρόκλος,
1258 1080 1341 1131 καί
1377 1073 1689 1132 Ῥαϐξουλᾶς
1719 1076 1848 1127 κατά

261 1171 552 1250 Θεοδώρου,
586 1175 672 1225 καί
699 1178 799 1226 τῶν
823 1170 1022 1224 ἀσεϐῶν
1051 1171 1209 1223 αὐτοῦ
1235 1167 1392 1239 λόγων
1414 1164 1664 1242 ἔγραψαν,
1693 1186 1851 1218 κατα·-

262 1268 516 1341 κρίναντες
534 1266 686 1321 αὐτὸν
710 1267 841 1335 μετὰ
862 1271 954 1323 τῆς
970 1265 1131 1322 αὐτῆς
1157 1260 1777 1332 ἁσεϐείαςΤωαῦταιγὰρ
1799 1256 1850 1309 αἱ

262 1355 532 1432 Θεοδώρου
546 1356 858 1428 βλασφημίαι
881 1357 1025 1419 εἰσιν,
1044 1351 1124 1407 ὅτι
1140 1350 1230 1423 [ἔθ’.
1248 1347 1404 1419 ὥστε]
1421 1349 1535 1403 ούδέ
1559 1350 1704 1420 ὑμεῖς
1721 1346 1854 1401 ἐτολ-

261 1450 459 1515 μήσατε
480 1443 677 1504 ταύτας
697 1442 969 1507 ἐκδικῆσαι,
992 1445 1035 1496 εἰ
1055 1444 1138 1495 καί
1158 1441 1241 1495 τὸν
1271 1441 1518 1511 ἐκθέμενον
1547 1440 1704 1498 αὐτὰς
1724 1435 1853 1491 ἔκδι-

262 1546 414 1595 κῆτε⁹
446 1542 663 1609 φανεροῦ
702 1531 843 1595 ὄντος
873 1533 951 1590 ὅτι
977 1532 1137 1594 οὐδεὶς
1163 1533 1227 1586 τὰ
1258 1532 1385 1585 κακὰ
1424 1531 1745 1604 κατακρίνων,
1771 1528 1854 1581 τὸν

260 1628 522 1697 ἐπιθέμενον
542 1628 676 1682 αύτά
700 1624 897 1687 ἐκδικεῖ,
913 1625 1037 1681 πλήν
1058 1626 1099 1677 εἰ
1119 1630 1188 1694 μὴ
1209 1624 1391 1676 ἐκεῖνον
1409 1622 1491 1676 τὸν
1514 1624 1855 1691 μετανοήσαν-

260 1740 341 1774 τα.
374 1722 465 1772 καὶ
491 1727 585 1778 τῆς
615 1717 745 1778 ἰδίας
773 1718 1074 1772 ἀποστάντα
1096 1715 1313 1779 πλάνης,
1340 1716 1426 1767 καὶ
1453 1719 1622 1768 ταῦτα
1651 1709 1855 1766 καταδι-

259 1808 519 1864 κάσαντα.
550 1816 676 1869 Ταῖς
698 1807 751 1863 δέ
774 1804 947 1867 ἄλλαις
976 1807 1161 1883 ὕϐρεσι
1185 1812 1297 1865 ταῖς
1322 1805 1370 1857 ἐν
1398 1810 1459 1876 τῇ
1488 1804 1617 1873 αὐτῇ
1642 1803 1853 1856 ἐπιστο-

1912 670 1918 675 _
1949 612 2126 666 thema
2145 649 2159 675 ,
2192 618 2249 664 et
2276 610 2342 664 ab
2370 606 2610 664 Ecclesia
2636 607 2894 678 rejectum
2925 621 3072 673 esse,
3099 622 3256 679 quem
3284 606 3535 664 Theodo-

1947 715 2065 755 rum
2114 697 2352 754 omnium
2403 696 2495 766 qui
2543 697 2806 751 hactenus
2848 697 3108 751 exstitere
3154 695 3532 752 haereticorum

1948 791 2338 860 hlasphemum,
2372 789 2534 858 impia
2561 788 2651 843 illa
2680 788 2906 861 epistola
2938 788 3192 844 Ecclesiae
3220 790 3537 858 magistrum

1947 889 2107 936 vocat
2143 894 2556 950 prteconemquc
2591 880 2857 945 veritatis,
2894 878 3045 947 cujus
3084 879 3538 950 blasphemiarum

1951 975 2195 1042 exiguam
2225 980 2431 1041 partem
2461 971 2630 1025 altera
2654 970 2765 1039 jam
2802 970 2955 1025 vobis
3001 970 3228 1039 epistola
3277 974 3534 1038 exposui-

1951 1081 2111 1121 mus:
2147 1064 2322 1119 verbis
2365 1077 2597 1133 namque
2618 1061 2714 1117 SS.
2744 1060 2949 1132 Cyrilli,
2980 1058 3159 1115 Procli
3206 1076 3272 1115 ac
3308 1060 3532 1117 ltabula:

1952 1155 2080 1224 quid
2111 1155 2209 1224 ipsi
2233 1160 2422 1208 contra
2449 1150 2791 1205 Theodorum
2814 1149 3148 1217 scripserint,
3181 1147 3537 1215 ostendimus,

1954 1254 2114 1314 atque
2151 1241 2598 1312 quemadmodum
2628 1254 2771 1305 eum,
2816 1239 3139 1309 impiamque
3184 1237 3302 1307 ejus
3336 1238 3541 1293 doctri-

1954 1350 2096 1398 nam,
2140 1341 2302 1401 atque
2339 1331 2676 1399 iniquitatem
2713 1328 3207 1384 condenmaverint.
3265 1327 3539 1397 Ejusmodi

1955 1433 2133 1480 autem
2164 1431 2289 1478 sunt
2311 1422 2579 1484 Theodori
2608 1420 2970 1491 blaSphemiae,
2997 1427 3055 1475 ut
3079 1434 3254 1489 neque
3291 1435 3389 1476 vos
3414 1420 3538 1490 ipsi,

1954 1517 2046 1588 qui
2071 1513 2413 1570 Theodorum
2439 1528 2533 1568 eas
2560 1519 2953 1584 pmponentem
2984 1512 3229 1579 tuemini,
3258 1512 3378 1567 illas
3417 1528 3541 1583 pro~
3630 1574 3649 1587 ο

1956 1621 2194 1678 pugnare
2220 1605 2337 1661 ausi
2377 1605 2539 1660 sitis:
2576 1618 2700 1659 cum
2739 1611 2922 1659 tamen
2968 1611 3180 1659 constet
3227 1619 3258 1657 a
3303 1604 3539 1666 nomine,

1955 1698 2047 1767 qui
2091 1697 2426 1767 impietatem
2475 1694 2680 1766 judicio
2718 1710 2817 1751 suo
2860 1694 3272 1764 proscripserit,
3327 1694 3539 1750 defendi

1954 1805 2116 1861 posse
2135 1788 2375 1860 ejusdem
2395 1788 2685 1858 impietatis
2705 1796 3010 1858 patronum,
3033 1789 3136 1842 nisi
3158 1789 3203 1843 is
3226 1786 3454 1843 fortasse
3473 1790 3541 1844 ab

256 1902 313 1976 λῇ
366 1902 505 1956 κατᾶ
547 1907 640 1956 τοῦ
684 1907 732 1956 ἓν
760 1900 923 1973 ἁγίοις
966 1898 1200 1973 κυρίλλου
1253 1897 1509 1975 ῥηθείσαις
1553 1893 1854 1970 πρόσκειται

1962 1900 2140 1940 errore
2161 1883 2448 1939 recesserit
2474 1883 2730 1953 primum,
2753 1892 2914 1951 atque
2940 1881 3251 1951 resipuerit,
3270 1889 3433 1951 atque
3451 1882 3542 1937 illa

257 1995 483 2053 κδαεῖνο,
515 1989 596 2046 ὅτι
616 1991 1143 2061 ἀναισχύντωςαύτός
1180 1989 1236 2043 ὲν
1267 1988 1431 2061 ἁγίοις
1456 1985 1688 2061 κύριλλός
1718 1987 1849 2051 ἐστι,

198 2137 211 2150 ,
259 2085 337 2136 καί
363 2080 450 2136 ὅτι
475 2081 836 2152 μεταμεληθεὶς
866 2081 1064 2137 ἐναντία
1100 2086 1163 2150 τῇ
1203 2081 1383 2153 πρώτῃ
1410 2078 1568 2132 αὐτοῦ
1599 2074 1849 2131 διδασκα-

259 2172 338 2247 λίᾳ
360 2174 573 2237 ἐξέθετο
615 2172 667 2235 ἒξ
704 2167 771 2224 ὧν
817 2168 843 2224 ὁ
879 2176 970 2229 τήν
1000 2168 1266 2227 ἐπιστολήν
1288 2170 1474 2226 ὲκε’νην
1502 2164 1708 2242 γράψας
1748 2163 1853 2221 δεί-

259 2286 444 2319 κνυται
471 2264 646 2323 πάσης
666 2264 839 2322 ἀνοίας
858 2262 1063 2331 μεστὸς.
1088 2267 1189 2315 Ποῦ
1218 2264 1318 2335 γὰρ
1348 2259 1374 2314 ὁ
1403 2262 1452 2312 ὲν
1481 2258 1641 2329 ἁγίοις
1670 2257 1853 2332 Κύριλ-

259 2355 337 2415 λος
362 2359 574 2410 ἐναντία
595 2364 657 2427 τῇ
687 2357 863 2428 πρώτη
889 2355 1050 2409 αὐτοῦ
1071 2351 1372 2426 διδασκαλία
1400 2352 1619 2418 ὲξέθετο,
1648 2349 1680 2409 ἦ
1702 2370 1852 2421 μετε-

260 2447 475 2509 νόησεη
524 2443 555 2503 ἧ
601 2451 711 2504 πῶς
747 2445 778 2502 ἡ
825 2446 875 2497 ὲν
912 2441 1189 2501 Χαλκηδόνι
1223 2441 1344 2517 ἁγία
1391 2439 1606 2502 σύνοδος
1653 2443 1852 2516 πατέρα

259 2542 448 2591 τοῦτον
493 2537 826 2610 ἐπεγράφετο,
860 2536 903 2588 εἰ
948 2534 1284 2607 μετεμελήθη,
1333 2534 1456 2587 καθά
1498 2540 1562 2607 τῇ
1609 2533 1851 2605 ἐπιστολῇ

260 2629 602 2705 περιέχεταιζ
632 2635 688 2679 ‘0
712 2629 811 2702 γὰρ
842 2634 1098 2698 μετανοῶν
1129 2627 1184 2679 ού
1216 2632 1322 2686 τοῖς
1350 2622 1673 2684 διδασκάλοις
1704 2645 1858 2678 συνα-

261 2719 553 2789 ριθμεῖται,
606 2716 710 2771 ἀλλ’
753 2718 821 2775 ὡς
875 2716 975 2772 ἀπὸ
1021 2716 1210 2775 πλίνης
1254 2714 1591 2790 ὑποστρέψας
1645 2712 1853 2774 δεκτε¹ος

263 2827 394 2864 εστιν

1956 1976 2414 2043 condemnaverit,
2448 1989 2568 2045 quae
2598 1974 2727 2031 olim
2753 1973 2920 2044 impie
2947 1973 3239 2029 docuisset.
3272 1972 3354 2029 Ad
3391 1982 3544 2030 caete»

1955 2082 2045 2123 ras
2074 2073 2254 2122 autem
2279 2065 2633 2121 contumelias
2656 2065 2913 2121 adversus
2932 2073 3179 2121 sanctum
3199 2065 3456 2137 Cyrillum
3480 2081 3543 2122 ea

1958 2156 2012 2211 in
2039 2156 2269 2226 epistola
2301 2156 2535 2226 jactatas
2573 2155 2825 2223 adjicitur
2869 2155 3052 2221 etiam,
3100 2157 3328 2226 turpiter
3373 2156 3546 2224 egisse

1958 2248 2237 2320 Cyrillum,
2281 2246 2423 2303 adeo
2471 2254 2550 2315 ut,
2576 2262 2762 2303 eorum
2797 2246 3068 2316 paenitens
3098 2261 3230 2316 qua:
3275 2247 3542 2304 docuisset
3570 2246 3583 2253 “

1957 2340 2474 2416 pridem,adversam
2500 2340 2604 2396 illis
2628 2339 2931 2395 doctrinam
2958 2340 3316 2411 proposuerit.
3340 2340 3546 2397 Exinde

1958 2451 2090 2491 vero
2122 2434 2366 2505 epistola:
2404 2433 2642 2504 scriptor
2689 2432 3063 2488 insanissimus
3115 2448 3235 2489 esse
3279 2432 3544 2503 proditur.

1962 2526 2080 2594 Quo
2116 2538 2350 2594 namque
2393 2523 2499 2578 loci
2540 2523 2843 2579 doctrinam
2882 2524 3111 2579 astruxit
3153 2523 3382 2596 Cyrillus
3422 2539 3545 2580 cum

1957 2632 2053 2675 sua
2084 2616 2265 2687 priore
2301 2616 2668 2686 pugnantem?
2703 2629 2812 2684 quo
2840 2614 3124 2685 paenituit?
3149 2614 3236 2669 vel
3276 2613 3546 2685 quomodo

1956 2707 2073 2764 ﬁeri
2099 2706 2274 2778 potuit
2300 2713 2411 2762 uta
2440 2713 2627 2761 sancta
2655 2704 3080 2761 Chalcedonensi
3111 2705 3317 2775 synodo
3343 2706 3547 2762 sanctis

1956 2797 2205 2853 Patribus
2245 2806 2712 2862 annumeraretur,
2761 2797 2829 2865 si,
2864 2797 3318 2867 quemadmodum
3364 2805 3547 2853 narrat

1968 2890 2218 2962 epistola,
2247 2890 2440 2961 prioris
2459 2905 2580 2945 eum
2610 2904 2720 2945 sua:
2751 2890 3012 2945 doctrinae
3048 2890 3422 2960 paenituisset?
3448 2888 3547 2958 Qui

262 2991 404 3047 alim
431 2990 503 3045 ab
530 2990 1028 3046 erroremevcrtitur
1054 2990 1119 3045 ad
1141 2989 1427 3045 sanitatem
1456 3003 1564 3043 non
1587 2988 1725 3043 inter
1752 2986 2006 3042 doctores
2035 2982 2343 3048 ascribitur,
2373 2981 2469 3037 sed
2493 2982 2658 3037 veluti
2679 2981 2746 3035 ab
2769 2994 2955 3036 errore
2980 2995 3294 3037 conversus.

328 3085 488 3145 τᾶος
517 3083 570 3139 δέ
593 3091 743 3139 τοῦτο
762 3086 918 3143 acim";
946 3081 972 3137 ὁ
1014 3081 1219 3156 γράψας
1257 3085 1346 3140 την
1382 3082 1645 3140 ἐπιστολὴν
1687 3081 1854 3138 ἑποιή-

263 3197 389 3231 σατο
417 3178 602 3249 λέγων’
636 3193 656 3226 ε
688 3173 804 3231 Ὀτι
825 3173 905 3230 δεῖ
924 3174 1175 3245 ὁμολογεῖν
1205 3175 1276 3235 είς
1302 3175 1387 3228 τὸν
1411 3172 1547 3239 ναὸν,
1576 3175 1655 3227 καί
1680 3176 1753 3233 εἰς
1769 3175 1854 3226 τὸν

265 3270 552 3323 ἐνοικοῦντα
584 3269 629 3320 ἐν
654 3275 727 3338 τῷ
752 3274 874 3340 ναῷ.
922 3283 945 3321 ο
981 3277 1061 3321 Ἐκ
1089 3268 1280 3323 τούτων
1305 3264 1357 3321 δὲ
1391 3264 1509 3321 ὅσον
1535 3264 1645 3327 ἧκεν
1671 3268 1741 3325 εἰς
1766 3271 1855 3325 τήν

265 3359 419 3413 ἆσέϐε
445 3380 510 3412 αν
546 3364 637 3418 τῆς
685 3358 970 3422 ίπιστολῆς,
1020 3362 1106 3413 καί
1151 3360 1271 3418 τοὺς
1311 3355 1636 3419 ὲκδικοῦντας
1675 3360 1851 3424 αὐτην,

267 3453 417 3503 πᾶσα
439 3449 472 3506 ἦ
500 3449 623 3522 ὀρθή
647 3450 821 3508 πίστις
843 3450 1197 3523 ἀνατρέπεται.
1230 3459 1281 3503 Ἦ
1306 3451 1408 3524 γὰρ
1434 3448 1663 3508 καθολικὴ
1685 3449 1851 3506 ἐκκλη-

268 3541 354 3592 σία
374 3540 465 3593 ἕνα
506 3542 683 3613 κνὲριον
722 3536 909 3597 Ἰησοῦν
946 3540 1160 3614 Χριστὸν
1202 3546 1434 3613 μονογενῆ
1478 3540 1584 3593 υἱὸν
1609 3546 1699 3595 τοῦ
1728 3546 1855 3594 Θεοῦ
1886 3511 1931 3575 C

269 3627 522 3703 ὁμολογεῖ,
549 3632 637 3683 καί
661 3631 788 3701 ούχῑ
815 3632 886 3691 εἰς
910 3632 995 3685 τὸν
1022 3633 1137 3686 ναόν
1162 3635 1245 3685 καί
1271 3634 1341 3693 εἰς
1368 3631 1453 3687 τὸν
1488 3633 1769 3686 ἐνοικοῦντα
1812 3632 1859 3684 ἐν

271 3731 338 3795 τῷ
362 3731 469 3797 ναῷ
491 3726 754 3779 πιστεύειν
799 3724 829 3783 ἦ
860 3723 1113 3798 ὁμολογεῖν
1168 3723 1412 3780 διδάσκει.
1449 3722 1594 3780 Ὀθεν
1627 3728 1715 3779 καὶ
1753 3734 1859 3786 τοῖς

271 3822 358 3875 τοῦ
392 3817 543 3888 ἁγίου
574 3817 881 3887 ἀξιουμένοις
920 3817 1283 3889 βαπτίσματος
1319 3815 1660 3891 παραδίδοται
1688 3815 1862 3887 ὁμολο-

272 3915 371 3978 γεῖν
395 3910 488 3962 καί
514 3909 692 3962 πιστοί
702 3928 774 3962 ειν
800 3911 870 3967 εἰς
894 3908 981 3963 ἕνα
1010 3908 1208 3981 πατέρα
1228 3910 1619 3986 παντοκράτορα
1635 3948 1647 3970 ,
1674 3911 1759 3961 καὶ
1787 3912 1861 3968 εἰς

274 3999 356 4053 ἵνα
378 4000 555 4075 κύριον
576 4004 770 4056 Ἰησοῦν
797 4001 1010 4075 Χριστὸν
1030 4000 1115 4054 τὸν
1144 3999 1252 4052 υἱὸν
1281 4002 1432 4053 οώτοῦ
1469 4000 1551 4053 τὸν
1594 4007 1853 4072 μονογενῆ,

274 4093 354 4151 καί
384 4095 459 4155 είς
505 4095 566 4146 τὸ
600 4092 743 4166 ἅγιον
782 4099 1019 4164 πνεῦμα,
1055 4094 1111 4148 οὗ
1147 4100 1243 4164 μὴν
1268 4096 1339 4153 εἰς
1368 4091 1459 4148 δύο
1499 4095 1640 4156 υἱοὺς
1661 4136 1672 4155 .
1712 4093 1743 4153 ἢ
1769 4092 1860 4149 δύο

274 4185 555 4254 Χριστούς,
577 4180 703 4259 ὅπερ
731 4186 761 4241 ἡ
784 4184 914 4259 πρὸς
942 4186 1097 4258 Μάριν
1112 4185 1198 4239 τὸν
1219 4185 1414 4260 Πέρσην
1436 4185 1674 4244 ἐπιστολή
1702 4182 1860 4248 δηλοῖ,

276 4273 496 4347 λέγουσα
516 4283 711 4351 χρῆναι
735 4276 986 4349 ὁμολογεῖν
1013 4281 1085 4337 εἰς
1112 4280 1196 4332 τὸν
1246 4279 1363 4332 ναὸν
1407 4281 1486 4331 καί
1519 4280 1590 4338 εἰς
1614 4280 1700 4333 τὸν
1742 4280 1865 4332 ἐνοι-

276 4374 461 4422 κοῦντα
480 4369 531 4421 ἐν
550 4376 623 4439 τῷ
643 4376 767 4435 ναῷ,
792 4372 877 4423 καί
916 4371 970 4424 ἐκ
998 4370 1181 4425 τούτου
1215 4369 1458 4442 τέταρτον
1495 4368 1775 4444 πρόσωπον
1801 4375 1864 4443 τῇ

276 4458 398 4533 ἆγίᾳ
424 4458 600 4537 Τριάδι
628 4457 902 4533 ἕπεισάγου
910 4482 999 4516 σα.

344 4641 427 4694 Ἐκ
455 4647 655 4700 τούτων
693 4645 861 4697 τοίνυν
897 4642 1134 4699 ἁπάντων
1171 4641 1449 4711 δέδεικται,
1492 4641 1571 4698 ὅτι
1610 4643 1863 4718 ἀλλότριὰς

278 4731 387 4785 ἐστι
416 4739 508 4791 τῆς
544 4730 806 4809 ὀρὼδὸξου
848 4733 1073 4793 πίστεως
1111 4732 1137 4787 ὁ
1172 4738 1263 4793 τήν
1302 4735 1661 4809 προειρημένην
1701 4734 1865 4793 ἀσεϐῆ

278 4819 548 4879 επιστολὴν
572 4823 808 4886 ἐπαινῶν,
839 4822 869 4881 ἦ
896 4821 1122 4877 ἐκδικῶν.
1148 4816 1344 4882 Ἐπειδὴ
1372 4822 1426 4878 δέ
1451 4824 1616 4897 λέγετε
1633 4865 1648 4892 ,
1677 4830 1741 4884 ὡς
1764 4823 1790 4879 ὁ
1815 4826 1864 4877 ἐν

2031 3071 2147 3128 Hoc
2175 3069 2409 3142 denique
2437 3072 2598 3127 modo
2622 3072 2906 3142 epistolam
2951 3072 3182 3141 scriptor
3233 3072 3546 3129 concludit:

1971 3185 1988 3218 ι
2017 3164 2278 3221 Conﬁteri
2324 3180 2391 3220 ac
2425 3164 2645 3221 credere
2691 3171 2908 3235 oportet
2954 3166 3007 3219 in
3038 3165 3313 3236 templum,
3343 3174 3398 3222 et
3423 3180 3548 3221 eum

1961 3257 2054 3326 qui
2082 3257 2134 3311 in
2159 3256 2358 3327 templo
2383 3255 2664 3311 inhabitat.
2697 3274 2716 3308 ι
2764 3255 2882 3323 Quo
2911 3270 2977 3310 ex
3006 3256 3150 3321 loco,
3180 3263 3439 3325 quantum
3482 3255 3548 3311 ad

1962 3349 2566 3419 impietatemepistolae
2592 3356 2805 3419 spectat
2841 3348 3065 3420 ejusque
3108 3356 3387 3420 patronos,
3436 3350 3549 3405 uni.

1962 3453 2119 3494 versa
2151 3438 2477 3493 subvertitur
2508 3448 2661 3493 recta
2700 3437 2850 3494 ﬁdes.
2897 3438 3175 3495 Catholica
3202 3440 3401 3511 quippe
3444 3437 3550 3495 Ec-

1962 3528 2125 3583 clesia
2150 3528 2367 3582 unicum
2396 3528 2678 3583 Dominum
2708 3527 2892 3583 Iesum
2931 3529 3203 3586 Christum
3229 3530 3423 3586 Filium
3451 3530 3549 3587 Del

1961 3603 2297 3689 unigenitum
2324 3621 2632 3687 conﬁtetur,
2682 3636 2859 3690 neque
2888 3621 3099 3692 uspiam
3129 3623 3291 3677 docet
3322 3623 3549 3680 creden-

1960 3714 2086 3769 dum
2130 3727 2252 3768 esse
2291 3713 2345 3767 in
2392 3713 2671 3784 templum,
2702 3713 2925 3783 ejusque
2974 3715 3410 3782 inhabitatorem,
3447 3726 3549 3771 aut

1961 3805 2077 3860 haec
2124 3803 2369 3861 conﬁteri
2423 3811 2710 3875 oportere,
2759 3804 3215 3875 quemadmodum
3259 3806 3326 3861 ad
3374 3809 3550 3864 sancti

1962 3894 2299 3965 baptismatis
2324 3897 2552 3964 gratiam
2594 3896 2839 3954 admissis
2878 3899 3057 3965 tradit,
3102 3907 3161 3953 ut
3194 3900 3551 3956 conﬁteantur

1963 3991 2019 4039 et
2045 3985 2270 4040 credant
2298 3987 2350 4040 in
2380 4002 2543 4041 unum
2568 3986 2734 4043 Deum
2765 3987 2980 4043 Patrem
3019 3995 3464 4062 omnipotentem,
3496 4001 3551 4048 ct

1965 4076 2018 4129 in
2050 4091 2213 4131 unum
2242 4077 2525 4132 Dominum
2555 4076 2736 4134 Jesum
2765 4077 3037 4133 Christum
3077 4080 3271 4136 Filium
3307 4082 3401 4138 Dei
3431 4086 3552 4139 uni-

1964 4165 2223 4232 genitum,
2250 4175 2307 4221 et
2328 4167 2381 4220 iu
2404 4165 2662 4237 Spiritum
2688 4180 2954 4238 sanctum,
2987 4185 3094 4226 non
3121 4172 3176 4227 in
3203 4171 3339 4228 duos
3364 4172 3547 4239 Filios,

1964 4254 2050 4308 vel
2079 4255 2134 4309 in
2160 4253 2297 4311 duos
2315 4254 2588 4324 Christus,
2618 4266 2781 4329 prout
2827 4260 3053 4330 epistola
3098 4260 3168 4317 ad
3205 4261 3392 4318 Marim
3422 4263 3553 4321 Per-

1966 4363 2079 4403 sam
2108 4347 2311 4404 diserte
2334 4350 2520 4405 statuit
2543 4365 2664 4406 esse
2692 4351 3036 4421 credendum,
3077 4354 3260 4424 templi
3306 4363 3469 4426 atque
3496 4358 3550 4411 in

1965 4440 2082 4511 ipso
2120 4439 2468 4497 inhabitantis
2516 4440 2621 4497 ﬁde
2666 4443 2965 4513 proposita,
3010 4458 3119 4512 quo
3158 4444 3218 4497 ﬁt
3262 4453 3322 4501 ut
3358 4457 3549 4516 quarta

1965 4540 2165 4586 sanctae
2186 4529 2464 4587 Trinitatis
2491 4548 2723 4602 persona
2744 4534 3124 4590 constituatur.

2039 4625 2476 4683 Demonstratum
2521 4635 2606 4684 est
2651 4628 2831 4697 itaque
2873 4628 2958 4684 his
2991 4630 3262 4698 omnibus,
3319 4632 3553 4704 prmfatrc

1967 4717 2314 4774 exsecrabilis
2340 4718 2584 4789 epistola:
2629 4726 2887 4791 patronos
2925 4730 3088 4792 atque
3130 4722 3439 4782 laudatores
3483 4727 3551 4780 ab

1968 4814 2268 4871 orthodoxa
2290 4814 2393 4872 ﬁde
2421 4818 2641 4873 omnino
2670 4817 2877 4876 alienos
2904 4835 3025 4877 esse
3060 4814 3348 4890 judicatos.
3380 4822 3553 4878 Caete-

280 4912 443 4987 ίιγίοις
470 4912 703 4985 κύριλλος
728 4911 812 4968 διὰ
835 4919 989 4969 τοῦτο
1018 4917 1160 4990 παρά
1194 4922 1292 4969 τῶν
1317 4915 1614 4971 ἀνατολικῶν
1649 4914 1856 4986 ἐδέχθη,

1966 4925 2108 4978 rum,
2139 4910 2264 4979 quia
2292 4918 2531 4966 sanctum
2551 4910 2808 4985 Cyrillum
2849 4913 3051 4970 idcirco
3088 4913 3155 4970 ab
3194 4913 3553 4971 Orientalibus

278 5002 356 5058 ὅτι
385 5007 450 5058 τά
476 5003 584 5059 ἴδια
621 5004 868 5077 κεφάλαια
896 5008 1231 5080 ἡρμήνευσεν,
1263 5007 1321 5059 ού
1347 5005 1670 5077 θαυμέζομεν
1704 5005 1860 5075 ὑμᾶς,

278 5093 357 5150 ὅτι
389 5100 474 5150 καί
510 5097 562 5150 ἓν
598 5104 707 5155 τοῖς
738 5096 1008 5166 πεμφθεῖσι
1044 5096 1167 5173 παρ’
1212 5096 1353 5167 ὑμῶν
1395 5096 1674 5168 κεφαλαίοις
1700 5093 1863 5155 οὕτως

278 5188 596 5253 ἠπατηθητε,
641 5188 688 5240 οἱ
727 5188 812 5240 καί
850 5188 979 5242 αύτά
1018 5188 1083 5241 τὰ
1110 5187 1159 5240 ἐν
1198 5194 1261 5260 τῇ
1298 5187 1409 5243 κατ’
1437 5182 1650 5258 Ἔφεσον
1684 5188 1865 5260 πρώτη

278 5275 472 5350 συνόδῳ
498 5279 826 5357 γεγραμμένα
848 5278 1168 5349 ἠγνοηκότες.
1211 5280 1305 5331 Καὶ
1333 5278 1429 5351 γὰρ
1465 5280 1547 5331 καί
1574 5276 1600 5331 ὁ
1629 5277 1680 5332 ἕν
1705 5276 1865 5349 ἁγίοις

280 5369 614 5438 Κελεστῖνος,
655 5372 738 5424 καὶ
775 5372 807 5429 ἦ
855 5373 905 5424 ἐν
934 5368 1116 5442 Ἐφέσῳ
1156 5371 1336 5444 πρώτη
1377 5367 1618 5434 σύνοδος,
1650 5372 1733 5424 καί
1759 5367 1785 5423 ὃ
1814 5370 1865 5424 ἓν

278 5460 443 5531 ἁγίοις
473 5464 638 5526 Δίων,
666 5466 746 5515 καὶ
777 5463 806 5520 ἡ
841 5462 890 5515 ἐν
916 5460 1191 5519 Χαλκηδόνι
1213 5460 1335 5533 ἁγία
1362 5458 1570 5521 σύνοδος
1593 5463 1726 5516 αὐτὰ
1754 5459 1869 5515 καθ’

278 5553 412 5606 αὐτοὶ
436 5552 501 5607 τά
528 5552 771 5625 κεφάλαια
798 5557 889 5605 τοῦ
927 5552 979 5606 ἕν
1017 5551 1176 5624 ἁγίοις
1218 5551 1452 5626 κυρῦιλου
1488 5553 1574 5604 καί
1609 5548 1863 5617 ὶδέξαντο,

281 5645 370 5695 ιωιί
391 5644 722 5709 ἐϐεϐαίωσαν,
754 5646 837 5698 καί
855 5642 1084 5714 οὐδεμίαν
1104 5645 1297 5699 τούτων
1316 5642 1575 5717 ἑρμηνείαν
1596 5644 1864 5708 ἐζήτησαν

281 5738 311 5793 15
337 5736 437 5812 γὰρ
462 5737 703 5812 ἑρμηνεία
721 5739 779 5791 ού
805 5735 888 5792 διὰ
910 5740 1030 5798 τοὺς
1059 5735 1355 5815 ὀρθοδόξονς
1380 5738 1571 5811 ἑγὲνετο
1587 5779 1601 5803 ,
1632 5737 1755 5793 ἀλλὰ
1781 5734 1866 5794 διὰ

282 5831 406 5889 τοὺς
442 5829 727 5904 αἰρετικούς
745 5869 759 5895 ,
788 5832 833 5887 οἱ
864 5828 1129 5905 Νεστόριον
1166 5825 1507 5895 ἐκδικοῦντες,
1538 5836 1646 5888 τοῖς
1671 5848 1864 5900 μνημο-

284 5919 503 5977 nunc;
532 5918 813 5991 κεφαλαίοις
839 5921 1110 5993 αντέλεγςν.
1136 5918 1223 5980 Ὠς
1246 5921 1345 5994 γὰρ
1368 5920 1513 5990 ὑμεῖς
1538 5919 1723 5994 λέγετε,
1748 5917 1861 5976 οὔτε

1968 5013 2087 5053 esse
2115 5009 2393 5070 receptum
2430 5001 2626 5067 dicitis,
2674 5010 2962 5074 propterea
3009 5003 3153 5073 quod
3197 5017 3292 5059 sua
3338 5003 3429 5058 illa
3468 5018 3552 5058 ca-

1964 5089 2078 5159 pita
2107 5089 2489 5160 interpretatus
2516 5092 2606 5157 sit,
2635 5094 2855 5148 minime
2881 5095 3138 5149 miramur
3163 5108 3260 5150 vos
3288 5095 3340 5149 in
3359 5095 3552 5152 vestris

1966 5181 2032 5236 ad
2054 5197 2153 5238 nos
2177 5183 2352 5239 missis
2373 5184 2636 5254 capitibus
2674 5185 2921 5240 similiter
2943 5201 3063 5241 esse
3106 5185 3382 5257 deceptos,
3427 5204 3553 5246 cum

1970 5270 2217 5328 videlicet
2242 5284 2360 5329 acta
2380 5289 2595 5345 quoque
2620 5276 2814 5346 prioris
2846 5276 3129 5346 Ephesium
3173 5278 3363 5349 synodi
3400 5279 3553 5348 igno-

1968 5375 2089 5417 rare
2114 5361 2419 5419 videamini.
2442 5362 2684 5436 Namque
2701 5373 2918 5422 sanctus
2938 5364 3281 5437 leostinus,
3305 5377 3363 5425 et
3380 5371 3551 5441 prima

1970 5448 2241 5522 Ephesina
2276 5455 2531 5525 synodus,
2560 5463 2616 5511 et
2653 5454 2711 5512 S.
2761 5455 2892 5525 Leo,
2937 5466 2993 5513 et
3023 5458 3193 5526 ipsum
3239 5476 3456 5531 quoque
3493 5464 3550 5519 S.

1971 5550 2411 5610 Chalcedonense
2440 5555 2748 5621 concilium,
2779 5570 2842 5612 ea
2880 5555 2936 5612 S.
2980 5556 3159 5628 Cyrilli
3197 5560 3430 5632 capitula
3461 5576 3555 5618 ex-

1972 5649 2247 5713 ceperunt,
2282 5659 2487 5714 suoque
2522 5643 2774 5715 suﬁ'ragio
2811 5645 3280 5717 conﬁrmaverunt,
3327 5650 3556 5705 nullam-
3609 5672 3616 5679 -

1971 5750 2076 5805 que
2104 5748 2295 5789 eorum
2327 5736 2715 5805 expositionem
2745 5754 2980 5811 unquam
3014 5741 3328 5812 qutcsivere.
3372 5741 3551 5815 Expli-

1972 5826 2115 5882 catio
2138 5823 2282 5880 enim
2307 5824 2541 5883 adhibita
2568 5834 2651 5883 est
2676 5843 2785 5885 non
2814 5831 3201 5888 catholicorum
3230 5832 3422 5902 gratia,
3458 5832 3552 5888 sed

1970 5921 2193 5989 propter
2220 5914 2522 5991 hazreticos,
2552 5917 2641 5990 qui
2674 5917 2905 5980 Nestorii
2944 5921 3184 5994 partibus
3208 5921 3404 5983 addicti
3435 5934 3565 5977 τηοσε
3652 5973 3662 5982 .
