  <div class='ocr_page' id='page_1' title='image "/cluster/home/n/w/nwhite01/storage/ocr_20150623/69/hvd.32044054758727/184.png"; bbox 0 0 4000 6186; ppageno 0'>
   <div class='ocr_carea' id='block_1_1' title="bbox 310 366 455 426">
    <p class='ocr_par' dir='ltr' id='par_1_1' title="bbox 310 366 455 426">
     <span class='ocr_line' id='line_1_1' title="bbox 310 366 455 426; baseline -0.007 -3"><span class='ocrx_word' id='word_1_1' title='bbox 310 366 455 426; x_wconf 73' lang='grc'><strong>313,</strong></span> 
     </span>
    </p>
   </div>
   <div class='ocr_carea' id='block_1_2' title="bbox 1483 366 2425 434">
    <p class='ocr_par' dir='ltr' id='par_1_2' title="bbox 1483 366 2425 434">
     <span class='ocr_line' id='line_1_2' title="bbox 1483 366 2425 434; baseline 0.007 -10"><span class='ocrx_word' id='word_1_2' title='bbox 1483 366 1852 426; x_wconf 78' lang='lat' dir='ltr'><strong>JUSTINIANI</strong></span> <span class='ocrx_word' id='word_1_3' title='bbox 1889 368 2027 426; x_wconf 77' lang='lat' dir='ltr'><strong>IMP.</strong></span> <span class='ocrx_word' id='word_1_4' title='bbox 2070 371 2425 434; x_wconf 81' lang='lat' dir='ltr'><strong>EPISTOLA.</strong></span> 
     </span>
    </p>
   </div>
   <div class='ocr_carea' id='block_1_3' title="bbox 3488 389 3593 450">
    <p class='ocr_par' dir='ltr' id='par_1_3' title="bbox 3488 389 3593 450">
     <span class='ocr_line' id='line_1_3' title="bbox 3488 389 3593 450; baseline -0.038 -1"><span class='ocrx_word' id='word_1_5' title='bbox 3488 389 3593 450; x_wconf 65' lang='grc' dir='ltr'><strong>ὅτι</strong></span> 
     </span>
    </p>
   </div>
   <div class='ocr_carea' id='block_1_4' title="bbox 310 481 1918 573">
    <p class='ocr_par' dir='ltr' id='par_1_4' title="bbox 310 481 1910 573">
     <span class='ocr_line' id='line_1_4' title="bbox 310 481 1910 573; baseline 0.001 -32"><span class='ocrx_word' id='word_1_6' title='bbox 310 482 444 543; x_wconf 76' lang='grc' dir='ltr'><strong>εἶναι</strong></span> <span class='ocrx_word' id='word_1_7' title='bbox 468 488 562 545; x_wconf 70' lang='grc' dir='ltr'><strong>τήν</strong></span> <span class='ocrx_word' id='word_1_8' title='bbox 591 481 1010 560; x_wconf 35' lang='grc' dir='ltr'><strong>,παρθένον</strong></span> <span class='ocrx_word' id='word_1_9' title='bbox 1036 486 1250 563; x_wconf 57' lang='grc' dir='ltr'><strong>Μαρίαν</strong></span> <span class='ocrx_word' id='word_1_10' title='bbox 1289 484 1337 539; x_wconf 79' lang='grc' dir='ltr'><strong>οἶ</strong></span> <span class='ocrx_word' id='word_1_11' title='bbox 1375 482 1429 540; x_wconf 80' lang='grc' dir='ltr'><strong>δέ</strong></span> <span class='ocrx_word' id='word_1_12' title='bbox 1460 483 1597 556; x_wconf 74' lang='grc' dir='ltr'><strong>ἅγιοι</strong></span> <span class='ocrx_word' id='word_1_13' title='bbox 1626 485 1841 573; x_wconf 82' lang='grc' dir='ltr'><strong>πατέρες</strong></span> <span class='ocrx_word' id='word_1_14' title='bbox 1864 486 1910 542; x_wconf 85' lang='grc' dir='ltr'><strong>οί</strong></span> 
     </span>
    </p>
   </div>
   <div class='ocr_carea' id='block_1_5' title="bbox 2021 481 3606 573">
    <p class='ocr_par' dir='ltr' id='par_1_5' title="bbox 2021 490 3606 573">
     <span class='ocr_line' id='line_1_5' title="bbox 2021 490 3606 573; baseline 0.011 -30"><span class='ocrx_word' id='word_1_15' title='bbox 2021 490 2328 560; x_wconf 80' lang='lat' dir='ltr'><strong>sumpsisse,</strong></span> <span class='ocrx_word' id='word_1_16' title='bbox 2359 506 2424 548; x_wconf 89' lang='lat' dir='ltr'><strong>ac</strong></span> <span class='ocrx_word' id='word_1_17' title='bbox 2458 507 2528 548; x_wconf 86' lang='lat' dir='ltr'><strong>ex</strong></span> <span class='ocrx_word' id='word_1_18' title='bbox 2570 492 2687 565; x_wconf 85' lang='lat' dir='ltr'><strong>ipsa</strong></span> <span class='ocrx_word' id='word_1_19' title='bbox 2722 500 2908 552; x_wconf 89' lang='lat' dir='ltr'><strong>natum</strong></span> <span class='ocrx_word' id='word_1_20' title='bbox 2931 511 3055 555; x_wconf 86' lang='lat' dir='ltr'><strong>esse</strong></span> <span class='ocrx_word' id='word_1_21' title='bbox 3103 514 3211 559; x_wconf 86' lang='lat' dir='ltr'><strong>non</strong></span> <span class='ocrx_word' id='word_1_22' title='bbox 3253 500 3606 573; x_wconf 74' lang='lat' dir='ltr'><strong>conﬁtentur,</strong></span> 
     </span>
    </p>
   </div>
   <div class='ocr_carea' id='block_1_6' title="bbox 304 570 1913 640">
    <p class='ocr_par' dir='ltr' id='par_1_6' title="bbox 304 570 1913 640">
     <span class='ocr_line' id='line_1_6' title="bbox 304 570 1913 640; baseline 0.001 -9"><span class='ocrx_word' id='word_1_23' title='bbox 304 577 366 631; x_wconf 77' lang='grc' dir='ltr'><strong>ἓν</strong></span> <span class='ocrx_word' id='word_1_24' title='bbox 398 572 673 633; x_wconf 72' lang='grc' dir='ltr'><strong>Χαλκηδόνι</strong></span> <span class='ocrx_word' id='word_1_25' title='bbox 715 572 1032 634; x_wconf 73' lang='grc' dir='ltr'><strong>συνελθόντες</strong></span> <span class='ocrx_word' id='word_1_26' title='bbox 1060 571 1362 640; x_wconf 84' lang='grc' dir='ltr'><strong>συνοδικῶς,</strong></span> <span class='ocrx_word' id='word_1_27' title='bbox 1390 573 1627 630; x_wconf 85' lang='grc' dir='ltr'><strong>Θεοτόκον</strong></span> <span class='ocrx_word' id='word_1_28' title='bbox 1661 570 1789 631; x_wconf 83' lang='grc' dir='ltr'><strong>εἶναι</strong></span> <span class='ocrx_word' id='word_1_29' title='bbox 1820 580 1913 636; x_wconf 71' lang='grc' dir='ltr'><strong>τήν</strong></span> 
     </span>
    </p>
   </div>
   <div class='ocr_carea' id='block_1_7' title="bbox 306 665 1936 754">
    <p class='ocr_par' dir='ltr' id='par_1_7' title="bbox 306 665 1936 754">
     <span class='ocr_line' id='line_1_7' title="bbox 306 665 1936 754; baseline 0.001 -32"><span class='ocrx_word' id='word_1_30' title='bbox 306 669 468 740; x_wconf 73' lang='grc' dir='ltr'><strong>ἁγίαν</strong></span> <span class='ocrx_word' id='word_1_31' title='bbox 494 668 740 741; x_wconf 89' lang='grc' dir='ltr'><strong>παρθένον</strong></span> <span class='ocrx_word' id='word_1_32' title='bbox 766 667 961 741; x_wconf 79' lang='grc' dir='ltr'><strong>Μαρίαν</strong></span> <span class='ocrx_word' id='word_1_33' title='bbox 989 665 1333 740; x_wconf 71' lang='grc' dir='ltr'><strong>ὡμολόγησαν.</strong></span> <span class='ocrx_word' id='word_1_34' title='bbox 1354 665 1614 743; x_wconf 85' lang='grc' dir='ltr'><strong>Θεόδωρος</strong></span> <span class='ocrx_word' id='word_1_35' title='bbox 1642 665 1669 723; x_wconf 89' lang='grc' dir='ltr'><strong>ὀ</strong></span> <span class='ocrx_word' id='word_1_36' title='bbox 1698 668 1936 754; x_wconf 72' lang='grc' dir='ltr'><strong>ἀσεϐὴς,</strong></span> 
     </span>
    </p>
   </div>
   <div class='ocr_carea' id='block_1_8' title="bbox 307 754 1918 834">
    <p class='ocr_par' dir='ltr' id='par_1_8' title="bbox 307 754 1918 834">
     <span class='ocr_line' id='line_1_8' title="bbox 307 754 1918 834; baseline 0.002 -21"><span class='ocrx_word' id='word_1_37' title='bbox 307 763 403 815; x_wconf 81' lang='grc' dir='ltr'><strong>καί</strong></span> <span class='ocrx_word' id='word_1_38' title='bbox 427 761 459 817; x_wconf 79' lang='grc' dir='ltr'><strong><em>ἠ</em></strong></span> <span class='ocrx_word' id='word_1_39' title='bbox 507 760 771 827; x_wconf 77' lang='grc' dir='ltr'><strong>ἀνώνυμος</strong></span> <span class='ocrx_word' id='word_1_40' title='bbox 816 756 1058 816; x_wconf 71' lang='grc' dir='ltr'><strong>ὶπιστολή</strong></span> <span class='ocrx_word' id='word_1_41' title='bbox 1103 755 1197 812; x_wconf 89' lang='grc' dir='ltr'><strong>δύο</strong></span> <span class='ocrx_word' id='word_1_42' title='bbox 1236 757 1488 834; x_wconf 87' lang='grc' dir='ltr'><strong>πρόσωπα</strong></span> <span class='ocrx_word' id='word_1_43' title='bbox 1533 754 1762 833; x_wconf 73' lang='grc' dir='ltr'><strong>λέγοντες</strong></span> <span class='ocrx_word' id='word_1_44' title='bbox 1788 762 1918 816; x_wconf 87' lang='grc' dir='ltr'><strong>κατά</strong></span> 
     </span>
    </p>
   </div>
   <div class='ocr_carea' id='block_1_9' title="bbox 316 841 1917 928">
    <p class='ocr_par' dir='ltr' id='par_1_9' title="bbox 316 841 1917 928">
     <span class='ocr_line' id='line_1_9' title="bbox 316 841 1917 928; baseline 0.002 -24"><span class='ocrx_word' id='word_1_45' title='bbox 316 855 570 922; x_wconf 74' lang='grc' dir='ltr'><strong>σχετικὴν</strong></span> <span class='ocrx_word' id='word_1_46' title='bbox 596 841 773 905; x_wconf 76' lang='grc' dir='ltr'><strong>ἕνωσιν</strong></span> <span class='ocrx_word' id='word_1_47' title='bbox 797 848 847 904; x_wconf 80' lang='grc' dir='ltr'><strong>ἓν</strong></span> <span class='ocrx_word' id='word_1_48' title='bbox 875 850 1148 928; x_wconf 85' lang='grc' dir='ltr'><strong>πρόσωπον</strong></span> <span class='ocrx_word' id='word_1_49' title='bbox 1177 852 1601 908; x_wconf 80' lang='grc' dir='ltr'><strong>ἀναπλάττουσιν.</strong></span> <span class='ocrx_word' id='word_1_50' title='bbox 1630 863 1682 907; x_wconf 84' lang='grc' dir='ltr'><strong>Ἦ</strong></span> <span class='ocrx_word' id='word_1_51' title='bbox 1705 851 1917 914; x_wconf 79' lang='grc' dir='ltr'><strong>σύνοδος</strong></span> 
     </span>
    </p>
   </div>
   <div class='ocr_carea' id='block_1_10' title="bbox 313 940 1912 1017">
    <p class='ocr_par' dir='ltr' id='par_1_10' title="bbox 313 940 1912 1017">
     <span class='ocr_line' id='line_1_10' title="bbox 313 940 1912 1017; baseline 0.002 -22"><span class='ocrx_word' id='word_1_52' title='bbox 313 940 371 995; x_wconf 78' lang='grc' dir='ltr'><strong>δέ</strong></span> <span class='ocrx_word' id='word_1_53' title='bbox 400 950 502 995; x_wconf 77' lang='grc' dir='ltr'><strong>τῶν</strong></span> <span class='ocrx_word' id='word_1_54' title='bbox 531 940 625 997; x_wconf 60' lang='grc' dir='ltr'><strong>δύο</strong></span> <span class='ocrx_word' id='word_1_55' title='bbox 649 945 853 1015; x_wconf 75' lang='grc' dir='ltr'><strong>φύσεων</strong></span> <span class='ocrx_word' id='word_1_56' title='bbox 889 948 980 1003; x_wconf 79' lang='grc' dir='ltr'><strong>τήν</strong></span> <span class='ocrx_word' id='word_1_57' title='bbox 1018 944 1129 999; x_wconf 77' lang='grc' dir='ltr'><strong>καθ’</strong></span> <span class='ocrx_word' id='word_1_58' title='bbox 1158 942 1449 1000; x_wconf 75' lang='grc' dir='ltr'><strong>ὑπόστασιν</strong></span> <span class='ocrx_word' id='word_1_59' title='bbox 1474 946 1650 1000; x_wconf 82' lang='grc' dir='ltr'><strong>ἕνωσιν</strong></span> <span class='ocrx_word' id='word_1_60' title='bbox 1675 945 1912 1017; x_wconf 77' lang='grc' dir='ltr'><strong>λέγουσα,</strong></span> 
     </span>
    </p>
   </div>
   <div class='ocr_carea' id='block_1_11' title="bbox 314 1030 1916 1113">
    <p class='ocr_par' dir='ltr' id='par_1_11' title="bbox 314 1030 1916 1113">
     <span class='ocr_line' id='line_1_11' title="bbox 314 1030 1916 1113; baseline 0.004 -29"><span class='ocrx_word' id='word_1_61' title='bbox 314 1030 370 1083; x_wconf 79' lang='grc' dir='ltr'><strong>ἓν</strong></span> <span class='ocrx_word' id='word_1_62' title='bbox 392 1033 633 1105; x_wconf 88' lang='grc' dir='ltr'><strong>κηρύττει</strong></span> <span class='ocrx_word' id='word_1_63' title='bbox 664 1033 961 1108; x_wconf 86' lang='grc' dir='ltr'><strong>πρόσωπον,</strong></span> <span class='ocrx_word' id='word_1_64' title='bbox 991 1033 1100 1092; x_wconf 73' lang='grc' dir='ltr'><strong>ἤτοι</strong></span> <span class='ocrx_word' id='word_1_65' title='bbox 1121 1037 1240 1106; x_wconf 89' lang='grc' dir='ltr'><strong>μίαν</strong></span> <span class='ocrx_word' id='word_1_66' title='bbox 1266 1034 1554 1091; x_wconf 77' lang='grc' dir='ltr'><strong>ὑπόστασιν</strong></span> <span class='ocrx_word' id='word_1_67' title='bbox 1578 1041 1794 1113; x_wconf 80' lang='grc' dir='ltr'><strong>Χριστοῦ</strong></span> <span class='ocrx_word' id='word_1_68' title='bbox 1828 1044 1916 1091; x_wconf 84' lang='grc' dir='ltr'><strong>τοῦ</strong></span> 
     </span>
    </p>
   </div>
   <div class='ocr_carea' id='block_1_12' title="bbox 315 1123 1917 1196">
    <p class='ocr_par' dir='ltr' id='par_1_12' title="bbox 315 1123 1917 1196">
     <span class='ocr_line' id='line_1_12' title="bbox 315 1123 1917 1196; baseline 0.005 -22"><span class='ocrx_word' id='word_1_69' title='bbox 315 1129 625 1194; x_wconf 61' lang='grc' dir='ltr'><strong>μονογενοῦς</strong></span> <span class='ocrx_word' id='word_1_70' title='bbox 663 1131 792 1178; x_wconf 83' lang='grc' dir='ltr'><strong>Θεοῦ</strong></span> <span class='ocrx_word' id='word_1_71' title='bbox 817 1123 985 1196; x_wconf 75' lang='grc' dir='ltr'><strong>λόγου.</strong></span> <span class='ocrx_word' id='word_1_72' title='bbox 1024 1125 1168 1181; x_wconf 78' lang='grc' dir='ltr'><strong>Πάλιν</strong></span> <span class='ocrx_word' id='word_1_73' title='bbox 1194 1127 1225 1183; x_wconf 74' lang='grc' dir='ltr'>ἡ</span> <span class='ocrx_word' id='word_1_74' title='bbox 1265 1125 1455 1187; x_wconf 63' lang='grc' dir='ltr'><strong>ἀσεϐής</strong></span> <span class='ocrx_word' id='word_1_75' title='bbox 1482 1127 1636 1184; x_wconf 81' lang='grc' dir='ltr'><strong>ἐκείνη</strong></span> <span class='ocrx_word' id='word_1_76' title='bbox 1675 1124 1917 1187; x_wconf 78' lang='grc' dir='ltr'><strong>ἔπιστολή</strong></span> 
     </span>
    </p>
   </div>
   <div class='ocr_carea' id='block_1_13' title="bbox 314 1211 1917 1290">
    <p class='ocr_par' dir='ltr' id='par_1_13' title="bbox 314 1211 1917 1290">
     <span class='ocr_line' id='line_1_13' title="bbox 314 1211 1917 1290; baseline 0.006 -25"><span class='ocrx_word' id='word_1_77' title='bbox 314 1211 651 1277; x_wconf 72' lang='grc' dir='ltr'><strong>καταδικάζει</strong></span> <span class='ocrx_word' id='word_1_78' title='bbox 688 1218 778 1273; x_wconf 70' lang='grc' dir='ltr'><strong>τήν</strong></span> <span class='ocrx_word' id='word_1_79' title='bbox 822 1215 871 1268; x_wconf 85' lang='grc' dir='ltr'><strong>έν</strong></span> <span class='ocrx_word' id='word_1_80' title='bbox 898 1212 1086 1287; x_wconf 71' lang='grc' dir='ltr'><strong>Ἐφέσῳ</strong></span> <span class='ocrx_word' id='word_1_81' title='bbox 1129 1219 1337 1290; x_wconf 81' lang='grc' dir='ltr'><strong>πρώτην</strong></span> <span class='ocrx_word' id='word_1_82' title='bbox 1380 1215 1610 1285; x_wconf 82' lang='grc' dir='ltr'><strong>σύνοδον,</strong></span> <span class='ocrx_word' id='word_1_83' title='bbox 1643 1219 1838 1274; x_wconf 83' lang='grc' dir='ltr'><strong>καὶτὸν</strong></span> <span class='ocrx_word' id='word_1_84' title='bbox 1865 1220 1917 1274; x_wconf 78' lang='grc' dir='ltr'><strong>ἐν</strong></span> 
     </span>
    </p>
   </div>
   <div class='ocr_carea' id='block_1_14' title="bbox 314 1301 1914 1378">
    <p class='ocr_par' dir='ltr' id='par_1_14' title="bbox 314 1301 1914 1378">
     <span class='ocr_line' id='line_1_14' title="bbox 314 1301 1914 1378; baseline 0.004 -22"><span class='ocrx_word' id='word_1_85' title='bbox 314 1301 481 1374; x_wconf 52' lang='lat' dir='ltr'><strong>Elim;</strong></span> <span class='ocrx_word' id='word_1_86' title='bbox 504 1303 783 1378; x_wconf 75' lang='grc' dir='ltr'><strong>Κύριλλον,</strong></span> <span class='ocrx_word' id='word_1_87' title='bbox 818 1305 903 1358; x_wconf 83' lang='grc' dir='ltr'><strong>καὶ</strong></span> <span class='ocrx_word' id='word_1_88' title='bbox 936 1305 1098 1363; x_wconf 79' lang='grc' dir='ltr'><strong>ἀσεϐῆ</strong></span> <span class='ocrx_word' id='word_1_89' title='bbox 1125 1308 1191 1360; x_wconf 77' lang='grc' dir='ltr'><strong>τὰ</strong></span> <span class='ocrx_word' id='word_1_90' title='bbox 1220 1307 1376 1360; x_wconf 77' lang='grc' dir='ltr'><strong>αὐτοῦ</strong></span> <span class='ocrx_word' id='word_1_91' title='bbox 1407 1307 1642 1378; x_wconf 76' lang='grc' dir='ltr'><strong>κεφάλαια</strong></span> <span class='ocrx_word' id='word_1_92' title='bbox 1664 1308 1914 1378; x_wconf 82' lang='grc' dir='ltr'><strong>ὀνομάζει.</strong></span> 
     </span>
    </p>
   </div>
   <div class='ocr_carea' id='block_1_15' title="bbox 315 1393 1918 1472">
    <p class='ocr_par' dir='ltr' id='par_1_15' title="bbox 315 1393 1918 1472">
     <span class='ocr_line' id='line_1_15' title="bbox 315 1393 1918 1472; baseline 0.002 -22"><span class='ocrx_word' id='word_1_93' title='bbox 315 1397 593 1471; x_wconf 66' lang='grc' dir='ltr'><strong>Κεστόριον</strong></span> <span class='ocrx_word' id='word_1_94' title='bbox 631 1395 685 1451; x_wconf 86' lang='grc' dir='ltr'><strong>δέ</strong></span> <span class='ocrx_word' id='word_1_95' title='bbox 711 1398 797 1451; x_wconf 80' lang='grc' dir='ltr'><strong>καί</strong></span> <span class='ocrx_word' id='word_1_96' title='bbox 836 1393 1095 1472; x_wconf 82' lang='grc' dir='ltr'><strong>Θεόδωρον</strong></span> <span class='ocrx_word' id='word_1_97' title='bbox 1124 1394 1315 1452; x_wconf 79' lang='grc' dir='ltr'><strong>ἐκδικεῖ</strong></span> <span class='ocrx_word' id='word_1_98' title='bbox 1354 1400 1441 1452; x_wconf 76' lang='grc' dir='ltr'><strong>καὶ</strong></span> <span class='ocrx_word' id='word_1_99' title='bbox 1477 1399 1698 1453; x_wconf 84' lang='grc' dir='ltr'><strong>ἐπαινεῖ⁸</strong></span> <span class='ocrx_word' id='word_1_100' title='bbox 1729 1402 1760 1459; x_wconf 79' lang='grc' dir='ltr'>ἡ</span> <span class='ocrx_word' id='word_1_101' title='bbox 1786 1397 1840 1456; x_wconf 88' lang='grc' dir='ltr'><em>δέ</em></span> <span class='ocrx_word' id='word_1_102' title='bbox 1867 1398 1918 1456; x_wconf 85' lang='grc' dir='ltr'><strong>έν</strong></span> 
     </span>
    </p>
   </div>
   <div class='ocr_carea' id='block_1_16' title="bbox 317 1485 1915 1566">
    <p class='ocr_par' dir='ltr' id='par_1_16' title="bbox 317 1485 1915 1566">
     <span class='ocr_line' id='line_1_16' title="bbox 317 1485 1915 1566; baseline 0.003 -25"><span class='ocrx_word' id='word_1_103' title='bbox 317 1486 597 1544; x_wconf 73' lang='grc' dir='ltr'><strong>Χαλκηδόνι</strong></span> <span class='ocrx_word' id='word_1_104' title='bbox 628 1485 842 1548; x_wconf 78' lang='grc' dir='ltr'><strong>σύνοδος</strong></span> <span class='ocrx_word' id='word_1_105' title='bbox 871 1486 955 1543; x_wconf 82' lang='grc' dir='ltr'><strong>διὰ</strong></span> <span class='ocrx_word' id='word_1_106' title='bbox 988 1489 1191 1544; x_wconf 82' lang='grc' dir='ltr'><strong>πάντων</strong></span> <span class='ocrx_word' id='word_1_107' title='bbox 1216 1488 1478 1542; x_wconf 80' lang='grc' dir='ltr'><strong>ἀκολουθεῖ</strong></span> <span class='ocrx_word' id='word_1_108' title='bbox 1496 1496 1558 1561; x_wconf 76' lang='grc' dir='ltr'><strong>τῇ</strong></span> <span class='ocrx_word' id='word_1_109' title='bbox 1580 1490 1708 1565; x_wconf 74' lang='grc' dir='ltr'><strong>αὐτῇ</strong></span> <span class='ocrx_word' id='word_1_110' title='bbox 1736 1492 1915 1566; x_wconf 79' lang='grc' dir='ltr'><strong>πρώτῃ</strong></span> 
     </span>
    </p>
   </div>
   <div class='ocr_carea' id='block_1_17' title="bbox 315 1575 1938 1658">
    <p class='ocr_par' dir='ltr' id='par_1_17' title="bbox 315 1575 1938 1658">
     <span class='ocr_line' id='line_1_17' title="bbox 315 1575 1938 1658; baseline 0.004 -26"><span class='ocrx_word' id='word_1_111' title='bbox 315 1582 368 1633; x_wconf 78' lang='grc' dir='ltr'><strong>έν</strong></span> <span class='ocrx_word' id='word_1_112' title='bbox 390 1578 581 1649; x_wconf 74' lang='grc' dir='ltr'><strong>Ἐφέσῳ</strong></span> <span class='ocrx_word' id='word_1_113' title='bbox 605 1578 806 1651; x_wconf 83' lang='grc' dir='ltr'><strong>συνόδῳ</strong></span> <span class='ocrx_word' id='word_1_114' title='bbox 825 1619 841 1644; x_wconf 92' lang='grc'><strong>,</strong></span> <span class='ocrx_word' id='word_1_115' title='bbox 877 1583 960 1635; x_wconf 87' lang='grc' dir='ltr'><strong>καί</strong></span> <span class='ocrx_word' id='word_1_116' title='bbox 987 1581 1189 1655; x_wconf 86' lang='grc' dir='ltr'><strong>πατέρα</strong></span> <span class='ocrx_word' id='word_1_117' title='bbox 1219 1584 1304 1635; x_wconf 89' lang='grc' dir='ltr'><strong>καί</strong></span> <span class='ocrx_word' id='word_1_118' title='bbox 1341 1578 1641 1638; x_wconf 79' lang='grc' dir='ltr'><strong>διδάσκαλον</strong></span> <span class='ocrx_word' id='word_1_119' title='bbox 1672 1575 1938 1658; x_wconf 78' lang='grc' dir='ltr'><strong>Κύριλλον</strong></span> 
     </span>
    </p>
   </div>
   <div class='ocr_carea' id='block_1_18' title="bbox 314 1672 1917 1752">
    <p class='ocr_par' dir='ltr' id='par_1_18' title="bbox 314 1672 1917 1752">
     <span class='ocr_line' id='line_1_18' title="bbox 314 1672 1917 1752; baseline 0.004 -27"><span class='ocrx_word' id='word_1_120' title='bbox 314 1673 685 1747; x_wconf 65' lang='grc' dir='ltr'><strong>ἐπιγράφεται,</strong></span> <span class='ocrx_word' id='word_1_121' title='bbox 712 1677 793 1727; x_wconf 84' lang='grc' dir='ltr'><strong>καὶ</strong></span> <span class='ocrx_word' id='word_1_122' title='bbox 820 1678 909 1733; x_wconf 72' lang='grc' dir='ltr'><strong>τὴν</strong></span> <span class='ocrx_word' id='word_1_123' title='bbox 932 1672 1195 1733; x_wconf 73' lang='grc' dir='ltr'><strong>συνοδικήν</strong></span> <span class='ocrx_word' id='word_1_124' title='bbox 1225 1677 1378 1729; x_wconf 67' lang='grc' dir='ltr'><strong>αὐτοῦ</strong></span> <span class='ocrx_word' id='word_1_125' title='bbox 1408 1676 1694 1740; x_wconf 75' lang='grc' dir='ltr'><strong>ἐπιστολήν,</strong></span> <span class='ocrx_word' id='word_1_126' title='bbox 1724 1679 1772 1731; x_wconf 84' lang='grc' dir='ltr'><strong>ἐν</strong></span> <span class='ocrx_word' id='word_1_127' title='bbox 1850 1680 1917 1734; x_wconf 82' lang='grc' dir='ltr'><strong>τὰ</strong></span> 
     </span>
    </p>
   </div>
   <div class='ocr_carea' id='block_1_19' title="bbox 313 1760 1917 1844">
    <p class='ocr_par' dir='ltr' id='par_1_19' title="bbox 313 1760 1917 1844">
     <span class='ocr_line' id='line_1_19' title="bbox 313 1760 1917 1844; baseline 0.004 -27"><span class='ocrx_word' id='word_1_128' title='bbox 313 1761 521 1819; x_wconf 66' lang='grc' dir='ltr'><strong>δώδεκα</strong></span> <span class='ocrx_word' id='word_1_129' title='bbox 548 1766 796 1837; x_wconf 63' lang='grc' dir='ltr'><strong>κεφαλαια</strong></span> <span class='ocrx_word' id='word_1_130' title='bbox 816 1760 1179 1832; x_wconf 77' lang='grc' dir='ltr'><strong>ὑποτέτακται,</strong></span> <span class='ocrx_word' id='word_1_131' title='bbox 1209 1767 1430 1838; x_wconf 80' lang='grc' dir='ltr'><strong>βεϐαιοῖ,</strong></span> <span class='ocrx_word' id='word_1_132' title='bbox 1461 1767 1730 1844; x_wconf 83' lang='grc' dir='ltr'><strong>Νεστόριον</strong></span> <span class='ocrx_word' id='word_1_133' title='bbox 1751 1766 1803 1823; x_wconf 84' lang='grc' dir='ltr'><strong>δὲ</strong></span> <span class='ocrx_word' id='word_1_134' title='bbox 1832 1770 1917 1825; x_wconf 86' lang='grc' dir='ltr'><strong>τόν</strong></span> 
     </span>
    </p>
   </div>
   <div class='ocr_carea' id='block_1_20' title="bbox 2018 582 3602 658">
    <p class='ocr_par' dir='ltr' id='par_1_20' title="bbox 2018 582 3602 658">
     <span class='ocr_line' id='line_1_20' title="bbox 2018 582 3602 658; baseline 0.009 -24"><span class='ocrx_word' id='word_1_135' title='bbox 2018 594 2187 650; x_wconf 87' lang='lat' dir='ltr'><strong>quare</strong></span> <span class='ocrx_word' id='word_1_136' title='bbox 2210 582 2372 637; x_wconf 90' lang='lat' dir='ltr'><strong>etiam</strong></span> <span class='ocrx_word' id='word_1_137' title='bbox 2400 583 2789 642; x_wconf 72' lang='lat' dir='ltr'><strong>sanctissimam</strong></span> <span class='ocrx_word' id='word_1_138' title='bbox 2817 586 3089 658; x_wconf 76' lang='lat' dir='ltr'><strong>Virginem</strong></span> <span class='ocrx_word' id='word_1_139' title='bbox 3110 590 3331 648; x_wconf 81' lang='lat' dir='ltr'><strong>Mariam</strong></span> <span class='ocrx_word' id='word_1_140' title='bbox 3363 591 3602 653; x_wconf 84' lang='lat' dir='ltr'><strong>inﬁcian-</strong></span> 
     </span>
    </p>
   </div>
   <div class='ocr_carea' id='block_1_21' title="bbox 2018 672 3603 744">
    <p class='ocr_par' dir='ltr' id='par_1_21' title="bbox 2018 672 3603 744">
     <span class='ocr_line' id='line_1_21' title="bbox 2018 672 3603 744; baseline 0.01 -18"><span class='ocrx_word' id='word_1_141' title='bbox 2018 680 2109 728; x_wconf 89' lang='lat' dir='ltr'><strong>tur</strong></span> <span class='ocrx_word' id='word_1_142' title='bbox 2132 672 2423 744; x_wconf 88' lang='lat' dir='ltr'><strong>Deiparam</strong></span> <span class='ocrx_word' id='word_1_143' title='bbox 2451 690 2605 732; x_wconf 89' lang='lat' dir='ltr'><strong>esse:</strong></span> <span class='ocrx_word' id='word_1_144' title='bbox 2633 679 2806 734; x_wconf 90' lang='lat' dir='ltr'><strong>sancti</strong></span> <span class='ocrx_word' id='word_1_145' title='bbox 2837 694 2968 735; x_wconf 90' lang='lat' dir='ltr'><strong>vero</strong></span> <span class='ocrx_word' id='word_1_146' title='bbox 2996 679 3185 738; x_wconf 90' lang='lat' dir='ltr'><strong>Patres</strong></span> <span class='ocrx_word' id='word_1_147' title='bbox 3221 683 3274 738; x_wconf 91' lang='lat' dir='ltr'><strong>in</strong></span> <span class='ocrx_word' id='word_1_148' title='bbox 3303 682 3603 741; x_wconf 86' lang='lat' dir='ltr'><strong>Chalcedo-</strong></span> 
     </span>
    </p>
   </div>
   <div class='ocr_carea' id='block_1_22' title="bbox 2018 766 3608 851">
    <p class='ocr_par' dir='ltr' id='par_1_22' title="bbox 2018 766 3608 851">
     <span class='ocr_line' id='line_1_22' title="bbox 2018 766 3608 851; baseline 0.008 -31"><span class='ocrx_word' id='word_1_149' title='bbox 2018 766 2172 821; x_wconf 90' lang='lat' dir='ltr'><strong>nensi</strong></span> <span class='ocrx_word' id='word_1_150' title='bbox 2201 767 2434 824; x_wconf 90' lang='lat' dir='ltr'><strong>concilio</strong></span> <span class='ocrx_word' id='word_1_151' title='bbox 2462 771 2771 840; x_wconf 89' lang='lat' dir='ltr'><strong>congregati</strong></span> <span class='ocrx_word' id='word_1_152' title='bbox 2799 772 3191 851; x_wconf 76' lang='lat' dir='ltr'><strong>sanctissimam</strong></span> <span class='ocrx_word' id='word_1_153' title='bbox 3228 773 3452 842; x_wconf 81' lang='lat' dir='ltr'><strong>Mariam</strong></span> <span class='ocrx_word' id='word_1_154' title='bbox 3481 776 3608 833; x_wconf 53' lang='lat' dir='ltr'><strong>Dein</strong></span> 
     </span>
    </p>
   </div>
   <div class='ocr_carea' id='block_1_23' title="bbox 2018 863 3605 942">
    <p class='ocr_par' dir='ltr' id='par_1_23' title="bbox 2018 863 3605 942">
     <span class='ocr_line' id='line_1_23' title="bbox 2018 863 3605 942; baseline 0.009 -26"><span class='ocrx_word' id='word_1_155' title='bbox 2018 876 2206 933; x_wconf 88' lang='lat' dir='ltr'><strong>param</strong></span> <span class='ocrx_word' id='word_1_156' title='bbox 2231 863 2469 921; x_wconf 84' lang='lat' dir='ltr'><strong>confessi</strong></span> <span class='ocrx_word' id='word_1_157' title='bbox 2489 875 2633 921; x_wconf 89' lang='lat' dir='ltr'><strong>sunt.</strong></span> <span class='ocrx_word' id='word_1_158' title='bbox 2688 865 2886 937; x_wconf 88' lang='lat' dir='ltr'><strong>Impius</strong></span> <span class='ocrx_word' id='word_1_159' title='bbox 2915 867 3232 934; x_wconf 85' lang='lat' dir='ltr'><strong>Theodorus</strong></span> <span class='ocrx_word' id='word_1_160' title='bbox 3268 879 3430 942; x_wconf 83' lang='lat' dir='ltr'><strong>atque</strong></span> <span class='ocrx_word' id='word_1_161' title='bbox 3469 889 3605 931; x_wconf 73' lang='lat' dir='ltr'><strong>atto-</strong></span> 
     </span>
    </p>
   </div>
   <div class='ocr_carea' id='block_1_24' title="bbox 2019 955 3604 1031">
    <p class='ocr_par' dir='ltr' id='par_1_24' title="bbox 2019 955 3604 1031">
     <span class='ocr_line' id='line_1_24' title="bbox 2019 955 3604 1031; baseline 0.008 -23"><span class='ocrx_word' id='word_1_162' title='bbox 2019 968 2182 1024; x_wconf 90' lang='lat' dir='ltr'><strong>nyma</strong></span> <span class='ocrx_word' id='word_1_163' title='bbox 2220 955 2445 1024; x_wconf 91' lang='lat' dir='ltr'><strong>epistola</strong></span> <span class='ocrx_word' id='word_1_164' title='bbox 2486 957 2637 1012; x_wconf 87' lang='lat' dir='ltr'><strong>duas</strong></span> <span class='ocrx_word' id='word_1_165' title='bbox 2660 957 3008 1015; x_wconf 82' lang='lat' dir='ltr'><strong>admittentes</strong></span> <span class='ocrx_word' id='word_1_166' title='bbox 3046 976 3334 1031; x_wconf 86' lang='lat' dir='ltr'><strong>personas,</strong></span> <span class='ocrx_word' id='word_1_167' title='bbox 3387 964 3604 1021; x_wconf 86' lang='lat' dir='ltr'><strong>unicam</strong></span> 
     </span>
    </p>
   </div>
   <div class='ocr_carea' id='block_1_25' title="bbox 2019 1048 3607 1122">
    <p class='ocr_par' dir='ltr' id='par_1_25' title="bbox 2019 1048 3607 1122">
     <span class='ocr_line' id='line_1_25' title="bbox 2019 1048 3607 1122; baseline 0.009 -25"><span class='ocrx_word' id='word_1_168' title='bbox 2019 1050 2201 1109; x_wconf 90' lang='lat' dir='ltr'><strong>tamen</strong></span> <span class='ocrx_word' id='word_1_169' title='bbox 2232 1060 2519 1115; x_wconf 87' lang='lat' dir='ltr'><strong>personam</strong></span> <span class='ocrx_word' id='word_1_170' title='bbox 2545 1062 2644 1116; x_wconf 92' lang='lat' dir='ltr'><strong>per</strong></span> <span class='ocrx_word' id='word_1_171' title='bbox 2685 1048 3014 1104; x_wconf 87' lang='lat' dir='ltr'><strong>babitualem</strong></span> <span class='ocrx_word' id='word_1_172' title='bbox 3061 1051 3317 1106; x_wconf 89' lang='lat' dir='ltr'><strong>unionem</strong></span> <span class='ocrx_word' id='word_1_173' title='bbox 3360 1053 3607 1122; x_wconf 76' lang='lat' dir='ltr'><strong>proﬁteri</strong></span> 
     </span>
    </p>
   </div>
   <div class='ocr_carea' id='block_1_26' title="bbox 2017 1134 3604 1214">
    <p class='ocr_par' dir='ltr' id='par_1_26' title="bbox 2017 1134 3604 1214">
     <span class='ocr_line' id='line_1_26' title="bbox 2017 1134 3604 1214; baseline 0.008 -26"><span class='ocrx_word' id='word_1_174' title='bbox 2017 1148 2078 1189; x_wconf 90' lang='lat' dir='ltr'><strong>se</strong></span> <span class='ocrx_word' id='word_1_175' title='bbox 2104 1134 2359 1190; x_wconf 83' lang='lat' dir='ltr'><strong>simulant</strong></span> <span class='ocrx_word' id='word_1_176' title='bbox 2383 1153 2397 1190; x_wconf 88' lang='lat'><strong>:</strong></span> <span class='ocrx_word' id='word_1_177' title='bbox 2421 1137 2657 1208; x_wconf 87' lang='lat' dir='ltr'><strong>synodus</strong></span> <span class='ocrx_word' id='word_1_178' title='bbox 2681 1146 2859 1193; x_wconf 88' lang='lat' dir='ltr'><strong>autem</strong></span> <span class='ocrx_word' id='word_1_179' title='bbox 2889 1139 3086 1210; x_wconf 86' lang='lat' dir='ltr'><strong>duplici</strong></span> <span class='ocrx_word' id='word_1_180' title='bbox 3115 1150 3322 1198; x_wconf 67' lang='lat' dir='ltr'><strong>natura:</strong></span> <span class='ocrx_word' id='word_1_181' title='bbox 3349 1144 3604 1214; x_wconf 84' lang='lat' dir='ltr'><strong>hyposta-</strong></span> 
     </span>
    </p>
   </div>
   <div class='ocr_carea' id='block_1_27' title="bbox 2020 1222 3603 1304">
    <p class='ocr_par' dir='ltr' id='par_1_27' title="bbox 2020 1222 3603 1304">
     <span class='ocr_line' id='line_1_27' title="bbox 2020 1222 3603 1304; baseline 0.009 -27"><span class='ocrx_word' id='word_1_182' title='bbox 2020 1222 2181 1279; x_wconf 85' lang='lat' dir='ltr'><strong>ticam</strong></span> <span class='ocrx_word' id='word_1_183' title='bbox 2224 1239 2346 1282; x_wconf 88' lang='lat' dir='ltr'><strong>esse</strong></span> <span class='ocrx_word' id='word_1_184' title='bbox 2395 1227 2647 1281; x_wconf 88' lang='lat' dir='ltr'><strong>unionem</strong></span> <span class='ocrx_word' id='word_1_185' title='bbox 2696 1227 3002 1294; x_wconf 88' lang='lat' dir='ltr'><strong>afﬁrmans,</strong></span> <span class='ocrx_word' id='word_1_186' title='bbox 3055 1233 3266 1288; x_wconf 89' lang='lat' dir='ltr'><strong>unicam</strong></span> <span class='ocrx_word' id='word_1_187' title='bbox 3320 1250 3603 1304; x_wconf 85' lang='lat' dir='ltr'><strong>personam</strong></span> 
     </span>
    </p>
   </div>
   <div class='ocr_carea' id='block_1_28' title="bbox 2019 1311 3605 1385">
    <p class='ocr_par' dir='ltr' id='par_1_28' title="bbox 2019 1311 3605 1385">
     <span class='ocr_line' id='line_1_28' title="bbox 2019 1311 3605 1385; baseline 0.01 -19"><span class='ocrx_word' id='word_1_188' title='bbox 2019 1311 2299 1382; x_wconf 79' lang='lat' dir='ltr'><strong>praedicat,</strong></span> <span class='ocrx_word' id='word_1_189' title='bbox 2342 1316 2457 1370; x_wconf 82' lang='lat' dir='ltr'><strong>sive</strong></span> <span class='ocrx_word' id='word_1_190' title='bbox 2498 1317 2677 1385; x_wconf 87' lang='lat' dir='ltr'><strong>potius</strong></span> <span class='ocrx_word' id='word_1_191' title='bbox 2706 1318 2919 1374; x_wconf 88' lang='lat' dir='ltr'><strong>unicam</strong></span> <span class='ocrx_word' id='word_1_192' title='bbox 2965 1321 3362 1378; x_wconf 88' lang='lat' dir='ltr'><strong>subsistentiam</strong></span> <span class='ocrx_word' id='word_1_193' title='bbox 3404 1323 3605 1382; x_wconf 86' lang='lat' dir='ltr'><strong>Christi</strong></span> 
     </span>
    </p>
   </div>
   <div class='ocr_carea' id='block_1_29' title="bbox 2019 1403 3629 1485">
    <p class='ocr_par' dir='ltr' id='par_1_29' title="bbox 2019 1403 3629 1485">
     <span class='ocr_line' id='line_1_29' title="bbox 2019 1403 3629 1485; baseline 0.009 -28"><span class='ocrx_word' id='word_1_194' title='bbox 2019 1403 2278 1473; x_wconf 84' lang='lat' dir='ltr'><strong>unigeniti</strong></span> <span class='ocrx_word' id='word_1_195' title='bbox 2302 1404 2419 1459; x_wconf 89' lang='lat' dir='ltr'><strong>Filii</strong></span> <span class='ocrx_word' id='word_1_196' title='bbox 2448 1406 2562 1461; x_wconf 90' lang='lat' dir='ltr'><strong>Dei.</strong></span> <span class='ocrx_word' id='word_1_197' title='bbox 2594 1406 2802 1463; x_wconf 85' lang='lat' dir='ltr'><strong>Rursus</strong></span> <span class='ocrx_word' id='word_1_198' title='bbox 2823 1423 2888 1464; x_wconf 87' lang='lat' dir='ltr'><strong>ea</strong></span> <span class='ocrx_word' id='word_1_199' title='bbox 2917 1409 3145 1479; x_wconf 85' lang='lat' dir='ltr'><strong>epistola</strong></span> <span class='ocrx_word' id='word_1_200' title='bbox 3167 1413 3403 1482; x_wconf 86' lang='lat' dir='ltr'><strong>priorem</strong></span> <span class='ocrx_word' id='word_1_201' title='bbox 3429 1414 3629 1485; x_wconf 39' lang='lat' dir='ltr'><strong>Ephey</strong></span> 
     </span>
    </p>
   </div>
   <div class='ocr_carea' id='block_1_30' title="bbox 2018 1493 3606 1577">
    <p class='ocr_par' dir='ltr' id='par_1_30' title="bbox 2018 1493 3606 1577">
     <span class='ocr_line' id='line_1_30' title="bbox 2018 1493 3606 1577; baseline 0.009 -28"><span class='ocrx_word' id='word_1_202' title='bbox 2018 1493 2192 1549; x_wconf 88' lang='lat' dir='ltr'><strong>sinam</strong></span> <span class='ocrx_word' id='word_1_203' title='bbox 2219 1495 2502 1567; x_wconf 79' lang='lat' dir='ltr'><strong>synodum,</strong></span> <span class='ocrx_word' id='word_1_204' title='bbox 2533 1512 2598 1552; x_wconf 91' lang='lat' dir='ltr'><strong>ac</strong></span> <span class='ocrx_word' id='word_1_205' title='bbox 2622 1507 2869 1569; x_wconf 86' lang='lat' dir='ltr'><strong>sanctum</strong></span> <span class='ocrx_word' id='word_1_206' title='bbox 2896 1498 3154 1572; x_wconf 85' lang='lat' dir='ltr'><strong>Cyrillum</strong></span> <span class='ocrx_word' id='word_1_207' title='bbox 3181 1502 3422 1572; x_wconf 76' lang='lat' dir='ltr'><strong>damnat,</strong></span> <span class='ocrx_word' id='word_1_208' title='bbox 3454 1507 3606 1577; x_wconf 83' lang='lat' dir='ltr'><strong>cujus</strong></span> 
     </span>
    </p>
   </div>
   <div class='ocr_carea' id='block_1_31' title="bbox 2018 1576 3606 1662">
    <p class='ocr_par' dir='ltr' id='par_1_31' title="bbox 2018 1576 3606 1662">
     <span class='ocr_line' id='line_1_31' title="bbox 2018 1576 3606 1662; baseline 0.01 -25"><span class='ocrx_word' id='word_1_209' title='bbox 2018 1583 2183 1637; x_wconf 92' lang='lat' dir='ltr'><strong>etiam</strong></span> <span class='ocrx_word' id='word_1_210' title='bbox 2239 1576 2469 1651; x_wconf 82' lang='lat' dir='ltr'><strong>capitula</strong></span> <span class='ocrx_word' id='word_1_211' title='bbox 2498 1586 2660 1657; x_wconf 90' lang='lat' dir='ltr'><strong>impia</strong></span> <span class='ocrx_word' id='word_1_212' title='bbox 2704 1598 2911 1645; x_wconf 85' lang='lat' dir='ltr'><strong>vocat:</strong></span> <span class='ocrx_word' id='word_1_213' title='bbox 2964 1590 3268 1649; x_wconf 85' lang='lat' dir='ltr'><strong>Nestorium</strong></span> <span class='ocrx_word' id='word_1_214' title='bbox 3319 1604 3498 1662; x_wconf 84' lang='lat' dir='ltr'><strong>autem</strong></span> <span class='ocrx_word' id='word_1_215' title='bbox 3550 1604 3606 1655; x_wconf 83' lang='lat' dir='ltr'><strong>et</strong></span> 
     </span>
    </p>
   </div>
   <div class='ocr_carea' id='block_1_32' title="bbox 2020 1673 3605 1744">
    <p class='ocr_par' dir='ltr' id='par_1_32' title="bbox 2020 1673 3605 1744">
     <span class='ocr_line' id='line_1_32' title="bbox 2020 1673 3605 1744; baseline 0.009 -15"><span class='ocrx_word' id='word_1_216' title='bbox 2020 1673 2363 1732; x_wconf 89' lang='lat' dir='ltr'><strong>Theodorum</strong></span> <span class='ocrx_word' id='word_1_217' title='bbox 2394 1677 2629 1734; x_wconf 88' lang='lat' dir='ltr'><strong>vindicat</strong></span> <span class='ocrx_word' id='word_1_218' title='bbox 2656 1694 2721 1737; x_wconf 89' lang='lat' dir='ltr'><strong>ac</strong></span> <span class='ocrx_word' id='word_1_219' title='bbox 2748 1680 2935 1737; x_wconf 83' lang='lat' dir='ltr'><strong>laudat</strong></span> <span class='ocrx_word' id='word_1_220' title='bbox 2958 1700 2972 1735; x_wconf 89' lang='lat'><strong>:</strong></span> <span class='ocrx_word' id='word_1_221' title='bbox 2995 1683 3448 1741; x_wconf 85' lang='lat' dir='ltr'><strong>Chalcedonensis</strong></span> <span class='ocrx_word' id='word_1_222' title='bbox 3478 1702 3605 1744; x_wconf 89' lang='lat' dir='ltr'><strong>vero</strong></span> 
     </span>
    </p>
   </div>
   <div class='ocr_carea' id='block_1_33' title="bbox 2018 1766 3605 1850">
    <p class='ocr_par' dir='ltr' id='par_1_33' title="bbox 2018 1766 3605 1850">
     <span class='ocr_line' id='line_1_33' title="bbox 2018 1766 3605 1850; baseline 0.008 -29"><span class='ocrx_word' id='word_1_223' title='bbox 2018 1766 2255 1836; x_wconf 81' lang='lat' dir='ltr'><strong>synodus</strong></span> <span class='ocrx_word' id='word_1_224' title='bbox 2295 1769 2350 1822; x_wconf 93' lang='lat' dir='ltr'><strong>in</strong></span> <span class='ocrx_word' id='word_1_225' title='bbox 2387 1770 2636 1826; x_wconf 87' lang='lat' dir='ltr'><strong>omnibus</strong></span> <span class='ocrx_word' id='word_1_226' title='bbox 2677 1768 3006 1850; x_wconf 85' lang='lat' dir='ltr'><strong>Ephesinam</strong></span> <span class='ocrx_word' id='word_1_227' title='bbox 3053 1776 3288 1844; x_wconf 86' lang='lat' dir='ltr'><strong>priorem</strong></span> <span class='ocrx_word' id='word_1_228' title='bbox 3342 1778 3605 1850; x_wconf 79' lang='lat' dir='ltr'><strong>synodum</strong></span> 
     </span>
    </p>
   </div>
   <div class='ocr_carea' id='block_1_34' title="bbox 312 1848 1918 1939">
    <p class='ocr_par' dir='ltr' id='par_1_34' title="bbox 312 1855 1917 1933">
     <span class='ocr_line' id='line_1_34' title="bbox 312 1855 1917 1933; baseline 0.002 -23"><span class='ocrx_word' id='word_1_229' title='bbox 312 1856 483 1915; x_wconf 74' lang='grc' dir='ltr'><strong>ἀσεϐῆ</strong></span> <span class='ocrx_word' id='word_1_230' title='bbox 510 1859 821 1932; x_wconf 84' lang='grc' dir='ltr'><strong>κατακρίνει,</strong></span> <span class='ocrx_word' id='word_1_231' title='bbox 852 1861 933 1912; x_wconf 89' lang='grc' dir='ltr'><strong>καί</strong></span> <span class='ocrx_word' id='word_1_232' title='bbox 959 1857 1090 1933; x_wconf 84' lang='grc' dir='ltr'><strong>πρὸς</strong></span> <span class='ocrx_word' id='word_1_233' title='bbox 1106 1859 1309 1918; x_wconf 81' lang='grc' dir='ltr'><strong>τούτοις</strong></span> <span class='ocrx_word' id='word_1_234' title='bbox 1335 1859 1393 1912; x_wconf 76' lang='grc' dir='ltr'><strong>τό</strong></span> <span class='ocrx_word' id='word_1_235' title='bbox 1420 1855 1691 1914; x_wconf 71' lang='grc' dir='ltr'><strong>Ἰουδαϊκόν</strong></span> <span class='ocrx_word' id='word_1_236' title='bbox 1719 1859 1917 1933; x_wconf 79' lang='grc' dir='ltr'><strong>σύμϐο-</strong></span> 
     </span>
    </p>
   </div>
   <div class='ocr_carea' id='block_1_35' title="bbox 2021 1848 3631 1939">
    <p class='ocr_par' dir='ltr' id='par_1_35' title="bbox 2022 1848 3631 1939">
     <span class='ocr_line' id='line_1_35' title="bbox 2022 1848 3631 1939; baseline 0.006 -25"><span class='ocrx_word' id='word_1_237' title='bbox 2022 1859 2285 1927; x_wconf 88' lang='lat' dir='ltr'><strong>sequitur,</strong></span> <span class='ocrx_word' id='word_1_238' title='bbox 2324 1857 2581 1934; x_wconf 84' lang='lat' dir='ltr'><strong>Cyrillum</strong></span> <span class='ocrx_word' id='word_1_239' title='bbox 2621 1848 2809 1919; x_wconf 85' lang='lat' dir='ltr'><strong>Patris</strong></span> <span class='ocrx_word' id='word_1_240' title='bbox 2826 1863 3175 1936; x_wconf 81' lang='lat' dir='ltr'><strong>doctorisque</strong></span> <span class='ocrx_word' id='word_1_241' title='bbox 3220 1848 3387 1924; x_wconf 83' lang='lat' dir='ltr'><strong>titulis</strong></span> <span class='ocrx_word' id='word_1_242' title='bbox 3427 1848 3631 1939; x_wconf 82' lang='lat' dir='ltr'><strong>ornat,.</strong></span> 
     </span>
    </p>
   </div>
   <div class='ocr_carea' id='block_1_36' title="bbox 310 1946 1945 2028">
    <p class='ocr_par' dir='ltr' id='par_1_36' title="bbox 310 1946 1945 2028">
     <span class='ocr_line' id='line_1_36' title="bbox 310 1946 1945 2028; baseline 0.004 -27"><span class='ocrx_word' id='word_1_243' title='bbox 310 1948 404 2001; x_wconf 76' lang='grc' dir='ltr'><strong>λον</strong></span> <span class='ocrx_word' id='word_1_244' title='bbox 433 1949 495 2001; x_wconf 85' lang='grc' dir='ltr'><strong>τό</strong></span> <span class='ocrx_word' id='word_1_245' title='bbox 522 1947 625 2003; x_wconf 85' lang='grc' dir='ltr'><strong>ύπό</strong></span> <span class='ocrx_word' id='word_1_246' title='bbox 649 1946 909 2025; x_wconf 79' lang='grc' dir='ltr'><strong>Θεοδώρου</strong></span> <span class='ocrx_word' id='word_1_247' title='bbox 945 1947 1402 2020; x_wconf 81' lang='grc' dir='ltr'><strong>συμπεπλασμένον</strong></span> <span class='ocrx_word' id='word_1_248' title='bbox 1418 1992 1431 2015; x_wconf 96' lang='grc'><strong>,</strong></span> <span class='ocrx_word' id='word_1_249' title='bbox 1457 1950 1516 2006; x_wconf 88' lang='grc' dir='ltr'><strong>τό</strong></span> <span class='ocrx_word' id='word_1_250' title='bbox 1538 1953 1623 2005; x_wconf 85' lang='grc' dir='ltr'><strong>καὶ</strong></span> <span class='ocrx_word' id='word_1_251' title='bbox 1646 1953 1695 2005; x_wconf 83' lang='grc' dir='ltr'><strong>έν</strong></span> <span class='ocrx_word' id='word_1_252' title='bbox 1801 1952 1916 2007; x_wconf 85' lang='grc' dir='ltr'><strong>κατ’</strong></span> <span class='ocrx_word' id='word_1_253' title='bbox 1940 2016 1945 2025; x_wconf 38' lang='grc'><em>,</em></span> 
     </span>
    </p>
   </div>
   <div class='ocr_carea' id='block_1_37' title="bbox 314 2036 1918 2120">
    <p class='ocr_par' dir='ltr' id='par_1_37' title="bbox 314 2036 1918 2120">
     <span class='ocr_line' id='line_1_37' title="bbox 314 2036 1918 2120; baseline 0.002 -27"><span class='ocrx_word' id='word_1_254' title='bbox 314 2036 534 2112; x_wconf 70' lang='grc' dir='ltr'><strong>ἐφεσον</strong></span> <span class='ocrx_word' id='word_1_255' title='bbox 572 2042 750 2115; x_wconf 75' lang='grc' dir='ltr'><strong>πρώτῃ</strong></span> <span class='ocrx_word' id='word_1_256' title='bbox 787 2038 987 2112; x_wconf 85' lang='grc' dir='ltr'><strong>συνόδῳ</strong></span> <span class='ocrx_word' id='word_1_257' title='bbox 1026 2043 1345 2116; x_wconf 82' lang='grc' dir='ltr'><strong>κατακριθέν,</strong></span> <span class='ocrx_word' id='word_1_258' title='bbox 1390 2044 1470 2097; x_wconf 83' lang='grc' dir='ltr'><strong>καί</strong></span> <span class='ocrx_word' id='word_1_259' title='bbox 1511 2042 1562 2096; x_wconf 84' lang='grc' dir='ltr'><strong>έν</strong></span> <span class='ocrx_word' id='word_1_260' title='bbox 1760 2050 1822 2120; x_wconf 75' lang='grc' dir='ltr'><strong>τῇ</strong></span> <span class='ocrx_word' id='word_1_261' title='bbox 1870 2045 1918 2097; x_wconf 86' lang='grc' dir='ltr'><strong>ἔν</strong></span> 
     </span>
    </p>
   </div>
   <div class='ocr_carea' id='block_1_38' title="bbox 314 2129 1943 2209">
    <p class='ocr_par' dir='ltr' id='par_1_38' title="bbox 314 2129 1943 2209">
     <span class='ocr_line' id='line_1_38' title="bbox 314 2129 1943 2209; baseline 0.002 -24"><span class='ocrx_word' id='word_1_262' title='bbox 314 2129 600 2188; x_wconf 70' lang='grc' dir='ltr'><strong>Χαλκηδόνι</strong></span> <span class='ocrx_word' id='word_1_263' title='bbox 644 2129 842 2204; x_wconf 88' lang='grc' dir='ltr'><strong>συν.δῳ</strong></span> <span class='ocrx_word' id='word_1_264' title='bbox 892 2133 1022 2203; x_wconf 85' lang='grc' dir='ltr'><strong>μετά</strong></span> <span class='ocrx_word' id='word_1_265' title='bbox 1066 2138 1236 2188; x_wconf 84' lang='grc' dir='ltr'><strong>ταῦτα</strong></span> <span class='ocrx_word' id='word_1_266' title='bbox 1274 2135 1614 2209; x_wconf 79' lang='grc' dir='ltr'><strong>προκομισθέν</strong></span> <span class='ocrx_word' id='word_1_267' title='bbox 1654 2135 1785 2206; x_wconf 79' lang='grc' dir='ltr'><strong>μετὰ</strong></span> <span class='ocrx_word' id='word_1_268' title='bbox 1822 2140 1943 2209; x_wconf 31' lang='grc' dir='ltr'><strong>τοῦ,</strong></span> 
     </span>
    </p>
   </div>
   <div class='ocr_carea' id='block_1_39' title="bbox 314 2222 1529 2299">
    <p class='ocr_par' dir='ltr' id='par_1_39' title="bbox 314 2222 1529 2299">
     <span class='ocr_line' id='line_1_39' title="bbox 314 2222 1529 2299; baseline 0 -22"><span class='ocrx_word' id='word_1_269' title='bbox 314 2222 619 2296; x_wconf 59' lang='grc' dir='ltr'><strong>γράψαντος</strong></span> <span class='ocrx_word' id='word_1_270' title='bbox 643 2222 771 2280; x_wconf 84' lang='grc' dir='ltr'><strong>αύτό</strong></span> <span class='ocrx_word' id='word_1_271' title='bbox 797 2223 1171 2299; x_wconf 80' lang='grc' dir='ltr'><strong>παραπλησίως</strong></span> <span class='ocrx_word' id='word_1_272' title='bbox 1192 2222 1529 2289; x_wconf 77' lang='grc' dir='ltr'><strong>καταδικάζει.</strong></span> 
     </span>
    </p>
   </div>
   <div class='ocr_carea' id='block_1_40' title="bbox 2021 1949 3606 2024">
    <p class='ocr_par' dir='ltr' id='par_1_40' title="bbox 2021 1949 3606 2024">
     <span class='ocr_line' id='line_1_40' title="bbox 2021 1949 3606 2024; baseline 0.006 -16"><span class='ocrx_word' id='word_1_273' title='bbox 2021 1949 2442 2024; x_wconf 85' lang='lat' dir='ltr'><strong>synodicamque</strong></span> <span class='ocrx_word' id='word_1_274' title='bbox 2469 1951 2613 2008; x_wconf 89' lang='lat' dir='ltr'><strong>illius</strong></span> <span class='ocrx_word' id='word_1_275' title='bbox 2632 1953 2936 2024; x_wconf 86' lang='lat' dir='ltr'><strong>epistolam,</strong></span> <span class='ocrx_word' id='word_1_276' title='bbox 2965 1958 3053 2012; x_wconf 90' lang='lat' dir='ltr'><strong>cui</strong></span> <span class='ocrx_word' id='word_1_277' title='bbox 3076 1957 3360 2014; x_wconf 83' lang='lat' dir='ltr'><strong>duodecim</strong></span> <span class='ocrx_word' id='word_1_278' title='bbox 3388 1975 3452 2015; x_wconf 88' lang='lat' dir='ltr'><strong>ea</strong></span> <span class='ocrx_word' id='word_1_279' title='bbox 3478 1961 3606 2018; x_wconf 89' lang='lat' dir='ltr'><strong>sub-</strong></span> 
     </span>
    </p>
   </div>
   <div class='ocr_carea' id='block_1_41' title="bbox 2026 2042 3603 2117">
    <p class='ocr_par' dir='ltr' id='par_1_41' title="bbox 2026 2042 3603 2117">
     <span class='ocr_line' id='line_1_41' title="bbox 2026 2042 3603 2117; baseline 0.007 -22"><span class='ocrx_word' id='word_1_280' title='bbox 2026 2056 2166 2097; x_wconf 90' lang='lat' dir='ltr'><strong>nexa</strong></span> <span class='ocrx_word' id='word_1_281' title='bbox 2200 2049 2325 2096; x_wconf 88' lang='lat' dir='ltr'><strong>sunt</strong></span> <span class='ocrx_word' id='word_1_282' title='bbox 2353 2042 2608 2113; x_wconf 90' lang='lat' dir='ltr'><strong>capitula,</strong></span> <span class='ocrx_word' id='word_1_283' title='bbox 2640 2044 2946 2114; x_wconf 86' lang='lat' dir='ltr'><strong>conﬁrmat,</strong></span> <span class='ocrx_word' id='word_1_284' title='bbox 2994 2046 3300 2103; x_wconf 87' lang='lat' dir='ltr'><strong>Nestorium</strong></span> <span class='ocrx_word' id='word_1_285' title='bbox 3344 2052 3603 2117; x_wconf 83' lang='lat' dir='ltr'><strong>damnat;</strong></span> 
     </span>
    </p>
   </div>
   <div class='ocr_carea' id='block_1_42' title="bbox 2021 2131 3605 2207">
    <p class='ocr_par' dir='ltr' id='par_1_42' title="bbox 2021 2131 3605 2207">
     <span class='ocr_line' id='line_1_42' title="bbox 2021 2131 3605 2207; baseline 0.007 -22"><span class='ocrx_word' id='word_1_286' title='bbox 2021 2138 2185 2202; x_wconf 88' lang='lat' dir='ltr'><strong>atque</strong></span> <span class='ocrx_word' id='word_1_287' title='bbox 2212 2131 2279 2186; x_wconf 89' lang='lat' dir='ltr'><strong>ad</strong></span> <span class='ocrx_word' id='word_1_288' title='bbox 2304 2132 2418 2188; x_wconf 66' lang='lat' dir='ltr'><strong>haec</strong></span> <span class='ocrx_word' id='word_1_289' title='bbox 2439 2131 2717 2189; x_wconf 72' lang='lat' dir='ltr'><strong>Iudaicum</strong></span> <span class='ocrx_word' id='word_1_290' title='bbox 2747 2136 3049 2207; x_wconf 86' lang='lat' dir='ltr'><strong>symbolum</strong></span> <span class='ocrx_word' id='word_1_291' title='bbox 3082 2154 3114 2193; x_wconf 91' lang='lat' dir='ltr'><strong>a</strong></span> <span class='ocrx_word' id='word_1_292' title='bbox 3156 2138 3443 2197; x_wconf 89' lang='lat' dir='ltr'><strong>Theodoro</strong></span> <span class='ocrx_word' id='word_1_293' title='bbox 3472 2158 3605 2199; x_wconf 86' lang='lat' dir='ltr'><strong>con-</strong></span> 
     </span>
    </p>
   </div>
   <div class='ocr_carea' id='block_1_43' title="bbox 2018 2221 3601 2304">
    <p class='ocr_par' dir='ltr' id='par_1_43' title="bbox 2018 2221 3601 2304">
     <span class='ocr_line' id='line_1_43' title="bbox 2018 2221 3601 2304; baseline 0.008 -29"><span class='ocrx_word' id='word_1_294' title='bbox 2018 2221 2363 2286; x_wconf 88' lang='lat' dir='ltr'><strong>sarcinatum,</strong></span> <span class='ocrx_word' id='word_1_295' title='bbox 2390 2222 2533 2293; x_wconf 89' lang='lat' dir='ltr'><strong>quod</strong></span> <span class='ocrx_word' id='word_1_296' title='bbox 2555 2223 2682 2278; x_wconf 89' lang='lat' dir='ltr'><strong>olim</strong></span> <span class='ocrx_word' id='word_1_297' title='bbox 2708 2224 2870 2280; x_wconf 90' lang='lat' dir='ltr'><strong>etiam</strong></span> <span class='ocrx_word' id='word_1_298' title='bbox 2898 2226 2953 2281; x_wconf 90' lang='lat' dir='ltr'><strong>in</strong></span> <span class='ocrx_word' id='word_1_299' title='bbox 2980 2229 3148 2297; x_wconf 86' lang='lat' dir='ltr'><strong>prima</strong></span> <span class='ocrx_word' id='word_1_300' title='bbox 3176 2228 3444 2299; x_wconf 86' lang='lat' dir='ltr'><strong>Ephesina</strong></span> <span class='ocrx_word' id='word_1_301' title='bbox 3470 2249 3601 2304; x_wconf 83' lang='lat' dir='ltr'><strong>syn—</strong></span> 
     </span>
    </p>
   </div>
   <div class='ocr_carea' id='block_1_44' title="bbox 316 2311 3602 2396">
    <p class='ocr_par' dir='ltr' id='par_1_44' title="bbox 316 2311 3602 2396">
     <span class='ocr_line' id='line_1_44' title="bbox 316 2311 3602 2396; baseline 0.004 -27"><span class='ocrx_word' id='word_1_302' title='bbox 316 2314 427 2370; x_wconf 90' lang='lat' dir='ltr'><strong>odo</strong></span> <span class='ocrx_word' id='word_1_303' title='bbox 474 2311 786 2368; x_wconf 86' lang='lat' dir='ltr'><strong>damnatum</strong></span> <span class='ocrx_word' id='word_1_304' title='bbox 828 2312 1039 2379; x_wconf 79' lang='lat' dir='ltr'><strong>fuerat,</strong></span> <span class='ocrx_word' id='word_1_305' title='bbox 1091 2322 1147 2368; x_wconf 92' lang='lat' dir='ltr'><strong>et</strong></span> <span class='ocrx_word' id='word_1_306' title='bbox 1191 2322 1313 2384; x_wconf 90' lang='lat' dir='ltr'><strong>post</strong></span> <span class='ocrx_word' id='word_1_307' title='bbox 1361 2330 1425 2370; x_wconf 90' lang='lat' dir='ltr'><strong>ea</strong></span> <span class='ocrx_word' id='word_1_308' title='bbox 1472 2330 1591 2385; x_wconf 81' lang='lat' dir='ltr'><strong>quae</strong></span> <span class='ocrx_word' id='word_1_309' title='bbox 1638 2314 1883 2386; x_wconf 88' lang='lat' dir='ltr'><strong>superius</strong></span> <span class='ocrx_word' id='word_1_310' title='bbox 1938 2311 2308 2368; x_wconf 79' lang='lat' dir='ltr'><strong>recensuinius</strong></span> <span class='ocrx_word' id='word_1_311' title='bbox 2352 2313 2409 2368; x_wconf 90' lang='lat' dir='ltr'><strong>in</strong></span> <span class='ocrx_word' id='word_1_312' title='bbox 2455 2313 2642 2369; x_wconf 90' lang='lat' dir='ltr'><strong>eadem</strong></span> <span class='ocrx_word' id='word_1_313' title='bbox 2686 2324 2873 2371; x_wconf 87' lang='lat' dir='ltr'><strong>sancta</strong></span> <span class='ocrx_word' id='word_1_314' title='bbox 2918 2315 3347 2378; x_wconf 89' lang='lat' dir='ltr'><strong>Chalcedonensi</strong></span> <span class='ocrx_word' id='word_1_315' title='bbox 3392 2325 3602 2396; x_wconf 88' lang='lat' dir='ltr'><strong>synodo</strong></span> 
     </span>
    </p>
   </div>
   <div class='ocr_carea' id='block_1_45' title="bbox 315 2405 2749 2479">
    <p class='ocr_par' dir='ltr' id='par_1_45' title="bbox 315 2405 2749 2479">
     <span class='ocr_line' id='line_1_45' title="bbox 315 2405 2749 2479; baseline -0 -17"><span class='ocrx_word' id='word_1_316' title='bbox 315 2407 594 2479; x_wconf 86' lang='lat' dir='ltr'><strong>prolatum</strong></span> <span class='ocrx_word' id='word_1_317' title='bbox 640 2405 837 2476; x_wconf 79' lang='lat' dir='ltr'><strong>fuerat,</strong></span> <span class='ocrx_word' id='word_1_318' title='bbox 884 2406 1131 2461; x_wconf 88' lang='lat' dir='ltr'><strong>similiter</strong></span> <span class='ocrx_word' id='word_1_319' title='bbox 1183 2416 1516 2479; x_wconf 82' lang='lat' dir='ltr'><strong>exsecratur,</strong></span> <span class='ocrx_word' id='word_1_320' title='bbox 1567 2416 1730 2478; x_wconf 88' lang='lat' dir='ltr'><strong>atque</strong></span> <span class='ocrx_word' id='word_1_321' title='bbox 1781 2423 1906 2464; x_wconf 90' lang='lat' dir='ltr'><strong>cum</strong></span> <span class='ocrx_word' id='word_1_322' title='bbox 1942 2413 2163 2461; x_wconf 89' lang='lat' dir='ltr'><strong>auctore</strong></span> <span class='ocrx_word' id='word_1_323' title='bbox 2190 2420 2288 2460; x_wconf 91' lang='lat' dir='ltr'><strong>suo</strong></span> <span class='ocrx_word' id='word_1_324' title='bbox 2315 2405 2749 2462; x_wconf 83' lang='lat' dir='ltr'><strong>anathematizat.</strong></span> 
     </span>
    </p>
   </div>
   <div class='ocr_carea' id='block_1_46' title="bbox 389 2497 1914 2575">
    <p class='ocr_par' dir='ltr' id='par_1_46' title="bbox 389 2497 1914 2575">
     <span class='ocr_line' id='line_1_46' title="bbox 389 2497 1914 2575; baseline -0.001 -20"><span class='ocrx_word' id='word_1_325' title='bbox 389 2505 573 2555; x_wconf 77' lang='grc' dir='ltr'><strong>ταῦτα</strong></span> <span class='ocrx_word' id='word_1_326' title='bbox 602 2497 654 2553; x_wconf 82' lang='grc' dir='ltr'><strong>δὲ</strong></span> <span class='ocrx_word' id='word_1_327' title='bbox 682 2499 731 2551; x_wconf 85' lang='grc' dir='ltr'><strong>ἐν</strong></span> <span class='ocrx_word' id='word_1_328' title='bbox 759 2508 864 2555; x_wconf 82' lang='grc' dir='ltr'><strong>τοῖς</strong></span> <span class='ocrx_word' id='word_1_329' title='bbox 891 2497 1167 2575; x_wconf 73' lang='grc' dir='ltr'><strong>ὁρισθεῖσιν</strong></span> <span class='ocrx_word' id='word_1_330' title='bbox 1194 2502 1225 2559; x_wconf 82' lang='grc' dir='ltr'><strong><em>ἠ</em></strong></span> <span class='ocrx_word' id='word_1_331' title='bbox 1251 2500 1371 2573; x_wconf 68' lang='grc' dir='ltr'><strong>ἁγία</strong></span> <span class='ocrx_word' id='word_1_332' title='bbox 1395 2502 1444 2556; x_wconf 82' lang='grc' dir='ltr'><strong>ἐν</strong></span> <span class='ocrx_word' id='word_1_333' title='bbox 1463 2500 1735 2559; x_wconf 81' lang='grc' dir='ltr'><strong>Χαλκηδόνι</strong></span> <span class='ocrx_word' id='word_1_334' title='bbox 1764 2503 1914 2558; x_wconf 87' lang='grc' dir='ltr'><strong>σύνο-</strong></span> 
     </span>
    </p>
   </div>
   <div class='ocr_carea' id='block_1_47' title="bbox 314 2586 1911 2668">
    <p class='ocr_par' dir='ltr' id='par_1_47' title="bbox 314 2586 1911 2668">
     <span class='ocr_line' id='line_1_47' title="bbox 314 2586 1911 2668; baseline 0 -23"><span class='ocrx_word' id='word_1_335' title='bbox 314 2586 408 2650; x_wconf 82' lang='grc' dir='ltr'><strong>δος</strong></span> <span class='ocrx_word' id='word_1_336' title='bbox 440 2591 631 2653; x_wconf 76' lang='grc' dir='ltr'><strong>ἐξέθετο</strong></span> <span class='ocrx_word' id='word_1_337' title='bbox 647 2629 661 2651; x_wconf 92' lang='grc'><strong>,</strong></span> <span class='ocrx_word' id='word_1_338' title='bbox 690 2590 750 2642; x_wconf 85' lang='grc' dir='ltr'><strong>ού</strong></span> <span class='ocrx_word' id='word_1_339' title='bbox 770 2591 1067 2653; x_wconf 80' lang='grc' dir='ltr'><strong>καινίζουσὰ</strong></span> <span class='ocrx_word' id='word_1_340' title='bbox 1100 2612 1152 2645; x_wconf 90' lang='grc' dir='ltr'><strong>τι</strong></span> <span class='ocrx_word' id='word_1_341' title='bbox 1178 2594 1297 2662; x_wconf 87' lang='grc' dir='ltr'><strong>περὶ</strong></span> <span class='ocrx_word' id='word_1_342' title='bbox 1317 2595 1408 2650; x_wconf 73' lang='grc' dir='ltr'><strong>τὴν</strong></span> <span class='ocrx_word' id='word_1_343' title='bbox 1434 2589 1694 2668; x_wconf 83' lang='grc' dir='ltr'><strong>ὀρθόδοξον</strong></span> <span class='ocrx_word' id='word_1_344' title='bbox 1715 2592 1911 2658; x_wconf 87' lang='grc' dir='ltr'><strong>πίστιν,</strong></span> 
     </span>
    </p>
   </div>
   <div class='ocr_carea' id='block_1_48' title="bbox 313 2678 1910 2757">
    <p class='ocr_par' dir='ltr' id='par_1_48' title="bbox 313 2678 1910 2757">
     <span class='ocr_line' id='line_1_48' title="bbox 313 2678 1910 2757; baseline 0.001 -22"><span class='ocrx_word' id='word_1_345' title='bbox 313 2681 447 2735; x_wconf 71' lang='grc' dir='ltr'><strong>δε)λά</strong></span> <span class='ocrx_word' id='word_1_346' title='bbox 485 2678 567 2735; x_wconf 66' lang='grc' dir='ltr'><strong>διὰ</strong></span> <span class='ocrx_word' id='word_1_347' title='bbox 588 2684 791 2736; x_wconf 67' lang='grc' dir='ltr'><strong>πάντων</strong></span> <span class='ocrx_word' id='word_1_348' title='bbox 820 2680 1165 2736; x_wconf 74' lang='grc' dir='ltr'><strong>ἀκολουθοῦσα</strong></span> <span class='ocrx_word' id='word_1_349' title='bbox 1282 2681 1522 2757; x_wconf 74' lang='grc' dir='ltr'><strong>ὁμολογίᾳ</strong></span> <span class='ocrx_word' id='word_1_350' title='bbox 1548 2691 1638 2743; x_wconf 76' lang='grc' dir='ltr'><strong>τῆς</strong></span> <span class='ocrx_word' id='word_1_351' title='bbox 1664 2686 1910 2749; x_wconf 86' lang='grc' dir='ltr'><strong>πίστεως,</strong></span> 
     </span>
    </p>
   </div>
   <div class='ocr_carea' id='block_1_49' title="bbox 312 2770 1939 2849">
    <p class='ocr_par' dir='ltr' id='par_1_49' title="bbox 312 2770 1939 2849">
     <span class='ocr_line' id='line_1_49' title="bbox 312 2770 1939 2849; baseline 0.002 -25"><span class='ocrx_word' id='word_1_352' title='bbox 312 2776 380 2832; x_wconf 73' lang='lat' dir='ltr'><strong>23v</strong></span> <span class='ocrx_word' id='word_1_353' title='bbox 414 2771 441 2827; x_wconf 89' lang='grc' dir='ltr'><strong>ό</strong></span> <span class='ocrx_word' id='word_1_354' title='bbox 465 2774 642 2845; x_wconf 82' lang='grc' dir='ltr'><strong>κύριος</strong></span> <span class='ocrx_word' id='word_1_355' title='bbox 671 2770 756 2827; x_wconf 79' lang='grc' dir='ltr'><strong>διὰ</strong></span> <span class='ocrx_word' id='word_1_356' title='bbox 783 2779 882 2828; x_wconf 84' lang='grc' dir='ltr'><strong>τῶν</strong></span> <span class='ocrx_word' id='word_1_357' title='bbox 910 2772 1064 2845; x_wconf 71' lang='grc' dir='ltr'><strong>ἁγίῳν</strong></span> <span class='ocrx_word' id='word_1_358' title='bbox 1084 2773 1381 2829; x_wconf 83' lang='grc' dir='ltr'><strong>ἀποστόλων</strong></span> <span class='ocrx_word' id='word_1_359' title='bbox 1408 2773 1726 2849; x_wconf 77' lang='grc' dir='ltr'><strong>ἐδωρήσατο,</strong></span> <span class='ocrx_word' id='word_1_360' title='bbox 1757 2777 1842 2828; x_wconf 77' lang='grc' dir='ltr'><strong>καί</strong></span> <span class='ocrx_word' id='word_1_361' title='bbox 1867 2776 1914 2829; x_wconf 77' lang='grc' dir='ltr'><strong>οἱ</strong></span> <span class='ocrx_word' id='word_1_362' title='bbox 1936 2844 1939 2849; x_wconf 32' lang='grc' dir='ltr'><strong>Ι</strong></span> 
     </span>
    </p>
   </div>
   <div class='ocr_carea' id='block_1_50' title="bbox 311 2865 1912 2945">
    <p class='ocr_par' dir='ltr' id='par_1_50' title="bbox 311 2865 1912 2945">
     <span class='ocr_line' id='line_1_50' title="bbox 311 2865 1912 2945; baseline 0 -24"><span class='ocrx_word' id='word_1_363' title='bbox 311 2866 460 2937; x_wconf 64' lang='grc' dir='ltr'><strong>ἅγιοι</strong></span> <span class='ocrx_word' id='word_1_364' title='bbox 480 2866 755 2921; x_wconf 78' lang='grc' dir='ltr'><strong>ἀπόστολοι</strong></span> <span class='ocrx_word' id='word_1_365' title='bbox 779 2868 1044 2941; x_wconf 78' lang='grc' dir='ltr'><strong>ἐκήρυξαν,</strong></span> <span class='ocrx_word' id='word_1_366' title='bbox 1066 2870 1150 2921; x_wconf 87' lang='grc' dir='ltr'><strong>καί</strong></span> <span class='ocrx_word' id='word_1_367' title='bbox 1170 2868 1215 2921; x_wconf 73' lang='grc' dir='ltr'><strong>οἱ</strong></span> <span class='ocrx_word' id='word_1_368' title='bbox 1234 2867 1517 2945; x_wconf 81' lang='grc' dir='ltr'><strong>τριακόσιοι</strong></span> <span class='ocrx_word' id='word_1_369' title='bbox 1541 2865 1663 2923; x_wconf 79' lang='grc' dir='ltr'><strong>δέκα</strong></span> <span class='ocrx_word' id='word_1_370' title='bbox 1681 2871 1763 2922; x_wconf 87' lang='grc' dir='ltr'><strong>καί</strong></span> <span class='ocrx_word' id='word_1_371' title='bbox 1784 2868 1912 2923; x_wconf 79' lang='grc' dir='ltr'><strong>ὀκτὼ</strong></span> 
     </span>
    </p>
   </div>
   <div class='ocr_carea' id='block_1_51' title="bbox 309 2955 1914 3033">
    <p class='ocr_par' dir='ltr' id='par_1_51' title="bbox 309 2955 1914 3033">
     <span class='ocr_line' id='line_1_51' title="bbox 309 2955 1914 3033; baseline 0.001 -20"><span class='ocrx_word' id='word_1_372' title='bbox 309 2960 460 3032; x_wconf 65' lang='grc' dir='ltr'><strong>ἅγιοι</strong></span> <span class='ocrx_word' id='word_1_373' title='bbox 486 2960 707 3033; x_wconf 77' lang='grc' dir='ltr'><strong>πατέρες</strong></span> <span class='ocrx_word' id='word_1_374' title='bbox 740 2955 1141 3030; x_wconf 72' lang='grc' dir='ltr'><strong>παραδεδώκασι</strong></span> <span class='ocrx_word' id='word_1_375' title='bbox 1254 2964 1348 3013; x_wconf 85' lang='grc' dir='ltr'><strong>τοῦ</strong></span> <span class='ocrx_word' id='word_1_376' title='bbox 1378 2965 1505 3013; x_wconf 81' lang='grc' dir='ltr'><strong>Θεοῦ</strong></span> <span class='ocrx_word' id='word_1_377' title='bbox 1528 2958 1798 3033; x_wconf 73' lang='grc' dir='ltr'><strong>ἐκκλησίᾳ,</strong></span> <span class='ocrx_word' id='word_1_378' title='bbox 1830 2963 1914 3015; x_wconf 84' lang='grc' dir='ltr'><strong>καί</strong></span> 
     </span>
    </p>
   </div>
   <div class='ocr_carea' id='block_1_52' title="bbox 308 3050 1916 3128">
    <p class='ocr_par' dir='ltr' id='par_1_52' title="bbox 308 3050 1916 3128">
     <span class='ocr_line' id='line_1_52' title="bbox 308 3050 1916 3128; baseline -0.001 -22"><span class='ocrx_word' id='word_1_379' title='bbox 308 3053 362 3107; x_wconf 80' lang='grc' dir='ltr'><strong>οἷ</strong></span> <span class='ocrx_word' id='word_1_380' title='bbox 399 3051 577 3105; x_wconf 83' lang='grc' dir='ltr'><strong>έκατόν</strong></span> <span class='ocrx_word' id='word_1_381' title='bbox 602 3055 913 3108; x_wconf 78' lang='grc' dir='ltr'><strong>πεντήκοντα</strong></span> <span class='ocrx_word' id='word_1_382' title='bbox 946 3052 1163 3128; x_wconf 78' lang='grc' dir='ltr'><strong>πατέρες</strong></span> <span class='ocrx_word' id='word_1_383' title='bbox 1191 3050 1523 3118; x_wconf 73' lang='grc' dir='ltr'><strong>ἐϐεϐαίωσαν,</strong></span> <span class='ocrx_word' id='word_1_384' title='bbox 1555 3053 1916 3124; x_wconf 72' lang='grc' dir='ltr'><strong>σαφηνίσαντες</strong></span> 
     </span>
    </p>
   </div>
   <div class='ocr_carea' id='block_1_53' title="bbox 308 3138 1916 3220">
    <p class='ocr_par' dir='ltr' id='par_1_53' title="bbox 308 3138 1916 3220">
     <span class='ocr_line' id='line_1_53' title="bbox 308 3138 1916 3220; baseline 0 -23"><span class='ocrx_word' id='word_1_385' title='bbox 308 3146 445 3220; x_wconf 77' lang='grc' dir='ltr'><strong>περὶ</strong></span> <span class='ocrx_word' id='word_1_386' title='bbox 468 3150 559 3203; x_wconf 72' lang='grc' dir='ltr'><strong>τῆς</strong></span> <span class='ocrx_word' id='word_1_387' title='bbox 585 3138 823 3201; x_wconf 81' lang='grc' dir='ltr'><strong>θεότητος</strong></span> <span class='ocrx_word' id='word_1_388' title='bbox 848 3147 942 3197; x_wconf 86' lang='grc' dir='ltr'><strong>τοῦ</strong></span> <span class='ocrx_word' id='word_1_389' title='bbox 966 3141 1110 3214; x_wconf 74' lang='grc' dir='ltr'><strong>ἁγίου</strong></span> <span class='ocrx_word' id='word_1_390' title='bbox 1135 3144 1443 3216; x_wconf 87' lang='grc' dir='ltr'><strong>πνεύματος.</strong></span> <span class='ocrx_word' id='word_1_391' title='bbox 1473 3144 1646 3216; x_wconf 73' lang='grc' dir='ltr'><strong>Ταύτῃ</strong></span> <span class='ocrx_word' id='word_1_392' title='bbox 1677 3140 1737 3198; x_wconf 75' lang='grc' dir='ltr'><strong>δέ</strong></span> <span class='ocrx_word' id='word_1_393' title='bbox 1759 3146 1844 3198; x_wconf 82' lang='grc' dir='ltr'><strong>καί</strong></span> <span class='ocrx_word' id='word_1_394' title='bbox 1869 3143 1916 3197; x_wconf 82' lang='grc' dir='ltr'><strong>οἱ</strong></span> 
     </span>
    </p>
   </div>
   <div class='ocr_carea' id='block_1_54' title="bbox 310 3231 1917 3309">
    <p class='ocr_par' dir='ltr' id='par_1_54' title="bbox 310 3231 1917 3309">
     <span class='ocr_line' id='line_1_54' title="bbox 310 3231 1917 3309; baseline -0.004 -18"><span class='ocrx_word' id='word_1_395' title='bbox 310 3236 371 3291; x_wconf 77' lang='grc' dir='ltr'><strong>ἓν</strong></span> <span class='ocrx_word' id='word_1_396' title='bbox 396 3232 589 3306; x_wconf 71' lang='grc' dir='ltr'><strong>Ἐφέσῳ</strong></span> <span class='ocrx_word' id='word_1_397' title='bbox 622 3235 682 3288; x_wconf 86' lang='grc' dir='ltr'><strong>τό</strong></span> <span class='ocrx_word' id='word_1_398' title='bbox 720 3236 896 3309; x_wconf 82' lang='grc' dir='ltr'><strong>πρώην</strong></span> <span class='ocrx_word' id='word_1_399' title='bbox 922 3234 1263 3303; x_wconf 78' lang='grc' dir='ltr'><strong>συναχθέντες</strong></span> <span class='ocrx_word' id='word_1_400' title='bbox 1291 3231 1424 3305; x_wconf 72' lang='grc' dir='ltr'><strong>ἅγιοι</strong></span> <span class='ocrx_word' id='word_1_401' title='bbox 1459 3234 1678 3308; x_wconf 88' lang='grc' dir='ltr'><strong>πατέρες</strong></span> <span class='ocrx_word' id='word_1_402' title='bbox 1702 3232 1917 3292; x_wconf 81' lang='grc' dir='ltr'><strong>ἠκολού-</strong></span> 
     </span>
    </p>
   </div>
   <div class='ocr_carea' id='block_1_55' title="bbox 310 3324 1986 3411">
    <p class='ocr_par' dir='ltr' id='par_1_55' title="bbox 310 3324 1986 3411">
     <span class='ocr_line' id='line_1_55' title="bbox 310 3324 1986 3411; baseline -0.002 -27"><span class='ocrx_word' id='word_1_403' title='bbox 310 3332 506 3388; x_wconf 69' lang='grc' dir='ltr'><strong>θησαν.</strong></span> <span class='ocrx_word' id='word_1_404' title='bbox 532 3326 583 3383; x_wconf 74' lang='grc' dir='ltr'><em>Ἠ</em></span> <span class='ocrx_word' id='word_1_405' title='bbox 609 3326 662 3384; x_wconf 87' lang='grc' dir='ltr'><strong>δέ</strong></span> <span class='ocrx_word' id='word_1_406' title='bbox 702 3329 752 3381; x_wconf 80' lang='grc' dir='ltr'><strong>έν</strong></span> <span class='ocrx_word' id='word_1_407' title='bbox 778 3325 1051 3386; x_wconf 76' lang='grc' dir='ltr'><strong>Χαλκηδόνι</strong></span> <span class='ocrx_word' id='word_1_408' title='bbox 1090 3326 1211 3401; x_wconf 69' lang='grc' dir='ltr'><strong>ἁγία</strong></span> <span class='ocrx_word' id='word_1_409' title='bbox 1237 3324 1445 3386; x_wconf 83' lang='grc' dir='ltr'><strong>σύνοδος</strong></span> <span class='ocrx_word' id='word_1_410' title='bbox 1471 3329 1555 3379; x_wconf 86' lang='grc' dir='ltr'><strong>καί</strong></span> <span class='ocrx_word' id='word_1_411' title='bbox 1587 3325 1914 3397; x_wconf 78' lang='grc' dir='ltr'><strong>ἀνεθεμάτισε</strong></span> <span class='ocrx_word' id='word_1_412' title='bbox 1930 3348 1986 3411; x_wconf 73' lang='lat' dir='ltr'><strong>C</strong></span> 
     </span>
    </p>
   </div>
   <div class='ocr_carea' id='block_1_56' title="bbox 318 3415 1913 3496">
    <p class='ocr_par' dir='ltr' id='par_1_56' title="bbox 318 3415 1913 3496">
     <span class='ocr_line' id='line_1_56' title="bbox 318 3415 1913 3496; baseline -0.003 -19"><span class='ocrx_word' id='word_1_413' title='bbox 318 3425 447 3482; x_wconf 67' lang='grc' dir='ltr'><strong>τοὺς</strong></span> <span class='ocrx_word' id='word_1_414' title='bbox 474 3423 646 3496; x_wconf 81' lang='grc' dir='ltr'><strong>ἕτερον</strong></span> <span class='ocrx_word' id='word_1_415' title='bbox 678 3422 935 3494; x_wconf 82' lang='grc' dir='ltr'><strong>σύμϐολον</strong></span> <span class='ocrx_word' id='word_1_416' title='bbox 968 3420 1000 3481; x_wconf 75' lang='grc' dir='ltr'><strong>ἦ</strong></span> <span class='ocrx_word' id='word_1_417' title='bbox 1039 3418 1229 3476; x_wconf 70' lang='grc' dir='ltr'><strong>ἔκθεσιν</strong></span> <span class='ocrx_word' id='word_1_418' title='bbox 1264 3422 1487 3480; x_wconf 81' lang='grc' dir='ltr'><strong>πίστεως</strong></span> <span class='ocrx_word' id='word_1_419' title='bbox 1512 3415 1913 3493; x_wconf 82' lang='grc' dir='ltr'><strong>παραδιδόντας,</strong></span> 
     </span>
    </p>
   </div>
   <div class='ocr_carea' id='block_1_57' title="bbox 314 3511 1918 3591">
    <p class='ocr_par' dir='ltr' id='par_1_57' title="bbox 314 3511 1918 3591">
     <span class='ocr_line' id='line_1_57' title="bbox 314 3511 1918 3591; baseline -0.002 -21"><span class='ocrx_word' id='word_1_420' title='bbox 314 3518 472 3590; x_wconf 72' lang='grc' dir='ltr'><strong>ποιρὰ</strong></span> <span class='ocrx_word' id='word_1_421' title='bbox 492 3518 548 3569; x_wconf 86' lang='grc' dir='ltr'><strong>τό</strong></span> <span class='ocrx_word' id='word_1_422' title='bbox 569 3517 669 3569; x_wconf 78' lang='grc' dir='ltr'><strong>ὑπὸ</strong></span> <span class='ocrx_word' id='word_1_423' title='bbox 697 3522 796 3570; x_wconf 81' lang='grc' dir='ltr'><strong>τῶν</strong></span> <span class='ocrx_word' id='word_1_424' title='bbox 820 3516 1124 3591; x_wconf 76' lang='grc' dir='ltr'><strong>τριακοσίων</strong></span> <span class='ocrx_word' id='word_1_425' title='bbox 1158 3511 1286 3569; x_wconf 79' lang='grc' dir='ltr'><strong>δέκα</strong></span> <span class='ocrx_word' id='word_1_426' title='bbox 1321 3516 1407 3570; x_wconf 88' lang='grc' dir='ltr'><strong>καί</strong></span> <span class='ocrx_word' id='word_1_427' title='bbox 1432 3514 1565 3568; x_wconf 83' lang='grc' dir='ltr'><strong>ὀκτὼ</strong></span> <span class='ocrx_word' id='word_1_428' title='bbox 1585 3511 1741 3586; x_wconf 70' lang='grc' dir='ltr'><strong>ἁγίων</strong></span> <span class='ocrx_word' id='word_1_429' title='bbox 1761 3513 1918 3568; x_wconf 77' lang='grc' dir='ltr'><strong>πατέ-</strong></span> 
     </span>
    </p>
   </div>
   <div class='ocr_carea' id='block_1_58' title="bbox 308 3607 761 3683">
    <p class='ocr_par' dir='ltr' id='par_1_58' title="bbox 308 3607 761 3683">
     <span class='ocr_line' id='line_1_58' title="bbox 308 3607 761 3683; baseline -0.007 -20"><span class='ocrx_word' id='word_1_430' title='bbox 308 3631 428 3683; x_wconf 75' lang='grc' dir='ltr'><strong>ρων</strong></span> <span class='ocrx_word' id='word_1_431' title='bbox 454 3607 761 3683; x_wconf 69' lang='grc' dir='ltr'><strong>παραδοθὲν.</strong></span> 
     </span>
    </p>
   </div>
   <div class='ocr_carea' id='block_1_59' title="bbox 393 3782 1914 3861">
    <p class='ocr_par' dir='ltr' id='par_1_59' title="bbox 393 3782 1914 3861">
     <span class='ocr_line' id='line_1_59' title="bbox 393 3782 1914 3861; baseline -0.002 -15"><span class='ocrx_word' id='word_1_432' title='bbox 393 3790 574 3852; x_wconf 66' lang='grc' dir='ltr'><strong>Οἶτως</strong></span> <span class='ocrx_word' id='word_1_433' title='bbox 597 3782 765 3846; x_wconf 77' lang='grc' dir='ltr'><strong>τοίνυν</strong></span> <span class='ocrx_word' id='word_1_434' title='bbox 803 3798 895 3851; x_wconf 78' lang='grc' dir='ltr'><strong>τῆς</strong></span> <span class='ocrx_word' id='word_1_435' title='bbox 922 3790 1152 3851; x_wconf 85' lang='grc' dir='ltr'><strong>ἀληθείας</strong></span> <span class='ocrx_word' id='word_1_436' title='bbox 1178 3789 1427 3861; x_wconf 79' lang='grc' dir='ltr'><strong>ἐχούσης,</strong></span> <span class='ocrx_word' id='word_1_437' title='bbox 1457 3787 1550 3859; x_wconf 70' lang='grc' dir='ltr'><strong>ὀψέ</strong></span> <span class='ocrx_word' id='word_1_438' title='bbox 1591 3793 1714 3860; x_wconf 72' lang='grc' dir='ltr'><strong>γοῦν</strong></span> <span class='ocrx_word' id='word_1_439' title='bbox 1752 3809 1914 3843; x_wconf 84' lang='grc' dir='ltr'><strong>κατα·-</strong></span> 
     </span>
    </p>
   </div>
   <div class='ocr_carea' id='block_1_60' title="bbox 316 3877 1915 3956">
    <p class='ocr_par' dir='ltr' id='par_1_60' title="bbox 316 3877 1915 3956">
     <span class='ocr_line' id='line_1_60' title="bbox 316 3877 1915 3956; baseline -0.003 -19"><span class='ocrx_word' id='word_1_440' title='bbox 316 3888 541 3939; x_wconf 79' lang='grc' dir='ltr'><strong>νοησατε</strong></span> <span class='ocrx_word' id='word_1_441' title='bbox 560 3920 576 3944; x_wconf 94' lang='grc'><strong>,</strong></span> <span class='ocrx_word' id='word_1_442' title='bbox 606 3886 685 3941; x_wconf 87' lang='grc' dir='ltr'><strong>τίς</strong></span> <span class='ocrx_word' id='word_1_443' title='bbox 713 3882 873 3956; x_wconf 82' lang='grc' dir='ltr'><strong>ὀρθῶς</strong></span> <span class='ocrx_word' id='word_1_444' title='bbox 904 3887 995 3940; x_wconf 72' lang='grc' dir='ltr'><strong>τήν</strong></span> <span class='ocrx_word' id='word_1_445' title='bbox 1029 3880 1176 3953; x_wconf 69' lang='grc' dir='ltr'><strong>ἁγίαν</strong></span> <span class='ocrx_word' id='word_1_446' title='bbox 1204 3878 1256 3934; x_wconf 88' lang='grc' dir='ltr'><strong>έν</strong></span> <span class='ocrx_word' id='word_1_447' title='bbox 1291 3877 1561 3939; x_wconf 77' lang='grc' dir='ltr'><strong>Χαλκηδόνι</strong></span> <span class='ocrx_word' id='word_1_448' title='bbox 1599 3877 1810 3936; x_wconf 75' lang='grc' dir='ltr'><strong>σύνοδον</strong></span> <span class='ocrx_word' id='word_1_449' title='bbox 1837 3880 1915 3933; x_wconf 80' lang='grc' dir='ltr'><strong>ἐκ·</strong></span> 
     </span>
    </p>
   </div>
   <div class='ocr_carea' id='block_1_61' title="bbox 320 3968 1939 4047">
    <p class='ocr_par' dir='ltr' id='par_1_61' title="bbox 320 3968 1939 4047">
     <span class='ocr_line' id='line_1_61' title="bbox 320 3968 1939 4047; baseline 0.001 -20"><span class='ocrx_word' id='word_1_450' title='bbox 320 3970 492 4036; x_wconf 73' lang='grc' dir='ltr'><strong>δικεί;</strong></span> <span class='ocrx_word' id='word_1_451' title='bbox 535 3972 752 4047; x_wconf 82' lang='grc' dir='ltr'><strong>Πότερον</strong></span> <span class='ocrx_word' id='word_1_452' title='bbox 803 3971 829 4026; x_wconf 92' lang='grc' dir='ltr'><strong>ὀ</strong></span> <span class='ocrx_word' id='word_1_453' title='bbox 869 3970 1102 4027; x_wconf 83' lang='grc' dir='ltr'><strong>δεικνύων</strong></span> <span class='ocrx_word' id='word_1_454' title='bbox 1144 3968 1220 4025; x_wconf 84' lang='grc' dir='ltr'><strong>ότι</strong></span> <span class='ocrx_word' id='word_1_455' title='bbox 1265 3978 1373 4031; x_wconf 88' lang='grc' dir='ltr'><strong>τοῖς</strong></span> <span class='ocrx_word' id='word_1_456' title='bbox 1417 3971 1694 4041; x_wconf 77' lang='grc' dir='ltr'><strong>εἰρημένοις</strong></span> <span class='ocrx_word' id='word_1_457' title='bbox 1752 3969 1939 4044; x_wconf 54' lang='grc' dir='ltr'><strong>ἁγίοις,</strong></span> 
     </span>
    </p>
   </div>
   <div class='ocr_carea' id='block_1_62' title="bbox 320 4059 1914 4141">
    <p class='ocr_par' dir='ltr' id='par_1_62' title="bbox 320 4059 1914 4141">
     <span class='ocr_line' id='line_1_62' title="bbox 320 4059 1914 4141; baseline -0.004 -21"><span class='ocrx_word' id='word_1_458' title='bbox 320 4067 587 4137; x_wconf 74' lang='grc' dir='ltr'><strong>πατράσιν</strong></span> <span class='ocrx_word' id='word_1_459' title='bbox 612 4065 1001 4124; x_wconf 78' lang='grc' dir='ltr'><strong>ἀκολουθήσασα</strong></span> <span class='ocrx_word' id='word_1_460' title='bbox 1025 4060 1202 4131; x_wconf 41' lang='grc' dir='ltr'><strong>πάντα,</strong></span> <span class='ocrx_word' id='word_1_461' title='bbox 1222 4064 1376 4141; x_wconf 83' lang='grc' dir='ltr'><strong>ὀρθῶς</strong></span> <span class='ocrx_word' id='word_1_462' title='bbox 1414 4064 1634 4128; x_wconf 76' lang='grc' dir='ltr'><strong>ἐξέθετο,</strong></span> <span class='ocrx_word' id='word_1_463' title='bbox 1671 4060 1702 4122; x_wconf 75' lang='grc' dir='ltr'><em>ἦ</em></span> <span class='ocrx_word' id='word_1_464' title='bbox 1742 4059 1768 4116; x_wconf 88' lang='grc' dir='ltr'><strong>ό</strong></span> <span class='ocrx_word' id='word_1_465' title='bbox 1793 4064 1914 4122; x_wconf 83' lang='grc' dir='ltr'><strong>τούς</strong></span> 
     </span>
    </p>
   </div>
   <div class='ocr_carea' id='block_1_63' title="bbox 320 4153 1915 4231">
    <p class='ocr_par' dir='ltr' id='par_1_63' title="bbox 320 4153 1915 4231">
     <span class='ocr_line' id='line_1_63' title="bbox 320 4153 1915 4231; baseline -0.003 -16"><span class='ocrx_word' id='word_1_466' title='bbox 320 4161 529 4221; x_wconf 72' lang='grc' dir='ltr'><strong>ἀσεϐεῖς</strong></span> <span class='ocrx_word' id='word_1_467' title='bbox 572 4166 674 4215; x_wconf 85' lang='grc' dir='ltr'><strong>τῶν</strong></span> <span class='ocrx_word' id='word_1_468' title='bbox 720 4158 982 4231; x_wconf 84' lang='grc' dir='ltr'><strong>αίρετικῶν</strong></span> <span class='ocrx_word' id='word_1_469' title='bbox 1022 4158 1202 4230; x_wconf 59' lang='grc' dir='ltr'><strong>λόγους</strong></span> <span class='ocrx_word' id='word_1_470' title='bbox 1250 4158 1564 4231; x_wconf 77' lang='grc' dir='ltr'><strong>προσάπτειν</strong></span> <span class='ocrx_word' id='word_1_471' title='bbox 1609 4153 1915 4220; x_wconf 76' lang='grc' dir='ltr'><strong>σπουδάζων</strong></span> 
     </span>
    </p>
   </div>
   <div class='ocr_carea' id='block_1_64' title="bbox 320 4247 1914 4328">
    <p class='ocr_par' dir='ltr' id='par_1_64' title="bbox 320 4247 1914 4328">
     <span class='ocr_line' id='line_1_64' title="bbox 320 4247 1914 4328; baseline -0.004 -21"><span class='ocrx_word' id='word_1_472' title='bbox 320 4255 482 4327; x_wconf 49' lang='grc' dir='ltr'><strong>αὐτῇ</strong></span> <span class='ocrx_word' id='word_1_473' title='bbox 529 4256 660 4312; x_wconf 78' lang='grc' dir='ltr'><strong>τοὺς</strong></span> <span class='ocrx_word' id='word_1_474' title='bbox 699 4254 802 4323; x_wconf 62' lang='grc' dir='ltr'><strong>γὰρ</strong></span> <span class='ocrx_word' id='word_1_475' title='bbox 847 4252 1042 4328; x_wconf 72' lang='grc' dir='ltr'><strong>καθαρᾷ</strong></span> <span class='ocrx_word' id='word_1_476' title='bbox 1091 4247 1408 4321; x_wconf 64' lang='grc' dir='ltr'><strong>συνειδήσει,</strong></span> <span class='ocrx_word' id='word_1_477' title='bbox 1451 4251 1534 4304; x_wconf 83' lang='grc' dir='ltr'><strong>καὶ</strong></span> <span class='ocrx_word' id='word_1_478' title='bbox 1572 4249 1704 4323; x_wconf 80' lang='grc' dir='ltr'><strong>ὀρθῷ</strong></span> <span class='ocrx_word' id='word_1_479' title='bbox 1738 4253 1914 4317; x_wconf 81' lang='grc' dir='ltr'><strong>σκοπῷ</strong></span> 
     </span>
    </p>
   </div>
   <div class='ocr_carea' id='block_1_65' title="bbox 322 4339 1916 4418">
    <p class='ocr_par' dir='ltr' id='par_1_65' title="bbox 322 4339 1916 4418">
     <span class='ocr_line' id='line_1_65' title="bbox 322 4339 1916 4418; baseline -0.004 -17"><span class='ocrx_word' id='word_1_480' title='bbox 322 4342 639 4414; x_wconf 77' lang='grc' dir='ltr'><strong>δεχομένους</strong></span> <span class='ocrx_word' id='word_1_481' title='bbox 681 4350 775 4403; x_wconf 71' lang='grc' dir='ltr'><strong>τήν</strong></span> <span class='ocrx_word' id='word_1_482' title='bbox 823 4344 871 4398; x_wconf 85' lang='grc' dir='ltr'><strong>έν</strong></span> <span class='ocrx_word' id='word_1_483' title='bbox 900 4344 1089 4416; x_wconf 74' lang='grc' dir='ltr'><strong>Ἐφέσῳ</strong></span> <span class='ocrx_word' id='word_1_484' title='bbox 1132 4345 1340 4418; x_wconf 80' lang='grc' dir='ltr'><strong>πρώτην</strong></span> <span class='ocrx_word' id='word_1_485' title='bbox 1378 4339 1617 4407; x_wconf 83' lang='grc' dir='ltr'><strong>σύνοδον,</strong></span> <span class='ocrx_word' id='word_1_486' title='bbox 1665 4345 1751 4396; x_wconf 81' lang='grc' dir='ltr'><strong>καί</strong></span> <span class='ocrx_word' id='word_1_487' title='bbox 1794 4343 1916 4403; x_wconf 80' lang='grc' dir='ltr'><strong>τούς</strong></span> 
     </span>
    </p>
   </div>
   <div class='ocr_carea' id='block_1_66' title="bbox 320 4432 1917 4512">
    <p class='ocr_par' dir='ltr' id='par_1_66' title="bbox 320 4432 1917 4512">
     <span class='ocr_line' id='line_1_66' title="bbox 320 4432 1917 4512; baseline -0.007 -15"><span class='ocrx_word' id='word_1_488' title='bbox 320 4432 502 4506; x_wconf 74' lang='grc' dir='ltr'><strong>ἆγίους</strong></span> <span class='ocrx_word' id='word_1_489' title='bbox 527 4439 758 4512; x_wconf 85' lang='grc' dir='ltr'><strong>πατέρας</strong></span> <span class='ocrx_word' id='word_1_490' title='bbox 783 4437 1106 4506; x_wconf 71' lang='grc' dir='ltr'><strong>Κελεστῑνον,</strong></span> <span class='ocrx_word' id='word_1_491' title='bbox 1147 4436 1410 4512; x_wconf 70' lang='grc' dir='ltr'><strong>κύριλλον,</strong></span> <span class='ocrx_word' id='word_1_492' title='bbox 1454 4438 1539 4489; x_wconf 82' lang='grc' dir='ltr'><strong>καὶ</strong></span> <span class='ocrx_word' id='word_1_493' title='bbox 1577 4434 1793 4501; x_wconf 83' lang='grc' dir='ltr'><strong>Λέοντα,</strong></span> <span class='ocrx_word' id='word_1_494' title='bbox 1833 4435 1917 4488; x_wconf 81' lang='grc' dir='ltr'><strong>καί</strong></span> 
     </span>
    </p>
   </div>
   <div class='ocr_carea' id='block_1_67' title="bbox 323 4524 1918 4603">
    <p class='ocr_par' dir='ltr' id='par_1_67' title="bbox 323 4524 1918 4603">
     <span class='ocr_line' id='line_1_67' title="bbox 323 4524 1918 4603; baseline -0.002 -20"><span class='ocrx_word' id='word_1_495' title='bbox 323 4530 411 4583; x_wconf 85' lang='grc' dir='ltr'><strong>τόν</strong></span> <span class='ocrx_word' id='word_1_496' title='bbox 462 4526 578 4603; x_wconf 81' lang='grc' dir='ltr'><strong>ὅρον</strong></span> <span class='ocrx_word' id='word_1_497' title='bbox 623 4538 718 4591; x_wconf 76' lang='grc' dir='ltr'><strong>τῆς</strong></span> <span class='ocrx_word' id='word_1_498' title='bbox 768 4530 821 4584; x_wconf 82' lang='grc' dir='ltr'><strong>έν</strong></span> <span class='ocrx_word' id='word_1_499' title='bbox 870 4528 1142 4587; x_wconf 78' lang='grc' dir='ltr'><strong>Χαλκηδόνι</strong></span> <span class='ocrx_word' id='word_1_500' title='bbox 1191 4525 1427 4592; x_wconf 85' lang='grc' dir='ltr'><strong>συνόδου,</strong></span> <span class='ocrx_word' id='word_1_501' title='bbox 1482 4524 1730 4581; x_wconf 74' lang='grc' dir='ltr'><strong>ἀδύνατόν</strong></span> <span class='ocrx_word' id='word_1_502' title='bbox 1780 4528 1918 4582; x_wconf 87' lang='grc' dir='ltr'><strong>έστιν</strong></span> 
     </span>
    </p>
   </div>
   <div class='ocr_carea' id='block_1_68' title="bbox 323 4615 1917 4694">
    <p class='ocr_par' dir='ltr' id='par_1_68' title="bbox 323 4615 1917 4694">
     <span class='ocr_line' id='line_1_68' title="bbox 323 4615 1917 4694; baseline 0 -23"><span class='ocrx_word' id='word_1_503' title='bbox 323 4615 572 4689; x_wconf 75' lang='grc' dir='ltr'><strong>δέχεσθαι</strong></span> <span class='ocrx_word' id='word_1_504' title='bbox 614 4622 748 4690; x_wconf 86' lang='grc' dir='ltr'><strong>μιτά</strong></span> <span class='ocrx_word' id='word_1_505' title='bbox 791 4621 986 4674; x_wconf 85' lang='grc' dir='ltr'><strong>τούτων</strong></span> <span class='ocrx_word' id='word_1_506' title='bbox 1032 4623 1116 4675; x_wconf 83' lang='grc' dir='ltr'><strong>καὶ</strong></span> <span class='ocrx_word' id='word_1_507' title='bbox 1158 4624 1250 4679; x_wconf 71' lang='grc' dir='ltr'><strong>τήν</strong></span> <span class='ocrx_word' id='word_1_508' title='bbox 1296 4618 1427 4694; x_wconf 81' lang='grc' dir='ltr'><strong>πρὸς</strong></span> <span class='ocrx_word' id='word_1_509' title='bbox 1466 4618 1635 4693; x_wconf 78' lang='grc' dir='ltr'><strong>Μάριν</strong></span> <span class='ocrx_word' id='word_1_510' title='bbox 1675 4619 1917 4692; x_wconf 81' lang='grc' dir='ltr'><strong>μυσαρὰν</strong></span> 
     </span>
    </p>
   </div>
   <div class='ocr_carea' id='block_1_69' title="bbox 324 4710 1915 4785">
    <p class='ocr_par' dir='ltr' id='par_1_69' title="bbox 324 4710 1915 4785">
     <span class='ocr_line' id='line_1_69' title="bbox 324 4710 1915 4785; baseline -0.001 -21"><span class='ocrx_word' id='word_1_511' title='bbox 324 4710 597 4768; x_wconf 63' lang='grc' dir='ltr'><strong>ἐπιστολήν</strong></span> <span class='ocrx_word' id='word_1_512' title='bbox 613 4716 705 4769; x_wconf 78' lang='grc' dir='ltr'><strong>τήν</strong></span> <span class='ocrx_word' id='word_1_513' title='bbox 726 4715 856 4773; x_wconf 83' lang='grc' dir='ltr'><strong>κατὰ</strong></span> <span class='ocrx_word' id='word_1_514' title='bbox 875 4712 1041 4766; x_wconf 74' lang='grc' dir='ltr'><strong>πάντα</strong></span> <span class='ocrx_word' id='word_1_515' title='bbox 1060 4712 1259 4770; x_wconf 85' lang='grc' dir='ltr'><strong>τούτοις</strong></span> <span class='ocrx_word' id='word_1_516' title='bbox 1284 4710 1681 4778; x_wconf 73' lang='grc' dir='ltr'><strong>ἐναντιουμένην.</strong></span> <span class='ocrx_word' id='word_1_517' title='bbox 1709 4713 1796 4768; x_wconf 87' lang='grc' dir='ltr'><strong>Τίς</strong></span> <span class='ocrx_word' id='word_1_518' title='bbox 1814 4712 1915 4785; x_wconf 73' lang='grc' dir='ltr'><strong>γὰρ</strong></span> 
     </span>
    </p>
   </div>
   <div class='ocr_carea' id='block_1_70' title="bbox 2087 2495 3603 2568">
    <p class='ocr_par' dir='ltr' id='par_1_70' title="bbox 2087 2495 3603 2568">
     <span class='ocr_line' id='line_1_70' title="bbox 2087 2495 3603 2568; baseline 0.012 -18"><span class='ocrx_word' id='word_1_519' title='bbox 2087 2495 2213 2551; x_wconf 71' lang='lat' dir='ltr'><strong>Haec</strong></span> <span class='ocrx_word' id='word_1_520' title='bbox 2237 2496 2422 2568; x_wconf 86' lang='lat' dir='ltr'><strong>itaque</strong></span> <span class='ocrx_word' id='word_1_521' title='bbox 2455 2496 2854 2556; x_wconf 86' lang='lat' dir='ltr'><strong>deﬁnitionibus</strong></span> <span class='ocrx_word' id='word_1_522' title='bbox 2906 2512 3105 2559; x_wconf 64' lang='lat' dir='ltr'><strong>sancta:</strong></span> <span class='ocrx_word' id='word_1_523' title='bbox 3151 2504 3603 2568; x_wconf 83' lang='lat' dir='ltr'><strong>Chalcedonensis</strong></span> 
     </span>
    </p>
   </div>
   <div class='ocr_carea' id='block_1_71' title="bbox 2015 2588 3602 2673">
    <p class='ocr_par' dir='ltr' id='par_1_71' title="bbox 2015 2588 3602 2673">
     <span class='ocr_line' id='line_1_71' title="bbox 2015 2588 3602 2673; baseline 0.008 -28"><span class='ocrx_word' id='word_1_524' title='bbox 2015 2588 2205 2661; x_wconf 87' lang='lat' dir='ltr'><strong>synodi</strong></span> <span class='ocrx_word' id='word_1_525' title='bbox 2236 2591 2526 2647; x_wconf 87' lang='lat' dir='ltr'><strong>constituta</strong></span> <span class='ocrx_word' id='word_1_526' title='bbox 2554 2600 2698 2659; x_wconf 91' lang='lat' dir='ltr'><strong>sunt,</strong></span> <span class='ocrx_word' id='word_1_527' title='bbox 2727 2608 2830 2650; x_wconf 92' lang='lat' dir='ltr'><strong>nec</strong></span> <span class='ocrx_word' id='word_1_528' title='bbox 2856 2594 3145 2652; x_wconf 87' lang='lat' dir='ltr'><strong>obscurum</strong></span> <span class='ocrx_word' id='word_1_529' title='bbox 3171 2599 3443 2670; x_wconf 83' lang='lat' dir='ltr'><strong>quidpiam</strong></span> <span class='ocrx_word' id='word_1_530' title='bbox 3477 2619 3602 2673; x_wconf 89' lang='lat' dir='ltr'><strong>pro-</strong></span> 
     </span>
    </p>
   </div>
   <div class='ocr_carea' id='block_1_72' title="bbox 2014 2676 3609 2761">
    <p class='ocr_par' dir='ltr' id='par_1_72' title="bbox 2014 2676 3609 2761">
     <span class='ocr_line' id='line_1_72' title="bbox 2014 2676 3609 2761; baseline 0.009 -26"><span class='ocrx_word' id='word_1_531' title='bbox 2014 2680 2197 2735; x_wconf 87' lang='lat' dir='ltr'><strong>locuta</strong></span> <span class='ocrx_word' id='word_1_532' title='bbox 2226 2688 2309 2736; x_wconf 90' lang='lat' dir='ltr'><strong>est</strong></span> <span class='ocrx_word' id='word_1_533' title='bbox 2337 2680 2478 2736; x_wconf 83' lang='lat' dir='ltr'><strong>eirea</strong></span> <span class='ocrx_word' id='word_1_534' title='bbox 2507 2682 2663 2738; x_wconf 85' lang='lat' dir='ltr'><strong>tidem</strong></span> <span class='ocrx_word' id='word_1_535' title='bbox 2692 2684 2958 2754; x_wconf 88' lang='lat' dir='ltr'><strong>synodus,</strong></span> <span class='ocrx_word' id='word_1_536' title='bbox 3003 2702 3191 2758; x_wconf 84' lang='lat' dir='ltr'><strong>verum</strong></span> <span class='ocrx_word' id='word_1_537' title='bbox 3220 2676 3417 2761; x_wconf 82' lang='lat' dir='ltr'><strong>ubique</strong></span> <span class='ocrx_word' id='word_1_538' title='bbox 3441 2704 3497 2748; x_wconf 88' lang='lat' dir='ltr'><strong>et</strong></span> <span class='ocrx_word' id='word_1_539' title='bbox 3547 2696 3609 2753; x_wconf 82' lang='lat' dir='ltr'><strong>in</strong></span> 
     </span>
    </p>
   </div>
   <div class='ocr_carea' id='block_1_73' title="bbox 2014 2773 3602 2849">
    <p class='ocr_par' dir='ltr' id='par_1_73' title="bbox 2014 2773 3602 2849">
     <span class='ocr_line' id='line_1_73' title="bbox 2014 2773 3602 2849; baseline 0.01 -22"><span class='ocrx_word' id='word_1_540' title='bbox 2014 2773 2261 2827; x_wconf 82' lang='lat' dir='ltr'><strong>omnibus</strong></span> <span class='ocrx_word' id='word_1_541' title='bbox 2281 2789 2400 2828; x_wconf 87' lang='lat' dir='ltr'><strong>eam</strong></span> <span class='ocrx_word' id='word_1_542' title='bbox 2423 2784 2626 2830; x_wconf 88' lang='lat' dir='ltr'><strong>sectata</strong></span> <span class='ocrx_word' id='word_1_543' title='bbox 2647 2784 2729 2831; x_wconf 89' lang='lat' dir='ltr'><strong>est</strong></span> <span class='ocrx_word' id='word_1_544' title='bbox 2749 2776 3139 2835; x_wconf 79' lang='lat' dir='ltr'><strong>confessionem</strong></span> <span class='ocrx_word' id='word_1_545' title='bbox 3163 2782 3304 2849; x_wconf 88' lang='lat' dir='ltr'><strong>lidei,</strong></span> <span class='ocrx_word' id='word_1_546' title='bbox 3329 2783 3602 2843; x_wconf 86' lang='lat' dir='ltr'><strong>aDomino</strong></span> 
     </span>
    </p>
   </div>
   <div class='ocr_carea' id='block_1_74' title="bbox 2014 2862 3601 2943">
    <p class='ocr_par' dir='ltr' id='par_1_74' title="bbox 2014 2862 3601 2943">
     <span class='ocr_line' id='line_1_74' title="bbox 2014 2862 3601 2943; baseline 0.011 -26"><span class='ocrx_word' id='word_1_547' title='bbox 2014 2862 2248 2933; x_wconf 79' lang='lat' dir='ltr'><strong>benigne</strong></span> <span class='ocrx_word' id='word_1_548' title='bbox 2275 2880 2589 2920; x_wconf 87' lang='lat' dir='ltr'><strong>concessam</strong></span> <span class='ocrx_word' id='word_1_549' title='bbox 2621 2883 2718 2937; x_wconf 91' lang='lat' dir='ltr'><strong>per</strong></span> <span class='ocrx_word' id='word_1_550' title='bbox 2735 2869 3016 2938; x_wconf 89' lang='lat' dir='ltr'><strong>apostolos</strong></span> <span class='ocrx_word' id='word_1_551' title='bbox 3053 2887 3198 2939; x_wconf 90' lang='lat' dir='ltr'><strong>suos,</strong></span> <span class='ocrx_word' id='word_1_552' title='bbox 3227 2890 3389 2943; x_wconf 88' lang='lat' dir='ltr'><strong>quam</strong></span> <span class='ocrx_word' id='word_1_553' title='bbox 3428 2880 3601 2934; x_wconf 82' lang='lat' dir='ltr'><strong>sancti</strong></span> 
     </span>
    </p>
   </div>
   <div class='ocr_carea' id='block_1_75' title="bbox 2017 2955 3612 3033">
    <p class='ocr_par' dir='ltr' id='par_1_75' title="bbox 2017 2955 3612 3033">
     <span class='ocr_line' id='line_1_75' title="bbox 2017 2955 3612 3033; baseline 0.012 -24"><span class='ocrx_word' id='word_1_554' title='bbox 2017 2955 2117 3025; x_wconf 87' lang='lat' dir='ltr'><strong>ipsi</strong></span> <span class='ocrx_word' id='word_1_555' title='bbox 2146 2956 2506 3033; x_wconf 70' lang='lat' dir='ltr'><strong>prmdicarunt</strong></span> <span class='ocrx_word' id='word_1_556' title='bbox 2532 2960 2784 3029; x_wconf 87' lang='lat' dir='ltr'><strong>apostoli,</strong></span> <span class='ocrx_word' id='word_1_557' title='bbox 2815 2977 2976 3031; x_wconf 86' lang='lat' dir='ltr'><strong>quam</strong></span> <span class='ocrx_word' id='word_1_558' title='bbox 3006 2966 3176 3020; x_wconf 89' lang='lat' dir='ltr'><strong>sancti</strong></span> <span class='ocrx_word' id='word_1_559' title='bbox 3208 2968 3433 3025; x_wconf 85' lang='lat' dir='ltr'><strong>trecenti</strong></span> <span class='ocrx_word' id='word_1_560' title='bbox 3461 2980 3612 3028; x_wconf 87' lang='lat' dir='ltr'><strong>octo-</strong></span> 
     </span>
    </p>
   </div>
   <div class='ocr_carea' id='block_1_76' title="bbox 2017 3047 3597 3127">
    <p class='ocr_par' dir='ltr' id='par_1_76' title="bbox 2017 3047 3597 3127">
     <span class='ocr_line' id='line_1_76' title="bbox 2017 3047 3597 3127; baseline 0.009 -25"><span class='ocrx_word' id='word_1_561' title='bbox 2017 3047 2192 3104; x_wconf 90' lang='lat' dir='ltr'><strong>decim</strong></span> <span class='ocrx_word' id='word_1_562' title='bbox 2233 3050 2418 3106; x_wconf 88' lang='lat' dir='ltr'><strong>Patres</strong></span> <span class='ocrx_word' id='word_1_563' title='bbox 2456 3051 2547 3105; x_wconf 90' lang='lat' dir='ltr'><strong>Dei</strong></span> <span class='ocrx_word' id='word_1_564' title='bbox 2595 3050 2848 3108; x_wconf 66' lang='lat' dir='ltr'><strong>Ecclesia:</strong></span> <span class='ocrx_word' id='word_1_565' title='bbox 2898 3055 3250 3122; x_wconf 87' lang='lat' dir='ltr'><strong>tradiderunt,</strong></span> <span class='ocrx_word' id='word_1_566' title='bbox 3278 3073 3442 3127; x_wconf 88' lang='lat' dir='ltr'><strong>quam</strong></span> <span class='ocrx_word' id='word_1_567' title='bbox 3468 3077 3597 3117; x_wconf 83' lang='lat' dir='ltr'><strong>cen-</strong></span> 
     </span>
    </p>
   </div>
   <div class='ocr_carea' id='block_1_77' title="bbox 2018 3142 3601 3219">
    <p class='ocr_par' dir='ltr' id='par_1_77' title="bbox 2018 3142 3601 3219">
     <span class='ocr_line' id='line_1_77' title="bbox 2018 3142 3601 3219; baseline 0.01 -26"><span class='ocrx_word' id='word_1_568' title='bbox 2018 3147 2132 3195; x_wconf 88' lang='lat' dir='ltr'><strong>tum</strong></span> <span class='ocrx_word' id='word_1_569' title='bbox 2160 3149 2213 3195; x_wconf 89' lang='lat' dir='ltr'><strong>et</strong></span> <span class='ocrx_word' id='word_1_570' title='bbox 2242 3142 2624 3211; x_wconf 80' lang='lat' dir='ltr'><strong>quinquaginta</strong></span> <span class='ocrx_word' id='word_1_571' title='bbox 2654 3142 2839 3200; x_wconf 88' lang='lat' dir='ltr'><strong>Patres</strong></span> <span class='ocrx_word' id='word_1_572' title='bbox 2870 3145 3052 3202; x_wconf 76' lang='lat' dir='ltr'><strong>itidem</strong></span> <span class='ocrx_word' id='word_1_573' title='bbox 3082 3148 3149 3203; x_wconf 92' lang='lat' dir='ltr'><strong>de</strong></span> <span class='ocrx_word' id='word_1_574' title='bbox 3176 3148 3408 3219; x_wconf 88' lang='lat' dir='ltr'><strong>Spiritus</strong></span> <span class='ocrx_word' id='word_1_575' title='bbox 3427 3154 3601 3210; x_wconf 80' lang='lat' dir='ltr'><strong>sancti</strong></span> 
     </span>
    </p>
   </div>
   <div class='ocr_carea' id='block_1_78' title="bbox 2020 3230 3605 3309">
    <p class='ocr_par' dir='ltr' id='par_1_78' title="bbox 2020 3230 3605 3309">
     <span class='ocr_line' id='line_1_78' title="bbox 2020 3230 3605 3309; baseline 0.009 -24"><span class='ocrx_word' id='word_1_576' title='bbox 2020 3230 2301 3288; x_wconf 85' lang='lat' dir='ltr'><strong>divinitate</strong></span> <span class='ocrx_word' id='word_1_577' title='bbox 2323 3233 2573 3309; x_wconf 77' lang='lat' dir='ltr'><strong>dogmata</strong></span> <span class='ocrx_word' id='word_1_578' title='bbox 2595 3236 2939 3305; x_wconf 85' lang='lat' dir='ltr'><strong>declarantes</strong></span> <span class='ocrx_word' id='word_1_579' title='bbox 2955 3238 3429 3305; x_wconf 75' lang='lat' dir='ltr'><strong>conﬁrmaverunt.</strong></span> <span class='ocrx_word' id='word_1_580' title='bbox 3451 3243 3605 3304; x_wconf 86' lang='lat' dir='ltr'><strong>Hanc</strong></span> 
     </span>
    </p>
   </div>
   <div class='ocr_carea' id='block_1_79' title="bbox 2017 3316 3632 3407">
    <p class='ocr_par' dir='ltr' id='par_1_79' title="bbox 2017 3316 3632 3407">
     <span class='ocr_line' id='line_1_79' title="bbox 2017 3316 3632 3407; baseline 0.009 -31"><span class='ocrx_word' id='word_1_581' title='bbox 2017 3323 2187 3377; x_wconf 89' lang='lat' dir='ltr'><strong>secuti</strong></span> <span class='ocrx_word' id='word_1_582' title='bbox 2218 3332 2345 3379; x_wconf 90' lang='lat' dir='ltr'><strong>sunt</strong></span> <span class='ocrx_word' id='word_1_583' title='bbox 2370 3326 2540 3381; x_wconf 89' lang='lat' dir='ltr'><strong>sancti</strong></span> <span class='ocrx_word' id='word_1_584' title='bbox 2568 3324 2755 3382; x_wconf 72' lang='lat' dir='ltr'><strong>Patrrs</strong></span> <span class='ocrx_word' id='word_1_585' title='bbox 2783 3326 3054 3397; x_wconf 81' lang='lat' dir='ltr'><strong>Ephesum</strong></span> <span class='ocrx_word' id='word_1_586' title='bbox 3091 3316 3472 3390; x_wconf 80' lang='lat' dir='ltr'><strong>convenientes</strong></span> <span class='ocrx_word' id='word_1_587' title='bbox 3493 3336 3601 3407; x_wconf 84' lang='lat' dir='ltr'><strong>pri-</strong></span> <span class='ocrx_word' id='word_1_588' title='bbox 3628 3344 3632 3349; x_wconf 77' lang='lat'><strong>‘</strong></span> 
     </span>
    </p>
   </div>
   <div class='ocr_carea' id='block_1_80' title="bbox 2018 3414 3602 3500">
    <p class='ocr_par' dir='ltr' id='par_1_80' title="bbox 2018 3414 3602 3500">
     <span class='ocr_line' id='line_1_80' title="bbox 2018 3414 3602 3500; baseline 0.012 -32"><span class='ocrx_word' id='word_1_589' title='bbox 2018 3429 2197 3482; x_wconf 90' lang='lat' dir='ltr'><strong>mum;</strong></span> <span class='ocrx_word' id='word_1_590' title='bbox 2226 3414 2368 3471; x_wconf 87' lang='lat' dir='ltr'><strong>hanc</strong></span> <span class='ocrx_word' id='word_1_591' title='bbox 2388 3417 2633 3487; x_wconf 79' lang='lat' dir='ltr'><strong>amplexa</strong></span> <span class='ocrx_word' id='word_1_592' title='bbox 2655 3428 2739 3474; x_wconf 89' lang='lat' dir='ltr'><strong>est</strong></span> <span class='ocrx_word' id='word_1_593' title='bbox 2765 3429 2950 3477; x_wconf 85' lang='lat' dir='ltr'><strong>sancta</strong></span> <span class='ocrx_word' id='word_1_594' title='bbox 2967 3421 3325 3484; x_wconf 87' lang='lat' dir='ltr'><strong>Chalcedonis</strong></span> <span class='ocrx_word' id='word_1_595' title='bbox 3341 3428 3602 3500; x_wconf 86' lang='lat' dir='ltr'><strong>synodus,</strong></span> 
     </span>
    </p>
   </div>
   <div class='ocr_carea' id='block_1_81' title="bbox 2019 3510 3603 3593">
    <p class='ocr_par' dir='ltr' id='par_1_81' title="bbox 2019 3510 3603 3593">
     <span class='ocr_line' id='line_1_81' title="bbox 2019 3510 3603 3593; baseline 0.009 -28"><span class='ocrx_word' id='word_1_596' title='bbox 2019 3525 2139 3579; x_wconf 76' lang='lat' dir='ltr'><strong>quae</strong></span> <span class='ocrx_word' id='word_1_597' title='bbox 2166 3511 2511 3566; x_wconf 86' lang='lat' dir='ltr'><strong>anathemate</strong></span> <span class='ocrx_word' id='word_1_598' title='bbox 2550 3510 2711 3577; x_wconf 89' lang='lat' dir='ltr'><strong>feriit,</strong></span> <span class='ocrx_word' id='word_1_599' title='bbox 2742 3514 3050 3586; x_wconf 88' lang='lat' dir='ltr'><strong>quicunque</strong></span> <span class='ocrx_word' id='word_1_600' title='bbox 3102 3518 3248 3574; x_wconf 87' lang='lat' dir='ltr'><strong>aliud</strong></span> <span class='ocrx_word' id='word_1_601' title='bbox 3298 3523 3603 3593; x_wconf 83' lang='lat' dir='ltr'><strong>symbolum</strong></span> 
     </span>
    </p>
   </div>
   <div class='ocr_carea' id='block_1_82' title="bbox 2020 3602 3600 3683">
    <p class='ocr_par' dir='ltr' id='par_1_82' title="bbox 2020 3602 3600 3683">
     <span class='ocr_line' id='line_1_82' title="bbox 2020 3602 3600 3683; baseline 0.006 -26"><span class='ocrx_word' id='word_1_602' title='bbox 2020 3602 2275 3668; x_wconf 88' lang='lat' dir='ltr'><strong>traderet,</strong></span> <span class='ocrx_word' id='word_1_603' title='bbox 2308 3602 2422 3657; x_wconf 89' lang='lat' dir='ltr'><strong>sive</strong></span> <span class='ocrx_word' id='word_1_604' title='bbox 2451 3602 2572 3657; x_wconf 83' lang='lat' dir='ltr'><strong>ﬁdei</strong></span> <span class='ocrx_word' id='word_1_605' title='bbox 2601 3603 3019 3673; x_wconf 83' lang='lat' dir='ltr'><strong>expositionem,</strong></span> <span class='ocrx_word' id='word_1_606' title='bbox 3042 3617 3238 3677; x_wconf 64' lang='lat' dir='ltr'><strong>praeter</strong></span> <span class='ocrx_word' id='word_1_607' title='bbox 3263 3625 3383 3665; x_wconf 89' lang='lat' dir='ltr'><strong>eam</strong></span> <span class='ocrx_word' id='word_1_608' title='bbox 3407 3628 3527 3683; x_wconf 65' lang='lat' dir='ltr'><strong>qua:</strong></span> <span class='ocrx_word' id='word_1_609' title='bbox 3570 3628 3600 3667; x_wconf 90' lang='lat' dir='ltr'><strong>a</strong></span> 
     </span>
    </p>
   </div>
   <div class='ocr_carea' id='block_1_83' title="bbox 2019 3694 3552 3760">
    <p class='ocr_par' dir='ltr' id='par_1_83' title="bbox 2019 3694 3552 3760">
     <span class='ocr_line' id='line_1_83' title="bbox 2019 3694 3552 3760; baseline 0.007 -10"><span class='ocrx_word' id='word_1_610' title='bbox 2019 3696 2219 3751; x_wconf 89' lang='lat' dir='ltr'><strong>sanctis</strong></span> <span class='ocrx_word' id='word_1_611' title='bbox 2244 3694 2507 3750; x_wconf 87' lang='lat' dir='ltr'><strong>trecentis</strong></span> <span class='ocrx_word' id='word_1_612' title='bbox 2539 3702 2592 3752; x_wconf 90' lang='lat' dir='ltr'><strong>et</strong></span> <span class='ocrx_word' id='word_1_613' title='bbox 2622 3694 2922 3752; x_wconf 88' lang='lat' dir='ltr'><strong>octodecim</strong></span> <span class='ocrx_word' id='word_1_614' title='bbox 2950 3697 3199 3755; x_wconf 89' lang='lat' dir='ltr'><strong>Patribus</strong></span> <span class='ocrx_word' id='word_1_615' title='bbox 3230 3703 3422 3758; x_wconf 87' lang='lat' dir='ltr'><strong>tradita</strong></span> <span class='ocrx_word' id='word_1_616' title='bbox 3447 3714 3552 3760; x_wconf 87' lang='lat' dir='ltr'><strong>est.</strong></span> 
     </span>
    </p>
   </div>
   <div class='ocr_carea' id='block_1_84' title="bbox 2090 3785 3599 3862">
    <p class='ocr_par' dir='ltr' id='par_1_84' title="bbox 2090 3785 3599 3862">
     <span class='ocr_line' id='line_1_84' title="bbox 2090 3785 3599 3862; baseline 0.007 -21"><span class='ocrx_word' id='word_1_617' title='bbox 2090 3785 2221 3854; x_wconf 66' lang='lat' dir='ltr'><strong>Quae</strong></span> <span class='ocrx_word' id='word_1_618' title='bbox 2245 3801 2368 3842; x_wconf 87' lang='lat' dir='ltr'><strong>eum</strong></span> <span class='ocrx_word' id='word_1_619' title='bbox 2396 3786 2469 3841; x_wconf 89' lang='lat' dir='ltr'><strong>ita</strong></span> <span class='ocrx_word' id='word_1_620' title='bbox 2500 3801 2559 3842; x_wconf 88' lang='lat' dir='ltr'><strong>se</strong></span> <span class='ocrx_word' id='word_1_621' title='bbox 2588 3786 2839 3853; x_wconf 88' lang='lat' dir='ltr'><strong>habeant,</strong></span> <span class='ocrx_word' id='word_1_622' title='bbox 2869 3803 2996 3846; x_wconf 88' lang='lat' dir='ltr'><strong>sero</strong></span> <span class='ocrx_word' id='word_1_623' title='bbox 3023 3790 3239 3847; x_wconf 86' lang='lat' dir='ltr'><strong>tandem</strong></span> <span class='ocrx_word' id='word_1_624' title='bbox 3269 3796 3599 3862; x_wconf 79' lang='lat' dir='ltr'><strong>cognoscite,</strong></span> 
     </span>
    </p>
   </div>
   <div class='ocr_carea' id='block_1_85' title="bbox 2020 3878 3599 3959">
    <p class='ocr_par' dir='ltr' id='par_1_85' title="bbox 2020 3878 3599 3959">
     <span class='ocr_line' id='line_1_85' title="bbox 2020 3878 3599 3959; baseline 0.004 -23"><span class='ocrx_word' id='word_1_625' title='bbox 2020 3888 2140 3938; x_wconf 67' lang='lat' dir='ltr'><strong>uter</strong></span> <span class='ocrx_word' id='word_1_626' title='bbox 2164 3880 2367 3936; x_wconf 87' lang='lat' dir='ltr'><strong>rectius</strong></span> <span class='ocrx_word' id='word_1_627' title='bbox 2395 3887 2634 3935; x_wconf 83' lang='lat' dir='ltr'><strong>sanctam</strong></span> <span class='ocrx_word' id='word_1_628' title='bbox 2664 3878 3161 3939; x_wconf 81' lang='lat' dir='ltr'><strong>Chalcedonensem</strong></span> <span class='ocrx_word' id='word_1_629' title='bbox 3198 3892 3414 3940; x_wconf 82' lang='lat' dir='ltr'><strong>tueatur</strong></span> <span class='ocrx_word' id='word_1_630' title='bbox 3439 3903 3599 3959; x_wconf 82' lang='lat' dir='ltr'><strong>syno-</strong></span> 
     </span>
    </p>
   </div>
   <div class='ocr_carea' id='block_1_86' title="bbox 2018 3972 3600 4043">
    <p class='ocr_par' dir='ltr' id='par_1_86' title="bbox 2018 3972 3600 4043">
     <span class='ocr_line' id='line_1_86' title="bbox 2018 3972 3600 4043; baseline 0.004 -12"><span class='ocrx_word' id='word_1_631' title='bbox 2018 3973 2185 4039; x_wconf 88' lang='lat' dir='ltr'><strong>dum,</strong></span> <span class='ocrx_word' id='word_1_632' title='bbox 2215 3973 2332 4029; x_wconf 90' lang='lat' dir='ltr'><strong>isne</strong></span> <span class='ocrx_word' id='word_1_633' title='bbox 2355 3972 2448 4042; x_wconf 73' lang='lat' dir='ltr'><strong>qui</strong></span> <span class='ocrx_word' id='word_1_634' title='bbox 2470 3988 2591 4028; x_wconf 83' lang='lat' dir='ltr'><strong>eam</strong></span> <span class='ocrx_word' id='word_1_635' title='bbox 2630 3973 2881 4043; x_wconf 79' lang='lat' dir='ltr'><strong>praefatos</strong></span> <span class='ocrx_word' id='word_1_636' title='bbox 2907 3973 3005 4030; x_wconf 90' lang='lat' dir='ltr'><strong>SS.</strong></span> <span class='ocrx_word' id='word_1_637' title='bbox 3045 3975 3236 4032; x_wconf 86' lang='lat' dir='ltr'><strong>Patres</strong></span> <span class='ocrx_word' id='word_1_638' title='bbox 3264 3977 3493 4035; x_wconf 85' lang='lat' dir='ltr'><strong>Iideliter</strong></span> <span class='ocrx_word' id='word_1_639' title='bbox 3519 3996 3600 4036; x_wconf 90' lang='lat' dir='ltr'><strong>se-</strong></span> 
     </span>
    </p>
   </div>
   <div class='ocr_carea' id='block_1_87' title="bbox 2018 4061 3601 4142">
    <p class='ocr_par' dir='ltr' id='par_1_87' title="bbox 2018 4061 3601 4142">
     <span class='ocr_line' id='line_1_87' title="bbox 2018 4061 3601 4142; baseline 0.004 -22"><span class='ocrx_word' id='word_1_640' title='bbox 2018 4072 2221 4130; x_wconf 91' lang='lat' dir='ltr'><strong>cutam,</strong></span> <span class='ocrx_word' id='word_1_641' title='bbox 2249 4071 2398 4119; x_wconf 88' lang='lat' dir='ltr'><strong>recte</strong></span> <span class='ocrx_word' id='word_1_642' title='bbox 2419 4062 2666 4120; x_wconf 88' lang='lat' dir='ltr'><strong>universa</strong></span> <span class='ocrx_word' id='word_1_643' title='bbox 2697 4061 2971 4121; x_wconf 84' lang='lat' dir='ltr'><strong>deliniisse</strong></span> <span class='ocrx_word' id='word_1_644' title='bbox 2998 4068 3297 4137; x_wconf 88' lang='lat' dir='ltr'><strong>contendit,</strong></span> <span class='ocrx_word' id='word_1_645' title='bbox 3327 4084 3396 4125; x_wconf 93' lang='lat' dir='ltr'><strong>an</strong></span> <span class='ocrx_word' id='word_1_646' title='bbox 3438 4070 3484 4126; x_wconf 93' lang='lat' dir='ltr'><strong>is</strong></span> <span class='ocrx_word' id='word_1_647' title='bbox 3510 4072 3601 4142; x_wconf 86' lang='lat' dir='ltr'><strong>qui</strong></span> 
     </span>
    </p>
   </div>
   <div class='ocr_carea' id='block_1_88' title="bbox 2019 4156 3601 4228">
    <p class='ocr_par' dir='ltr' id='par_1_88' title="bbox 2019 4156 3601 4228">
     <span class='ocr_line' id='line_1_88' title="bbox 2019 4156 3601 4228; baseline 0.004 -17"><span class='ocrx_word' id='word_1_648' title='bbox 2019 4157 2068 4212; x_wconf 90' lang='lat' dir='ltr'><strong>ei</strong></span> <span class='ocrx_word' id='word_1_649' title='bbox 2098 4156 2329 4211; x_wconf 86' lang='lat' dir='ltr'><strong>tribuere</strong></span> <span class='ocrx_word' id='word_1_650' title='bbox 2355 4156 2546 4210; x_wconf 91' lang='lat' dir='ltr'><strong>nititur</strong></span> <span class='ocrx_word' id='word_1_651' title='bbox 2572 4156 2764 4226; x_wconf 86' lang='lat' dir='ltr'><strong>impios</strong></span> <span class='ocrx_word' id='word_1_652' title='bbox 2802 4156 3052 4228; x_wconf 86' lang='lat' dir='ltr'><strong>loquendi</strong></span> <span class='ocrx_word' id='word_1_653' title='bbox 3092 4159 3284 4215; x_wconf 88' lang='lat' dir='ltr'><strong>modos</strong></span> <span class='ocrx_word' id='word_1_654' title='bbox 3321 4161 3601 4219; x_wconf 59' lang='lat' dir='ltr'><strong>haeretico-</strong></span> 
     </span>
    </p>
   </div>
   <div class='ocr_carea' id='block_1_89' title="bbox 1982 4248 3602 4324">
    <p class='ocr_par' dir='ltr' id='par_1_89' title="bbox 1982 4248 3602 4324">
     <span class='ocr_line' id='line_1_89' title="bbox 1982 4248 3602 4324; baseline 0.004 -21"><span class='ocrx_word' id='word_1_655' title='bbox 1982 4250 2177 4322; x_wconf 41' lang='lat' dir='ltr'><strong>.rum?</strong></span> <span class='ocrx_word' id='word_1_656' title='bbox 2224 4248 2366 4303; x_wconf 87' lang='lat' dir='ltr'><strong>Fieri</strong></span> <span class='ocrx_word' id='word_1_657' title='bbox 2407 4262 2639 4317; x_wconf 81' lang='lat' dir='ltr'><strong>namque</strong></span> <span class='ocrx_word' id='word_1_658' title='bbox 2682 4248 2901 4304; x_wconf 87' lang='lat' dir='ltr'><strong>minime</strong></span> <span class='ocrx_word' id='word_1_659' title='bbox 2954 4258 3134 4319; x_wconf 85' lang='lat' dir='ltr'><strong>potest</strong></span> <span class='ocrx_word' id='word_1_660' title='bbox 3189 4256 3248 4306; x_wconf 79' lang='lat' dir='ltr'><strong>ut</strong></span> <span class='ocrx_word' id='word_1_661' title='bbox 3299 4255 3390 4322; x_wconf 90' lang='lat' dir='ltr'><strong>qui</strong></span> <span class='ocrx_word' id='word_1_662' title='bbox 3442 4270 3602 4324; x_wconf 87' lang='lat' dir='ltr'><strong>puras</strong></span> 
     </span>
    </p>
   </div>
   <div class='ocr_carea' id='block_1_90' title="bbox 2022 4338 3602 4413">
    <p class='ocr_par' dir='ltr' id='par_1_90' title="bbox 2022 4338 3602 4413">
     <span class='ocr_line' id='line_1_90' title="bbox 2022 4338 3602 4413; baseline 0.004 -20"><span class='ocrx_word' id='word_1_663' title='bbox 2022 4339 2221 4410; x_wconf 54' lang='lat' dir='ltr'><strong>prima:</strong></span> <span class='ocrx_word' id='word_1_664' title='bbox 2254 4338 2537 4410; x_wconf 70' lang='lat' dir='ltr'><strong>Ephesium</strong></span> <span class='ocrx_word' id='word_1_665' title='bbox 2584 4338 2776 4409; x_wconf 89' lang='lat' dir='ltr'><strong>synodi</strong></span> <span class='ocrx_word' id='word_1_666' title='bbox 2823 4340 3152 4405; x_wconf 87' lang='lat' dir='ltr'><strong>sanctiones,</strong></span> <span class='ocrx_word' id='word_1_667' title='bbox 3201 4343 3602 4413; x_wconf 84' lang='lat' dir='ltr'><strong>catholicasque</strong></span> 
     </span>
    </p>
   </div>
   <div class='ocr_carea' id='block_1_91' title="bbox 2022 4427 3599 4506">
    <p class='ocr_par' dir='ltr' id='par_1_91' title="bbox 2022 4427 3599 4506">
     <span class='ocr_line' id='line_1_91' title="bbox 2022 4427 3599 4506; baseline 0.003 -22"><span class='ocrx_word' id='word_1_668' title='bbox 2022 4444 2183 4486; x_wconf 85' lang='lat' dir='ltr'><strong>voces</strong></span> <span class='ocrx_word' id='word_1_669' title='bbox 2203 4429 2511 4491; x_wconf 86' lang='lat' dir='ltr'><strong>admittunt,</strong></span> <span class='ocrx_word' id='word_1_670' title='bbox 2540 4429 2740 4497; x_wconf 89' lang='lat' dir='ltr'><strong>quique</strong></span> <span class='ocrx_word' id='word_1_671' title='bbox 2767 4427 2862 4484; x_wconf 87' lang='lat' dir='ltr'><strong>SS.</strong></span> <span class='ocrx_word' id='word_1_672' title='bbox 2895 4427 2999 4484; x_wconf 80' lang='lat' dir='ltr'><strong>PP.</strong></span> <span class='ocrx_word' id='word_1_673' title='bbox 3036 4429 3406 4496; x_wconf 59' lang='lat' dir='ltr'><strong>Caelestinum,</strong></span> <span class='ocrx_word' id='word_1_674' title='bbox 3429 4433 3599 4506; x_wconf 84' lang='lat' dir='ltr'><strong>Cyril-</strong></span> 
     </span>
    </p>
   </div>
   <div class='ocr_carea' id='block_1_92' title="bbox 2021 4517 3592 4593">
    <p class='ocr_par' dir='ltr' id='par_1_92' title="bbox 2021 4517 3592 4593">
     <span class='ocr_line' id='line_1_92' title="bbox 2021 4517 3592 4593; baseline 0.003 -18"><span class='ocrx_word' id='word_1_675' title='bbox 2021 4520 2130 4575; x_wconf 90' lang='lat' dir='ltr'><strong>lum</strong></span> <span class='ocrx_word' id='word_1_676' title='bbox 2151 4559 2168 4586; x_wconf 91' lang='lat'><strong>,</strong></span> <span class='ocrx_word' id='word_1_677' title='bbox 2213 4519 2451 4575; x_wconf 89' lang='lat' dir='ltr'><strong>Leonem</strong></span> <span class='ocrx_word' id='word_1_678' title='bbox 2496 4534 2560 4573; x_wconf 90' lang='lat' dir='ltr'><strong>ac</strong></span> <span class='ocrx_word' id='word_1_679' title='bbox 2600 4517 3055 4589; x_wconf 77' lang='lat' dir='ltr'><strong>Chalcedonensis</strong></span> <span class='ocrx_word' id='word_1_680' title='bbox 3099 4523 3288 4593; x_wconf 83' lang='lat' dir='ltr'><strong>synodi</strong></span> <span class='ocrx_word' id='word_1_681' title='bbox 3332 4523 3592 4581; x_wconf 82' lang='lat' dir='ltr'><strong>deﬁnitio-</strong></span> 
     </span>
    </p>
   </div>
   <div class='ocr_carea' id='block_1_93' title="bbox 2023 4608 3600 4687">
    <p class='ocr_par' dir='ltr' id='par_1_93' title="bbox 2023 4608 3600 4687">
     <span class='ocr_line' id='line_1_93' title="bbox 2023 4608 3600 4687; baseline 0.001 -19"><span class='ocrx_word' id='word_1_682' title='bbox 2023 4626 2148 4668; x_wconf 85' lang='lat' dir='ltr'><strong>nem</strong></span> <span class='ocrx_word' id='word_1_683' title='bbox 2195 4609 2480 4679; x_wconf 89' lang='lat' dir='ltr'><strong>recipiunt,</strong></span> <span class='ocrx_word' id='word_1_684' title='bbox 2532 4608 2570 4663; x_wconf 92' lang='lat' dir='ltr'><strong>ii</strong></span> <span class='ocrx_word' id='word_1_685' title='bbox 2596 4608 2882 4668; x_wconf 79' lang='lat' dir='ltr'><strong>scelestam</strong></span> <span class='ocrx_word' id='word_1_686' title='bbox 2906 4624 3129 4679; x_wconf 85' lang='lat' dir='ltr'><strong>quoque</strong></span> <span class='ocrx_word' id='word_1_687' title='bbox 3167 4613 3235 4667; x_wconf 87' lang='lat' dir='ltr'><strong>ad</strong></span> <span class='ocrx_word' id='word_1_688' title='bbox 3268 4613 3458 4669; x_wconf 77' lang='lat' dir='ltr'><strong>Marini</strong></span> <span class='ocrx_word' id='word_1_689' title='bbox 3489 4616 3600 4687; x_wconf 75' lang='lat' dir='ltr'><strong>epi-</strong></span> 
     </span>
    </p>
   </div>
   <div class='ocr_carea' id='block_1_94' title="bbox 2022 4700 3600 4775">
    <p class='ocr_par' dir='ltr' id='par_1_94' title="bbox 2022 4700 3600 4775">
     <span class='ocr_line' id='line_1_94' title="bbox 2022 4700 3600 4775; baseline 0.001 -16"><span class='ocrx_word' id='word_1_690' title='bbox 2022 4702 2239 4770; x_wconf 88' lang='lat' dir='ltr'><strong>stolam,</strong></span> <span class='ocrx_word' id='word_1_691' title='bbox 2265 4715 2387 4755; x_wconf 86' lang='lat' dir='ltr'><strong>cum</strong></span> <span class='ocrx_word' id='word_1_692' title='bbox 2422 4700 2487 4759; x_wconf 84' lang='lat' dir='ltr'><strong>iis</strong></span> <span class='ocrx_word' id='word_1_693' title='bbox 2512 4714 2637 4768; x_wconf 71' lang='lat' dir='ltr'><strong>qua:</strong></span> <span class='ocrx_word' id='word_1_694' title='bbox 2661 4701 3084 4769; x_wconf 89' lang='lat' dir='ltr'><strong>percensuimus,</strong></span> <span class='ocrx_word' id='word_1_695' title='bbox 3114 4704 3335 4760; x_wconf 89' lang='lat' dir='ltr'><strong>omnino</strong></span> <span class='ocrx_word' id='word_1_696' title='bbox 3363 4721 3600 4775; x_wconf 77' lang='lat' dir='ltr'><strong>pugnan-</strong></span> 
     </span>
    </p>
   </div>
   <div class='ocr_carea' id='block_1_95' title="bbox 325 4774 1918 4869">
    <p class='ocr_par' dir='ltr' id='par_1_95' title="bbox 325 4797 1918 4867">
     <span class='ocr_line' id='line_1_95' title="bbox 325 4797 1918 4867; baseline 0 -12"><span class='ocrx_word' id='word_1_697' title='bbox 325 4802 446 4860; x_wconf 76' lang='grc' dir='ltr'><strong>τούς</strong></span> <span class='ocrx_word' id='word_1_698' title='bbox 466 4798 808 4864; x_wconf 76' lang='grc' dir='ltr'><strong>διδασκάλους</strong></span> <span class='ocrx_word' id='word_1_699' title='bbox 835 4810 926 4862; x_wconf 69' lang='grc' dir='ltr'><strong>τῆς</strong></span> <span class='ocrx_word' id='word_1_700' title='bbox 952 4802 1236 4867; x_wconf 77' lang='grc' dir='ltr'><strong>έκκλησίας,</strong></span> <span class='ocrx_word' id='word_1_701' title='bbox 1267 4802 1351 4860; x_wconf 81' lang='grc' dir='ltr'><strong>καὶ</strong></span> <span class='ocrx_word' id='word_1_702' title='bbox 1372 4802 1494 4861; x_wconf 78' lang='grc' dir='ltr'><strong>τοὺς</strong></span> <span class='ocrx_word' id='word_1_703' title='bbox 1520 4802 1587 4857; x_wconf 76' lang='grc' dir='ltr'><strong>τὰ</strong></span> <span class='ocrx_word' id='word_1_704' title='bbox 1614 4797 1813 4856; x_wconf 83' lang='grc' dir='ltr'><strong>έναντία</strong></span> <span class='ocrx_word' id='word_1_705' title='bbox 1842 4799 1918 4855; x_wconf 73' lang='grc' dir='ltr'><strong>δι-</strong></span> 
     </span>
    </p>
   </div>
   <div class='ocr_carea' id='block_1_96' title="bbox 2021 4774 3599 4869">
    <p class='ocr_par' dir='ltr' id='par_1_96' title="bbox 2023 4774 3599 4869">
     <span class='ocr_line' id='line_1_96' title="bbox 2023 4774 3599 4869; baseline 0.004 -20"><span class='ocrx_word' id='word_1_706' title='bbox 2023 4801 2128 4849; x_wconf 86' lang='lat' dir='ltr'><strong>tem</strong></span> <span class='ocrx_word' id='word_1_707' title='bbox 2159 4792 2459 4847; x_wconf 88' lang='lat' dir='ltr'><strong>admittant.</strong></span> <span class='ocrx_word' id='word_1_708' title='bbox 2505 4793 2636 4861; x_wconf 87' lang='lat' dir='ltr'><strong>Quis</strong></span> <span class='ocrx_word' id='word_1_709' title='bbox 2664 4795 2806 4850; x_wconf 84' lang='lat' dir='ltr'><strong>enim</strong></span> <span class='ocrx_word' id='word_1_710' title='bbox 2836 4794 3095 4853; x_wconf 64' lang='lat' dir='ltr'><strong>Ecclesiae</strong></span> <span class='ocrx_word' id='word_1_711' title='bbox 3120 4774 3408 4869; x_wconf 80' lang='lat' dir='ltr'><strong>magistros</strong></span> <span class='ocrx_word' id='word_1_712' title='bbox 3441 4774 3599 4869; x_wconf 82' lang='lat' dir='ltr'><strong>atque</strong></span> 
     </span>
    </p>
   </div>
   <div class='ocr_carea' id='block_1_97' title="bbox 322 4890 1917 4971">
    <p class='ocr_par' dir='ltr' id='par_1_97' title="bbox 322 4890 1917 4971">
     <span class='ocr_line' id='line_1_97' title="bbox 322 4890 1917 4971; baseline -0.001 -23"><span class='ocrx_word' id='word_1_713' title='bbox 322 4890 646 4957; x_wconf 68' lang='grc' dir='ltr'><strong>δάσκοντας,</strong></span> <span class='ocrx_word' id='word_1_714' title='bbox 672 4894 703 4954; x_wconf 78' lang='grc' dir='ltr'><strong><em>ἦ</em></strong></span> <span class='ocrx_word' id='word_1_715' title='bbox 743 4898 865 4956; x_wconf 83' lang='grc' dir='ltr'><strong>τούς</strong></span> <span class='ocrx_word' id='word_1_716' title='bbox 890 4894 1219 4971; x_wconf 76' lang='grc' dir='ltr'><strong>ὀρθοδόξους,</strong></span> <span class='ocrx_word' id='word_1_717' title='bbox 1267 4897 1354 4950; x_wconf 81' lang='grc' dir='ltr'><strong>καί</strong></span> <span class='ocrx_word' id='word_1_718' title='bbox 1379 4896 1500 4955; x_wconf 77' lang='grc' dir='ltr'><strong>τούς</strong></span> <span class='ocrx_word' id='word_1_719' title='bbox 1536 4895 1854 4968; x_wconf 81' lang='grc' dir='ltr'><strong>αίρετικούς,</strong></span> <span class='ocrx_word' id='word_1_720' title='bbox 1886 4895 1917 4955; x_wconf 75' lang='grc' dir='ltr'><strong>ἦ</strong></span> 
     </span>
    </p>
   </div>
   <div class='ocr_carea' id='block_1_98' title="bbox 320 4985 1921 5065">
    <p class='ocr_par' dir='ltr' id='par_1_98' title="bbox 320 4985 1921 5065">
     <span class='ocr_line' id='line_1_98' title="bbox 320 4985 1921 5065; baseline -0.001 -23"><span class='ocrx_word' id='word_1_721' title='bbox 320 4988 442 5045; x_wconf 81' lang='grc' dir='ltr'><strong>τούς</strong></span> <span class='ocrx_word' id='word_1_722' title='bbox 472 4986 940 5052; x_wconf 76' lang='grc' dir='ltr'><strong>καταδικάσαντας,</strong></span> <span class='ocrx_word' id='word_1_723' title='bbox 964 4991 1187 5050; x_wconf 78' lang='grc' dir='ltr'><strong>καὶτοὺς</strong></span> <span class='ocrx_word' id='word_1_724' title='bbox 1206 4989 1598 5065; x_wconf 76' lang='grc' dir='ltr'><strong>κατακριθέντας</strong></span> <span class='ocrx_word' id='word_1_725' title='bbox 1620 4985 1745 5057; x_wconf 81' lang='grc' dir='ltr'><strong>ὁμοῦ</strong></span> <span class='ocrx_word' id='word_1_726' title='bbox 1765 4985 1921 5042; x_wconf 81' lang='grc' dir='ltr'><strong>δύνα-</strong></span> 
     </span>
    </p>
   </div>
   <div class='ocr_carea' id='block_1_99' title="bbox 317 5076 1911 5155">
    <p class='ocr_par' dir='ltr' id='par_1_99' title="bbox 317 5076 1911 5155">
     <span class='ocr_line' id='line_1_99' title="bbox 317 5076 1911 5155; baseline 0 -21"><span class='ocrx_word' id='word_1_727' title='bbox 317 5099 408 5134; x_wconf 76' lang='grc' dir='ltr'><strong>ται</strong></span> <span class='ocrx_word' id='word_1_728' title='bbox 434 5076 705 5143; x_wconf 70' lang='grc' dir='ltr'><strong>δέξασθαις</strong></span> <span class='ocrx_word' id='word_1_729' title='bbox 749 5078 858 5136; x_wconf 80' lang='grc' dir='ltr'><strong>ἰνα</strong></span> <span class='ocrx_word' id='word_1_730' title='bbox 891 5079 945 5136; x_wconf 83' lang='grc' dir='ltr'><strong>δέ</strong></span> <span class='ocrx_word' id='word_1_731' title='bbox 982 5081 1287 5155; x_wconf 80' lang='grc' dir='ltr'><strong>τελειότερον</strong></span> <span class='ocrx_word' id='word_1_732' title='bbox 1312 5082 1377 5136; x_wconf 78' lang='grc' dir='ltr'><strong>τὰ</strong></span> <span class='ocrx_word' id='word_1_733' title='bbox 1404 5078 1491 5136; x_wconf 80' lang='grc' dir='ltr'><strong>διὰ</strong></span> <span class='ocrx_word' id='word_1_734' title='bbox 1517 5076 1661 5134; x_wconf 73' lang='grc' dir='ltr'><strong>ἰϐαν</strong></span> <span class='ocrx_word' id='word_1_735' title='bbox 1689 5082 1770 5134; x_wconf 83' lang='grc' dir='ltr'><strong>καί</strong></span> <span class='ocrx_word' id='word_1_736' title='bbox 1796 5089 1911 5135; x_wconf 86' lang='grc' dir='ltr'><strong>Θεο-</strong></span> 
     </span>
    </p>
   </div>
   <div class='ocr_carea' id='block_1_100' title="bbox 315 5169 1919 5246">
    <p class='ocr_par' dir='ltr' id='par_1_100' title="bbox 315 5169 1919 5246">
     <span class='ocr_line' id='line_1_100' title="bbox 315 5169 1919 5246; baseline -0.001 -20"><span class='ocrx_word' id='word_1_737' title='bbox 315 5169 539 5241; x_wconf 74' lang='grc' dir='ltr'><strong>δὼριτον</strong></span> <span class='ocrx_word' id='word_1_738' title='bbox 580 5174 880 5244; x_wconf 75' lang='grc' dir='ltr'><strong>κεκινημένα</strong></span> <span class='ocrx_word' id='word_1_739' title='bbox 933 5180 1120 5245; x_wconf 62' lang='grc' dir='ltr'><strong>γνῶτε,</strong></span> <span class='ocrx_word' id='word_1_740' title='bbox 1168 5175 1437 5246; x_wconf 73' lang='grc' dir='ltr'><strong>ἀναγκαῖον</strong></span> <span class='ocrx_word' id='word_1_741' title='bbox 1486 5172 1789 5243; x_wconf 67' lang='grc' dir='ltr'><strong>ἐνομίσαμεν</strong></span> <span class='ocrx_word' id='word_1_742' title='bbox 1837 5172 1919 5225; x_wconf 78' lang='grc' dir='ltr'><strong>καὶ</strong></span> 
     </span>
    </p>
   </div>
   <div class='ocr_carea' id='block_1_101' title="bbox 318 5265 975 5342">
    <p class='ocr_par' dir='ltr' id='par_1_101' title="bbox 318 5265 975 5342">
     <span class='ocr_line' id='line_1_101' title="bbox 318 5265 975 5342; baseline 0.002 -24"><span class='ocrx_word' id='word_1_743' title='bbox 318 5269 491 5318; x_wconf 76' lang='grc' dir='ltr'><strong>ταῦτα</strong></span> <span class='ocrx_word' id='word_1_744' title='bbox 514 5265 636 5333; x_wconf 81' lang='grc' dir='ltr'><strong>ύμῖν</strong></span> <span class='ocrx_word' id='word_1_745' title='bbox 664 5273 975 5342; x_wconf 76' lang='grc' dir='ltr'><strong>φανερῶσαι.</strong></span> 
     </span>
    </p>
   </div>
   <div class='ocr_carea' id='block_1_102' title="bbox 388 5351 1915 5429">
    <p class='ocr_par' dir='ltr' id='par_1_102' title="bbox 388 5351 1915 5429">
     <span class='ocr_line' id='line_1_102' title="bbox 388 5351 1915 5429; baseline -0.001 -21"><span class='ocrx_word' id='word_1_746' title='bbox 388 5358 661 5411; x_wconf 77' lang='grc' dir='ltr'><strong>Γινώσκετε</strong></span> <span class='ocrx_word' id='word_1_747' title='bbox 698 5360 866 5411; x_wconf 88' lang='grc' dir='ltr'><strong>τοίνυν</strong></span> <span class='ocrx_word' id='word_1_748' title='bbox 892 5354 971 5413; x_wconf 83' lang='grc' dir='ltr'><strong>ὅτι</strong></span> <span class='ocrx_word' id='word_1_749' title='bbox 1002 5358 1128 5412; x_wconf 86' lang='grc' dir='ltr'><strong>κατά</strong></span> <span class='ocrx_word' id='word_1_750' title='bbox 1159 5354 1428 5429; x_wconf 65' lang='grc' dir='ltr'><strong>διαφόρους</strong></span> <span class='ocrx_word' id='word_1_751' title='bbox 1457 5355 1668 5426; x_wconf 86' lang='grc' dir='ltr'><strong>καιρούς</strong></span> <span class='ocrx_word' id='word_1_752' title='bbox 1713 5351 1796 5408; x_wconf 76' lang='grc' dir='ltr'><strong>διὰ</strong></span> <span class='ocrx_word' id='word_1_753' title='bbox 1822 5358 1915 5412; x_wconf 79' lang='grc' dir='ltr'><strong>τήν</strong></span> 
     </span>
    </p>
   </div>
   <div class='ocr_carea' id='block_1_103' title="bbox 310 5444 1935 5519">
    <p class='ocr_par' dir='ltr' id='par_1_103' title="bbox 310 5444 1935 5519">
     <span class='ocr_line' id='line_1_103' title="bbox 310 5444 1935 5519; baseline -0.003 -19"><span class='ocrx_word' id='word_1_754' title='bbox 310 5445 559 5500; x_wconf 73' lang='grc' dir='ltr'><strong>ἀσέϐειαν</strong></span> <span class='ocrx_word' id='word_1_755' title='bbox 586 5445 854 5518; x_wconf 74' lang='grc' dir='ltr'><strong>Θεοδώρου</strong></span> <span class='ocrx_word' id='word_1_756' title='bbox 883 5450 963 5505; x_wconf 73' lang='grc' dir='ltr'><strong>καὶ</strong></span> <span class='ocrx_word' id='word_1_757' title='bbox 991 5448 1265 5519; x_wconf 82' lang='grc' dir='ltr'><strong>Νεστορίου</strong></span> <span class='ocrx_word' id='word_1_758' title='bbox 1301 5452 1392 5504; x_wconf 76' lang='grc' dir='ltr'><strong>τήν</strong></span> <span class='ocrx_word' id='word_1_759' title='bbox 1427 5452 1489 5519; x_wconf 74' lang='grc' dir='ltr'><strong>τῇ</strong></span> <span class='ocrx_word' id='word_1_760' title='bbox 1512 5446 1645 5519; x_wconf 84' lang='grc' dir='ltr'><strong>αύτῇ</strong></span> <span class='ocrx_word' id='word_1_761' title='bbox 1677 5444 1935 5517; x_wconf 72' lang='grc' dir='ltr'><strong>ἐπιστολῇ,</strong></span> 
     </span>
    </p>
   </div>
   <div class='ocr_carea' id='block_1_104' title="bbox 312 5532 1913 5611">
    <p class='ocr_par' dir='ltr' id='par_1_104' title="bbox 312 5532 1913 5611">
     <span class='ocr_line' id='line_1_104' title="bbox 312 5532 1913 5611; baseline -0.009 -12"><span class='ocrx_word' id='word_1_762' title='bbox 312 5538 714 5610; x_wconf 69' lang='grc' dir='ltr'><strong>περιεχομένην.</strong></span> <span class='ocrx_word' id='word_1_763' title='bbox 738 5540 825 5591; x_wconf 84' lang='grc' dir='ltr'><strong>καί</strong></span> <span class='ocrx_word' id='word_1_764' title='bbox 851 5535 938 5594; x_wconf 81' lang='grc' dir='ltr'><strong>διὰ</strong></span> <span class='ocrx_word' id='word_1_765' title='bbox 958 5539 1051 5598; x_wconf 80' lang='grc' dir='ltr'><strong>τὰς</strong></span> <span class='ocrx_word' id='word_1_766' title='bbox 1082 5536 1252 5611; x_wconf 79' lang='grc' dir='ltr'><strong>ὕϐρεις</strong></span> <span class='ocrx_word' id='word_1_767' title='bbox 1281 5538 1376 5596; x_wconf 80' lang='grc' dir='ltr'><strong>τὰς</strong></span> <span class='ocrx_word' id='word_1_768' title='bbox 1400 5537 1533 5589; x_wconf 82' lang='grc' dir='ltr'><strong>κατὰ</strong></span> <span class='ocrx_word' id='word_1_769' title='bbox 1559 5540 1651 5588; x_wconf 84' lang='grc' dir='ltr'><strong>τοῦ</strong></span> <span class='ocrx_word' id='word_1_770' title='bbox 1677 5535 1724 5587; x_wconf 79' lang='grc' dir='ltr'><strong>ἐν</strong></span> <span class='ocrx_word' id='word_1_771' title='bbox 1752 5532 1913 5605; x_wconf 72' lang='grc' dir='ltr'><strong>ἁγίοις</strong></span> 
     </span>
    </p>
   </div>
   <div class='ocr_carea' id='block_1_105' title="bbox 312 5626 1906 5700">
    <p class='ocr_par' dir='ltr' id='par_1_105' title="bbox 312 5626 1906 5700">
     <span class='ocr_line' id='line_1_105' title="bbox 312 5626 1906 5700; baseline 0.002 -22"><span class='ocrx_word' id='word_1_772' title='bbox 312 5626 559 5698; x_wconf 57' lang='lat' dir='ltr'><strong>(apium:</strong></span> <span class='ocrx_word' id='word_1_773' title='bbox 601 5630 689 5681; x_wconf 80' lang='grc' dir='ltr'><strong>καί</strong></span> <span class='ocrx_word' id='word_1_774' title='bbox 724 5635 824 5683; x_wconf 79' lang='grc' dir='ltr'><strong>τῶν</strong></span> <span class='ocrx_word' id='word_1_775' title='bbox 848 5629 1005 5683; x_wconf 75' lang='grc' dir='ltr'><strong>αύτοῦ</strong></span> <span class='ocrx_word' id='word_1_776' title='bbox 1040 5628 1321 5700; x_wconf 64' lang='grc' dir='ltr'><strong>κεφαλαίων.</strong></span> <span class='ocrx_word' id='word_1_777' title='bbox 1349 5626 1648 5697; x_wconf 80' lang='grc' dir='ltr'><strong>λεχθείσας.</strong></span> <span class='ocrx_word' id='word_1_778' title='bbox 1691 5642 1906 5693; x_wconf 70' lang='grc' dir='ltr'><strong>κατηγο·</strong></span> 
     </span>
    </p>
   </div>
   <div class='ocr_carea' id='block_1_106' title="bbox 1887 5712 1905 5743">
    <p class='ocr_par' dir='ltr' id='par_1_106' title="bbox 1887 5712 1905 5743">
     <span class='ocr_line' id='line_1_106' title="bbox 1887 5712 1905 5743; baseline 0 0"><span class='ocrx_word' id='word_1_779' title='bbox 1887 5712 1905 5743; x_wconf 85' lang='grc' dir='ltr'><strong>ε</strong></span> 
     </span>
    </p>
   </div>
   <div class='ocr_carea' id='block_1_107' title="bbox 313 5715 1937 5794">
    <p class='ocr_par' dir='ltr' id='par_1_107' title="bbox 313 5715 1937 5794">
     <span class='ocr_line' id='line_1_107' title="bbox 313 5715 1937 5794; baseline -0.006 -18"><span class='ocrx_word' id='word_1_780' title='bbox 313 5718 554 5788; x_wconf 57' lang='grc' dir='ltr'><strong>ῥηθέντος</strong></span> <span class='ocrx_word' id='word_1_781' title='bbox 574 5716 693 5779; x_wconf 75' lang='grc' dir='ltr'><strong>ἰϐα</strong></span> <span class='ocrx_word' id='word_1_782' title='bbox 719 5721 864 5794; x_wconf 73' lang='grc' dir='ltr'><strong>παρὰ</strong></span> <span class='ocrx_word' id='word_1_783' title='bbox 897 5718 1151 5790; x_wconf 86' lang='grc' dir='ltr'><strong>Θεοδοσίῳ</strong></span> <span class='ocrx_word' id='word_1_784' title='bbox 1184 5726 1258 5791; x_wconf 77' lang='grc' dir='ltr'><strong>τῷ</strong></span> <span class='ocrx_word' id='word_1_785' title='bbox 1286 5726 1377 5778; x_wconf 80' lang='grc' dir='ltr'><strong>τῆς</strong></span> <span class='ocrx_word' id='word_1_786' title='bbox 1403 5716 1646 5775; x_wconf 79' lang='grc' dir='ltr'><strong>εὐσεϐοῦς</strong></span> <span class='ocrx_word' id='word_1_787' title='bbox 1674 5715 1859 5779; x_wconf 49' lang='grc' dir='ltr'><strong>λήξεως</strong></span> <span class='ocrx_word' id='word_1_788' title='bbox 1887 5715 1905 5743; x_wconf 83' lang='grc'>¹</span> <span class='ocrx_word' id='word_1_789' title='bbox 1930 5759 1937 5767; x_wconf 89' lang='grc'><strong>.</strong></span> 
     </span>
    </p>
   </div>
   <div class='ocr_carea' id='block_1_108' title="bbox 314 5806 1906 5889">
    <p class='ocr_par' dir='ltr' id='par_1_108' title="bbox 314 5806 1906 5889">
     <span class='ocr_line' id='line_1_108' title="bbox 314 5806 1906 5889; baseline -0.005 -20"><span class='ocrx_word' id='word_1_790' title='bbox 314 5810 528 5869; x_wconf 74' lang='grc' dir='ltr'><strong>βασιλεῖ</strong></span> <span class='ocrx_word' id='word_1_791' title='bbox 534 5852 551 5872; x_wconf 87' lang='grc'><strong>.</strong></span> <span class='ocrx_word' id='word_1_792' title='bbox 579 5814 664 5865; x_wconf 80' lang='grc' dir='ltr'><strong>καί</strong></span> <span class='ocrx_word' id='word_1_793' title='bbox 698 5814 842 5889; x_wconf 76' lang='grc' dir='ltr'><strong>παρὰ</strong></span> <span class='ocrx_word' id='word_1_794' title='bbox 878 5813 1081 5889; x_wconf 74' lang='grc' dir='ltr'><strong>Πρόκλῳ</strong></span> <span class='ocrx_word' id='word_1_795' title='bbox 1112 5820 1186 5883; x_wconf 79' lang='grc' dir='ltr'><strong>τῷ</strong></span> <span class='ocrx_word' id='word_1_796' title='bbox 1225 5813 1276 5866; x_wconf 81' lang='grc' dir='ltr'><strong>έν</strong></span> <span class='ocrx_word' id='word_1_797' title='bbox 1321 5809 1481 5881; x_wconf 69' lang='grc' dir='ltr'><strong>ἁγίοις</strong></span> <span class='ocrx_word' id='word_1_798' title='bbox 1508 5806 1906 5882; x_wconf 80' lang='grc' dir='ltr'><strong>ἀρχιεπισκόπῳ</strong></span> 
     </span>
    </p>
   </div>
   <div class='ocr_carea' id='block_1_109' title="bbox 403 5898 1649 5983">
    <p class='ocr_par' dir='ltr' id='par_1_109' title="bbox 403 5898 1649 5983">
     <span class='ocr_line' id='line_1_109' title="bbox 403 5898 1649 5983; baseline -0.004 -26"><span class='ocrx_word' id='word_1_799' title='bbox 403 5903 421 5934; x_wconf 81' lang='grc'>⁸</span> <span class='ocrx_word' id='word_1_800' title='bbox 462 5899 564 5957; x_wconf 75' lang='lat' dir='ltr'><strong>Vel</strong></span> <span class='ocrx_word' id='word_1_801' title='bbox 589 5903 785 5970; x_wconf 71' lang='grc' dir='ltr'><strong>λέξεως.</strong></span> <span class='ocrx_word' id='word_1_802' title='bbox 810 5905 1021 5983; x_wconf 77' lang='grc' dir='ltr'><strong>Πρόκλος</strong></span> <span class='ocrx_word' id='word_1_803' title='bbox 1048 5920 1382 5962; x_wconf 72' lang='grc' dir='ltr'><strong>κωνσταντιν.</strong></span> <span class='ocrx_word' id='word_1_804' title='bbox 1407 5898 1649 5975; x_wconf 66' lang='grc' dir='ltr'><strong>Ἄρχιεπ.</strong></span> 
     </span>
    </p>
   </div>
   <div class='ocr_carea' id='block_1_110' title="bbox 2020 4884 3627 4960">
    <p class='ocr_par' dir='ltr' id='par_1_110' title="bbox 2020 4884 3627 4960">
     <span class='ocr_line' id='line_1_110' title="bbox 2020 4884 3627 4960; baseline 0.002 -19"><span class='ocrx_word' id='word_1_805' title='bbox 2020 4885 2287 4941; x_wconf 88' lang='lat' dir='ltr'><strong>contraria</strong></span> <span class='ocrx_word' id='word_1_806' title='bbox 2318 4884 2576 4942; x_wconf 87' lang='lat' dir='ltr'><strong>docentes</strong></span> <span class='ocrx_word' id='word_1_807' title='bbox 2595 4887 2680 4944; x_wconf 77' lang='lat' dir='ltr'><strong>vel</strong></span> <span class='ocrx_word' id='word_1_808' title='bbox 2702 4888 3036 4945; x_wconf 82' lang='lat' dir='ltr'><strong>orthodoxos</strong></span> <span class='ocrx_word' id='word_1_809' title='bbox 3061 4891 3219 4947; x_wconf 88' lang='lat' dir='ltr'><strong>simul</strong></span> <span class='ocrx_word' id='word_1_810' title='bbox 3244 4899 3405 4960; x_wconf 78' lang='lat' dir='ltr'><strong>atque</strong></span> <span class='ocrx_word' id='word_1_811' title='bbox 3434 4892 3595 4946; x_wconf 70' lang='lat' dir='ltr'><strong>hatrc-</strong></span> <span class='ocrx_word' id='word_1_812' title='bbox 3624 4938 3627 4939; x_wconf 37' lang='grc' dir='ltr'><strong>ν</strong></span> 
     </span>
    </p>
   </div>
   <div class='ocr_carea' id='block_1_111' title="bbox 2022 4976 3601 5044">
    <p class='ocr_par' dir='ltr' id='par_1_111' title="bbox 2022 4976 3601 5044">
     <span class='ocr_line' id='line_1_111' title="bbox 2022 4976 3601 5044; baseline 0.006 -14"><span class='ocrx_word' id='word_1_813' title='bbox 2022 4976 2174 5044; x_wconf 90' lang='lat' dir='ltr'><strong>ticos,</strong></span> <span class='ocrx_word' id='word_1_814' title='bbox 2226 4976 2310 5031; x_wconf 88' lang='lat' dir='ltr'><strong>vel</strong></span> <span class='ocrx_word' id='word_1_815' title='bbox 2359 4976 2747 5036; x_wconf 88' lang='lat' dir='ltr'><strong>condemnatos</strong></span> <span class='ocrx_word' id='word_1_816' title='bbox 2798 4995 2905 5035; x_wconf 89' lang='lat' dir='ltr'><strong>una</strong></span> <span class='ocrx_word' id='word_1_817' title='bbox 2954 4996 3075 5037; x_wconf 88' lang='lat' dir='ltr'><strong>cum</strong></span> <span class='ocrx_word' id='word_1_818' title='bbox 3123 4981 3601 5039; x_wconf 74' lang='lat' dir='ltr'><strong>condemnantibus</strong></span> 
     </span>
    </p>
   </div>
   <div class='ocr_carea' id='block_1_112' title="bbox 2018 5066 3599 5140">
    <p class='ocr_par' dir='ltr' id='par_1_112' title="bbox 2018 5066 3599 5140">
     <span class='ocr_line' id='line_1_112' title="bbox 2018 5066 3599 5140; baseline 0.004 -20"><span class='ocrx_word' id='word_1_819' title='bbox 2018 5067 2196 5121; x_wconf 87' lang='lat' dir='ltr'><strong>valeat</strong></span> <span class='ocrx_word' id='word_1_820' title='bbox 2213 5067 2498 5137; x_wconf 89' lang='lat' dir='ltr'><strong>amplecti?</strong></span> <span class='ocrx_word' id='word_1_821' title='bbox 2518 5066 2804 5135; x_wconf 70' lang='lat' dir='ltr'><strong>Caeterum,</strong></span> <span class='ocrx_word' id='word_1_822' title='bbox 2833 5078 2892 5125; x_wconf 93' lang='lat' dir='ltr'><strong>ut</strong></span> <span class='ocrx_word' id='word_1_823' title='bbox 2917 5071 3124 5140; x_wconf 90' lang='lat' dir='ltr'><strong>plenius</strong></span> <span class='ocrx_word' id='word_1_824' title='bbox 3143 5087 3206 5126; x_wconf 88' lang='lat' dir='ltr'><strong>ea</strong></span> <span class='ocrx_word' id='word_1_825' title='bbox 3225 5087 3344 5140; x_wconf 72' lang='lat' dir='ltr'><strong>qua:</strong></span> <span class='ocrx_word' id='word_1_826' title='bbox 3366 5088 3397 5126; x_wconf 89' lang='lat' dir='ltr'><strong>a</strong></span> <span class='ocrx_word' id='word_1_827' title='bbox 3419 5072 3461 5126; x_wconf 85' lang='grc' dir='ltr'>Τ</span> <span class='ocrx_word' id='word_1_828' title='bbox 3465 5073 3599 5127; x_wconf 83' lang='lat' dir='ltr'><strong>beo-</strong></span> 
     </span>
    </p>
   </div>
   <div class='ocr_carea' id='block_1_113' title="bbox 2020 5156 3602 5231">
    <p class='ocr_par' dir='ltr' id='par_1_113' title="bbox 2020 5156 3602 5231">
     <span class='ocr_line' id='line_1_113' title="bbox 2020 5156 3602 5231; baseline 0.004 -20"><span class='ocrx_word' id='word_1_829' title='bbox 2020 5156 2211 5212; x_wconf 89' lang='lat' dir='ltr'><strong>doreto</strong></span> <span class='ocrx_word' id='word_1_830' title='bbox 2241 5166 2297 5213; x_wconf 90' lang='lat' dir='ltr'><strong>et</strong></span> <span class='ocrx_word' id='word_1_831' title='bbox 2319 5156 2411 5211; x_wconf 85' lang='lat' dir='ltr'><strong>lha</strong></span> <span class='ocrx_word' id='word_1_832' title='bbox 2442 5160 2653 5214; x_wconf 88' lang='lat' dir='ltr'><strong>turbata</strong></span> <span class='ocrx_word' id='word_1_833' title='bbox 2683 5169 2806 5215; x_wconf 92' lang='lat' dir='ltr'><strong>sunt</strong></span> <span class='ocrx_word' id='word_1_834' title='bbox 2834 5160 3160 5228; x_wconf 87' lang='lat' dir='ltr'><strong>intelligatis,</strong></span> <span class='ocrx_word' id='word_1_835' title='bbox 3191 5161 3305 5217; x_wconf 65' lang='lat' dir='ltr'><strong>haec</strong></span> <span class='ocrx_word' id='word_1_836' title='bbox 3333 5161 3436 5216; x_wconf 88' lang='lat' dir='ltr'><strong>alia</strong></span> <span class='ocrx_word' id='word_1_837' title='bbox 3465 5179 3602 5231; x_wconf 84' lang='lat' dir='ltr'><strong>quo-</strong></span> 
     </span>
    </p>
   </div>
   <div class='ocr_carea' id='block_1_114' title="bbox 2021 5248 3597 5318">
    <p class='ocr_par' dir='ltr' id='par_1_114' title="bbox 2021 5248 3597 5318">
     <span class='ocr_line' id='line_1_114' title="bbox 2021 5248 3597 5318; baseline 0.002 -15"><span class='ocrx_word' id='word_1_838' title='bbox 2021 5261 2127 5317; x_wconf 90' lang='lat' dir='ltr'><strong>que</strong></span> <span class='ocrx_word' id='word_1_839' title='bbox 2156 5248 2307 5303; x_wconf 85' lang='lat' dir='ltr'><strong>vobis</strong></span> <span class='ocrx_word' id='word_1_840' title='bbox 2334 5262 2607 5318; x_wconf 79' lang='lat' dir='ltr'><strong>exponere</strong></span> <span class='ocrx_word' id='word_1_841' title='bbox 2647 5263 2826 5318; x_wconf 74' lang='lat' dir='ltr'><strong>opera:</strong></span> <span class='ocrx_word' id='word_1_842' title='bbox 2878 5249 3108 5318; x_wconf 85' lang='lat' dir='ltr'><strong>pretiqu</strong></span> <span class='ocrx_word' id='word_1_843' title='bbox 3157 5249 3597 5306; x_wconf 83' lang='lat' dir='ltr'><strong>existimavimus.</strong></span> 
     </span>
    </p>
   </div>
   <div class='ocr_carea' id='block_1_115' title="bbox 2056 5337 3602 5409">
    <p class='ocr_par' dir='ltr' id='par_1_115' title="bbox 2056 5337 3602 5409">
     <span class='ocr_line' id='line_1_115' title="bbox 2056 5337 3602 5409; baseline 0.001 -13"><span class='ocrx_word' id='word_1_844' title='bbox 2056 5337 2358 5397; x_wconf 85' lang='lat' dir='ltr'><strong>-Noveritis</strong></span> <span class='ocrx_word' id='word_1_845' title='bbox 2402 5339 2616 5407; x_wconf 87' lang='lat' dir='ltr'><strong>itaque,</strong></span> <span class='ocrx_word' id='word_1_846' title='bbox 2660 5338 2804 5409; x_wconf 89' lang='lat' dir='ltr'><strong>quod</strong></span> <span class='ocrx_word' id='word_1_847' title='bbox 2840 5352 2960 5393; x_wconf 90' lang='lat' dir='ltr'><strong>cum</strong></span> <span class='ocrx_word' id='word_1_848' title='bbox 3000 5338 3224 5394; x_wconf 83' lang='lat' dir='ltr'><strong>diversis</strong></span> <span class='ocrx_word' id='word_1_849' title='bbox 3273 5341 3602 5409; x_wconf 85' lang='lat' dir='ltr'><strong>temporibus</strong></span> 
     </span>
    </p>
   </div>
   <div class='ocr_carea' id='block_1_116' title="bbox 2021 5427 3602 5499">
    <p class='ocr_par' dir='ltr' id='par_1_116' title="bbox 2021 5427 3602 5499">
     <span class='ocr_line' id='line_1_116' title="bbox 2021 5427 3602 5499; baseline 0.001 -13"><span class='ocrx_word' id='word_1_850' title='bbox 2021 5440 2301 5486; x_wconf 87' lang='lat' dir='ltr'><strong>accusatus</strong></span> <span class='ocrx_word' id='word_1_851' title='bbox 2349 5437 2495 5485; x_wconf 75' lang='lat' dir='ltr'><strong>esset</strong></span> <span class='ocrx_word' id='word_1_852' title='bbox 2544 5428 2661 5483; x_wconf 91' lang='lat' dir='ltr'><strong>lbas</strong></span> <span class='ocrx_word' id='word_1_853' title='bbox 2715 5428 2856 5499; x_wconf 90' lang='lat' dir='ltr'><strong>apud</strong></span> <span class='ocrx_word' id='word_1_854' title='bbox 2911 5427 3161 5497; x_wconf 78' lang='lat' dir='ltr'><strong>piissinue</strong></span> <span class='ocrx_word' id='word_1_855' title='bbox 3214 5430 3602 5488; x_wconf 79' lang='lat' dir='ltr'><strong>recordationis</strong></span> 
     </span>
    </p>
   </div>
   <div class='ocr_carea' id='block_1_117' title="bbox 2019 5515 3600 5590">
    <p class='ocr_par' dir='ltr' id='par_1_117' title="bbox 2019 5515 3600 5590">
     <span class='ocr_line' id='line_1_117' title="bbox 2019 5515 3600 5590; baseline 0.001 -14"><span class='ocrx_word' id='word_1_856' title='bbox 2019 5535 2200 5590; x_wconf 81' lang='lat' dir='ltr'><strong>regem</strong></span> <span class='ocrx_word' id='word_1_857' title='bbox 2223 5515 2607 5587; x_wconf 85' lang='lat' dir='ltr'><strong>Theodosium,</strong></span> <span class='ocrx_word' id='word_1_858' title='bbox 2640 5521 2709 5575; x_wconf 92' lang='lat' dir='ltr'><strong>ob</strong></span> <span class='ocrx_word' id='word_1_859' title='bbox 2737 5519 3113 5575; x_wconf 71' lang='lat' dir='ltr'><strong>Nestor-ianum</strong></span> <span class='ocrx_word' id='word_1_860' title='bbox 3140 5520 3600 5581; x_wconf 80' lang='lat' dir='ltr'><strong>Theodorianatn-</strong></span> 
     </span>
    </p>
   </div>
   <div class='ocr_carea' id='block_1_118' title="bbox 2019 5611 3600 5684">
    <p class='ocr_par' dir='ltr' id='par_1_118' title="bbox 2019 5611 3600 5684">
     <span class='ocr_line' id='line_1_118' title="bbox 2019 5611 3600 5684; baseline 0 -17"><span class='ocrx_word' id='word_1_861' title='bbox 2019 5629 2125 5684; x_wconf 90' lang='lat' dir='ltr'><strong>qne</strong></span> <span class='ocrx_word' id='word_1_862' title='bbox 2160 5612 2490 5682; x_wconf 86' lang='lat' dir='ltr'><strong>impietatem</strong></span> <span class='ocrx_word' id='word_1_863' title='bbox 2528 5611 2582 5665; x_wconf 91' lang='lat' dir='ltr'><strong>in</strong></span> <span class='ocrx_word' id='word_1_864' title='bbox 2621 5625 2717 5665; x_wconf 84' lang='lat' dir='ltr'><strong>sua</strong></span> <span class='ocrx_word' id='word_1_865' title='bbox 2770 5625 2833 5664; x_wconf 88' lang='lat' dir='ltr'><strong>ca</strong></span> <span class='ocrx_word' id='word_1_866' title='bbox 2887 5611 3115 5682; x_wconf 86' lang='lat' dir='ltr'><strong>epistola</strong></span> <span class='ocrx_word' id='word_1_867' title='bbox 3162 5622 3490 5677; x_wconf 82' lang='lat' dir='ltr'><strong>contentam,</strong></span> <span class='ocrx_word' id='word_1_868' title='bbox 3538 5628 3600 5668; x_wconf 83' lang='lat' dir='ltr'><strong>ac</strong></span> 
     </span>
    </p>
   </div>
   <div class='ocr_carea' id='block_1_119' title="bbox 2012 5704 3599 5780">
    <p class='ocr_par' dir='ltr' id='par_1_119' title="bbox 2012 5704 3599 5780">
     <span class='ocr_line' id='line_1_119' title="bbox 2012 5704 3599 5780; baseline -0.001 -17"><span class='ocrx_word' id='word_1_869' title='bbox 2012 5715 2236 5780; x_wconf 87' lang='lat' dir='ltr'><strong>propter</strong></span> <span class='ocrx_word' id='word_1_870' title='bbox 2278 5704 2636 5760; x_wconf 87' lang='lat' dir='ltr'><strong>contumelias</strong></span> <span class='ocrx_word' id='word_1_871' title='bbox 2674 5704 2726 5758; x_wconf 92' lang='lat' dir='ltr'><strong>in</strong></span> <span class='ocrx_word' id='word_1_872' title='bbox 2777 5715 3019 5762; x_wconf 85' lang='lat' dir='ltr'><strong>sanctum</strong></span> <span class='ocrx_word' id='word_1_873' title='bbox 3068 5705 3325 5780; x_wconf 88' lang='lat' dir='ltr'><strong>Cyrillum</strong></span> <span class='ocrx_word' id='word_1_874' title='bbox 3375 5706 3599 5776; x_wconf 86' lang='lat' dir='ltr'><strong>ejusque</strong></span> 
     </span>
    </p>
   </div>
   <div class='ocr_carea' id='block_1_120' title="bbox 2015 5795 3595 5873">
    <p class='ocr_par' dir='ltr' id='par_1_120' title="bbox 2015 5795 3595 5873">
     <span class='ocr_line' id='line_1_120' title="bbox 2015 5795 3595 5873; baseline -0.001 -16"><span class='ocrx_word' id='word_1_875' title='bbox 2015 5796 2245 5873; x_wconf 84' lang='lat' dir='ltr'><strong>capitula</strong></span> <span class='ocrx_word' id='word_1_876' title='bbox 2292 5795 2549 5869; x_wconf 85' lang='lat' dir='ltr'><strong>prolatas,</strong></span> <span class='ocrx_word' id='word_1_877' title='bbox 2580 5805 2638 5855; x_wconf 90' lang='lat' dir='ltr'><strong>et</strong></span> <span class='ocrx_word' id='word_1_878' title='bbox 2676 5797 2818 5868; x_wconf 81' lang='lat' dir='ltr'><strong>apud</strong></span> <span class='ocrx_word' id='word_1_879' title='bbox 2867 5797 3113 5857; x_wconf 77' lang='lat' dir='ltr'><strong>Proelum</strong></span> <span class='ocrx_word' id='word_1_880' title='bbox 3161 5808 3409 5855; x_wconf 84' lang='lat' dir='ltr'><strong>sanctum</strong></span> <span class='ocrx_word' id='word_1_881' title='bbox 3446 5796 3595 5855; x_wconf 53' lang='lat' dir='ltr'><strong>Cum</strong></span> 
     </span>
    </p>
   </div>
  </div>
