4000 6186
594 377 700 434 515

1968 377 2261 437 \'lGlLIUS
2301 380 2498 437 PAPA.

595 499 1194 565 κωνσταντινουπόλεως,
1254 501 1339 554 καί
1384 503 1526 576 παρά
1572 498 1827 575 διαφόροις
1859 497 2175 575 ’Δντιοχείας

2283 501 2710 571 stantinopoleos
2735 501 3219 573 archiepiscopum,
3258 509 3421 574 atque
3447 500 3592 573 apud
3626 516 3770 570 conn

592 590 1053 660 ἀρχιεπισκόποις,
1090 591 1368 645 τελευταῖον
1404 594 1549 666 παρά
1580 597 1673 646 τοῦ
1701 593 1857 646 αὐτοῦ
1895 589 2175 665 βασιλέως,

593 690 677 739 καί
700 688 975 740 Maxumum?
998 688 1127 756 μετά
1154 686 1362 763 Πρόκλον
1390 693 1478 742 τοῦ
1505 688 1553 739 ἐν
1579 685 1741 758 ἀγίοις
1761 685 2179 759 ἀρχιεπισκόπου

593 778 1160 840 κωνσταντινουπόλεως
1201 780 1499 851 γενομένου,
1536 780 1815 846 ἀπενεμηθη
1857 779 1888 834 ἦ
1919 778 2179 846 κινουμένη

592 867 703 927 δίκη
731 870 865 925 κατά
891 876 981 924 τοῦ
1016 872 1173 924 αὐτοῦ
1197 867 1340 931 Ἴδα,
1368 872 1541 940 Φωτίῳ
1576 869 1841 938 ἐπισκέπῳ
1871 869 2068 941 Τύρου,
2097 870 2181 920 καί

590 962 851 1032 Εύσταθίῳ
880 956 1148 1031 ἑπισκόπῳ
1187 965 1443 1032 Βηρυτοῦ,
1475 958 1598 1029 παρ’
1625 955 1696 1019 οἷς
1731 960 1849 1035 περί
1875 978 1929 1011 τε
1955 961 2179 1018 πίστεως

590 1053 907 1126 κατηγορήθη
935 1051 959 1105 ὁ
991 1050 1143 1110 αὐτὸς
1171 1047 1345 1113 Ἴδας,
1374 1050 1460 1102 καί
1488 1050 1607 1124 περί
1634 1047 1830 1122 ὕϐρεων
1859 1048 1985 1100 κατά
2012 1052 2102 1101 τοῦ
2133 1047 2180 1099 ἐν

590 1142 754 1215 ἀγίοις
800 1142 1035 1214 ιίυρίλλου
1083 1141 1375 1212 γινομένων.
1422 1144 1636 1196 Ἐκεῖνος
1680 1134 1734 1190 δὲ
1779 1133 2181 1208 ἀπολογούμενος·

589 1234 911 1308 ἀπεκρίνατο.
941 1230 1095 1303 μηδὲν
1121 1230 1368 1301 ύϐριστόν
1388 1230 1519 1299 μετά
1543 1233 1632 1286 τὴν
1654 1228 1831 1282 ἕνωσιν
1857 1233 1948 1286 τὴν
1975 1230 2179 1300 γενομέ-

588 1347 674 1384 νην
700 1327 889 1396 μεταξύ
926 1333 1026 1380 τῶν
1049 1324 1401 1385 ⁹Δνατολικῶν,
1432 1322 1519 1375 καί
1556 1327 1640 1375 τοῦ
1668 1321 1721 1375 ἰν
1746 1319 1907 1391 ἀγίοις
1938 1322 2176 1394 Κυρίλλου

589 1420 775 1481 ε’πεῖν,
809 1416 840 1476 ἢ
864 1416 1060 1491 γράψαι
1097 1416 1207 1470 κατ’
1248 1416 1430 1469 αὐτοῦ.
1463 1422 1515 1467 Ἦ
1556 1410 1612 1468 δὲ
1649 1414 1867 1487 μυσαρά
1905 1412 2037 1469 αὕτη
2070 1414 2179 1467 ἔπι-

588 1507 746 1565 στολη
767 1509 799 1565 ἡ
816 1505 1222 1582 προκομισθεῖσα
1241 1505 1382 1580 παρά
1401 1509 1503 1557 τῶν
1523 1503 1817 1578 κατηγόρων
1841 1503 1998 1558 αύτοῦ
2039 1500 2184 1561 δηλοῖ

593 1595 674 1653 ὅτι
700 1599 833 1669 μετά
861 1603 950 1657 τήν
974 1597 1154 1652 ἕνωσιν
1179 1598 1486 1673 γέγραπται.

662 1787 922 1841 Δείκννται
948 1786 1115 1841 τοίνυν
1141 1782 1285 1845 Ἰϐας
1325 1786 1380 1839 ἐκ
1404 1793 1495 1847 τῆς
1524 1786 1713 1846 οἰκείας
1742 1785 2057 1845 καταθέσεως
2086 1788 2175 1844 τὴν

2280 610 2369 651 res
2396 595 2693 651 Antiochia:
2727 596 3162 667 archiepiscotios
3182 634 3198 661 ,
3246 594 3536 651 novissime
3581 602 3771 648 autem

2281 688 2471 744 eodem
2499 702 2646 757 rege,
2678 704 2743 744 ac
2770 688 3052 756 Flaviano,
3100 688 3193 757 qui
3224 686 3414 743 Proclo
3463 689 3519 741 in
3564 686 3772 741 Consta

2282 780 2594 850 nopolitana
2620 780 2748 835 sede
2774 794 3054 836 successor
3082 778 3336 834 suffectus
3377 777 3493 841 fuit,
3543 778 3758 847 judicio

2279 886 2467 927 versus
2495 871 2744 926 eumdem
2771 870 2920 926 Ibam
2949 872 3173 926 ferendo
3198 869 3417 925 Photius
3437 870 3587 941 Tyri,
3615 880 3668 925 et
3697 869 3772 925 Eu

2280 961 2423 1017 thius
2450 961 2631 1033 Beryti
2658 962 2896 1032 episcopi
2925 961 3117 1017 delecti
3157 970 3281 1015 sunt
3325 979 3337 1013 :
3388 978 3417 1014 a
3450 961 3648 1030 quibus
3679 963 3749 1016 de

2280 1067 2375 1108 sua
2400 1054 2759 1122 reprehensus
2793 1051 2931 1116 lbas,
2964 1051 3141 1122 deque
3171 1050 3377 1119 injuriis
3413 1051 3464 1105 in
3495 1061 3752 1106 sanctum

2279 1142 2459 1196 rillum
2484 1141 2720 1210 jactatis,
2753 1157 2876 1196 cum
2917 1141 3019 1196 sibi
3061 1140 3387 1197 defensionis
3433 1141 3659 1196 daretur
3707 1142 3772 1196 Ιο‹

2279 1235 2493 1303 negavit
2521 1234 2789 1305 quidpiam
2815 1233 2884 1288 ab
2914 1248 2973 1289 se
3001 1233 3056 1288 in
3100 1240 3344 1288 sanctum
3379 1231 3641 1304 Cyrillum
3686 1249 3774 1287 cor

2278 1327 2501 1382 meliose
2543 1326 2742 1381 dictum
2784 1326 2869 1380 vel
2906 1325 3163 1396 scriptum
3194 1340 3334 1389 esse,
3383 1332 3505 1395 post
3553 1325 3774 1379 reconei

2277 1422 2478 1477 tionem
2507 1422 2648 1477 inter
2675 1419 2977 1475 Orientales
3005 1426 3359 1488 sanctumque
3388 1417 3650 1489 Cyril'nm
3702 1418 3774 1487 ips

2277 1513 2660 1578 constitutam;
2693 1526 2877 1566 verum
2926 1510 3214 1566 criminosa
3252 1525 3316 1565 ea
3356 1509 3588 1580 epistola
3620 1509 3691 1564 ab
3722 1526 3774 1563 at

2276 1604 2546 1660 sutoribus
2569 1602 2833 1673 producta
2860 1603 3035 1674 palam
3064 1618 3183 1657 eam
3206 1610 3331 1672 post
3351 1601 3774 1658 rcconciliatiom

2276 1697 2635 1767 conscriptam
2660 1694 2823 1751 fuisse
2844 1694 3201 1752 demonstrat.
3300 1702 3311 1703 ί

2348 1786 2468 1842 Ilias
2494 1787 2675 1854 igitur,
2699 1802 2764 1842 ex
2788 1795 3002 1843 suamet
3028 1787 3216 1843 eadem
3239 1787 3575 1858 depositione
3603 1804 3774 1844 mcmc

588 1878 1008 1947 μνημονευθεῖσαν
1038 1878 1304 1937 ἐπιστολὴν
1332 1877 1737 1952 ἀπαρνούμενος’
1783 1873 1889 1931 ὅθεν
1918 1877 1964 1931 ei
1996 1897 2172 1951 προει-

2277 1884 2387 1930 tam
2471 1876 2752 1946 epistolam
2818 1877 3040 1931 omnino
3110 1877 3417 1948 repudiasse
3483 1880 3769 1947 cognoscit

590 1968 789 2041 ρημὲνοι
815 1968 1079 2023 ὶπίσκοποι
1121 1967 1337 2045 ὁρῶντες
1362 1974 1453 2027 τὴν
1480 1968 1718 2024 ἀσέϐειαν
1745 1976 1837 2028 τῆς
1875 1968 2170 2034 ἐπιστολῆς,

588 2062 637 2112 εὶ
663 2062 747 2113 καί
772 2056 918 2121 ’Ἄϐας
959 2063 1067 2131 οὐχ
1098 2058 1413 2134 ὡμολόγησεν
1457 2062 1649 2119 ταύτην
1682 2059 1812 2116 ίδίαν
1857 2056 2007 2127 εἶναι,
2036 2059 2173 2131 ὅμως

590 2150 751 2224 ψῆφον
794 2149 1074 2225 ἐξήνεγκαν,
1100 2150 1183 2208 διά
1208 2154 1412 2208 πάντων
1456 2155 1678 2211 ἐναντίαν
1796 2152 2008 2226 ἀσεϐείᾳ
2036 2160 2099 2222 τῇ
2124 2153 2173 2205 ἐν

588 2251 658 2317 τῇ
682 2246 811 2318 αὐτῇ
836 2244 1075 2318 ἐπιστολῇ
1104 2244 1465 2319 περιεχομένῃ.
1516 2243 1843 2297 Διετύπωσαν
1881 2243 1980 2317 γάρ
2016 2241 2084 2301 ὥς
2117 2262 2173 2297 τε

590 2326 729 2387 "fﬁeri:
756 2333 1125 2405 ἀναθεματίσαι
1166 2334 1257 2404 μὲν
1290 2333 1579 2406 Νεστόριον,
1611 2336 1697 2386 καί
1722 2333 1789 2386 τά
1816 2332 1978 2389 ἀσεϐῆ
2021 2333 2173 2386 αὐτοῦ

590 2419 840 2495 δόγματα,
886 2425 971 2477 καί
1010 2425 1134 2483 τούς
1176 2420 1491 2483 ἔκδικοῦντας
1530 2425 1703 2487 αὐτὸν,
1733 2420 1864 2494 ἅπερ
1910 2424 1941 2481 ἠ
1981 2422 2175 2483 ἀσεϐὴς

591 2512 832 2571 επιστολὴ
870 2511 1101 2576 ἐξεδίκει’
1132 2510 1365 2576 δέξασθαι
1408 2511 1462 2567 δὲ
1511 2515 1690 2573 ἐπίσης
1732 2520 1831 2568 τῶν
1874 2514 2175 2588 τριακοσίων

593 2599 842 2656 δεκαοκτώ
865 2601 1020 2672 ἁγίων
1044 2603 1301 2675 πατέρων,
1326 2604 1412 2655 καί
1438 2607 1527 2659 τήν
1550 2602 1596 2654 ἐν
1617 2605 1802 2673 Ἐφέσῳ
1827 2605 2034 2677 πρώτην
2061 2603 2178 2655 σύν-

593 2692 723 2761 οδον,
755 2695 824 2753 ὡς
853 2694 954 2747 ἀπὸ
984 2692 1127 2763 ἁγίου
1155 2695 1447 2764 πνεύματος
1472 2694 1843 2763 συναχθεῖσαι,
1873 2694 1979 2747 καθ’
2002 2692 2175 2765 ὁμοιό-

592 2805 719 2843 τητα
745 2791 843 2838 τών
880 2785 1182 2858 τριακοσίων
1221 2781 1473 2838 δεκαοκτώ
1513 2783 1669 2854 ἁγίων
1697 2786 1949 2860 πατέρων,
1984 2786 2042 2842 ἦν
2065 2804 2177 2862 τινα

594 2876 643 2928 ἐν
666 2872 851 2946 Ἐφέσῳ
875 2872 1090 2929 σύνοδον
1120 2874 1229 2946 μετ’
1249 2875 1402 2929 αὐτοῦ
1434 2880 1524 2929 τοῦ
1551 2875 1600 2928 ἐν
1628 2873 1790 2944 ἁγίοις
1830 2874 2065 2949 κυρίλλου
2095 2878 2179 2930 καί

593 2974 691 3022 τῶν
735 2964 925 3021 δώδεκα
967 2969 1125 3022 αὕτοῦ
1177 2966 1452 3039 κεφαλαίων
1480 2964 1782 3040 ἐνυϐρίζειὴ
1812 2968 1942 3025 αὕτη
1988 2967 2179 3026 ἀσεϐής

595 3058 854 3118 ἐπιστολή.

2276 1965 2626 2036 quamobrem
2650 1965 2965 2036 praelaudati
2994 1966 3233 2038 episc0pi
3264 1967 3597 2038 impietatem
3628 1969 3771 2038 epist

2276 2058 2700 2123 considerantes,
2726 2059 2936 2113 etiamsi
2981 2058 3101 2114 lbas
3129 2074 3249 2113 eam
3297 2060 3366 2115 ab
3403 2075 3461 2116 se
3502 2061 3708 2115 editam
3755 2078 3776 2116 ε

2275 2148 2496 2203 minime
2520 2148 2888 2212 confiteretur,
2918 2164 3013 2219 par
3053 2164 3150 2219 per
3176 2149 3356 2207 omnia
3390 2150 3703 2219 suffragium
3755 2169 3776 2222 ι

2277 2241 2449 2295 tulere
2471 2239 2728 2294 adversus
2754 2239 3081 2311 impietatem
3103 2256 3263 2311 quam
3284 2240 3512 2311 epistola
3542 2242 3775 2313 compte:

2275 2330 2452 2387 batur.
2505 2330 2843 2386 Censuerunt
2893 2331 3111 2402 quippe.
3146 2334 3214 2387 ab
3271 2332 3363 2387 lba
3416 2333 3776 2388 anathemati:

2278 2422 2583 2479 Nestorium
2608 2437 2727 2478 cum
2753 2419 2930 2493 impiis
2951 2423 3288 2492 dogmatibus
3306 2423 3436 2491 suis,
3462 2440 3583 2495 qua:
3609 2424 3665 2479 in
3705 2425 3777 2479 im

2278 2515 2506 2585 epistola
2559 2515 2975 2584 colligebantur,
3027 2515 3204 2585 excipi
3268 2521 3449 2570 autem
3503 2524 3778 2570 trecentor

2279 2614 2442 2674 atque
2471 2604 2771 2660 octodecim
2801 2605 3015 2660 Patrum
3039 2604 3197 2661 fidem
3221 2614 3492 2675 oportere,
3522 2606 3778 2676 priorenn

2279 2695 2600 2766 Ephesinam
2629 2695 2891 2767 synodum
2921 2710 3018 2750 ceu
3049 2695 3101 2749 in
3130 2693 3332 2765 Spiritu
3351 2703 3539 2750 sancto
3570 2710 3771 2762 congre

2283 2796 2411 2852 tam,
2433 2786 2621 2841 eodem
2652 2784 2810 2840 modo
2837 2794 2999 2854 atque
3025 2800 3144 2841 eam
3165 2800 3283 2854 quae
3302 2800 3368 2839 ex
3400 2786 3656 2840 trecentis
3683 2784 3778 2838 iisd

2280 2885 2441 2946 atque
2497 2874 2805 2931 octodecim
2852 2875 3051 2930 sanctis
3094 2873 3340 2929 Patribus
3394 2874 3658 2942 constitit,
3710 2889 3778 2942 qu

2280 2966 2600 3036 Ephesinam
2624 2964 2907 3037 synodum,
2932 2979 3035 3019 una
3056 2980 3175 3020 cum
3198 2972 3385 3019 sancto
3408 2961 3631 3035 Cyrillo,
3664 2963 3777 3017 duo

2282 3060 2494 3128 cimque
2531 3056 2778 3128 capitulis
2818 3055 2934 3127 ejus
2962 3071 3026 3111 ea
3057 3056 3219 3126 impia
3259 3055 3485 3126 epistola
3533 3063 3780 3109 contumc

2282 3152 2603 3207 lacessebat.

665 3245 743 3296 Τά
764 3243 930 3296 τοίνυν
954 3240 1097 3316 παρά
1123 3246 1223 3293 τῶν
1249 3237 1500 3293 δικαστῶν
1528 3240 1786 3315 κεκριμένα
1812 3244 1879 3310 μή
1904 3239 2180 3312 πληρώσας

2354 3239 2489 3293 Cum
2519 3254 2681 3309 porro
2726 3238 2794 3293 ab
2837 3238 2928 3293 iba
2976 3238 3196 3293 minime
3231 3236 3613 3308 perﬁcerentur
3643 3252 3709 3293 ea
3755 3254 3780 3306 q

590 3327 744 3394 ἰϐας
788 3340 881 3392 τῆς
919 3334 1206 3390 ἑπισκοπῆς
1250 3326 1518 3404 καθῃρέθη,
1550 3332 1637 3383 καὶ
1680 3331 1812 3400 μετά
1857 3337 2023 3386 ταῦτα
2062 3352 2182 3385 συν·

596 3425 737 3496 ἤχθη
776 3426 807 3482 ἡ
848 3426 901 3477 ὲν
944 3419 1218 3478 Χαλκηδόνι
1266 3421 1389 3494 ἁγία
1438 3417 1681 3484 σύνοδος,
1711 3421 1761 3474 ἓν
1857 3418 1971 3474 οὐδὲ
2016 3421 2186 3479 ἐκλήθη

597 3512 754 3579 Ἴδας,
786 3513 904 3569 οὐδέ
932 3516 1000 3573 ὡς
1040 3513 1318 3571 ὶπίσκοπος
1346 3512 1718 3587 παραγέγονεν,
1749 3511 1933 3565 Νόννου
1976 3509 2071 3570 ἤδη
2115 3515 2186 3572 εἰς

596 3609 751 3666 τόπον
785 3609 946 3663 αὐτοῦ
996 3606 1455 3681 χειροτονὴθέντος,
1488 3610 1578 3659 τοῦ
1627 3606 1714 3657 καὶ
1758 3604 2021 3663 κληθέντος
2047 3605 2098 3657 ἐν
2124 3612 2185 3674 τῇ

747 3699 797 3751 ἕν
818 3695 1094 3756 Χαλκηδόνι
1123 3693 1341 3766 συνόδῳ.
1386 3692 1527 3750 ’Λλλά
1555 3694 1686 3764 μετά
1712 3695 1798 3748 τὸν
1826 3691 1941 3769 ὅρον
1962 3697 2048 3750 τίν
2067 3698 2189 3766 περὶ

598 3798 690 3849 τῆς
732 3792 957 3847 πίστεως
996 3785 1258 3857 δεδομένον
1298 3785 1528 3839 εἰσελθὼν
1559 3782 1585 3839 ὁ
1612 3784 1971 3855 μνημονευθείς
2013 3781 2181 3852 Ἴδας,

598 3878 785 3954 ᾔτησεν
831 3882 921 3936 τήν
964 3879 1084 3950 περὶ
1129 3876 1285 3930 αὐτοῦ
1332 3873 1568 3928 ὑπόθεσιν
1611 3876 1900 3941 ζητηθῆναι,
1926 3873 1991 3929 δι’
2012 3876 2070 3934 ἢν
2096 3883 2188 3936 τῆς

598 3970 882 4027 ἐπισκυπῆς
929 3965 1197 4039 καθῃρέθη.
1226 3966 1306 4017 καὶ
1342 3961 1678 4040 προεκόμισεν
1706 3970 1796 4023 τὴν
1822 3968 2186 4044 προειρημένην

600 4060 757 4131 ψῆφον
791 4059 980 4112 Φωτίου
1024 4059 1109 4110 καὶ
1133 4056 1424 4109 Εὖσταθίου·
1469 4052 1528 4115 ἧς
1566 4057 1992 4127 ἀναγνωσθείσης,
2024 4058 2186 4115 εἰσελ-

596 4150 767 4209 θόντες
805 4151 886 4202 καί
913 4147 959 4200 οί
984 4147 1171 4201 τούτου
1201 4149 1464 4219 κατήγοροι
1488 4147 1830 4218 προεκόμισαν
1858 4150 1924 4203 τά
1951 4150 1999 4202 ἐν
2036 4148 2187 4225 Τύρῳ

599 4240 949 4314 πεπραγμένα,
974 4238 1026 4290 ἐν
1050 4233 1123 4297 οἷς
1155 4238 1453 4310 περιείχετο
1477 4238 1508 4295 ἠ
1531 4239 1657 4296 αύτὴ
1696 4238 1891 4300 ἀσεϐής
1922 4240 2184 4300 ἐπιστολή·

600 4329 659 4391 ἧς
685 4328 1107 4403 ἀναγνωσθείσης,
1138 4324 1286 4385 εἰδὼς
1307 4323 1473 4393 Ἴδας,
1506 4329 1575 4385 ὡς
1601 4328 1643 4381 εἰ
1666 4325 1971 4399 ὁμολογήσοι
1994 4331 2185 4388 ταύτην

599 4419 731 4477 ἰδίαν
757 4416 904 4485 εἶναι,
932 4417 1016 4475 διὰ
1040 4422 1131 4476 τήν
1178 4416 1415 4472 ἀσέϐειαν
1442 4420 1597 4478 αὐτῆς
1638 4416 2020 4483 κατεδικάζιτο,
2050 4420 2185 4492 ίγκό·

599 4515 704 4584 ιέας
747 4518 836 4569 την
881 4518 986 4565 τῶν
1031 4510 1402 4581 πεπραγμένων
1449 4511 1757 4582 ἀνάγνωσιν,
1808 4510 1969 4571 οὕτως
2024 4508 2181 4565 εἶπεν

2287 3332 2499 3387 fuerant
2544 3332 2613 3386 ab
2661 3330 2930 3400 iudicibus
2968 3331 3278 3393 constituta,
3312 3330 3425 3399 ipse
3461 3329 3530 3383 ab
3563 3344 3780 3399 episcop

2286 3425 2530 3495 dejectus
2569 3432 2671 3489 est,
2716 3431 2879 3493 atque
2921 3424 3125 3477 interea
3178 3431 3363 3477 sancta
3416 3420 3778 3477 Chalcedone:

2287 3515 2525 3587 synodus
2570 3522 2789 3579 coacta,
2839 3513 2903 3568 ad
2926 3528 3089 3582 quam
3130 3529 3303 3583 neque
3338 3523 3562 3569 vocatus
3605 3523 3689 3568 est
3735 3514 3771 3567 ll

2289 3626 2464 3680 neque
2487 3618 2545 3663 ut
2572 3608 2857 3678 episcopus
2886 3605 3147 3673 interfuit,
3178 3606 3370 3661 Nonno
3395 3605 3508 3675 jam
3550 3607 3751 3675 in'ejus

2288 3719 2411 3759 cum
2443 3719 2537 3772 ter
2563 3718 2817 3757 manuum
2840 3702 3234 3772 impositionem
3259 3702 3570 3773 subrogato,
3594 3702 3685 3771 qui
3714 3704 3780 3755 eti

2288 3794 2358 3849 ad
2379 3802 2620 3849 sanctam
2660 3791 2903 3847 eamdem
2931 3791 3289 3848 Chalcedonis
3338 3791 3602 3864 synodum
3649 3792 3779 3845 advn

2287 3892 2372 3938 tus
2401 3883 2592 3938 fuerat.
2625 3881 2882 3937 Perfectis
2912 3889 3090 3935 autem
3121 3882 3184 3935 iis
3211 3897 3331 3952 qua:
3371 3882 3516 3937 circa
3556 3882 3714 3937 tidem
3744 3899 3779 3937 cf

2287 3972 2557 4029 stiluenda
2587 3972 2820 4037 fuerant,
2848 3972 3142 4027 adveniens
3170 3972 3290 4027 lbas
3311 3972 3621 4044 postulavit,
3655 3974 3721 4028 de
3753 3988 3776 4025 s

2288 4065 2565 4121 stitutione
2585 4063 2686 4118 sibi
2716 4062 2856 4118 facta
2878 4078 3093 4118 causam
3117 4063 3328 4132 agitari,
3350 4078 3457 4132 qua
3485 4065 3554 4119 ab
3570 4065 3780 4137 episc0p

2288 4152 2658 4223 dejiciebatur,
2690 4151 3082 4223 praefatumque
3124 4151 3299 4207 Photii
3348 4151 3716 4224 Eustathiique
3763 4173 3780 4209 ε

2240 4294 2243 4299 .
2286 4242 2515 4312 fragium
2543 4243 2597 4297 in
2644 4241 2879 4299 medium
2917 4241 3175 4312 protulit;
3228 4242 3371 4313 quod
3423 4259 3548 4299 cum
3589 4245 3780 4313 legeret

2288 4335 2637 4391 advenientes
2665 4335 2866 4405 pariter
2893 4343 3238 4389 accusatores
3265 4334 3402 4414 ejus,
3434 4343 3555 4390 aeta
3600 4333 3726 4408 Tyri
3760 4351 3780 4405 ι

2288 4427 2574 4494 duxerunt,
2601 4428 2656 4482 in
2687 4427 2883 4498 quibus
2911 4426 3078 4482 etiam
3108 4426 3269 4497 impia
3291 4441 3355 4481 ea
3384 4426 3608 4497 epistola
3638 4428 3778 4483 conti

2287 4519 2464 4574 batur.
2506 4517 2622 4574 Bac
2666 4512 2772 4587 legi
2800 4517 3049 4573 similiter
3075 4526 3273 4588 coepta,
3302 4532 3636 4588 cognoscens
3661 4518 3777 4574 lbas

605 4623 624 4655 ε
653 4604 931 4657 Κελεύσατε
958 4604 1242 4675 ἀναγνῶναι
1265 4602 1331 4655 τά
1357 4602 1642 4674 γράμματα
1670 4608 1769 4655 τῶν
1797 4602 2033 4675 κληριγῶν
2054 4601 2180 4657 Ἐδέ-

2288 4611 2406 4680 ejus
2429 4611 2763 4681 impietatem
2793 4609 3263 4665 condemnandum
3303 4625 3364 4666 se
3385 4611 3604 4666 omnino
3651 4610 3780 4676 fore,

598 4719 726 4759 σης,
751 4698 831 4750 ἵνα
857 4696 905 4759 ἕξ
941 4698 1114 4749 αὐτῶν
1141 4696 1331 4768 μάθητε
1359 4693 1443 4750 ὅτι
1471 4695 1725 4769 ἀλλότριος
1753 4698 1854 4766 είμι
1878 4703 1977 4749 τῶν
2017 4698 2185 4766 ἐπαχ-

597 4790 775 4842 θέντων
802 4805 938 4857 μοι.)
960 4789 1051 4840 Καί
1077 4787 1496 4857 ἀναγνωσθέντων
1522 4789 1687 4842 αὐτῶν
1715 4793 2117 4847 κατανοήσαντες
2140 4789 2185 4842 ei

597 4881 864 4936 ἐπίσκοποι
905 4885 996 4939 τήν
1038 4878 1201 4950 ψῆφον
1244 4882 1434 4933 Φωτίου
1487 4882 1571 4935 καί
1607 4880 1894 4935 Εὐσταθὶου
1916 4920 1931 4944 ,
1976 4883 2059 4933 καί
2094 4886 2184 4939 τήν

595 4974 731 5028 κατὰ
774 4969 889 5027 ἰϐα
925 4974 1186 5044 γενομένην
1233 4974 1562 5047 κατηγορίαν.
1615 4976 1879 5047 ἀπῄτησαν
1923 4974 2075 5027 αὐτὸν
2121 4975 2185 5028 τὰ

596 5067 741 5141 ποιρά
783 5067 972 5121 Φωτίου
1019 5068 1106 5119 καί
1144 5067 1425 5119 Εύσταθίου
1476 5066 1744 5139 κεκριμένα
1781 5065 2071 5139 πληρῶσαι,
2097 5069 2185 5120 καί

593 5152 956 5222 δέξασθαετὸν
984 5156 1123 5232 ὅρον.
1155 5153 1208 5210 ὃν
1238 5158 1269 5214 ἦ
1298 5157 1428 5213 αὕτη
1456 5156 1578 5229 ἀγία
1617 5153 1832 5215 σύνοδος
1859 5156 2180 5228 ἐξεφώνησεν,

593 5251 677 5302 καί
703 5247 1004 5322 ὑπογράψαι
1021 5249 1072 5301 ἂν
1099 5249 1255 5321 αὐτῷ,
1279 5244 1345 5300 δι’
1366 5243 1427 5301 οὗ
1456 5251 1542 5301 καὶ
1568 5252 1659 5305 τὴν
1686 5248 1894 5321 πρώτην
1919 5248 1970 5300 ἕν
1997 5248 2184 5319 Ἐφέσῳ

591 5337 830 5405 σύνοδον,
860 5345 947 5395 καί
985 5341 1072 5396 τὸν
1099 5342 1148 5395 ἕν
1173 5339 1336 5412 ἁγίοις
1371 5341 1605 5413 ιύριλλον
1623 5381 1638 5405 ,
1668 5343 1751 5395 καί
1780 5346 1871 5400 τὴν
1901 5342 2061 5396 αὐτοῦ
2105 5340 2184 5395 δι·

593 5427 869 5486 δασκαλίαν
899 5431 1123 5498 ίδίξατο·
1154 5432 1286 5512 ἅπερ
1322 5432 1547 5497 ἅπαντα,
1592 5435 1662 5494 ὡς
1704 5436 1995 5507 εἰρήκαμεν,
2027 5436 2059 5493 ἡ
2087 5457 2188 5504 μυ·-

785 5523 945 5582 ἕκείνη
997 5525 1245 5601 ἐνυϐρίζει
1300 5525 1573 5586 ἐπιστολήο
1625 5522 1774 5580 δι’ὦν
1823 5524 2181 5582 ἀποδείκνυται

592 5614 765 5669 πάντα
787 5621 954 5669 ταῦτα
984 5620 1074 5673 τὴν
1113 5615 1259 5686 ἁγίαν
1285 5617 1336 5669 ἂν
1364 5614 1634 5673 Χαλκηδόνι
1672 5614 1878 5670 σύνοδον
1908 5617 1990 5671 ἐπί
2015 5637 2179 5671 κατα·-

594 5708 762 5776 κρίσει
787 5708 872 5760 καί
892 5707 1152 5781 ἀνατροπῇ
1176 5715 1267 5767 τῆς
1288 5708 1503 5768 ἀσεϐοῦς
1537 5708 1724 5770 ἐκείνης
1749 5709 2020 5769 Eme-teli;
2039 5706 2181 5761 Ἶϐαν

594 5792 991 5867 παρασκευάσαι
1033 5805 1259 5855 ποιῆσαι.
1315 5800 1652 5869 Θαυμάζομεν
1695 5801 1860 5853 τοίνυν
1895 5799 2067 5869 ὑμᾶς,
2099 5798 2180 5852 ὄτι

597 5890 688 5944 την
712 5890 958 5962 μυσαράν
986 5889 1167 5948 ἐκείνην
1198 5888 1486 5951 ’ἃπιστολήν
1514 5888 1772 5961 ἐκδικεῐτε,
1800 5890 1859 5950 ἣν
1886 5888 1993 5944 οὐδέ
2026 5891 2180 5945 αὐτὸς·

2289 4715 2445 4757 suam
2468 4714 2590 4755 esse
2618 4699 2897 4765 fateretur,
2931 4708 3177 4755 actorum
3199 4701 3548 4772 interpellans
3574 4702 3780 4758 lectioni

2289 4793 2368 4847 sic
2392 4792 2601 4847 locutus
2620 4800 2705 4847 est
2729 4809 2741 4845 :
2773 4789 3108 4847 Clericorum
3130 4791 3528 4849 Edessenorum
3558 4794 3780 4851 litteras]

2284 4882 2491 4950 jubete,
2522 4889 2599 4948 ut,
2631 4895 2793 4950 quam
2814 4882 3023 4937 alienus
3050 4882 3120 4937 ab
3149 4882 3213 4938 iis
3241 4883 3363 4949 sim,
3391 4899 3614 4954 quorum
3659 4885 3780 4940 insin

2290 4973 2393 5037 lor,
2424 4973 2791 5040 cognoscatis.
2818 4970 2953 5028 Cum
2982 4973 3099 5029 htec
3128 4974 3331 5043 pariter
3354 4974 3491 5029 lecta
3520 4985 3712 5043 essent,
3739 4995 3780 5032 Ct

2287 5066 2589 5122 siderantes
2633 5065 2874 5136 eoiscopi
2922 5064 3102 5121 Photii
3141 5065 3511 5135 Eustatbiique
3551 5068 3780 5137 sullragiu

2287 5166 2452 5228 atque
2480 5158 2781 5212 institutam
2810 5159 3066 5213 adversus
3108 5156 3255 5211 lbam
3294 5158 3704 5221 accusationem,
3732 5176 3779 5215 ct

2287 5250 2515 5307 stituere
2544 5266 2730 5306 rursus
2758 5251 2827 5306 ab
2857 5251 2975 5321 ipso
3003 5250 3213 5319 impleri
3234 5258 3491 5321 oportere
3518 5266 3631 5320 quae
3652 5251 3775 5306 Phot

2288 5352 2451 5413 atque
2479 5342 2795 5399 Eustathius
2831 5343 3226 5413 judicaverant,
3270 5358 3336 5399 ac
3374 5345 3571 5415 suscipi
3610 5345 3779 5400 definit

2289 5452 2414 5492 nem
2434 5451 2596 5505 quam
2623 5437 2738 5506 ipsa
2767 5445 2951 5491 sancta
2981 5436 3219 5508 synodus
3246 5436 3619 5507 conclamavit,
3665 5438 3780 5509 ipsiq

2288 5528 2570 5595 subscribi,
2600 5543 2707 5597 qua
2733 5528 2951 5597 quidem
2990 5526 3321 5593 deﬁnitione,
3362 5534 3420 5581 et
3446 5529 3662 5598 primam
3685 5528 3777 5599 Epl

2286 5620 2457 5674 sinam
2511 5618 2773 5689 synodum
2799 5660 2815 5686 ,
2871 5627 2929 5674 et
2976 5627 3220 5674 sanctum
3284 5617 3544 5688 Cyrillum
3594 5621 3780 5691 compte

2288 5708 2478 5772 fuerat,
2509 5706 2732 5777 ejusque
2756 5707 3076 5775 doctrinam,
3104 5723 3224 5777 quze
3269 5709 3471 5774 omnia,
3530 5718 3585 5765 ut
3630 5712 3780 5765 anima

2285 5799 2568 5866 vertimus,
2594 5800 2646 5855 in
2671 5798 2872 5855 nefaria
2901 5815 2965 5854 ea
2995 5800 3223 5869 epistola
3270 5800 3515 5859 ludibriis
3557 5812 3780 5858 contentu

2290 5891 2503 5947 bantur.
2528 5890 2620 5948 llis
2642 5900 2819 5949 autem
2841 5891 3123 5949 manifeste
3144 5891 3420 5963 docemur,
3445 5903 3671 5953 sanctam
3688 5893 3779 5962 ips:
