4000 6186
256 368 385 426 317
1465 377 1835 436 JUSTINIANI
1871 378 2008 435 IMP.
2048 378 2403 468 EPIS‘TQLA.
3459 397 3569 457 318

255 479 447 553 Ἴδας,
479 481 590 546 δέν
615 491 785 565 Τύρῳ.
822 490 961 552 διαί
997 496 1126 565 μετά
1171 498 1340 550 ταῦτα
1378 492 1427 546 ἐν
1474 500 1537 567 τῇ
1578 492 1697 567 ἁγίᾳ
1747 515 1854 548 κατι

1974 491 2473 550 Chalcedonensem
2512 496 2774 568 synodum
2816 499 3162 572 disposuisse,
3196 511 3257 560 ut
3294 520 3358 561 ea
3384 510 3564 565 omnia

255 580 569 640 Χαλκηδόνα
596 584 797 656 συνόδῳ
825 589 1100 661 ἐτόλμησεν
1141 588 1272 645 ἰδίαν
1302 593 1467 645 εἰπεῖν
1484 628 1498 653 ,
1525 587 1555 647 ἦ
1587 586 1847 647 ἐκδικῆσαι

1972 586 2040 640 ab
2066 584 2155 640 Iba
2182 584 2393 657 ﬁerent,
2423 589 2490 644 ad
2540 590 2716 660 impia:
2744 594 2940 662 sacpius
2985 607 3298 654 memorata:
3326 600 3569 670 epistola)

254 676 402 730 ἀλλὰ
444 679 530 731 καί
574 686 689 738 τοῖς
714 681 982 756 γράμμασι
1022 690 1124 738 τῶν
1162 683 1404 757 κληριγῶν
1429 679 1661 748 Ἐδέσης,
1696 684 1781 735 καί
1806 690 1854 756 τῇ

1972 677 2305 733 eversionem
2336 687 2502 748 atque
2541 682 3067 740 condemnationem.
3109 685 3365 743 Miramur
3402 690 3568 760 igitur

450 771 647 825 Φωτίου
676 774 760 826 καί
787 775 1069 829 Εὑσταθίου
1113 776 1380 849 ίχρήσατο
1418 773 1561 849 πρὸς
1577 774 1634 826 τὸ
1675 774 1854 842 ἀποφυ-

1970 781 2068 821 vos
2087 767 2263 824 adhuc
2292 768 2487 838 iniquae
2508 770 2555 824 ei
2576 771 2818 840 epistola:
2838 774 3183 842 patrocinari,
3208 791 3368 846 quam
3393 794 3568 850 neque

254 866 376 930 γεῖν
397 864 493 918 τήν
514 865 746 937 περὶτῆς
769 865 994 925 ἀσεϐοῦς
1014 865 1282 925 ἐπιστολῆς
1303 865 1413 920 κατ’
1430 866 1589 921 αὑτοῦ
1610 865 1782 935 γενομέ
1792 884 1854 921 νητ

1971 858 2092 916 lbas
2119 860 2257 930 ipse,
2285 862 2371 917 vel
2399 862 2548 934 Tyri,
2579 863 2662 918 vel
2692 874 2816 934 post
2843 880 2928 927 ea.
2969 882 3089 936 quae
3135 868 3209 923 ibi
3252 876 3373 924 acta
3416 878 3561 934 sunt,

254 954 603 1026 κατηγορίαν.

1971 950 2027 1005 in
2055 962 2241 1006 sancta
2268 950 2688 1010 Chalcedonensi
2716 955 2923 1026 synodo
2950 971 3105 1010 suam
3152 971 3316 1012 ausus
3342 966 3427 1015 est
3465 974 3566 1029 ap-

1968 1040 2195 1110 pellare,
2224 1057 2399 1113 neque
2427 1043 2695 1099 sustinere
2714 1086 2729 1109 ,
2759 1045 2886 1114 quin
2926 1046 3105 1117 potius
3133 1047 3262 1101 cleri
3301 1046 3565 1104 Edesseni

255 1131 484 1199 litteris,
511 1133 820 1205 Photiique,
850 1144 1013 1206 atque
1040 1134 1307 1191 Eustathii
1327 1133 1580 1204 sulfragio
1614 1148 1741 1190 usus
1769 1141 1890 1201 est,
1931 1139 1992 1188 ut
2029 1132 2327 1187 institutam
2354 1132 2642 1188 adversum
2682 1148 2743 1189 se
2773 1134 2844 1189 ob
2866 1135 3081 1205 impiam
3111 1135 3255 1191 illam
3281 1138 3565 1207 epistolam

254 1222 577 1280 declinaret
598 1227 1020 1282 accusationem.

331 1318 470 1391 Πρὸς
497 1316 553 1374 δὲ
578 1328 686 1380 τοῖς
715 1318 879 1381 ἄλλοις
908 1320 1077 1376 ἅπασι
1099 1328 1214 1382 τοῖς
1240 1327 1406 1381 κακῶς
1420 1318 1542 1395 παρ’
1557 1320 1696 1390 ὑμῶν
1718 1319 1867 1392 ἑρμη-

252 1412 511 1476 νευθεῖσι,
543 1416 625 1466 καί
653 1417 743 1475 τήν
768 1414 1007 1484 Εὐνομίου
1040 1411 1302 1468 διαλαλιόω
1329 1416 1419 1472 τὴν
1442 1415 1562 1487 περὶ
1586 1407 1702 1465 ἰϐα
1724 1431 1866 1484 γενο-

255 1503 418 1571 μένην
463 1498 596 1576 πρὸς
630 1500 795 1575 ψευδῆ
830 1501 1023 1558 ἔννοιαν
1066 1505 1398 1576 μετηγάγετε,
1430 1502 1866 1573 διαϐεϐαιούμενοι

2043 1316 2124 1371 Ad
2150 1327 2344 1371 cietera
2372 1332 2537 1387 porro
2588 1318 2769 1373 omnia
2797 1320 3028 1387 pessime
3055 1336 3086 1374 a
3118 1322 3271 1378 vobis
3312 1323 3558 1394 exposita

1970 1407 2242 1477 adjecistis
2270 1408 2454 1473 etiam,
2495 1417 2555 1463 ut
2596 1407 2849 1479 Eunomii
2894 1409 3309 1479 divulgationem
3357 1413 3425 1468 de
3469 1413 3561 1469 Iba

1966 1500 2164 1555 factam
2191 1500 2435 1555 mendaci
2463 1501 2816 1569 intelligentia
2845 1505 3254 1573 perverteretis,
3286 1505 3561 1560 allirman-

250 1600 347 1654 τὴν
390 1593 662 1649 διαλαλεάν
712 1596 959 1665 Εὑνομίου
1006 1597 1138 1668 ὑπὲρ
1180 1602 1273 1655 τῆς
1322 1595 1551 1654 ἀσεϐοῦς
1591 1594 1864 1654 ἐπιστολῆς

248 1684 589 1756 γεγενῆσθαι.
627 1686 838 1758 Λέγεται
873 1687 974 1761 γὰρ
1002 1685 1262 1759 περιέχειν
1291 1690 1381 1743 τὴν
1407 1685 1561 1742 αὐτὴν
1587 1682 1858 1745 διαλαλιάν,

250 1775 341 1831 ὅτε
370 1778 432 1830 ὶν
460 1783 566 1836 τοῖς
595 1776 860 1852 ἀνωτέροις
902 1784 995 1835 τῆς
1037 1776 1308 1835 ἐπιστολῆς
1350 1774 1573 1849 ὑϐρίσας
1601 1771 1746 1835 Ἰϐας
1776 1774 1862 1827 τὸν

246 1869 302 1922 ἓν
330 1869 508 1942 ἁγίοις
534 1869 798 1944 Κύριλλον,
821 1869 870 1922 ἓν
898 1876 1010 1929 τοῖς
1032 1869 1342 1929 τελευταίοις
1370 1870 1546 1924 ἑαυτὸν
1563 1870 1864 1942 ἓπανωρθὼ-

246 1975 421 2014 σατο·
452 1954 607 2014 ὁπότε
638 1957 780 2018 δῆλόν
819 1959 933 2015 ἔστι
960 1964 1050 2018 τήν
1077 1960 1329 2029 Εὑνομίου
1359 1957 1630 2021 διαλαλιάν,
1655 1960 1714 2012 οὑ
1743 1962 1863 2033 περὶ

245 2062 345 2111 τῆς
362 2050 594 2110 ἀσεϐοῦς
621 2052 814 2111 ἐκείνης
834 2051 1127 2115 ἐπιστολῆς,
1144 2050 1270 2104 ἀλλά
1291 2053 1410 2123 περὶ
1432 2058 1523 2110 τῆς
1544 2051 1862 2110 καταθέσεως

247 2141 377 2198 ἰεα
406 2151 503 2203 τῆς
534 2144 584 2196 ἐν
611 2144 762 2217 Τύρῳ
790 2144 1058 2216 γενομένης
1101 2144 1250 2218 παρά
1291 2144 1461 2211 Φωτίῳ
1487 2144 1568 2194 καὶ
1597 2142 1861 2210 Εὑσταθίέι

250 2237 516 2314 ε⁷ρῆσθαι.
543 2233 621 2290 Ἐν
639 2237 744 2311 γὰρ
762 2250 871 2295 τοῖς
898 2236 1218 2295 παράὑτοῑς
1242 2234 1614 2308 πεπραγμένοις
1642 2239 1861 2306 φανερῶς

245 2319 407 2386 ἰξας
440 2326 785 2395 ὡμολόγησεν,
812 2327 875 2385 ὡς
896 2328 979 2379 καί
995 2326 1230 2401 ἀνωτέρω
1247 2325 1527 2398 εἰρήκαμεν,
1550 2324 1649 2398 πρὸ
1673 2324 1859 2377 τούτου

241 2420 343 2487 μὶν
370 2418 512 2486 μετά
541 2426 640 2472 τῶν
670 2415 831 2472 ἄλλων
872 2418 1172 2471 ἀνατολικῶν
1199 2417 1494 2471 ἐπισκόπων
1531 2416 1745 2490 ὑϐρίσαι
1772 2418 1859 2469 τὸν

246 2514 297 2564 ἰν
325 2510 502 2582 ἁγίοις
532 2510 790 2585 Κὺριλλον,
821 2506 903 2564 ὅτε
927 2511 1117 2581 μετοιξὺ
1146 2509 1310 2563 αὐτῶν
1349 2507 1581 2578 διχόνοια
1617 2505 1692 2566 ἦν·
1725 2509 1856 2578 μετά

247 2597 300 2654 δέ
327 2606 431 2657 τήν
456 2598 638 2653 ἕνωσιν
659 2604 752 2657 τήν
782 2601 970 2669 μεταξὺ
1002 2592 1164 2654 αὐτῶν
1205 2598 1470 2669 γενομένην
1490 2639 1500 2655 ,
1531 2596 1683 2668 μηδὲν
1710 2597 1859 2671 ὑϐρι-

248 2694 431 2747 στικὸν
456 2695 619 2746 εἰπεῖν
665 2694 797 2746 κατά
824 2698 914 2746 τοῦ
944 2694 994 2746 ἐν
1024 2691 1189 2762 ἁγίοις
1228 2690 1498 2766 Κυρίλλουί
1520 2691 1568 2753 ἐξ
1599 2687 1656 2749 ἧς
1682 2690 1857 2758 ὁμολο-

239 2786 371 2851 γίας
402 2784 650 2857 εὑρίσκων
677 2783 915 2852 Εὐνόμιος
941 2779 1088 2836 Ἰϐαν
1115 2789 1317 2857 πρῶτον
1346 2784 1435 2852 μὲν
1459 2781 1748 2854 ὑϐρίσαντα
1773 2781 1858 2835 τὸν

242 2879 297 2930 ἰν
348 2875 521 2944 ἁγίοις
568 2874 821 2949 ιὶὑριλλον,
847 2875 977 2945 μετά
1021 2880 1187 2928 ταῦτα
1225 2872 1279 2928 δὲ
1324 2873 1746 2943 ἀπολογούμενον,
1776 2876 1859 2927 καί

240 2964 466 3032 λέγοντα
495 2958 571 3016 ὅτι
603 2963 733 3031 μετὰ
760 2966 853 3019 τὴν
885 2960 1061 3015 ἕνωσιν
1098 2958 1235 3015 οὐδέν
1262 2960 1559 3033 ὑϐριστικὸν
1610 2962 1738 3013 κατά
1763 2965 1856 3014 τοῦ

240 3054 292 3104 ἓν
326 3055 503 3124 ἁγίοις
537 3048 646 3108 εἷπε
694 3053 965 3128 Κυρίλλου,
1006 3058 1095 3111 τήν
1140 3052 1570 3122 μνημονευθεῖσαν
1618 3052 1853 3108 ἐποίησεν

241 3144 539 3200 δαλαλιάν.
584 3141 698 3198 Ὀτι
738 3142 792 3198 δὲ
831 3145 861 3201 ἡ
904 3145 1241 3217 προειρημένη
1281 3142 1474 3201 ἀσεϐὴς
1507 3142 1778 3201 ἐπιστολὴ,
1821 3144 1851 3199 ἠ

234 3236 496 3305 λεγομένη
541 3231 678 3300 ἰϐα,
708 3236 882 3295 πάσης
912 3235 1174 3297 ἀσεϐείας,
1202 3237 1285 3288 καί
1320 3240 1420 3290 τῶν
1446 3235 1575 3289 κατά
1617 3233 1851 3311 Κυρίλλου

245 3329 459 3402 ὕϐρεων
495 3328 584 3383 ἀπ’
615 3332 789 3402 ἀρχῆς·
816 3330 912 3389 ἕως
938 3329 1118 3390 τέλους
1162 3328 1512 3404 πεπλήρωται,
1557 3327 1717 3383 οὐδενί
1750 3331 1850 3400 ἀμ·

239 3419 571 3490 ῳιϐἀὶλεταιο
606 3421 712 3473 ἀλλ’
747 3419 855 3474 οὑδέ
884 3418 1001 3490 ἔχει
1031 3419 1171 3492 λόγον
1197 3422 1256 3476 τὸ
1285 3427 1568 3475 πιστεῦσαι
1594 3416 1670 3474 ὅτι
1699 3421 1849 3474 Εὐνό-

243 3529 372 3576 μιος
399 3510 468 3563 τά
506 3517 689 3584 πρῶτα
713 3513 805 3582 μὲν
834 3509 1030 3566 διέϐαλε
1058 3519 1148 3571 τῆς
1178 3511 1468 3575 ἐπιστολῆς,
1500 3512 1569 3570 ὡς
1613 3512 1761 3576 κακὰ,
1789 3512 1854 3565 τά

242 3604 527 3657 τελευταῖα
558 3601 611 3657 δί
640 3606 853 3677 χείρονα
877 3600 1000 3658 ὄντα
1040 3604 1299 3676 ἐπῄνεσεν.
1328 3601 1508 3662 Οὐδείς
1533 3603 1631 3676 γὰρ
1673 3603 1853 3676 εὐφρο-

244 3704 353 3752 νῶν
377 3695 698 3765 ἀποδέχεται
734 3700 822 3751 τὸν
848 3698 934 3751 ἐπὶ
965 3696 1072 3755 ίνὸς
1098 3699 1185 3750 καί
1211 3700 1306 3751 τοῦ
1341 3696 1494 3750 αὑτοῦ
1522 3696 1847 3769 πράγματος,

250 3789 383 3855 ὁμοῦ
415 3788 502 3841 τὸν
537 3788 694 3843 αὑτὸν
740 3788 1042 3842 ἐπαινοῦντα
1084 3790 1168 3840 καί
1206 3786 1452 3858 ψέγῖντα.
1484 3783 1550 3838 Εἴ
1578 3805 1657 3844 τις
1682 3787 1849 3840 τοίνυν

248 3888 348 3937 τήν
370 3881 606 3949 ε’)νομίου
636 3877 896 3935 διαλαλιὼν
924 3879 1161 3949 τολμήσει
1181 3878 1341 3951 λέγειν
1364 3866 1434 3945 μὴ
1548 3873 1664 3930 ἰϐα
1691 3897 1851 3930 κατα-

247 3970 387 4023 bist:
518 3970 569 4024 ἐν
602 3972 753 4045 τὺρῳ
792 3971 1047 4044 γενομένῃ,
1084 3968 1211 4023 ἀλλά
1248 3974 1321 4041 τῷ
1348 3966 1461 4038 ὕφει
1497 3965 1731 4041 συνᾴδειν
1755 3974 1848 4028 τῆς

247 4060 684 4130 μνημονευθείσης
740 4061 967 4122 ἀσεϐοῦς
1009 4059 1312 4125 ἐπιστολῆς,
1354 4063 1446 4118 τήν
1486 4066 1579 4119 τῆς
1619 4058 1848 4118 ἀληθείας

254 4149 550 4204 ἀκολουθίαν
569 4153 626 4205 οὐ
654 4150 914 4222 φυλάττει,
942 4149 1047 4208 ἀλλ’
1069 4153 1137 4211 ὡς
1166 4150 1418 4228 alpes-:26;
1443 4149 1588 4228 ὕϐριν
1612 4158 1718 4212 τοῖς
1740 4171 1848 4206 πα-

250 4241 445 4316 τράσιν
468 4243 788 4317 προσάπτειν
815 4240 1112 4306 σπουδάζει.

1969 1600 2049 1646 tes
2077 1606 2197 1646 eam
2227 1590 2476 1646 Eunomii
2504 1592 2922 1660 divulgationem
2955 1609 3118 1664 super
3157 1595 3318 1666 impia
3347 1610 3411 1651 ea
3448 1597 3561 1668 epi-

1967 1682 2105 1738 stola
2135 1682 2444 1738 institutam
2462 1698 2604 1739 esse.
2635 1683 2829 1739 Fertur
2855 1685 2996 1739 enim
3026 1686 3139 1741 haec
3168 1687 3220 1740 in
3244 1687 3358 1757 ipsa
3388 1689 3559 1741 conti-

1966 1771 2084 1825 neri
2111 1790 2123 1824 :
2147 1772 2293 1840 quod
2315 1788 2437 1827 cum
2461 1773 2514 1827 in
2540 1774 2720 1843 priore
2741 1775 2979 1844 epistolae
3004 1783 3153 1845 parte
3181 1776 3298 1832 ibas
3317 1785 3562 1833 sanctum

1965 1859 2221 1932 Cyrillum
2269 1861 2476 1930 injuriis
2501 1862 2868 1932 proscidisset,
2898 1865 3043 1935 circa
3086 1866 3246 1920 linem
3278 1874 3458 1921 tamen
3500 1882 3569 1922 se.

1966 1952 2139 2021 ipsum
2185 1954 2506 2022 corrigendo
2544 1955 2948 2012 emendaverit:
2990 1973 3113 2013 cum
3160 1967 3341 2013 tamen
3389 1962 3560 2015 mani-

1964 2042 2159 2099 festum
2197 2046 2269 2100 sit
2307 2045 2554 2116 Eunomii
2593 2062 2715 2102 eam
2745 2047 3194 2104 declamationem
3222 2051 3444 2107 minime
3489 2051 3566 2106 ad

1964 2136 2183 2205 impiam
2213 2152 2333 2192 eam
2384 2139 2670 2206 epistolam
2720 2141 3009 2209 pertinere,
3057 2140 3151 2195 sed
3181 2141 3248 2197 de
3297 2143 3557 2212 subroga-

1963 2227 2132 2293 tione,
2169 2241 2288 2294 quae
2333 2226 2460 2297 Tyri
2497 2226 2601 2282 Iba:
2650 2228 2789 2283 facta
2831 2229 3007 2284 fuerat
3054 2245 3153 2301 per
3209 2232 3456 2287 Photium
3502 2241 3554 2289 et

1962 2313 2296 2370 Eustathium
2344 2317 2397 2372 in
2431 2332 2497 2371 ea
2525 2333 2832 2373 sermonem
2877 2320 3104 2381 institui.
3154 2319 3212 2374 In
3242 2323 3376 2377 actis
3409 2322 3553 2378 enim

1964 2408 2104 2476 apud
2131 2407 2276 2476 ipsos
2306 2406 2586 2463 manifeste
2620 2409 2791 2464 fassus
2824 2419 2905 2463 est
2928 2409 3067 2475 lbas,
3105 2412 3563 2479 quemadmodum,

1963 2498 2123 2553 etiam
2154 2498 2399 2567 superius
2422 2498 2790 2563 indicavimus,
2815 2514 2873 2553 se
2893 2507 3021 2553 ante
3048 2499 3162 2555 haec
3183 2515 3307 2555 cum
3335 2501 3552 2571 reliquis

1962 2587 2196 2642 Orientis
2242 2588 2511 2657 episcopis
2560 2597 2806 2643 sanctum
2854 2586 3111 2658 Cyrillum
3166 2589 3372 2659 injuriis
3423 2589 3553 2645 all‘e-

1961 2688 2117 2752 cisse,
2147 2703 2265 2742 cum
2291 2688 2498 2742 scilicet
2517 2687 2755 2756 ipsorum
2781 2686 3005 2757 ejusque
3037 2689 3221 2758 dispar
3246 2699 3392 2746 esset
3427 2705 3552 2746 sen-

1961 2779 2129 2832 tentia
2158 2796 2168 2829 :
2204 2787 2326 2847 pust
2354 2787 2552 2843 autem,
2584 2777 2782 2831 unione
2804 2778 2945 2832 inter
2970 2779 3115 2849 ipsos
3136 2780 3392 2849 perfecta,
3417 2782 3547 2836 nihil

1961 2870 2181 2923 omnino
2206 2870 2273 2923 ab
2301 2886 2360 2924 se
2387 2870 2700 2940 injuriosum
2733 2874 2784 2927 in
2814 2883 3057 2928 sanctum
3084 2873 3341 2947 Cyrillum
3385 2875 3549 2932 fuisse

1960 2961 2259 3031 prolatum;
2293 2978 2358 3017 ex
2388 2980 2492 3033 qua
2534 2964 2640 3018 lbzc
2670 2964 3028 3025 confessione.
3063 2964 3356 3021 Eunomius
3402 2966 3549 3021 Ibam

1960 3053 2189 3121 primum
2231 3053 2284 3106 in
2326 3062 2570 3109 sanctum
2598 3053 2854 3125 Cyrillum
2904 3055 3126 3124 injurias
3169 3067 3549 3126 congerentem

1955 3145 2251 3214 reperiens,
2285 3154 2407 3216 post
2434 3154 2615 3201 autem
2639 3148 3062 3216 resipiscentem,
3091 3149 3434 3218 aientemqne
3455 3149 3548 3206 abs

1955 3257 2015 3297 se
2045 3242 2175 3297 nihil
2198 3243 2439 3307 omnino,
2474 3251 2596 3312 post
2613 3245 2962 3299 constitutam
2987 3245 3260 3311 unionem,
3289 3245 3549 3303 adversus

1955 3343 2196 3388 sanctum
2224 3332 2480 3405 Cyrillum
2510 3334 2669 3389 fuisse
2705 3335 2992 3404 prolatum,
3035 3344 3385 3390 memoratam
3418 3351 3548 3407 per-

1955 3423 2084 3479 fecit
2108 3423 2581 3479 declamationem.
2613 3424 2822 3479 Nemini
2856 3441 3021 3496 porro
3050 3426 3269 3481 dubium
3301 3442 3421 3484 esse
3448 3442 3548 3498 po-

1957 3524 2080 3582 test,
2115 3516 2404 3572 indicatam
2446 3516 2665 3586 impiam
2692 3518 2975 3587 epistolam
3024 3518 3129 3574 lbze
3153 3520 3432 3587 tributam,
3476 3522 3545 3575 ab

1958 3607 2114 3662 initio
2156 3606 2224 3661 ad
2270 3614 2574 3661 extremum
2600 3608 2745 3661 omni
2793 3608 3073 3676 iniquitate
3136 3617 3297 3678 atque
3329 3610 3380 3664 in
3422 3625 3543 3664 san-

1957 3709 2101 3756 ctum
2168 3698 2428 3771 Cyrillum
2473 3700 2800 3756 contumelia
2847 3708 3059 3756 scatere
3087 3743 3103 3768 ,
3150 3716 3325 3770 neque
3370 3716 3545 3757 causa!

1956 3791 2228 3862 quidpiam
2255 3798 2358 3859 est,
2389 3799 2450 3847 ut
2493 3790 2764 3860 credatur,
2815 3790 3133 3847 Eunomium
3179 3793 3387 3863 priores
3431 3794 3543 3863 epi-

1955 3883 2110 3938 stola:
2150 3890 2350 3952 partes,
2403 3890 2657 3952 tanquam
2695 3896 2890 3951 pravas
2938 3880 3262 3948 traduxisse,
3313 3881 3543 3965 reliquas

1954 3992 2106 4041 vero,
2148 3989 2265 4044 qum
2292 3974 2507 4045 pejores
2554 3982 2701 4042 sunt,
2756 3973 3004 4029 laudibus
3047 3972 3240 4030 etferre
3286 3974 3543 4030 voluisse.

1953 4066 2125 4122 Nemo
2173 4067 2317 4121 enim
2358 4066 2616 4122 cordatus
2656 4065 2853 4135 probat
2898 4079 3023 4120 eum
3067 4066 3161 4135 qui
3203 4066 3358 4121 unius
3404 4065 3543 4135 ejus-

1954 4157 2186 4226 demque
2223 4173 2290 4213 ac
2328 4156 2516 4213 similis
2556 4157 2633 4211 rei
2679 4156 2839 4211 simul
2887 4156 3135 4212 laudator
3159 4158 3248 4220 sit,
3298 4158 3544 4227 idemque

1954 4246 2307 4317 vituperator.
2341 4246 2593 4316 Quisquis
2622 4246 2784 4314 igitur
2803 4245 3054 4301 Eunomii
3100 4246 3543 4303 declamationem

1953 4351 2063 4392 non
2111 4335 2179 4391 ad
2226 4336 2332 4391 Iba:
2385 4337 2822 4405 subrogationem
2861 4335 2988 4407 Tyri
3033 4336 3231 4392 factam
3274 4347 3544 4410 spectare,

253 4440 443 4481 verum
484 4426 556 4482 ad
602 4428 780 4500 impia:
819 4436 1131 4484 memorata:
1173 4428 1503 4500 epistolze....
1549 4429 1859 4499 pertinere,
1899 4428 2160 4499 quisquis,
2193 4428 2433 4496 inquam,
2475 4426 2532 4482 id
2577 4426 2760 4482 dicere
2784 4427 2967 4497 audet,
3016 4428 3062 4483 is
3082 4428 3302 4483 minime
3329 4430 3542 4485 veritati

255 4516 593 4586 obsequitur,
630 4534 841 4588 verum,
879 4518 1046 4575 veluti
1092 4518 1377 4575 hasreticus
1414 4516 1663 4574 Patribus
1708 4519 1960 4590 injuriam
1989 4517 2181 4573 afferre
2208 4518 2416 4572 nititur.

327 4610 423 4662 uti
445 4610 517 4669 εἰς
539 4614 694 4664 τοῦτο
712 4607 767 4663 δί
790 4610 1151 4683 ἐθαυμάσαμεν
1193 4606 1270 4664 ὅτι
1294 4610 1494 4684 γράψαι
1515 4609 1841 4680 ὑπεμείνατε,

2020 4608 2196 4677 Atque
2222 4609 2275 4663 id
2303 4609 2465 4664 etiam
2494 4609 2674 4664 mirati
2698 4625 2902 4677 sumus,
2933 4610 3077 4680 quod
3104 4610 3346 4667 scribere
3385 4613 3541 4669 veriti

256 4701 324 4752 τὰ
349 4700 596 4771 κεφάλαια
622 4703 712 4771 μέν
734 4707 825 4756 τοῦ
853 4704 904 4756 ίν
928 4700 1090 4775 ἁγίοις
1136 4703 1385 4776 Κυρὸλλου
1430 4705 1662 4758 σκοτειδά
1695 4698 1845 4758 εἶναι’

257 4793 349 4847 τήν
372 4786 427 4843 δέ
453 4790 619 4848 ἀσεϐῆ
645 4790 935 4857 ἄπιστολήν,
966 4792 1036 4851 ὡς
1064 4796 1151 4845 τοῦ
1190 4790 1336 4864 ἁγίου
1364 4794 1652 4863 πνεύματος
1684 4791 1850 4861 μεσά-

258 4883 434 4942 Cum;
479 4878 862 4951 ἀποδεχθε“σαν
908 4881 1211 4952 inundant“
1242 4885 1329 4936 καί
1353 4878 1557 4956 φανερόν
1601 4883 1742 4936 ἔστιν
1771 4878 1850 4935 ὅτι

220 4958 231 4979 ’
259 4979 427 5029 ταῦτα
464 4975 530 5028 τὰ
568 4975 771 5051 ῥήματα
796 4977 887 5028 οὐκ
911 4976 963 5037 ἕξ
991 4974 1138 5046 ἁγίου
1166 4977 1475 5046 πνεύματος,
1516 4973 1617 5028 ἀλλ’
1634 4975 1685 5037 ἕξ
1714 4975 1851 5047 ἆνερ·-

255 5068 397 5135 γείας
422 5071 519 5119 τοῦ
543 5072 767 5141 πονηροῦ
809 5068 1102 5139 πνεύματος
1145 5068 1476 5139 προηγάγετε·
1510 5064 1588 5122 ὅτι
1614 5069 1737 5127 τούς
1762 5068 1853 5138 βυ

254 5155 491 5229 πατέρας
520 5158 609 5209 καί
633 5153 972 5217 διδασκάλους
995 5164 1088 5217 τῆς
1115 5157 1385 5216 ίκκλησίας
1423 5158 1711 5215 σκπεινοὺς
1740 5158 1853 5211 ἐκα-

253 5242 466 5313 λὶσατε,
495 5252 586 5305 τὴν
612 5244 667 5301 δέ
700 5245 996 5311 κακοδοξίαν
1019 5255 1112 5307 τῆς
1154 5248 1423 5309 ἐπιστολῆς
1461 5250 1591 5319 μετὰ
1617 5248 1851 5319 βλασφη-

254 5338 383 5405 μίας
409 5336 712 5406 ἐπῃνέσατε·
760 5332 870 5389 ὅθεν
895 5336 1057 5396 καλῶς
1085 5336 1295 5410 ἁρμόζει
1332 5338 1419 5391 καί
1463 5337 1599 5407 ὑμῖν,
1628 5339 1715 5391 καὶ
1740 5345 1854 5397 τοῖς

255 5422 429 5486 ἄλλοις
456 5433 571 5487 τοῖς
596 5426 663 5481 τὰ
686 5427 1023 5500 παραπλήσια
1043 5426 1165 5497 ὑμῖν
1186 5429 1424 5499 περὶτῶν
1447 5426 1603 5498 ἁγίων
1620 5428 1854 5502 πατέρων

255 5525 535 5596 φρονοῦσι,
578 5520 639 5573 τὸ
684 5518 828 5594 ποιρά
865 5523 958 5573 τοῦ
1004 5517 1152 5590 ἁγίου
1195 5519 1389 5592 Πέτρου
1433 5523 1521 5571 τοῦ
1571 5518 1852 5571 ἀποστόλου

256 5611 405 5683 ρξθὶν
432 5612 553 5683 περί
575 5615 678 5664 τῶν
702 5614 869 5667 κακῶς
891 5605 1137 5663 νοούντων
1162 5609 1255 5667 τὰς
1281 5607 1554 5665 ἐπιστολὰς
1582 5614 1671 5660 τοῦ
1703 5606 1850 5678 ἁγίου

258 5702 458 5757 Παύλου
490 5718 509 5751 t
545 5699 623 5757 ὅτι
642 5706 811 5757 ταῦτα
836 5702 880 5755 οἱ
913 5702 1119 5773 ἀμαθεῖς
1158 5703 1242 5755 καί
1271 5703 1568 5774 ἀστήρικτοι
1593 5699 1853 5773 στρεϐλώ-

259 5808 444 5849 σουσεν
471 5790 524 5864 [ἦ
545 5790 919 5867 στρεϐλοῦσιν],
950 5796 1018 5854 ὡς
1043 5796 1130 5849 καί
1154 5793 1248 5853 τὰς
1274 5792 1454 5851 λοιπὰς
1479 5791 1695 5865 γραφὰς,
1720 5813 1785 5866 πρ
1795 5792 1850 5852 ὸς

258 5890 355 5951 τήν
381 5883 514 5945 ἰδίαν
540 5886 704 5942 αὐτῶν
725 5887 989 5944 ἀπώλειαν.
1016 5905 1036 5941 ι
1062 5886 1212 5943 Οὕτω
1238 5890 1403 5941 τοίνυν
1425 5887 1509 5938 καί
1531 5888 1655 5954 ὑμῖν
1681 5890 1849 5946 κακῶς

1949 4701 2170 4757 minime
2195 4701 2325 4756 sitis.
2361 4702 2545 4757 Sancti
2567 4701 2749 4773 Cyrilli
2774 4702 2951 4773 capita
2976 4702 3202 4757 obscura
3230 4718 3371 4770 esse,
3394 4719 3539 4759 eam-

1952 4808 2057 4863 que
2085 4793 2301 4864 impiam
2349 4794 2649 4866 epistolam,
2698 4803 2951 4865 tanquam
2995 4795 3197 4868 Spiritu
3239 4807 3431 4855 sancto
3457 4800 3539 4856 af-

1952 4881 2134 4948 ﬂante,
2167 4884 2556 4939 clarescentem
2586 4885 2949 4943 laudaveritis.
2983 4887 3319 4944 Manifestum
3349 4898 3434 4944 est
3468 4891 3540 4947 si-

1953 4973 2172 5041 quidem
2198 4974 2361 5029 verba
2386 4975 2502 5031 bzec
2538 4991 2647 5030 non
2691 4976 2922 5048 Spiritus
2957 4979 3131 5034 sancti
3176 4979 3396 5045 virtute,
3446 4981 3539 5037 sed

1956 5065 2176 5131 maligni
2216 5067 2436 5136 Spiritus
2477 5067 2680 5136 impetu
2706 5083 2737 5121 a
2766 5068 2919 5123 vobis
2946 5083 3068 5123 esse
3113 5069 3320 5139 prolata
3353 5086 3367 5121 :
3416 5086 3539 5125 cum

1957 5152 2145 5210 Patres
2169 5153 2533 5226 Ecclesiteque
2561 5159 2847 5226 magistros
2868 5158 3214 5213 obscuritatis
3244 5159 3540 5231 redargue-

1956 5245 2092 5312 ritis,
2124 5246 2368 5316 epistola:
2395 5255 2575 5303 autem
2602 5249 2744 5303 illius
2771 5249 3028 5303 malitiam
3071 5248 3540 5321 blaspliemiasque

1959 5334 2204 5392 laudibus
2230 5338 2534 5394 extuleritis
2558 5356 2571 5391 :
2604 5339 2955 5407 quamobrem
2980 5346 3129 5394 recte
3154 5340 3410 5394 convenit
3440 5356 3540 5396 vu-

1958 5424 2041 5479 bis
2068 5427 2385 5497 ueterisque
2413 5429 2661 5484 omnibus
2701 5428 2897 5483 similia
2938 5427 3006 5482 de
3041 5428 3244 5484 sanctis
3283 5427 3539 5487 Ecclesia:

1958 5515 2207 5573 Patribus
2232 5519 2606 5584 sentientibus,
2638 5517 2769 5573 illud
2809 5533 2843 5572 a
2887 5516 3050 5573 Petro
3093 5520 3341 5589 apostolo
3375 5521 3446 5578 de
3477 5522 3538 5578 iis

1955 5607 2173 5673 dictum,
2198 5609 2291 5678 qui
2320 5607 2588 5678 Epistolas
2617 5610 2789 5664 sancti
2818 5609 2968 5665 Pauli
2997 5623 3249 5682 perverse
3276 5611 3537 5681 intellige-

1953 5698 2123 5753 bant:
2153 5699 2291 5769 quod
2313 5700 2406 5754 Ιιιιε
2431 5700 2626 5755 indocti
2650 5710 2803 5773 atque
2830 5702 3095 5758 instabiles
3143 5694 3447 5774 deprdvant,
3484 5717 3537 5760 tu

1952 5806 2004 5849 et
2041 5805 2253 5851 caeteras
2291 5794 2614 5865 Scripturas,
2643 5795 2714 5849 ad
2744 5813 2893 5852 suum
2931 5799 3159 5870 ipsorum
3199 5799 3540 5867 perditionem

1954 5887 2044 5958 (II
2072 5886 2214 5943 Pelr.
2245 5905 2322 5959 ιιι,
2356 5888 2464 5946 16).
2496 5888 2586 5947 Sic
2613 5888 2797 5960 itaque
2821 5890 2974 5948 vobis
2993 5889 3156 5945 etiam
3185 5904 3351 5961 prave
3377 5891 3534 5949 intel-
