4000 6186
663 351 721 405 ill
735 352 766 401 ε)

2035 362 2323 422 VlGlLlUS
2363 367 2558 426 ΡΑΡΑ.

654 481 829 531 νοοῦσι
871 479 1100 533 σκοτεινά
1129 472 1254 532 εἶναι
1280 473 1418 532 δοκεῖ
1446 478 1510 534 τά
1533 479 1678 555 παρά
1715 485 1815 536 τῶν
1854 487 1944 540 τῆς
1971 481 2234 543 ἐκκλησίας

2192 504 2236 543 ις
2267 487 2311 544 Α
2340 483 2627 554 ligentibus
2653 499 2716 544 ea
2745 501 2863 559 (ποτε
2892 490 2960 546 ab
2987 489 3243 549 Ecclesia:
3270 493 3538 564 magistris
3565 496 3772 552 tradita:

659 570 989 639 διδασκάλων,
1009 577 1089 626 καί
1113 581 1212 628 τῶν
1235 574 1378 628 θείων
1397 585 1596 648 γραφῶν
1614 572 1942 645 ἓκτεθειμένα.
1967 577 2056 629 καί
2077 582 2244 631 ταῦτα

652 665 746 731 μέν
786 667 851 718 τά
897 668 1014 741 περὶ
1055 661 1191 728 Ἴϐα,
1223 668 1308 720 καὶ
1360 673 1452 726 τῆς
1498 667 1720 728 ἀσεϐοῦς
1761 668 1943 726 ἐκείνης
1975 666 2243 729 ἐπιστολῆς

657 755 788 810 οὕτω
807 757 1320 828 παρακολουθήσαντα
1347 757 1404 812 ἔν
1423 781 1530 814 τισι
1556 759 1766 830 βιϐλίοις
1796 760 2128 835 εὑρίσκονται.

724 844 912 900 Είδέναι
957 846 1010 902 δέ
1052 849 1189 920 ὑμᾶς
1230 854 1340 924 χρὴ
1373 847 1451 907 ὅτι
1493 851 1557 905 τά
1596 855 1966 926 πεπραγμένα,
2004 853 2052 904 ἐν
2093 849 2166 913 οἷς
2209 855 2240 912 ἡ

657 939 847 998 ἀσεϐής
897 940 1048 1000 ἐκείνη
1103 943 1341 1002 ἐπιστολή
1385 945 1711 1017 περιέχεται,
1743 949 1846 1013 οὺχ
1895 947 2238 1000 ὑποτέτακται

655 1041 762 1093 τοῖς
786 1033 1108 1098 αὐθεντικοῖς,
1136 1032 1209 1095 οἷς
1238 1036 1284 1088 οἱ
1324 1036 1589 1091 ἐπίσκοποι
1625 1037 1948 1110 ὑπέγραψαν,
1977 1034 2042 1089 ὦν
2066 1041 2149 1091 καὶ
2174 1039 2239 1092 τά

657 1122 883 1178 ἰσότυπα
911 1126 1192 1190 αὐθεντικά,
1225 1123 1276 1179 ἕν
1295 1146 1350 1182 τε
1381 1134 1444 1200 τῇ
1469 1126 1729 1199 ἁγιωτάτῃ
1757 1127 1991 1201 ἐκκλησίᾳ
2015 1125 2232 1197 Ῥώμης,

655 1219 737 1269 καί
764 1217 814 1268 ὶν
836 1223 898 1290 τῇ
924 1219 1466 1284 κωνσταντινουπόλει,
1499 1223 1578 1274 καί
1607 1221 1657 1272 ἐν
1698 1228 1772 1292 τῷ
1812 1221 1927 1291 θείῳ
1956 1222 2096 1292 ἡμῶν
2134 1242 2237 1274 πα-

653 1304 807 1377 λατίῳ
829 1307 1269 1378 παραδεδώκασιν.
1297 1310 1435 1365 Ἐπεί
1455 1315 1620 1364 τοίνυν
1641 1310 1892 1366 δείκνυται
1911 1312 2235 1381 πανταχόθεν

652 1399 824 1459 πάσης
867 1401 1105 1461 ἀσεϐείας
1131 1402 1499 1475 πεπληρωμένη
1530 1404 1561 1460 ri
1589 1403 1716 1461 αὐτη
1746 1402 1940 1462 ἀσεϐής
1968 1403 2230 1468 ἐπιστολὴ,

652 1491 730 1543 καὶ
758 1490 957 1546 ἐναντία
986 1487 1122 1546 οὖσα
1147 1501 1253 1555 τοῖς
1282 1492 1550 1568 ὁρισθεῖσιν
1575 1494 1676 1548 ὑπὸ
1701 1501 1792 1554 τῆς·
1835 1493 1986 1565 ἁγίας
2014 1496 2062 1547 ἐν
2100 1499 2234 1549 Χαλ-

652 1579 821 1637 κηδόνι
861 1582 1096 1643 συνόδου.
1124 1586 1169 1638 οἱ
1209 1583 1402 1643 ταύτην
1443 1586 1670 1658 λέγοντες
1711 1585 1952 1659 δεδέχθαι
1996 1589 2097 1643 ὑπὸ
2141 1598 2232 1650 τῆς

651 1669 800 1741 ἁγίας
826 1673 876 1725 ἐν
898 1672 1168 1731 Χαλκηδόνι
1195 1675 1410 1732 συνόδου
1429 1719 1445 1742 ,
1478 1681 1536 1732 οὺ
1565 1679 1710 1748 μόνον
1736 1685 1828 1739 την
1856 1682 2041 1735 οἰκείαν
2081 1703 2232 1736 κακο-

650 1758 816 1824 δοξίαν
863 1763 1238 1829 σπουδάζουσιν
1282 1765 1506 1832 ἐκδικεῖν,
1533 1770 1654 1824 ἀλλὰ
1680 1772 1767 1824 καὶ
1807 1770 1955 1846 ὕϐριν
1999 1778 2062 1846 τῇ
2102 1773 2229 1847 αὐτῇ

649 1853 772 1928 ἁγίᾳ
797 1856 995 1926 συνόδῳ
1034 1860 1373 1935 προσάπτειν.
1400 1863 1473 1915 Τά
1501 1865 1600 1936 γὰρ
1626 1860 1875 1934 δεχθέντα
1899 1867 1982 1918 καί
2011 1865 2232 1934 βεϐαιω-

648 1945 793 2000 θέντα
821 1949 964 2021 παρά
989 1957 1081 2010 τῆς
1108 1953 1533 2020 μνημονευθείσης
1553 1953 1702 2026 ἁγίας
1726 1954 1961 2021 συνόδου,
1987 1956 2232 2026 ὀνομαστὶ

649 2036 698 2089 ἐν
725 2045 797 2106 τῷ
824 2040 948 2114 παρ’
975 2042 1133 2102 αὐτῆς
1159 2040 1412 2114 δεδομένῳ
1439 2047 1557 2122 περί
1584 2055 1675 2106 τῆς
1699 2049 1924 2108 πίστεως
1949 2044 2050 2122 ὅρῳ
2091 2069 2231 2124 περι-

648 2128 833 2198 ἔχεται

716 2314 980 2367 Γινώσκειν
1018 2311 1071 2369 δέ
1117 2315 1254 2385 ὑμᾶς
1294 2317 1574 2389 βουλόμεθα
1599 2359 1613 2384 ,
1661 2317 1743 2376 ὅτι
1775 2322 1858 2375 καί
1894 2319 2224 2400 Θεοδώριτος,

645 2400 816 2462 ἐπειδή
840 2407 969 2458 κατὰ
993 2413 1091 2460 τῶν
1127 2404 1322 2463 δώδεκα
1363 2409 1634 2479 κεφαλαίων
1664 2418 1755 2465 τοῦ
1782 2411 1833 2464 έν
1863 2412 2024 2485 ἁγίοις
2052 2415 2225 2485 Rupil-

644 2491 731 2548 λου
764 2493 985 2568 ἔγραψε,
1017 2501 1317 2574 Νεστόριον,
1347 2505 1431 2555 καί
1460 2509 1550 2562 τὴν
1583 2505 1737 2558 αὐτοῦ
1771 2504 2065 2570 κακοδοξίαν
2091 2507 2228 2564 ἐκδι-

644 2592 758 2643 κῶν,
790 2590 920 2656 μετά
963 2589 1048 2642 τόν
1097 2586 1215 2663 ὅρον
1258 2599 1349 2650 τῆς
1394 2593 1442 2644 ἐν
1489 2592 1766 2651 Χαλκηδόνι
1813 2594 1961 2667 ἁγίας
2009 2596 2223 2652 συνέδου

644 2678 899 2735 συνωθήθη
919 2719 934 2742 ,
974 2687 1178 2750 πρῶτον
1213 2684 1303 2753 μέν
1340 2684 1700 2754 ἁναθεματίσαι
1735 2689 1997 2758 Νεστόριον
2026 2692 2111 2741 καί
2135 2695 2224 2748 τήν

643 2767 879 2821 ἁσέξειαν
905 2773 994 2827 τήν
1037 2772 1214 2835 αὑτοῦ,
1246 2773 1325 2825 καί
1356 2769 1664 2845 ὁμολογῆσαι
1707 2773 1930 2829 θεοτόκον
1959 2782 2048 2836 τήν
2075 2777 2224 2848 ἁγίαν

641 2855 833 2922 ἔνδοξον
882 2861 1204 2935 άειπάρθενον
1247 2864 1453 2931 Μαρίαν,
1501 2865 1583 2918 καί
1624 2864 1787 2924 οὕτως
1828 2864 2036 2935 ἐδέχθη.
2083 2863 2222 2920 Ὀθεν

639 2952 722 3004 καὶ
751 2947 894 3012 Ἴδας
925 2956 1007 3007 καὶ
1059 2952 1365 3030 Θεοδὼριτος
1391 2958 1496 3026 οὺχ
1525 2959 1594 3016 ὡς
1633 2955 1924 3012 διδάσκαλοι
1959 2963 2037 3012 καί
2067 2962 2221 3016 πατέ-

637 3061 741 3116 ρες,
759 3043 863 3095 ἀλλ’
885 3044 953 3102 ὡς
979 3051 1356 3112 μετανοοῦντες,
1375 3050 1460 3101 καὶ
1485 3049 1935 3120 άναθεματίζοντες
1963 3057 2052 3110 τήν
2081 3072 2220 3106 κακο-

635 3131 819 3196 δοξίαν,
853 3135 982 3211 ὑπὲρ
1009 3133 1068 3197 ἧς
1095 3139 1528 3213 κατηγορήθησαν,
1553 3143 1636 3194 καὶ
1676 3138 1938 3211 δεξάμενοι
1978 3145 2067 3198 τόν
2099 3143 2218 3217 ὅρον

2345 585 2508 646 atque
2537 594 2605 634 cx
2634 580 2826 636 divinis
2872 582 3065 638 litteris
3104 585 3292 640 hausta
3323 588 3548 643 obscura
3579 605 3693 647 esse
3725 592 3772 645 vi

2343 652 2448 722 tur.
2476 668 2650 738 Atque
2672 670 2785 726 haec
2813 673 3028 741 quidem
3057 675 3123 729 de
3152 674 3242 730 Iba
3263 685 3424 746 atque
3471 679 3629 750 impia
3672 681 3756 736 illa

2333 757 2478 832 stola
2505 758 2558 812 in
2589 759 2857 830 aliquibus
2889 762 3039 820 libris
3064 776 3398 834 perscrutata
3423 772 3770 840 reperiuntur.

2410 847 2652 919 Namque
2680 866 2858 921 operae
2886 854 3117 923 pretium
3158 866 3240 911 est
3284 867 3342 912 nt
3370 861 3553 916 sciatis
3596 874 3711 919 acta
3751 881 3772 920 ρ

2339 940 2532 1009 quibus
2562 941 2723 1012 impia
2756 943 2844 998 illa
2887 947 3195 1002 continetur
3220 951 3466 1020 epistola,
3508 955 3720 1011 minime
3763 975 3772 1010 ι

2338 1030 2498 1101 plecti
2527 1032 2579 1086 in
2603 1034 2930 1090 authenticis
2964 1037 3032 1092 iis
3067 1040 3262 1108 quibus
3309 1043 3546 1114 episcopi
3590 1048 3772 1103 subscr

2338 1131 2484 1191 runt,
2514 1139 2743 1194 quorum
2783 1128 3096 1183 autlxentica
3131 1133 3461 1202 exemplaria
3496 1136 3547 1189 in
3585 1141 3772 1194 sanctis

2339 1211 2582 1270 Romana
2629 1214 2869 1272 Ecclesia
2908 1227 2964 1273 et
3009 1220 3062 1274 in
3107 1220 3720 1297 Constantinopolitana,
3753 1247 3772 1284 ί]

2338 1305 2500 1359 etiam
2525 1307 2580 1360 in
2608 1322 2764 1363 sacro
2791 1317 2978 1365 nostro
3007 1311 3209 1380 palatio
3238 1325 3448 1370 servata
3477 1327 3615 1371 sunt.
3655 1320 3768 1386 Quo

2336 1395 2498 1464 igitur
2537 1398 2772 1468 undique
2801 1399 3140 1458 manifestum
3171 1414 3253 1461 est
3291 1407 3508 1477 impiam
3553 1424 3667 1465 cam
3713 1427 3772 1482 ep

2337 1485 2442 1540 lam
2474 1489 2619 1542 omni
2649 1489 2931 1560 iniquitate
2958 1492 3209 1549 refertam
3239 1511 3377 1564 esse,
3409 1501 3714 1570 sanctisque
3748 1520 3772 1557 s

2336 1575 2790 1634 Chalcedonensis
2819 1582 3008 1651 synodi
3038 1583 3435 1643 deﬁnitionibus
3476 1590 3762 1661 adversari,

2334 1683 2499 1738 quum
2528 1679 2610 1726 est
2637 1680 2696 1726 ut
2723 1673 2814 1741 qui
2843 1674 3076 1729 dixerint
3122 1677 3290 1748 ipsam
3326 1681 3380 1734 in
3415 1695 3598 1739 sancta
3623 1685 3772 1741 Cllalt

2335 1760 2488 1814 nensi
2509 1761 2713 1832 synodo
2744 1765 3032 1830 contineri,
3063 1767 3100 1821 ii
3131 1785 3237 1824 non
3269 1771 3429 1828 modo
3457 1776 3726 1845 propriam
3756 1787 3772 1831 t

2267 1872 2311 1931 Β
2338 1854 2597 1910 malitiam
2619 1858 2764 1912 omni
2795 1869 2993 1914 conatu
3027 1862 3160 1917 eniti
3187 1861 3547 1932 censeantur;
3585 1884 3764 1922 verum

2335 1958 2494 2014 gnem
2523 1963 2738 2019 quoque
2763 1960 2948 2008 sancto
2976 1955 3208 2010 concilio
3239 1956 3440 2011 faciant
3469 1959 3734 2028 injuriam.
3765 1969 3772 2009 ε

2332 2055 2546 2110 cunque
2588 2045 2732 2098 enim
2761 2049 3058 2117 approbata
3098 2059 3259 2120 atque
3287 2051 3601 2109 conﬁrmata
3643 2073 3671 2110 a
3713 2075 3772 2110 ιιιι

2332 2140 2448 2186 rata
2497 2144 2682 2189 sancta
2729 2139 2935 2208 synodo
2979 2149 3122 2205 sunt,
3169 2157 3233 2195 ea
3282 2145 3462 2198 omnia
3512 2147 3771 2202 nominati

2335 2220 2452 2278 ﬁdei
2482 2224 2794 2283 deﬁnitione
2823 2232 2890 2284 ab
2917 2231 3030 2300 ipsa
3064 2233 3258 2288 tradita
3288 2237 3649 2293 continentur.

2379 2315 2659 2373 'Volumus
2679 2330 2858 2376 autent
2881 2324 3032 2378 vobis
3059 2325 3216 2380 simul
3238 2337 3505 2394 constare,
3536 2328 3771 2384 Theodm

2328 2423 2561 2478 quoque,
2593 2422 2877 2484 postquam
2913 2415 3172 2473 adversus
3200 2420 3483 2476 duodecim
3523 2426 3692 2477 sancti
3734 2426 3772 2477 (2

2328 2502 2507 2570 capita
2555 2505 2817 2560 calamum
2872 2510 3293 2577 perstrinxisset,
3345 2513 3646 2570 Nestorium
3695 2518 3772 2586 ejo

2326 2593 2648 2661 pravitatem
2673 2596 3068 2664 defendentem,
3098 2610 3220 2672 post
3256 2615 3454 2659 sanctze
3494 2608 3680 2678 synodi
3725 2609 3772 2662 di

2329 2682 2528 2737 tionem
2566 2684 2620 2738 id
2659 2686 2911 2744 habuisse
2952 2691 3004 2744 in
3035 2693 3320 2759 mandatis,
3373 2698 3546 2765 primo
3595 2701 3771 2766 quidet

2324 2773 2804 2830 anatlicmatizaret
2828 2777 3157 2850 Nestorium,
3183 2793 3531 2856 sanctamque
3553 2796 3606 2842 et
3627 2790 3772 2858 glori:

2324 2876 2539 2933 semper
2566 2866 2828 2935 virginem
2869 2869 3090 2926 Mariam
3131 2875 3413 2944 Deiparam
3457 2878 3772 2935 conﬁterctu

2323 2953 2552 3022 idipsum
2609 2969 2897 3016 exsecutus
2943 2973 3045 3017 est.
3093 2964 3270 3031 Quare
3332 2967 3453 3025 lbas
3505 2972 3713 3040 pariter
3742 2990 3772 3026 a

2323 3042 2699 3115 Tlieodoritus,
2738 3066 2845 3107 non
2880 3054 3046 3109 veluti
3068 3059 3310 3126 magistri
3353 3069 3447 3116 aut
3477 3061 3685 3130 Patres,
3717 3082 3772 3121 se

2322 3136 2663 3203 pmnitentes,
2697 3148 2752 3194 et
2784 3144 3118 3211 perniciosas
3159 3152 3455 3207 sententias
3483 3153 3772 3211 detestantt

633 3230 723 3281 τῆς
752 3223 802 3276 ἐν
828 3222 1099 3282 Χαλκηδόνι
1141 3223 1381 3288 συνόδου,
1419 3231 1502 3281 καί
1541 3229 1931 3303 ὑπο-γράψαντες
1967 3233 2015 3284 ἐν
2041 3234 2206 3302 αὐτῷ,

2194 3274 2206 3296 ,
2242 3249 2285 3310 C
2321 3225 2513 3292 quibus
2542 3226 2753 3284 fuerant
2776 3236 3035 3304 accusati,
3065 3248 3227 3309 atque
3269 3241 3638 3301 definitionem
3684 3248 3772 3304 Cb:

632 3310 935 3382 ἐδέχθησαν.
972 3309 1168 3374 Ἐπειδή
1209 3314 1318 3376 ἔθος
1361 3318 1497 3373 ἐστίν
1540 3321 1589 3372 ἐν
1613 3329 1676 3393 τῇ
1711 3322 1942 3396 καθολικῇ
1972 3324 2210 3401 ἐκκλησίᾳ

632 3400 863 3462 ἅπαντας
891 3404 1009 3465 τοὺς
1037 3407 1317 3480 αίρετικούς
1340 3416 1430 3468 τῆς
1457 3411 1634 3468 οἰκείας
1662 3412 1852 3472 πλάνης
1884 3416 2210 3490 ἀναχωροῦν·

630 3514 741 3553 τας,
765 3497 848 3547 καὶ
871 3497 997 3569 πρὸς
1021 3502 1113 3554 τὴν
1137 3497 1394 3574 ὀρθόδοξον
1418 3502 1710 3562 ἐπανιόντας
1737 3508 1933 3571 πίστιν,
1961 3504 2208 3578 δεχθῆναι

628 3589 696 3646 εἰς
744 3592 1020 3654 κοινωνίαν,
1064 3594 1124 3643 οὺ
1171 3596 1267 3663 μην
1318 3595 1385 3652 ὡς
1433 3591 1767 3656 διδασκάλους
1816 3606 1930 3657 τοῖς
1973 3599 2206 3673 πατράσι

627 3684 1050 3756 συναριθμεῖσθαι.
1094 3682 1239 3739 Ὀθεν
1275 3691 1356 3740 καί
1382 3689 1504 3748 τοὺς
1542 3685 1718 3750 ἄλλους
1746 3692 2067 3753 άνατολικούς
2096 3696 2205 3750 ἐπι-

628 3774 884 3838 σκόπους,
929 3779 973 3829 οἵ
1015 3797 1148 3838 τινες
1192 3778 1458 3852 Νεστόριον
1501 3779 1808 3842 ὶκδικοῦντες
1855 3785 2096 3840 ἀντεῖπον
2140 3797 2201 3861 τῇ

627 3867 802 3939 πρώτῃ
848 3873 894 3951 ἐν
936 3865 1119 3938 Ἐφέσῳ
1166 3868 1386 3941 συνόδῳ,
1416 3875 1497 3925 καὶ
1544 3881 1616 3945 τῷ
1656 3874 1704 3926 έν
1750 3874 1913 3945 ἁγίοις
1956 3879 2196 3953 Κυρίλλῳ,

624 3956 794 4015 ἐπειδή
823 3961 952 4026 μετὰ
989 3968 1158 4016 ταῦτα
1201 3965 1467 4038 Νεστόριον
1507 3968 1589 4019 καί
1647 3971 1732 4025 τήν
1761 3967 2050 4032 κακοδοξίαν
2076 3973 2196 4026 ἁνε-

623 4054 898 4120 θεμάτισαν
925 4059 1014 4113 τήν
1047 4056 1227 4120 αὐτοῦ,
1259 4056 1456 4121 ἐδέξατο
1483 4057 1508 4111 ὃ
1535 4061 1664 4114 κατά
1694 4060 1880 4129 Ῥώμην
1919 4064 2198 4120 ἀποστολι-

621 4143 704 4200 κός
731 4142 921 4216 θρόνος,
949 4145 1082 4198 καὶὸ
1115 4146 1163 4198 ἐν
1191 4147 1352 4216 ἁγίοις
1377 4149 1628 4220 Κύριλλος,
1657 4155 1738 4205 καί
1767 4151 1850 4207 διά
1878 4160 2032 4212 τοῦτο
2058 4159 2140 4213 καὶ
2167 4159 2198 4215 ἦ

618 4231 739 4304 ἁγία
765 4239 851 4290 τοῦ
881 4242 1018 4297 Θεοῦ¹
1039 4239 1278 4295 ἐκκλησία
1301 4237 1511 4310 δέχεται
1541 4243 1745 4304 αὐτούς.

685 4508 774 4558 Καὶ
812 4514 961 4562 τοῦτο
1007 4506 1059 4562 δέ
1105 4514 1239 4582 ὑμᾶς
1276 4509 1454 4568 εἰδέναι
1492 4513 1782 4587 βουλόμεθα,
1811 4517 1888 4574 ὅτι
1934 4524 1993 4575 οὗ
2045 4522 2192 4593 μόνον

2313 3313 2568 3373 donensis
2607 3323 2798 3392 synodi
2846 3328 3100 3397 amplexi,
3147 3333 3354 3403 ipsique
3396 3339 3771 3397 subscribente

2311 3422 2375 3462 ea
2417 3413 2619 3481 recepti
2659 3425 2811 3482 sunt;
2843 3433 2965 3473 cum
3007 3421 3060 3478 in
3107 3422 3351 3481 Ecclesia
3402 3431 3668 3487 catholica
3717 3435 3772 3488 sit

2311 3515 2463 3554 more
2497 3505 2728 3570 positum
2771 3507 3054 3567 haereticos
3097 3515 3189 3584 qui
3233 3520 3514 3589 proprium
3554 3538 3772 3580 exsccre

2308 3605 2549 3648 errorem
2571 3597 2639 3651 ad
2661 3599 3130 3674 orthodoxamqne
3151 3604 3307 3664 ﬁdem
3321 3621 3684 3681 revertantur,
3708 3632 3768 3671 su

2307 3682 2361 3735 in
2390 3687 2852 3755 communionem,
2881 3708 2988 3748 non
3015 3705 3194 3751 autem
3225 3701 3388 3756 veluti
3416 3707 3702 3774 magistros
3729 3707 3770 3760 P

2303 3773 2402 3828 bus
2432 3783 2827 3836 connumerari.
2852 3782 3039 3855 Itaque
3065 3789 3201 3846 alios
3244 3793 3404 3848 etiam
3451 3773 3751 3854 Orientales

2303 3881 2517 3936 scopos,
2548 3884 2776 3938 quorum
2808 3876 3023 3944 quidam
3063 3895 3091 3934 a
3135 3880 3367 3939 Nestorii
3397 3889 3640 3956 partibus
3669 3899 3771 3945 sta:

2302 3958 2469 4026 priori
2491 3959 2776 4030 Ephesinae
2817 3967 3025 4037 synodo
3066 3983 3359 4044 sanctoque
3388 3975 3591 4049 Cyrillo
3629 3992 3772 4036 conti

2303 4059 2514 4115 xei-ant,
2563 4067 2686 4108 cum
2736 4064 2924 4124 postea
2979 4063 3266 4120 anathema
3309 4066 3573 4126 dixissent
3627 4071 3772 4127 NCSU

2302 4163 2670 4220 perversaeque
2728 4154 2896 4223 ipsius
2950 4162 3256 4232 sententiae,
3297 4168 3596 4234 apostolica
3652 4170 3772 4224 Ron

2299 4240 2456 4296 sedes
2476 4252 2804 4315 sanctusque
2825 4245 3056 4319 Cyrillus
3097 4252 3149 4307 in
3191 4259 3626 4314 communionem
3672 4277 3772 4317 rec.

2299 4342 2445 4398 runt,
2480 4343 2642 4404 atque
2668 4346 2955 4408 propterea
2985 4342 3054 4398 ab
3081 4353 3266 4400 sancta
3296 4345 3392 4403 Dei
3434 4347 3680 4406 Ecclesia
3708 4369 3771 4407 su

2297 4424 2376 4490 pti
2393 4424 2782 4496 intelliguntur.

2371 4517 2428 4571 ια
2457 4526 2637 4573 autem
2660 4535 2690 4574 a
2711 4521 2864 4578 vobis
2891 4523 3054 4579 etiam
3082 4526 3432 4585 animadverti
3461 4533 3736 4602 cupimus,

613 4593 757 4656 Ἰϐας
810 4602 896 4652 καὶ
947 4599 1252 4674 Θιοδώριτος
1299 4603 1384 4660 διὰ
1430 4609 1489 4662 τό
1535 4609 1786 4663 ἀντειπεῖν
1832 4619 1938 4671 τοῖς
2003 4611 2193 4670 δώδεκα

2190 4613 2271 4674 ει)
2299 4606 2446 4660 lbam
2479 4618 2685 4664 tantum
2731 4619 2788 4666 et
2827 4611 3210 4671 Tlieodoritum
3240 4620 3311 4674 ob
3340 4593 3652 4691 oppugnata
3698 4593 3770 4680 du

611 4687 892 4756 κεφαλαίοις
925 4695 1012 4741 τοῦ
1046 4692 1092 4741 ἐν
1128 4691 1288 4763 ἁγίοις
1337 4696 1571 4767 κυρίλλου
1595 4698 1924 4760 ἐξεϐλήθησαν
1960 4710 2052 4761 τῆς
2081 4704 2191 4758 ἑπι-

609 4788 824 4841 σκοπῆςο
864 4779 986 4834 ἀλλά
1028 4786 1110 4835 καὶ
1136 4783 1372 4852 Δόμνοςό
1412 4784 1725 4858 Ἀντιοχείας
1774 4791 2189 4864 άρχιεπίσκοπος

607 4868 689 4923 διά
711 4877 860 4925 τοῦτο
888 4871 1242 4932 κατεδικάσθη.
1262 4878 1329 4935 ὡς
1351 4877 1557 4950 γράψας
1588 4881 1789 4950 ὀφείλειν
1814 4882 1962 4948 μόνον
1985 4904 2187 4942 σιωπη-

605 4964 744 5018 θῆναι
786 4966 852 5018 τά
896 4967 1024 5020 αὐτά
1065 4964 1258 5022 δώδεκα
1308 4971 1572 5043 κεφάλαια·
1619 4973 1677 5029 ἦν
1723 4995 1836 5028 τινα
1883 4977 2186 5053 κατάκρισιν

603 5058 731 5110 κατὰ
776 5057 964 5128 Δόμνου
1013 5063 1293 5131 γενομένην,
1326 5068 1406 5118 καί
1446 5067 1578 5134 μετά
1625 5067 1832 5122 θάνατον
1878 5073 2039 5124 αὐτοῦ
2076 5075 2105 5130 ἡ
2133 5075 2184 5127 ἔν

601 5147 870 5207 Χαλκηδόνι
888 5151 1107 5212 σύνοδος
1149 5153 1352 5217 ἐδέξατό
1392 5177 1446 5209 τε
1490 5162 1573 5210 καὶ
1613 5158 1935 5214 ἐϐεϐαίωσεν.
1985 5160 2100 5218 Ὀτι
2128 5162 2181 5218 δὲ

605 5245 752 5293 τοῦτο
779 5241 952 5301 ἀληθές
993 5244 1123 5307 ἐστι,
1152 5248 1234 5298 καὶ
1263 5247 1418 5306 αὐτὸς
1459 5247 1769 5325 Θεοδὼριτος
1808 5253 1936 5327 πρός
1963 5250 2180 5313 Ἰωάννην

604 5330 684 5385 τόν
710 5336 1032 5408 Γερμανικίας
1057 5338 1334 5391 ἐπίσκοπον
1357 5346 1608 5416 μαρτυρεῖ
1623 5344 1825 5416 γράφων
1854 5344 2042 5405 οὕτως·
2077 5363 2096 5397 1
2121 5349 2179 5400 Τί

598 5417 784 5478 δήποτε
815 5425 900 5475 καί
928 5435 1197 5496 προφανῶς
1223 5427 1515 5498 ψεύδονται.
1543 5437 1626 5486 καί
1657 5455 1784 5504 φασι
1823 5434 2070 5506 μηδεμίαν
2095 5457 2177 5508 γε·

595 5516 830 5583 γενῆσθαι
871 5521 991 5592 περὶ
1035 5517 1198 5592 δόγμα
1249 5529 1599 5597 καινοτομίαν;
1652 5527 1734 5582 διά
1777 5535 1956 5592 ποίους
1999 5533 2176 5605 φόνους

594 5607 677 5658 καί
706 5608 936 5676 γοητείας
967 5609 1195 5671 ἐξηλάθην
1234 5614 1358 5686 ίγὼ;
1390 5616 1415 5670 ό
1443 5616 1580 5672 δεῖνα
1603 5622 1739 5680 τίνας
1767 5625 2007 5692 μοιχείας
2036 5625 2172 5679 ἐτόλ-

594 5714 756 5768 μησες
789 5703 966 5760 ποίους
995 5700 1020 5755 ό
1045 5700 1174 5757 δεῖνα
1195 5703 1405 5778 διώρυξε
1430 5711 1644 5782 τάφους;
1667 5711 1812 5770 δῆλόν
1833 5715 1940 5770 ἐστι
1960 5719 2047 5769 καὶ
2068 5725 2172 5776 τοῖς

593 5785 894 5861 βαρϐάροις·
928 5792 1204 5865 παρακαλῶ
1229 5790 1349 5863 (sic)
1375 5798 1438 5856 ὡς
1464 5796 1726 5870 δογμάτων
1755 5804 1911 5876 χάριν
1935 5807 2064 5873 κάμέ
2089 5810 2168 5858 καὶ

593 5880 708 5944 τοὺς
732 5875 910 5941 ἄλλους
937 5881 1192 5946 ἐξήλασαν.
1223 5888 1313 5939 Καὶ
1347 5888 1446 5960 γὰρ
1467 5890 1552 5944 τόν
1580 5893 1751 5965 κύριον
1777 5894 1974 5968 Δὸμνον,
2008 5899 2076 5957 ὡς
2103 5899 2166 5952 τά

2299 4699 2404 4752 cim
2433 4714 2496 4754 ea
2519 4703 2691 4756 sancti
2725 4703 2911 4775 Cyrilli
2949 4707 3126 4777 capita
3155 4707 3318 4766 fuisse
3345 4712 3414 4767 ab
3442 4717 3763 4786 episcopatu

2290 4792 2486 4860 jectos,
2510 4810 2695 4850 verum
2726 4797 2991 4854 Domuum
3020 4816 3235 4872 quoque
3261 4803 3685 4864 Antiochensem
3715 4827 3772 4866 ar

2293 4894 2600 4964 episcopum
2645 4896 3107 4956 condemnationis
3159 4904 3386 4962 subiisse
3419 4906 3715 4977 jndicium‘,
3761 4927 3772 4980 ι

2293 4992 2483 5052 pterea
2529 4985 2678 5055 quod
2727 4989 3053 5060 scripsisset,
3098 4994 3354 5062 expedire
3384 5005 3443 5050 ut
3479 4998 3772 5054 duodecim

2291 5074 2466 5143 capita
2495 5075 2708 5131 silentio
2728 5089 3124 5148 premerentur;
3163 5083 3309 5153 quod
3334 5085 3595 5154 judicium
3635 5090 3687 5142 in
3722 5092 3772 5143 l).

2291 5179 2420 5217 num
2451 5165 2773 5234 institutum,
2803 5169 3041 5240 synodus
3062 5171 3535 5242 Chalcedonensis,
3567 5193 3638 5234 eo
3667 5197 3772 5249 quo

2289 5269 2319 5308 e
2368 5255 2501 5310 vivis
2542 5259 2773 5326 sublato,
2831 5263 3080 5331 probavit
3127 5275 3291 5336 atque
3345 5271 3705 5328 conﬁrmavit.
3755 5274 3772 5328 l

2285 5361 2448 5414 porro
2498 5350 2776 5405 verissima
2821 5367 2970 5421 esse,
3017 5366 3178 5427 atque
3223 5361 3296 5415 ita
3334 5364 3772 5430 quemadmodun

2286 5437 2438 5491 nobis
2467 5440 2708 5508 exposita
2739 5452 2885 5510 sunt,
2929 5461 2986 5500 se
3016 5445 3214 5504 habere
3260 5452 3487 5521 ipsemet
3515 5455 3771 5512 Theodor

2289 5537 2514 5584 testatur
2542 5531 2594 5585 in
2620 5534 2848 5604 epistola
2876 5537 2942 5591 ad
2969 5538 3230 5596 Joannem
3266 5543 3623 5604 Germanicia:
3664 5553 3772 5621 epis

2282 5638 2408 5691 pum
2433 5623 2544 5678 lucc
2565 5627 2832 5682 scribens:
2854 5647 2872 5680 ι
2893 5629 3030 5696 Quid
3051 5634 3194 5689 enim
3221 5637 3428 5705 profani
3451 5643 3772 5696 mentiuntm

2279 5713 2484 5779 dicunt,
2527 5717 2726 5771 nullam
2764 5719 2910 5774 circa
2952 5721 3202 5792 dogmata
3244 5744 3440 5784 novam
3497 5732 3697 5788 factam
3753 5748 3772 5786 ε

2277 5804 2602 5864 sectionem?
2622 5818 2848 5878 propter
2873 5827 3009 5881 quas
3035 5817 3211 5873 caedes
3245 5821 3422 5888 igitur,
3454 5824 3568 5879 sive
3599 5824 3772 5895 prmsti

2274 5898 2526 5969 expulsus
2573 5914 2672 5971 ego
2719 5905 2876 5960 sum?
2924 5922 3184 5977 quasnam
3227 5914 3487 5973 mmchius
3537 5927 3772 5990 pcrpetra
