3954 6178
652 377 759 431 ἴίὄ
2020 380 2317 439 VIGILIUS
2356 382 2552 439 PAPA.

646 499 910 560 καθολικῆς
965 500 1229 561 ίκκλησίας
1276 496 1649 559 ἀνεκλήθησαν,
1695 497 1960 551 τουτέστιν
2007 495 2231 558 Ἰωάννης

2271 500 2310 558 Α
2336 507 2482 565 sunt,
2507 496 2955 567 quemadmodum
2985 507 3207 554 econtra
3254 499 3287 553 ii
3325 514 3417 570 qui
3455 506 3651 568 injuste
3689 497 3760 553 da:

616 636 618 638 τ
646 594 731 644 καί
751 591 1038 655 Φλαυιανός,
1070 591 1117 643 οί
1148 592 1198 644 έν
1220 588 1383 662 ἀγίοις
1411 588 1815 663 ἀρχιεπίσκοποι
1845 601 2235 644 Κωνσταντινου-

2340 589 2504 645 tionis
2557 589 2700 659 passi
2752 588 2965 645 fuerant
3007 590 3293 660 judicium,
3336 590 3619 645 Flavianus
3666 589 3760 644 νίιιι

2339 687 2501 747 atque
2528 679 2786 748 Joannes,
2835 682 3011 736 sancti
3058 679 3603 750 Constantinopoleos
3647 680 3760 736 arci

2339 770 2513 839 scopi,
2533 780 2658 840 post
2685 780 2913 827 mortem
2943 780 3067 828 sunt
3112 772 3180 827 ab
3211 772 3325 842 ipsa
3371 773 3631 827 catholica
3673 771 3760 827 Εοι

622 671 861 741 Ἵώλεως·
888 683 1019 735 κατά
1057 683 1155 757 γὰρ
1181 686 1272 740 τήν
1312 680 1565 754 ὑμετέραν
1606 676 1801 733 ἔννοιαν
1832 683 1941 754 χρὴ
1969 683 2087 740 τοὺς
2107 681 2242 751 αίρε-

653 775 816 833 τικούς
854 774 902 825 ἐν
938 781 1000 846 τῇ
1031 775 1187 847 οἰκείᾳ
1215 773 1382 848 πλάνῃ
1406 777 1810 832 τελευτήσαντας
1839 772 2237 844 ἔλευθεροῦσθαι,

650 864 769 923 τοὺς
796 861 850 917 δέ
877 861 1181 936 ὀρθοδόξους
1226 866 1345 925 τοὺς
1370 861 1554 923 ἀδίκως
1581 863 1993 938 κατακριθέντας,
2023 868 2094 932 μὴ
2118 863 2241 917 ἀνα·

570 990 573 991 ν
653 950 912 1007 καλεῖσθαι
934 954 1062 1026 μετά
1084 953 1166 1009 τὸν
1188 954 1421 1009 θάνατον·
1446 951 1570 1027 ὅπερ
1594 955 1765 1013 πάσης
1785 953 2025 1014 ἀσεϐείας
2050 954 2241 1011 πεπλή-

649 1062 834 1113 ρωται.

665 1364 671 1369 .
724 1318 839 1376 Ὀτι
868 1321 920 1377 δέ
951 1323 1336 1380 ἐκκλησιαστικὴ
1378 1322 1485 1377 ἔστι
1505 1319 1793 1396 παράδοσις
1818 1324 1939 1383 τοὺς
1961 1324 2247 1396 αίρετικοῦς

656 1416 737 1466 καί
765 1413 893 1482 μετά
935 1414 1144 1466 θάνατον
1175 1410 1618 1477 καταδικάζεσθαι,
1648 1414 1735 1467 καί
1772 1412 2243 1482 ἀναθεματίζεσοαι,

656 1506 862 1576 φανερόν
902 1504 991 1574 μὲν
1019 1505 1074 1556 ὲκ
1116 1500 1312 1557 τούτων
1359 1503 1699 1571 ἐποιήσαμεν
1750 1503 1877 1561 πλὴν
1918 1502 2053 1576 ὅμως
2082 1509 2166 1559 καί
2192 1507 2249 1558 ἐκ

657 1591 1067 1662 τῶνκδιατάξεων
1110 1600 1209 1647 τῶν
1253 1592 1407 1663 ἁγίων
1452 1592 1745 1647 ἀποστόλων
1782 1600 1935 1648 τοῦτο
1978 1592 2246 1653 δείκνυται⁵

658 1682 885 1751 λέγοντες
911 1686 1010 1756 γὰρ
1034 1687 1306 1757 προσήκειν
1332 1684 1465 1755 ὑπὲρ
1494 1684 1836 1743 ἀναπαύσεως
1858 1687 1959 1733 τῶν
1984 1680 2240 1738 τελευτόν-

662 1794 756 1826 των
795 1772 1131 1843 ἐλεημοσύνας
1158 1774 1499 1846 παρέχεσθαι,
1533 1771 1693 1831 οὕτως
1724 1770 1995 1844 έποίγουσι·
2029 1790 2048 1823 ε
2076 1778 2250 1828 Ταῦτα

2339 861 2595 916 restituti.
2624 862 2817 918 Vestro
2846 878 3006 932 porro
3031 862 3236 932 judicio
3262 863 3543 919 haereticos
3570 865 3658 932 qui
3690 879 3760 933 pri

2341 952 2667 1008 inhmrentes
2703 953 2975 1008 erroribus
3011 952 3358 1020 decesserint,
3401 953 3741 1009 damnatione

2340 1043 2450 1097 rari
2489 1058 2625 1113 opus
2677 1052 2760 1100 est
2793 1060 2806 1096 :
2842 1044 3138 1099 catholicos
3182 1052 3363 1099 autem
3419 1044 3614 1114 injuste
3650 1043 3760 1114 judi

2341 1134 2564 1189 minime
2598 1143 2723 1204 post
2751 1144 2978 1189 mortem
3018 1135 3262 1191 revocari
3308 1136 3375 1190 ad
3415 1134 3665 1192 Ecclesiae
3708 1151 3760 1206 με

2342 1228 2488 1297 quod
2508 1238 2708 1298 quanta
2737 1229 2954 1299 plenum
2982 1231 3051 1286 sit
3076 1232 3379 1302 iniquitate,
3410 1233 3499 1287 vix
3525 1232 3628 1288 dici
3652 1241 3760 1302 poti

2416 1318 2621 1385 Quibus
2648 1321 2909 1392 exemplis
2940 1323 3221 1392 perspicue
3262 1322 3617 1390 ostendimus,
3664 1321 3760 1378 Ect

2352 1423 2474 1463 esse
2521 1407 2814 1465 traditione
2876 1411 3140 1465 sancitum
3195 1411 3480 1467 haereticos
3528 1422 3647 1483 post
3690 1428 3760 1466 mi

2348 1514 2565 1568 quoque
2589 1499 2816 1569 judicari
2844 1514 3035 1571 posse,
3078 1511 3239 1571 atque
3268 1503 3698 1557 anathematibus
3723 1519 3759 1558 e

2348 1592 2545 1645 mnari.
2584 1590 2851 1647 Caeterum
2881 1592 3103 1648 ulterius
3131 1593 3308 1649 adhuc
3334 1595 3561 1665 idipsum
3610 1610 3677 1651 ex
3716 1612 3760 1650 s:

2350 1699 2470 1737 rum
2538 1684 2906 1754 apostolorum
2968 1683 3453 1744 Constitutionibus
3527 1686 3760 1742 demonSI

2351 1773 2616 1829 validius:
2664 1789 2773 1844 quo
2807 1790 3038 1846 namque
3080 1777 3183 1832 loci
3224 1777 3558 1834 constituunt
3600 1778 3760 1832 utiles

659 1860 713 1917 δὲ
738 1869 854 1935 περὶ
874 1871 974 1918 τῶν
997 1865 1219 1928 εὖσεξῶν
1239 1865 1463 1937 λέγομεν·
1490 1866 1607 1939 περί
1631 1862 1686 1919 δέ
1707 1871 1808 1919 τῶν
1832 1865 2051 1927 ἀσεϐῶν,
2081 1862 2165 1919 ἐὰν
2183 1867 2245 1921 τὰ

2278 1867 2326 1926 Β
2353 1882 2452 1938 pro
2500 1875 2834 1923 mortuorum
2879 1870 3068 1940 requie
3115 1870 3577 1942 eleemosynarum
3606 1870 3756 1926 oblat

658 1961 746 2004 τοῦ
794 1951 985 2019 κόσμου
1034 1950 1106 2019 δῷ
1149 1955 1386 2018 πένησιν,
1435 1950 1578 2007 οὐδέν
1626 1953 1795 2011 ὀνήσει
1840 1953 2016 2008 αὐτόν’
2064 1951 2103 2028 ᾧ
2144 1956 2246 2031 γάρ

659 2043 880 2112 περιίντι
929 2043 1145 2097 ὶναντίσν
1186 2039 1245 2101 ἦν
1292 2043 1350 2097 τό
1399 2045 1548 2108 θεῖον,
1599 2041 1745 2101 δῆλον
1785 2040 1863 2099 ὅτι
1912 2046 2000 2098 καί
2047 2065 2249 2117 μεταστ-

659 2131 820 2187 τάντι.
861 2149 880 2181 ι
930 2130 1109 2188 Ὀπότε
1156 2135 1319 2187 τοίνυν
1368 2134 1413 2186 οί
1465 2133 1745 2187 ἀπόστολοι
1796 2136 1915 2209 περὶ
1955 2140 2055 2188 τῶν
2102 2136 2248 2188 εὗσε-

661 2230 760 2283 66a
801 2223 934 2280 οὕτω
963 2222 1435 2288 διετύπωσαν.-τίς
1464 2223 1597 2280 εἴποι
1637 2232 1830 2301 χρῆναι
1873 2227 2001 2291 μετά
2037 2227 2249 2281 θάνατον

656 2324 778 2379 τοὺς
806 2318 1123 2394 αίρετικοὺς,
1165 2319 1195 2378 ἧ
1232 2320 1382 2374 αὒτὶν
1421 2320 1643 2390 μάλιστα
1686 2319 1944 2394 Θεόδωρον
1968 2329 2061 2382 τῆς
2087 2343 2247 2378 κατα-

661 2412 873 2482 κρίσεως
910 2418 1002 2466 τοῦ
1030 2413 1345 2483 ἀναθέματος
1376 2413 1778 2489 ἔλευθεροῦσθαι,
1809 2411 1863 2469 ὅν
1889 2436 2002 2471 τινα
2041 2417 2087 2469 οἱ
2115 2414 2251 2489 ἅγιοι

661 2502 877 2574 πατέρες
907 2504 972 2561 ὡς
1004 2504 1216 2572 χείρονα
1258 2501 1534 2564 Ἰουδαίων,
1569 2507 1657 2558 καί
1682 2505 1953 2571 Ἑλλήνων,
1991 2509 2073 2561 καί
2102 2505 2247 2562 Σοδο-

662 2598 820 2657 μιτῶν
837 2630 851 2654 ,
881 2594 965 2645 καί
993 2593 1195 2647 πάντων
1223 2601 1324 2647 τῶν
1352 2594 1613 2669 αίρετικῶν
1638 2595 2071 2669 βλασφημήσαντα
2088 2639 2103 2662 ,
2131 2599 2250 2653 τού-

656 2697 766 2739 τοις
786 2682 1166 2754 συνηρίθμησαν
1184 2720 1200 2748 ,
1236 2686 1321 2736 καί
1353 2685 1480 2755 μετά
1499 2692 1591 2745 τῆς
1632 2686 1791 2741 αὐτοῦ
1831 2687 2070 2750 ἀσεϐείας
2099 2691 2248 2745 κατέ-

660 2787 828 2841 κριναν
843 2784 859 2832 ;

2353 1958 2435 2014 sic
2459 1967 2882 2028 prosequuntur:
2901 1977 2919 2011 ι
2945 1958 3005 2014 ld
3033 1969 3224 2028 autem
3242 1960 3310 2016 de
3337 1960 3440 2031 piis
3465 1961 3760 2016 hominibus

2352 2062 2512 2102 mus:
2556 2048 2625 2101 de
2652 2046 2830 2117 impiis
2854 2047 2999 2103 enim
3045 2049 3255 2103 etiamsi
3302 2049 3551 2105 universa
3600 2048 3760 2104 mund

2352 2135 2549 2191 stantia
2577 2150 2677 2206 pro
2705 2136 2837 2206 ipsis
2863 2139 3188 2208 pauperibus
3212 2139 3651 2205 distribueretur,
3699 2156 3760 2196 ut

2353 2227 2644 2299 quidquam
2670 2227 2954 2301 proderit:
3006 2229 3094 2284 cui
3123 2229 3266 2284 enim
3292 2231 3570 2300 superstiti
3610 2232 3756 2286 divin

2353 2318 2730 2385 versabantur,
2761 2325 2969 2373 certum
2993 2327 3077 2373 est
3116 2320 3277 2373 etiam
3307 2328 3490 2375 amoto
3518 2335 3625 2375 non
3653 2336 3760 2376 esse

2352 2409 2551 2463 futura.
2582 2427 2602 2461 ι
2648 2408 2921 2480 Apostolis
2964 2409 3129 2478 igitur
3156 2411 3261 2466 hoc
3301 2411 3468 2467 modo
3492 2412 3635 2483 circa
3664 2414 3760 2482 pio

2353 2499 2685 2556 decesserint
2707 2501 2979 2568 homines,
3008 2498 3405 2567 deﬁnientibus,
3430 2503 3551 2572 quis
3580 2510 3760 2559 statue

2352 2593 2498 2659 deat,
2522 2593 2805 2649 htcreticos
2826 2602 2948 2663 post
2975 2602 3226 2659 mortem,
3255 2595 3591 2664 potissimum
3614 2611 3748 2650 vero

2352 2687 2541 2743 dorum
2562 2689 2758 2758 ipsum,
2788 2705 2817 2743 a
2841 2690 3067 2745 condem
3076 2690 3290 2744 natione
3303 2672 3505 2745 liberos
3523 2704 3642 2745 esse
3660 2705 3760 2762 ope

2353 2792 2513 2846 quem
2536 2780 2710 2834 sancti
2739 2778 2948 2846 Patres,
2975 2779 3142 2833 veluti
3169 2777 3387 2836 Judaeis.
3419 2778 3616 2834 Grmcis
3643 2788 3760 2848 atqi

662 2857 876 2912 domitis
889 2858 1124 2917 deterius
1145 2861 1625 2932 blasphemantem,
1652 2865 1781 2936 ipsis
1802 2877 2278 2938 connumerarunt,
2322 2878 2487 2937 atque
2512 2885 2617 2923 una
2641 2884 2763 2926 cum
2793 2871 3070 2940 impietate
3097 2886 3193 2925 sua
3222 2868 3715 2927 condemuaverunt
3733 2874 3760 2926 τ

726 2946 841 3006 Ὀτι
865 2949 1021 3006 δὲκαὶ
1053 2954 1181 3023 μετὰ
1216 2955 1424 3009 θάνατον
1460 2958 1580 3016 τοὺς
1614 2958 1931 3032 αἱρετικοῦς,
1966 2963 2035 3021 ὡς
2071 2963 2249 3037 προεί-

663 3060 814 3110 πομεν
834 3043 1290 3112 ἀναθεματίζεσθαι
1324 3042 1432 3108 δεῖ,
1467 3049 1551 3100 καί
1577 3045 1602 3101 ό
1633 3047 1681 3101 ἐν
1717 3047 1878 3119 ἁγίοις
1909 3051 2249 3121 Δύγουστῖνος

662 3131 939 3192 ἐπίσκοπος
967 3134 1021 3186 έκ
1061 3142 1152 3195 τῆς
1189 3141 1288 3189 τῶν
1325 3133 1514 3210 ’Δφρῶν
1546 3140 1730 3212 χώρας
1777 3139 1912 3195 οὕτω
1948 3142 2080 3215 λέγει
2108 3144 2158 3196 έν
2185 3151 2248 3218 τῇ

663 3223 897 3296 έπιστολῇ
934 3232 997 3300 τῇ
1027 3227 1159 3299 πρός
1198 3228 1471 3297 Βονιφάτιον
1504 3232 1851 3305 γεγραμμένῃ·
1888 3248 1907 3281 ε
1934 3230 2113 3287 Ὀπότε
2157 3229 2249 3288 κᾶν

663 3314 810 3372 ἀληΟῆ
922 3314 1133 3371 δυνατὸν
1176 3314 1440 3387 δειχθῆναι
1478 3322 1543 3374 τά
1581 3319 1708 3395 παρ’
1736 3324 1904 3377 αὐτῶν
1932 3324 2247 3383 ἀντιτεθέντα

664 3404 880 3459 κεκιλιαν
898 3416 951 3470 Τι,
992 3411 1077 3462 καί
1101 3409 1253 3481 ὑμῖν,
1278 3414 1365 3464 καί
1391 3412 1705 3469 ἀποθανόντα
1738 3410 1797 3469 ἂν
1825 3417 1979 3472 αὐτὸν
2012 3419 2249 3491 ἀναθεμα-

660 3497 879 3567 τίζομεν⁹
909 3496 1014 3550 ἀλλ’
1042 3495 1177 3571 ὅμως
1197 3506 1287 3560 τὴν
1314 3508 1406 3556 τοῦ
1430 3512 1654 3577 Χριστοῦ
1677 3505 1967 3574 έκκλησίαν,
2011 3511 2045 3568 ἦ
2071 3533 2150 3572 τις
2187 3515 2246 3567 οὐ

663 3591 781 3645 ταῖς
817 3585 1164 3656 ἓμφιλονείκοις
1188 3587 1354 3655 δόξαις
1378 3594 1772 3663 μεταϐάλλεται,
1807 3597 1933 3654 ἀλλά
1959 3608 2071 3662 ταῖς
2092 3601 2249 3664 θείαις

654 3678 968 3747 μαρτυρίαις
991 3678 1287 3750 βεϐαιοῦται
1304 3721 1319 3746 ,
1350 3681 1416 3737 δι’
1443 3680 1541 3738 οἷον
1569 3682 1753 3744 δήποτε
1781 3684 2045 3764 ἄνθρωπον
2089 3714 2246 3749 κατα-

657 3767 848 3822 λείπειν
868 3771 959 3823 οὐκ
979 3769 1247 3841 ὀφείλομεν.
1279 3789 1299 3823 ε

734 3860 836 3911 Καί
870 3864 1037 3914 ταῦτα
1083 3863 1174 3931 μέν
1217 3861 1244 3917 ό
1285 3863 1335 3917 έν
1377 3863 1536 3939 ἁγίοις
1575 3869 1928 3943 Δῦγουστῖνος.
1966 3871 2142 3947 Ὀμως
2187 3880 2247 3933 οὗ

662 3946 806 4020 μόνον
843 3952 964 4010 τοὺς
1005 3952 1079 4013 είς
1120 3955 1294 4009 πίστιν
1344 3955 1725 4033 ἁμαρτάνοντας
1781 3964 1912 4034 μετά
1950 3946 2162 4022 Θάνατον
2203 3970 2248 4024 οί

663 4035 799 4109 ἅγιοι
832 4041 1053 4115 πατέρες
1089 4043 1568 4114 ἀναθεματίζουσιν,
1601 4050 1723 4104 ἀλλά
1769 4055 1853 4106 καί
1877 4056 1999 4115 τοὺς
2042 4056 2249 4113 έπισκό-

665 4148 811 4194 πους,
833 4132 957 4191 τοὺς
984 4133 1036 4186 έν
1071 4141 1134 4208 τῇ
1155 4134 1418 4211 τελευταίᾳ
1459 4140 1621 4194 αὐτῶν
1648 4142 1917 4212 βουλήσει,
1961 4146 1992 4207 ἢ
2027 4150 2080 4212 έξ
2102 4147 2249 4206 ἀδια-

663 4217 802 4272 θέτου
833 4220 1111 4291 αίρετικοῖς
1136 4227 1461 4297 συγγενέσιν,
1503 4229 1533 4288 ἧ
1559 4232 1810 4296 ἐξωτικοῖς
1849 4237 2249 4309 καταλεμπάνον·

660 4329 776 4406 καςἶ
805 4318 905 4406 Τῆς
937 4313 1038 4406 γάρ
1081 4315 1130 4367 έν
1168 4312 1369 4393 ’Δφρικῇ
1413 4318 1630 4375 συνόδου
1676 4322 2005 4396 ὀγδοηκοστὸς
2042 4339 2247 4406 πρῶτος

654 4403 814 4455 κανὼν
835 4400 969 4457 οὕτω
991 4403 1120 4478 λέγει
1144 4421 1159 4438 ⁸
1189 4422 1208 4458 ι
1234 4407 1377 4462 Πάλιν
1408 4412 1620 4486 ὡρίσθη,
1650 4412 1702 4468 εἷ
1727 4438 1806 4477 τις
1830 4400 2104 4484 ἐπίσκοπος
2130 4422 2248 4484 κλη-

663 4491 904 4588 ρονόμους
931 4495 1201 4559 ἆξωτικοῦς
1237 4507 1329 4560 τῆς
1369 4499 1501 4562 ἰδίας
1531 4509 1854 4578 συγγενείας,
1885 4509 1914 4569 ἢ
1941 4513 2242 4588 αίρετικούς,

660 4578 754 4636 τᾶν
796 4582 954 4646 ἰδίους
980 4598 1272 4662 συγγενεῖς,
1299 4591 1330 4652 ἢ
1357 4591 1593 4657 Ἕλληνας
1611 4605 1917 4674 προτιμήσει
1949 4578 2042 4666 τεός
2069 4607 2242 4667 ἓκκλη-
2266 4640 2320 4700 D

663 4675 810 4738 σίας,
849 4678 1089 4746 καὶμετά
1126 4682 1335 4739 θάνατον
1374 4687 1839 4760 ἀναθεματιζέσθω,
1878 4700 1962 4750 καί
1988 4698 2045 4752 τὸ
2084 4696 2242 4771 ὄνομα

663 4765 817 4818 αὐτοῦ
843 4770 1030 4837 μεταξὺ
1061 4778 1159 4825 τῶν
1203 4781 1294 4828 τοῦ
1324 4783 1451 4830 Θεοῦ
1493 4780 1663 4854 ἱερέων
1693 4788 1764 4853 μὴ
1800 4786 2241 4858 ἀναγινωσκέσθω,

663 4860 745 4911 καί
770 4857 880 4913 οὐδὲ
906 4861 1176 4934 ἐξαιρεῖται
1196 4874 1287 4926 τῆς
1314 4874 1678 4945 κατακρίσεως,
1714 4878 1760 4929 εί
1784 4876 2048 4942 ἀδιάθετος
2072 4857 2242 4937 τελευέ

663 4952 824 5006 τόσου
854 4950 1025 5013 έπειδή
1053 4954 1212 5029 ἐχρῆν
1242 4960 1393 5015 αὐτόν
1416 4960 1692 5019 ἐπίσκοπον
1717 4969 1970 5038 γενόμενον
1995 4970 2243 5045 μηδαμῶς

664 5041 1003 5097 ἀναϐαλέσθαι
1030 5050 1119 5104 τήν
1157 5054 1250 5108 τῆς
1288 5046 1418 5112 ἰδίας
1458 5054 1636 5115 οὐσίας
1682 5054 1950 5121 διοίκησιν,
1996 5041 2242 5136 ἀρμοδίαν

664 5139 734 5199 τῷ
754 5135 914 5203 οἰκείῳ
934 5135 1295 5210 ίπαγγέλματι.
1327 5159 1345 5192 t
1372 5147 1427 5195 Εἰ
1450 5149 1634 5209 τοίνυν,
1661 5152 1822 5211 καθὼς
1846 5150 1871 5204 ό
1891 5152 2242 5212 ἔκκλησιαστι-

666 5222 748 5278 κός
774 5222 927 5294 ὥρισε
957 5230 1139 5294 κανὼν,
1171 5229 1303 5304 ὑπὲρ
1332 5229 1463 5292 ίδίας
1492 5234 1538 5286 οί
1560 5235 1821 5292 ἐπίσκοποι
1847 5246 2145 5313 περιουσίας
2172 5251 2241 5313 μή

666 5309 822 5401 ὀρθῶς
861 5312 1215 5380 διοικηθείσης,
1249 5322 1335 5374 καί
1367 5325 1496 5391 μετά
1534 5325 1741 5382 θάνατον
1773 5309 2239 5401 ἀναθεματίζονται,

667 5399 808 5468 πόσῳ
841 5404 1023 5481 μᾶλλον
1058 5408 1502 5481 ἀναθεματίζεσθαι
1540 5414 1741 5486 ὤφειλον
1784 5421 1830 5472 οί
1856 5423 1927 5480 είς
1969 5424 2119 5477 αὐτόν
2153 5426 2241 5479 τὸν

665 5488 782 5580 ςεόν
810 5488 1210 5564 ἁμαρτάνοντες,
1250 5507 1341 5559 τῆς
1369 5497 1515 5569 ἁγίας
1549 5514 1745 5580 γραφῆς
1785 5508 2047 5580 λεγούσης,
2080 5528 2099 5560 ε
2129 5518 2240 5568 Ἐὰν

665 5574 922 5653 ἅνθρωπος
950 5585 1019 5678 εἰς
1058 5583 1318 5665 ἄνθρωπον
1356 5591 1585 5668 ἁμάρτῃ,
1616 5600 1699 5650 καί
1724 5598 2092 5671 προσεύξονται
2119 5606 2238 5678 περί

667 5672 852 5724 αὐτοῦ·
883 5675 927 5729 εί
958 5671 1013 5729 δέ
1039 5678 1109 5735 είς
1137 5678 1262 5733 Θεόν
1286 5702 1365 5743 τις
1393 5682 1616 5759 ἁμάρτῃ,
1646 5689 1725 5748 τίς
1752 5692 2086 5764 προσεύξεται
2120 5671 2238 5772 περί

668 5785 819 5820 αυτου
837 5780 853 5829 ;
1536 5780 1540 5783 ⁷

2425 2957 2691 3015 Cancrum
2719 2959 3001 3016 haereticos
3027 2971 3149 3031 post
3172 2970 3399 3017 mortem
3426 2977 3661 3034 quoque,
3690 2972 3754 3018 ut

2352 3067 2464 3108 rius
2508 3053 2901 3118 constituimus,
2949 3069 3068 3110 esse
3108 3053 3465 3122 damnandos,
3509 3064 3729 3111 sanctus

2350 3139 2678 3213 Augustinus
2719 3142 2986 3200 Africanae
3021 3145 3302 3216 cujusdam
3346 3148 3495 3203 urbis
3542 3149 3760 3220 episcop

2271 3267 2318 3328 ο
2350 3234 2577 3303 epistola
2603 3234 2671 3288 ad
2692 3234 3024 3290 Bonifacium
3054 3235 3255 3291 diserte
3284 3237 3446 3292 tradit
3470 3256 3484 3292 :
3520 3258 3539 3291 ι
3558 3237 3760 3306 Quamv

2349 3326 2484 3397 quit,
2515 3335 2571 3382 et
2594 3327 2641 3382 si
2663 3341 2790 3382 vera
2820 3334 3000 3382 essent
3026 3342 3146 3397 qua:
3174 3328 3241 3383 ab
3269 3330 3349 3383 eis
3377 3328 3586 3398 objecta
3613 3340 3746 3385 sunt

2348 3416 2494 3473 liano
2521 3426 2578 3472 et
2603 3417 2758 3473 nobis
2800 3427 3023 3488 possent
3064 3417 3356 3487 aliquando
3405 3421 3716 3487 monstrari,

2342 3508 2455 3581 jam
2480 3518 2759 3565 mortuum
2780 3510 3357 3566 anathematizaremus
3382 3528 3397 3577 ;
3423 3510 3516 3565 sed
3538 3520 3717 3566 tamen
3744 3512 3760 3565 l

2347 3601 2480 3657 siam
2508 3600 2727 3670 Christi,
2749 3617 2868 3672 qua:
2890 3618 2999 3657 non
3040 3602 3290 3671 litigiosis
3316 3603 3660 3672 opinionibus
3691 3605 3760 3660 [in

2349 3691 2445 3747 sed
2501 3693 2695 3748 divinis
2745 3692 3182 3748 attestationibus
3235 3694 3652 3765 comprobatur,
3711 3714 3760 3769 p1

2348 3783 2644 3853 quemlibet
2672 3783 2946 3839 hominem
2976 3784 3286 3853 relinquere
3311 3785 3530 3842 minime
3556 3787 3759 3843 debem‘

2419 3873 2548 3930 Haec
2574 3874 2922 3945 Augustinus.
2973 3875 3231 3932 Similiter
3256 3887 3434 3933 autem
3465 3894 3573 3934 non
3602 3880 3760 3937 modo

2346 3964 2584 4031 multos,
2632 3966 2724 4034 qui
2771 3966 3031 4022 adversus
3078 3966 3236 4022 iidem
3286 3980 3635 4038 erraverant,
3686 3988 3760 4028 mc

2347 4056 2823 4111 anathematizavit
2846 4056 3087 4114 Ecclesia
3136 4066 3194 4113 et
3238 4059 3411 4115 sancti
3439 4058 3649 4126 Patres,
3700 4077 3760 4118 se

2346 4161 2541 4217 scapos
2564 4147 2725 4202 etiam
2753 4147 2844 4215 qui
2871 4147 2957 4203 vel
2985 4148 3039 4203 in
3070 4148 3256 4203 ultima
3283 4163 3379 4203 sua
3406 4148 3709 4217 voluntate,
3750 4168 3760 4189 τ

2346 4237 2601 4294 intestato
2629 4238 2899 4293 baireticis
2943 4239 3375 4307 consanguineis,
3424 4240 3510 4294 vel
3549 4240 3718 4295 etiam
3751 4259 3760 4294 ι

2346 4328 2463 4383 neis
2489 4343 2583 4384 sua
2610 4328 2754 4384 bona
2783 4329 3141 4399 reliquissent.
3183 4327 3586 4399 Octuagesimus
3633 4335 3760 4388 enin

2344 4436 2466 4478 mus
2493 4422 2755 4479 Africanae
2782 4424 2970 4497 synodi
2999 4441 3175 4481 canon
3205 4426 3320 4482 haec
3345 4426 3510 4482 habet
3534 4446 3549 4482 :
3589 4448 3610 4482 ε
3637 4430 3760 4485 Iteir

2347 4515 2590 4571 stitutum
2620 4523 2724 4584 est,
2754 4523 2814 4570 ut
2842 4517 2887 4571 si
2916 4518 3037 4587 quis
3057 4518 3344 4588 episeopus
3370 4519 3611 4576 haeredes
3637 4532 3760 4577 extr

2345 4620 2377 4660 a
2402 4606 2870 4674 consanguinitate
2907 4622 3024 4673 sua,
3074 4608 3160 4663 vel
3200 4608 3485 4664 bzereticos
3511 4612 3675 4666 etiam
3710 4630 3760 4667 Ct

2345 4697 2588 4765 guineos,
2622 4705 2715 4753 aut
2740 4713 2977 4769 paganos
3004 4699 3261 4756 Ecclesiae
3276 4702 3593 4773 prtetulerit,
3622 4706 3760 4759 etiam

2346 4796 2575 4842 mortem
2625 4789 2673 4843 ei
2722 4789 2930 4844 dicatur
2958 4792 3274 4860 anathema,
3325 4803 3382 4850 et
3410 4811 3608 4851 nomen
3639 4796 3760 4865 ejus

2346 4877 2656 4933 sacerdotes
2686 4878 2777 4933 Dei
2821 4895 2928 4934 non
2976 4890 3355 4952 computetur;
3409 4900 3509 4941 nec
3558 4902 3760 4942 excusa

2345 4966 2429 5022 illi
2452 4967 2600 5023 locus
2624 4970 2714 5036 sit,
2740 4970 2883 5040 quod
2913 4972 3195 5028 intestatus
3222 4974 3552 5030 decesserit:
3585 4978 3714 5046 quia
3746 4996 3760 5032 ι

2346 5056 2531 5111 debuit
2555 5056 2728 5114 factus
2750 5060 3055 5131 episcopus,
3105 5064 3186 5118 rei
3224 5080 3334 5120 sum
3363 5065 3760 5124 ordinationem

2342 5159 2530 5214 gruam
2559 5162 2668 5203 suae
2695 5148 3015 5217 professioni
3054 5167 3390 5224 nequaquam
3439 5156 3494 5210 in
3536 5157 3681 5213 aliud
3718 5167 3760 5213 ιι

2344 5236 2579 5293 diiTerre.
2624 5258 2643 5291 ι
2688 5239 2743 5294 Si
2792 5240 2991 5310 itaque,
3046 5245 3500 5312 quemadmodum
3553 5251 3760 5304 ecclesi.

2344 5339 2410 5380 eo
2439 5341 2648 5383 canone
2686 5328 2964 5385 deﬁnitum
2995 5340 3097 5397 est,
3139 5344 3263 5407 post
3290 5346 3520 5393 mortem
3551 5356 3760 5411 quoque

2346 5416 2584 5474 themate
2614 5420 2878 5475 feriuntur
2894 5423 3214 5496 episcOpiob
3228 5426 3442 5482 divitias
3475 5431 3623 5501 ipsas
3664 5434 3760 5487 hau

2341 5515 2429 5562 cte
2486 5508 2831 5576 distributas,
2893 5522 3096 5581 quanto
3126 5516 3322 5584 justius
3367 5526 3760 5579 excommunic:

2344 5597 2657 5668 subjiciendi
2686 5612 2843 5656 erunt
2870 5604 2962 5673 qui
3005 5606 3057 5658 in
3097 5605 3264 5661 Deum
3312 5609 3487 5679 ipsum
3537 5630 3760 5684 peccavt

2343 5692 2557 5751 dicente
2583 5696 2902 5767 Scriptura:
2953 5698 3016 5754 Si
3052 5700 3204 5756 homo
3243 5704 3296 5757 in
3325 5705 3586 5761 hominem
3613 5725 3760 5778 pecco

2342 5788 2440 5840 erit
2462 5788 2546 5857 qui
2576 5805 2669 5857 pro
2696 5791 2809 5859 ipso
2837 5799 2989 5858 oret;
3038 5794 3083 5848 si
3128 5804 3295 5849 autem
3334 5797 3388 5851 in
3430 5796 3601 5854 Deum
3629 5800 3760 5873 deliq

2340 5880 2455 5948 quis
2480 5881 2646 5935 orabit
2668 5898 2763 5953 pro
2790 5898 2850 5937 eo
2871 5882 2898 5937 Ρ
