3954 6178
339 363 451 422 Eis

1503 372 1877 432 JUSTINIANI
1903 378 2041 434 IMP.
2088 380 2444 438 EPISTOLA.

3435 395 3621 460 ’Ξῑῖῧ

403 477 777 547 ’Δποδείξοιντες
833 483 887 541 δὲ
953 484 1031 543 ὅτι
1080 489 1131 542 ὲν
1192 496 1306 550 τοῖς
1342 490 1679 564 ,προλαϐοῦσι
1725 491 1908 568 χρόνοι

2107 497 2240 551 Cum
2270 510 2451 554 autem
2474 501 2876 562 ostenderimus
2903 506 3066 565 fuisse
3093 513 3380 582 prmteritis
3409 523 3497 571 ten
3520 534 3622 588 po-

332 574 525 652 ὦρίσθη
548 578 693 650 παρὰ
716 583 817 632 τῶν
846 577 1001 651 όισγίων
1029 582 1270 655 πατέρων
1300 590 1495 658 χρῆναι
1521 587 1607 639 καί
1625 586 1755 657 μετὰ
1776 584 1934 642 θοίνα-

332 689 420 724 εαν
440 670 886 740 ἄναθεματίζεσθαι
911 674 1028 732 τούς
1067 671 1166 728 εἴτε
1198 677 1272 734 εἰς
1296 679 1499 745 πίστιν,
1527 674 1627 732 εἴτε
1667 679 1737 738 είς
1781 677 1934 734 κανό-

330 781 420 820 νας
446 759 879 831 ἁμαρτήσαντας,
913 763 1186 834 ἀναγκαῖον
1216 760 1337 820 εἶναι
1364 764 1654 838 συνείδομεν
1684 770 1767 823 καί
1792 771 1858 825 τά
1884 771 1932 823 ἐν

328 862 433 911 τᾶς
473 853 739 927 ἡμετέροις
769 853 978 928 χρόνοις
1008 854 1250 927 γενόμενα
1292 862 1428 913 πᾶσι
1457 855 1581 915 δῆλα
1608 868 1933 918 καταστῆσαι

324 942 459 1015 πρός
488 946 746 1020 ἀναίρεσιν
774 947 944 1006 πάσης
972 948 1200 1021 ἀφορμῆς
1224 954 1322 1002 τῶν
1350 952 1470 1009 τοὺς
1496 959 1766 1025 προφανεῖς
1793 952 1932 1026 αἱρε-

321 1036 522 1096 τικούς,
544 1038 628 1089 καί
650 1040 741 1095 τήν
762 1039 956 1091 τούτων
980 1037 1223 1092 άσίσῗειαν
1248 1036 1594 1094 ἔκδικούντων.
1624 1043 1852 1114 Λαυρέντ
1874 1061 1926 1094 ον

321 1128 421 1200 γὰρ
447 1167 462 1185 η
509 1127 594 1181 καί
620 1128 915 1204 Διόσκορον,
960 1133 1082 1190 τοὺς
1112 1131 1159 1183 ἐν
1187 1129 1439 1207 διατόροις
1468 1131 1676 1206 χρόνοις
1708 1139 1795 1194 τήν
1831 1140 1924 1189 τοῦ

319 1215 666 1273 ἀποστολικοῦ
692 1218 872 1294 θρόνου
904 1222 1183 1295 ἱερωσύνην
1210 1221 1614 1297 ὑφαρπάσαντας
1631 1270 1644 1292 ,
1677 1228 1720 1280 εἰ
1746 1231 1827 1281 καὶ
1852 1233 1922 1298 μή

317 1308 394 1365 εἰς
434 1309 616 1362 πίστιν
656 1310 913 1384 ἥμαρτον,
956 1312 1063 1365 ἀλλ’
1105 1307 1191 1365 οὖν
1234 1311 1405 1372 ἐπειδὴ
1452 1317 1582 1370 κατὰ
1615 1316 1921 1393 περιδρομὴν

317 1396 663 1453 ἐσπούδασαν
687 1408 780 1461 τῆς
811 1402 1092 1463 ἐπισκοπῆς
1118 1403 1443 1459 ἐπιλαϐέσθαι
1462 1445 1477 1469 ,
1506 1408 1635 1473 μετὰ
1659 1407 1866 1463 θάνατον
1893 1408 1919 1463 ὁ

317 1487 664 1550 ὲποστολικὸς
687 1492 859 1565 θρόνος
888 1495 1156 1566 κατέκρινε,
1186 1496 1271 1548 καί
1295 1494 1664 1560 άνεθεμοίτισεν.

2039 588 2188 643 ribus
2216 605 2249 644 a
2276 593 2478 646 sanctis
2506 591 2756 650 Ecclesia:
2779 595 3027 656 Patrihus
3050 602 3169 671 lege
3188 607 3475 677 sancitum,
3498 619 3623 680 post

2039 692 2270 738 mortem
2300 685 2483 750 etiam,
2526 702 2621 742 eos
2647 690 2737 759 qui
2767 691 2854 746 vel
2881 701 3073 748 contra
3113 696 3291 763 tidem,
3322 701 3410 755 vel
3436 701 3629 760 adver-

2038 784 2127 825 sus
2139 767 2391 830 Ecclesia:
2409 790 2646 833 canones
2667 783 2982 850 erraverint,
3000 786 3437 846 anathematizari
3458 807 3623 862 opor-

2040 871 2156 920 tere
2181 883 2194 918 :
2235 868 2599 924 necessarium
2628 872 2831 941 pariter
2859 889 2977 931 esse
3005 880 3358 949 prospicimus
3385 896 3448 937 ea
3478 899 3620 952 quo-

2036 966 2143 1021 que
2170 970 2289 1025 quae
2318 966 2503 1012 nostra
2546 959 2649 1016 hac
2693 970 2854 1018 relate
2886 962 3029 1019 facta
3080 976 3207 1022 sunt
3233 971 3482 1027 omnibus
3511 989 3620 1028 ma-

2028 1044 2224 1099 nifesta
2271 1048 2623 1115 constituere,
2676 1057 2736 1104 ut
2779 1052 2954 1108 omnis
2982 1055 3203 1110 tollatur
3230 1059 3611 1125 contradictio,

2028 1152 2147 1204 quae
2174 1152 2203 1191 a
2234 1137 2580 1207 profanorum
2613 1142 3009 1210 hrereticorum,
3042 1146 3391 1218 ipsorumque
3418 1150 3616 1221 impie-

2030 1226 2155 1280 tatis
2194 1227 2690 1297 patrocinatoribus
2737 1232 2909 1301 possit
2959 1235 3209 1291 excitari.
3263 1236 3612 1296 Laurentium

2027 1328 2263 1383 namque
2302 1323 2358 1369 et
2388 1316 2721 1387 Dioscorum,
2745 1321 2837 1389 qui
2866 1321 3092 1378 diversis
3120 1327 3450 1396 temporibus
3471 1345 3611 1401 apo-

2025 1405 2202 1461 stolici
2242 1406 2424 1462 throni
2469 1409 2811 1466 sanctitatem
2860 1414 3259 1483 subripuerant,
3305 1434 3611 1490 quanquam

2025 1495 2158 1550 nihil
2186 1495 2241 1550 in
2271 1494 2376 1552 ﬁde
2398 1509 2732 1568 peccassent,
2759 1502 2829 1557 ob
2858 1502 3090 1573 idipsum
3113 1513 3317 1576 tamen,
3339 1511 3485 1579 quod
3509 1529 3609 1583 per

2026 1588 2281 1657 ambages
2306 1589 2675 1662 episcopatum
2705 1594 2979 1663 suscipere
3007 1598 3190 1653 conati
3219 1598 3462 1668 fuerant,
3502 1604 3609 1660 vita

314 1665 429 1734 iam
459 1666 675 1724 functos
703 1672 999 1741 apostolica
1021 1672 1280 1742 judicavit
1307 1677 1486 1745 sedes,
1519 1687 1679 1748 atque
1708 1680 2085 1736 condemnavit

389 1760 597 1821 Ἐπειδὴ
640 1762 693 1819 δὲ
739 1769 823 1820 καί
870 1774 1019 1822 τοῦτο
1083 1777 1189 1830 τοῖς
1250 1771 1517 1847 ὑμετέροις
1573 1775 1908 1847 προσεθήκατε

2098 1772 2299 1827 Verum
2320 1788 2441 1828 cum
2479 1774 2535 1828 in
2568 1776 2762 1831 vestris
2788 1777 2981 1834 litteris
3010 1780 3063 1835 id
3085 1782 3248 1838 etiam
3269 1783 3607 1854 adieceritis:

308 1853 651 1928 γράμμασιν,
683 1853 762 1912 ὅτι
796 1853 881 1912 ἐάν
921 1880 995 1920 τις
1035 1863 1122 1916 τόν
1150 1862 1491 1937 αἱρεσιάρχην
1535 1865 1882 1939 άναθεματίσῃ
1904 1907 1918 1929 .

308 1950 403 2000 καί
433 1944 552 2021 εἴπῃ
572 1952 906 2025 κατακρίνων,
935 1956 1016 2007 καί
1040 1955 1158 2015 τοὺς
1179 1958 1243 2011 τά
1264 1954 1415 2027 ὅμοια
1432 1964 1732 2030 φρονοῦντας
1760 1961 1917 2030 αὐτῷ.

306 2042 801 2115 συμπεριλαμϐάνει
834 2047 1030 2107 πάντας
1056 2049 1176 2108 τοὺς
1212 2046 1293 2104 ὅτε
1323 2047 1508 2107 δήποτε
1543 2056 1709 2106 ταῦτα
1745 2056 1919 2128 φρονή-

306 2147 538 2191 σαντας·
562 2135 650 2185 καὶ
677 2130 762 2187 διά
794 2141 942 2189 τοῦτο
970 2134 1145 2195 ἐπειδὴ
1176 2138 1367 2192 Παῦλον
1390 2139 1474 2193 τόν
1500 2142 1920 2211 Σαμοσατέα,καί

306 2227 526 2290 οὼτιον,
552 2227 641 2279 καί
668 2227 890 2282 Βόννιέσον
909 2269 920 2289 ,
951 2232 1034 2282 καί
1075 2231 1346 2305 Νεστόριον
1371 2233 1758 2304 άναθεματίζετε
1780 2278 1794 2301 ,
1826 2236 1918 2290 οὐκ

304 2316 535 2387 ὀφείλετε
562 2320 649 2371 καί
671 2318 932 2393 Θεόδωρον
968 2321 1052 2375 τὸν
1078 2323 1145 2377 τά
1189 2320 1338 2393 ὅμοια
1375 2325 1573 2388 ἐκείνοις
1598 2329 1918 2400 φρονήσαντα

304 2408 562 2477 ίνομαστί
627 2410 1019 2482 ἀναθεματίσαι.
1084 2415 1363 2467 Γινώσκετε
1433 2411 1512 2469 ὅτι
1575 2423 1777 2489 πρῶτον
1824 2420 1917 2485 μίν

302 2499 492 2553 ἐκεῖνοι
537 2497 670 2572 δίχα
714 2501 955 2573 ὀνόματος
1000 2503 1451 2575 άναθεματίζονται
1489 2505 1698 2563 οἱκατὰ
1726 2507 1915 2566 πλάνην

303 2589 754 2653 ἀκολουθήσαντες
798 2600 910 2654 τοῖς
950 2593 1351 2671 αἰρεσιάρχαρς,
1400 2597 1458 2649 οὐ
1499 2600 1596 2664 μὴν
1646 2597 1692 2650 οἱ
1735 2594 1914 2656 ἄλλους

302 2681 676 2742 ἆπαττὲσαντες
725 2686 853 2743 Τοὺς
882 2685 977 2760 γάρ
1015 2688 1284 2759 άρχηνοῦς
1315 2694 1414 2741 τῶν
1439 2686 1677 2763 αἱρέσεων
1701 2692 1784 2742 καὶ
1807 2689 1915 2743 ὁπο-

304 2775 481 2842 μαστὶ
506 2774 538 2829 ἡ
566 2773 804 2832 ἐκκλησία
826 2781 916 2829 τοῦ
941 2783 1069 2830 Θεοῦ
1096 2778 1464 2846 ἀναθεματίζευ
1486 2775 1756 2848 ’Θεόδωρος
1783 2776 1832 2832 δὲ
1857 2780 1914 2831 οὐ

305 2863 465 2936 μόνον
487 2862 789 2927 διδάσκει).ος
811 2863 870 2925 ἦν
895 2874 985 2927 τῆς
1016 2872 1287 2944 Νεστορίον
1318 2867 1646 2930 δυσσεϐείας.
1672 2868 1796 2923 άλλά
1825 2874 1910 2924 καί

305 2960 533 3023 πολλοὺς
554 2960 636 3017 διὰ
664 2970 765 3017 τῶν
788 2962 989 3017 ἀσεϐῶν
1009 2966 1161 3017 αὐτοῦ
1186 2962 1606 3038 συγγραμμάτων
1629 2964 1907 3022 ἠπάτησεν.
1931 3000 1939 3011 ς

300 3046 517 3129 Ὠσπερ
554 3055 652 3131 γάρ
681 3055 728 3108 οί
755 3057 888 3131 ὀρθοί
913 3065 1004 3115 τῆς
1044 3056 1317 3116 ἐκκλησίας
1357 3054 1650 3111 διδάσκαλοι
1687 3055 1770 3111 διά
1809 3065 1908 3111 τῶν

2024 1866 2067 1920 si
2096 1866 2217 1937 quis
2261 1866 2573 1922 hmreticum
2621 1870 3183 1941 anathematizaverit,
3231 1885 3289 1932 et
3335 1879 3390 1935 in
3432 1881 3607 1953 ipsum

2021 1958 2347 2013 sententiam
2370 1959 2569 2023 ferens,
2600 1978 2775 2016 omnes
2799 1979 2997 2036 quoque
3024 1981 3139 2019 cum
3165 1968 3277 2036 ipso
3306 1973 3603 2040 sentientes,

2023 2047 2352 2118 adjunxerit,
2387 2064 2511 2104 eum
2560 2050 2680 2106 illos
2715 2066 2905 2108 omnes
2932 2055 3240 2125 complecti,
3283 2059 3375 2127 qui
3417 2063 3606 2131 quavis

2019 2141 2233 2196 ratione
2273 2139 2325 2194 id
2371 2141 2546 2210 ipsum
2575 2142 2719 2210 quod
2746 2143 3034 2199 damnatur
3078 2146 3465 2215 probaverint‘.
3497 2151 3604 2205 ita-

2020 2248 2125 2302 que
2170 2247 2293 2286 cum
2345 2229 2570 2286 Paulum
2615 2231 3074 2301 Samosatensem,
3123 2243 3179 2290 et
3224 2234 3494 2305 Photium,
3545 2248 3602 2295 et

2018 2323 2348 2390 Nestorium,
2400 2330 2456 2377 et
2498 2321 2771 2378 Bonosum
2818 2324 3322 2392 condenmaveritis,
3379 2327 3601 2383 minime

2020 2429 2155 2486 Opus
2199 2428 2319 2468 esse
2363 2421 2424 2468 ut
2462 2411 2807 2467 Theodorum
2837 2429 3053 2483 quoque
3087 2415 3278 2472 eadem
3313 2432 3436 2472 cum
3464 2418 3596 2490 ipsis

2016 2506 2339 2562 sentientem
2368 2504 2686 2559 nominatim
2738 2504 3147 2561 condemnetis:
3195 2507 3387 2564 scitote
3424 2509 3600 2578 primo

2017 2599 2234 2669 quidem
2263 2598 2384 2653 illos
2413 2612 2704 2668 suppresso
2732 2598 2951 2659 nomine
2997 2598 3457 2665 anathematizari,
3507 2602 3600 2670 qui

2017 2690 2281 2745 hmresum
2304 2695 2555 2742 auctores
2580 2694 2706 2741 sunt
2732 2687 2786 2741 in
2810 2703 2996 2743 errore
3024 2688 3216 2754 secuti,
3249 2697 3476 2745 caeteros
3504 2705 3598 2744 au-

2016 2789 2123 2833 tem
2154 2777 2373 2831 minime
2411 2775 2757 2846 deceperunt.
2792 2774 2861 2831 At
2886 2792 3016 2832 vero
3055 2777 3318 2834 haeresmu
3354 2778 3518 2835 duces
3544 2789 3596 2835 et

2016 2867 2300 2937 magistros
2328 2865 2570 2922 Ecclesia
2598 2867 2918 2922 nominatim
2947 2868 3385 2923 anathematizat.
3418 2867 3597 2926 Theo-

2014 2962 2180 3015 dorus
2207 2974 2370 3030 porro
2400 2973 2507 3013 non
2537 2958 2698 3013 modo
2727 2955 2959 3013 Nestorii
2978 2959 3233 3028 magister
3260 2960 3484 3025 exstitit,
3506 2976 3595 3016 ve-

2014 3071 2131 3110 rum
2161 3056 2327 3110 etiam
2357 3052 2540 3123 impiis
2572 3052 2787 3121 scriptis
2816 3052 2926 3107 suis
2954 3051 3252 3121 permultos
3293 3051 3501 3106 induxit
3540 3052 3595 3107 in

305 3145 507 3198 οἰκείων
537 3146 777 3200 ἐκθέσεων
800 3150 1143 3219 γνωρίζονται,
1178 3149 1259 3199 καί
1290 3147 1634 3206 ἔπαινοῦιται,
1663 3146 1798 3201 οὕτω
1828 3148 1908 3200 καί

2015 3160 2275 3201 errorem.
2326 3142 2537 3199 Etenim
2575 3142 3026 3212 quemadmodum
3057 3142 3188 3197 recti
3217 3140 3472 3197 Ecclesia:
3498 3141 3595 3197 do-

302 3235 372 3288 ἔκ
410 3239 502 3287 τοῦ
539 3236 760 3289 ἐναντίου
804 3237 990 3294 πάντες
1030 3236 1077 3289 οί
1120 3244 1211 3295 τῆς
1239 3234 1532 3299 κακοδοξίας
1558 3238 1786 3311 ἀρχηγοὶ
1825 3234 1910 3291 διὰ

300 3333 414 3378 τῶν
446 3323 586 3380 ἰδίων
612 3327 814 3381 ἀσεϐῶν
843 3328 1257 3401 συγγραμμάτων
1283 3327 1612 3401 ἐλέγχονται,
1656 3331 1740 3381 καί
1786 3328 1906 3384 άνα·

304 3413 691 3484 θεματίζονται.
720 3416 907 3474 Ὀπότε
945 3423 1110 3475 τοίνυν
1159 3419 1418 3497 Θεόδωρος
1447 3426 1532 3476 καὶ
1566 3423 1904 3499 αἱρεσιάρχης

311 3510 510 3579 γέγονε,
555 3514 636 3563 καί
681 3512 1051 3584 ἀναριθμήτους
1098 3512 1421 3584 βλασφημίας
1468 3515 1518 3568 ἑν
1558 3521 1671 3575 τοῖς
1705 3519 1905 3578 οἰκείοις

306 3598 530 3666 βιϐλίοις
558 3599 818 3672 divitum,
849 3601 1083 3674 οὐδεμίαν
1110 3602 1261 3675 ἔχετε
1292 3602 1488 3659 δικαίαν
1533 3607 1754 3684 ἆρορμήν
1776 3609 1906 3682 πρὸς

309 3690 369 3744 τό
394 3694 815 3765 παραιτήσασθαι
833 3694 919 3750 τόν
943 3695 1055 3750 κατ’
1082 3695 1236 3749 αὐτοῦ
1264 3696 1685 3767 ἀναθεματισμόν.

375 3966 497 4040 Περί
527 3963 583 4021 δὲ
604 3972 698 4025 τῆς
726 3965 964 4026 ἐκθέσεως
990 3974 1082 4026 τῆς
1107 3968 1366 4032 πίστεως,
1399 3967 1459 4026 ἢν
1486 3974 1593 4026 τοῖς
1635 3969 1900 4042 ὖμιτὲροις

309 4062 606 4133 γράμμασιν
647 4058 933 4124 ἔνεθήκατε,
964 4060 1009 4112 εί
1052 4060 1138 4112 καί
1160 4058 1321 4115 πολλά
1346 4056 1555 4130 εἴχομεν
1577 4059 1898 4134 μέμψασθαι,

308 4150 413 4203 ἀλλ’
442 4146 529 4204 οὖν
556 4147 695 4212 ὅπως
730 4149 815 4207 διά
854 4157 945 4211 τήν
972 4152 1222 4228 ὑμετέραν
1258 4148 1458 4226 ἄγνοιαν
1504 4155 1590 4207 καί
1640 4152 1899 4211 ἁπλότητα

308 4248 461 4298 τοῦτο
507 4243 836 4318 παραλείπειν
878 4245 1007 4305 τέως
1052 4241 1154 4299 δεῖν
1192 4244 1518 4316 ἕνομίσαμεν,
1560 4242 1611 4299 ἕν
1644 4266 1754 4300 τισι
1795 4248 1898 4320 γάρ

304 4337 604 4408 ἐνσσφαλῶς
630 4337 910 4413 ἕγράψατε.
950 4336 1036 4394 Ἐν
1076 4361 1181 4396 τισι
1218 4341 1414 4417 ῥήματα
1450 4340 1726 4408 τεθείκατε,
1771 4339 1900 4413 μηδέ

304 4435 418 4487 ταῖς
440 4428 599 4487 θείαις
622 4436 844 4504 γραφαῖς
861 4469 879 4496 ,
922 4427 1048 4504 μηδὲ
1075 4438 1183 4491 τοῖς
1217 4435 1380 4505 ἁγίοις
1416 4433 1676 4503 πατράσιν
1703 4433 1895 4505 ἔγνωσ-

299 4521 448 4586 μίνα’
476 4526 527 4573 ἰν
552 4516 723 4582 ἄλλοις
760 4520 815 4576 δὲ
842 4524 963 4582 τοὺς
997 4520 1329 4583 διδασκάλους
1358 4530 1449 4583 τῆς
1487 4524 1747 4586 ἕκκλησίας
1777 4523 1894 4595 τόγε

2014 3246 2193 3291 ctores
2221 3250 2290 3290 ex
2323 3234 2554 3305 propriis
2590 3233 2847 3288 doctrinis
2875 3241 3242 3301 agnoscuntur
3270 3241 3433 3301 atque
3462 3248 3592 3302 pro-

2014 3336 2135 3397 pter
2162 3327 2306 3396 ipsas
2332 3324 2805 3390 commendantur,
2838 3324 2911 3378 ita
2942 3332 3183 3390 econtra,
3219 3338 3592 3393 perversarum

2013 3419 2403 3475 sententiarum
2452 3425 2701 3473 auctores
2730 3433 2796 3473 ex
2829 3417 3061 3487 propriis
3107 3418 3346 3488 ipsorum
3398 3419 3591 3475 litteris

2011 3510 2405 3580 rrdarguuntur
2448 3517 2609 3577 atque
2653 3510 3192 3565 anathematizantur.
3252 3510 3387 3564 Cum
3429 3512 3591 3581 igitur

2014 3602 2333 3657 Theodorus
2378 3609 2433 3655 et
2462 3600 2847 3655 hatresiarchcs
2890 3601 3158 3655 exstiterit
3186 3609 3243 3656 et
3282 3603 3590 3658 innumeras

2009 3710 2177 3764 prope
2203 3691 2559 3762 blasphemias
2586 3691 2639 3745 in
2666 3692 2777 3745 suis
2810 3689 2959 3744 libris
2988 3690 3290 3761 protulerit,
3333 3691 3466 3746 nihil
3491 3706 3589 3747 vo-

2008 3787 2090 3842 bis
2132 3776 2378 3857 superest
2406 3799 2580 3841 causa:
2620 3798 2717 3839 cur
2761 3782 3049 3839 anathema
3089 3783 3142 3837 in
3191 3782 3365 3854 ipsum
3406 3783 3588 3840 dicere

2005 3878 2338 3934 detrcctetis.

2076 3968 2235 4024 Circa
2265 3968 2385 4024 tidei
2416 3982 2544 4023 vero
2576 3966 2991 4037 expositionem,
3022 3981 3183 4037 quam
3223 3967 3417 4024 vestris
3444 3968 3587 4024 litte-

2004 4060 2078 4115 ris
2107 4059 2405 4115 inseruistis
2425 4101 2441 4127 ,
2479 4057 2581 4113 etsi
2628 4058 2796 4113 multa
2824 4058 2934 4113 sint
2977 4057 3046 4113 de
3082 4058 3278 4127 quibus
3306 4059 3463 4115 nobis
3491 4074 3587 4115 vo-

2004 4151 2210 4207 biscum
2236 4158 2380 4206 esset
2406 4148 2868 4218 conquerendum,
2921 4148 3089 4204 nihilo
3120 4156 3297 4205 tamen
3325 4148 3504 4205 minus
3532 4149 3586 4205 id

2005 4247 2180 4295 totum
2240 4238 2557 4308 ignorantia:
2593 4236 3029 4307 simplicitatique
3084 4237 3376 4293 condonari
3424 4252 3585 4308 opor-

2007 4339 2122 4386 tere
2145 4329 2585 4386 existimavimus.
2625 4328 2833 4382 Alicuhi
2864 4343 3097 4398 namque
3127 4336 3339 4384 versate
3363 4329 3583 4399 scripsi-

2003 4425 2120 4489 stis,
2148 4423 2341 4478 alicubi
2372 4423 2552 4478 verbis
2580 4421 2661 4476 usi
2688 4421 2839 4484 estis,
2868 4436 3043 4491 neque
3073 4421 3126 4475 in
3156 4421 3326 4477 sacris
3365 4421 3582 4491 litteris,

2006 4529 2183 4583 neque
2209 4529 2242 4568 a
2269 4513 2469 4570 sanctis
2495 4510 2752 4565 Ecclesiae
2777 4510 3020 4564 Patribus
3042 4524 3274 4579 unquam
3297 4510 3579 4579 adhibitis;

302 4614 371 4673 είς
392 4612 532 4683 ὑμᾶς
555 4610 671 4672 ἧκον
698 4611 1087 4669 κατεδικάσατε.
1116 4616 1248 4688 Πρός
1267 4613 1467 4676 τούτοις
1490 4613 1543 4669 δὲ
1571 4618 1655 4670 καί
1681 4633 1795 4673 τινα
1823 4621 1895 4677 είς

2014 4603 2126 4659 1Ιίὺί
2155 4602 2410 4658 Εοςιοείτρ
2436 4601 2687 4656 doctores
2713 4601 2877 4670 ipsos,
2898 4600 3049 4670 juxta
3072 4601 3217 4671 quod
3236 4602 3389 4656 vobis
3410 4601 3580 4658 visum

295 4708 389 4762 τὴν
438 4702 699 4779 όρθόδοξον
749 4708 1070 4761 συντείνοντα
1126 4709 1298 4760 πίστιν
1341 4706 1704 4781 παρελείψατε.
1751 4705 1894 4763 Ὀθιν

300 4800 411 4871 χρή
437 4796 576 4867 ὑμᾶς
613 4797 744 4851 κατά
778 4800 867 4853 τήν
913 4797 1211 4869 παραίνεσιν
1255 4801 1355 4851 τῶν
1401 4795 1555 4867 ἁγίων
1601 4799 1835 4872 πατέρων
1860 4798 1892 4858 ἢ

301 4890 639 4960 ιινῶσκοντας
681 4888 866 4952 λαλεῖν,
904 4888 935 4948 ἦ
967 4889 1273 4961 ἀγνοοῦντας
1301 4894 1522 4952 σιωπᾶν.
1555 4894 1639 4945 καί
1666 4891 1765 4946 ἀπὸ
1793 4897 1892 4945 τῶν

297 4978 645 5049 ἐπισταμένων
676 4976 1020 5034 διδάσκεσθαι.

365 5253 576 5313 Ἤπειδὴ
620 5252 675 5308 δί
720 5251 977 5328 ίγράψατε
1018 5255 1164 5323 ἡμῖν,
1214 5259 1322 5311 πῶς
1366 5251 1619 5323 ὀφείλομεν
1660 5258 1766 5312 τοῖς
1812 5252 1889 5307 Δί·-

290 5347 531 5417 γνπτίοις
555 5346 943 5419 ἀποκρίνασθαι,
968 5342 1287 5415 θαυμάζομεν
1313 5343 1471 5413 ὑμᾶς,
1502 5339 1583 5398 ὅτι
1608 5348 1697 5401 τήν
1720 5345 1885 5419 άσεῗῆ

291 5437 567 5494 ὶπιστολὴν
597 5435 783 5491 ἐκείνην
818 5437 899 5487 καί
928 5431 1213 5507 Θεόδωρον,
1243 5435 1330 5487 καί
1353 5431 1651 5506 Νεστόριον,
1686 5436 1766 5486 κιὶ
1793 5438 1882 5492 την

290 5525 590 5591 κακοδοξίαν
629 5531 719 5585 τὸν
757 5526 925 5579 αὐτῶν
969 5521 1305 5585 ἐκδικοῦντες,
1335 5527 1453 5594 ἡμῖν
1490 5533 1747 5598 παραινεῖν
1774 5527 1885 5578 ἐπι-

291 5628 556 5690 χειρεῖτε,
605 5616 657 5670 τί
705 5615 959 5689 ὀφείλομεν
1013 5609 1177 5675 ἄλλοις
1204 5614 1445 5673 ἐναντίοις
1489 5622 1579 5673 τῆς
1624 5614 1884 5675 ἐκκλησίας

288 5706 685 5782 ἀποκρίνασθαι.
716 5707 771 5759 εἰ
799 5707 898 5779 γάρ
926 5724 1002 5764 τις
1030 5712 1137 5763 τοῖς
1161 5700 1284 5774 παρ’
1304 5704 1444 5776 ῥμῶν
1473 5712 1710 5778 γραφεῖσι
1737 5725 1885 5759 συνε-

288 5798 425 5851 νόσει
466 5796 617 5868 (sic),
652 5794 795 5851 οὐδὲν
823 5795 988 5870 ἕτερον
1024 5794 1323 5871 παραινέσει
1362 5802 1469 5853 τοῖς
1497 5792 1885 5867 Ἀιγυπτίοις,οῆ

294 5888 667 5964 Θεόδωρον-καὶ
698 5884 968 5964 Νιστόριον
1014 5890 1132 5950 τοὺς
1167 5886 1453 5963 αἱρετικούς
1499 5882 1765 5958 δέξασθαι,
1799 5888 1886 5944 καί

1999 4704 2099 4761 est,
2131 4692 2552 4760 condemnastis,
2584 4698 2748 4758 atque
2776 4690 2955 4745 adhuc
2983 4691 3267 4761 quemdam
3297 4692 3364 4748 ad
3393 4694 3580 4748 ortho-

1995 4787 2191 4842 doxam
2221 4784 2380 4839 tidem
2409 4783 2633 4839 omnino
2670 4783 3030 4853 pertinentem
3072 4782 3287 4838 silentio
3316 4784 3576 4853 pneterii-

1993 4853 2110 4934 stis'.
2153 4875 2497 4947 Quapropter
2518 4880 2733 4943 oportet
2775 4890 2884 4938 vos,
2931 4873 3084 4941 juxta
3115 4882 3426 4929 sanctorum
3465 4872 3573 4927 Pa-

1992 4980 2134 5025 tum
2166 4968 2612 5039 admonitionem,
2644 4965 2728 5020 vel
2759 4966 2993 5020 scientes
3017 4965 3183 5036 loqui,
3214 4964 3299 5018 vel
3328 4963 3374 5017 si
3404 4963 3575 5033 ignari

1994 5062 2150 5128 estis,
2210 5068 2420 5124 tacere,
2470 5067 2634 5127 atque
2692 5058 2759 5111 ab
2805 5056 2977 5112 doctis
3016 5064 3072 5111 et
3117 5054 3408 5111 scientibus
3449 5069 3574 5111 eru-

1988 5149 2109 5205 diri.

2058 5248 2178 5304 Jam
2206 5263 2336 5304 vero
2376 5262 2500 5302 cum
2529 5243 2881 5316 scripseritis,
2914 5238 3362 5312 quemadmodum
3399 5236 3573 5310 Egy-

1989 5339 2114 5410 ptiis
2160 5336 2490 5407 respondere
2536 5335 2848 5396 debeamus,
2896 5333 3157 5384 miramur
3183 5327 3423 5397 quidem,
3472 5345 3569 5384 vos

1987 5430 2197 5484 scilicet
2224 5428 2315 5497 qui
2348 5425 2566 5498 impiam
2589 5439 2707 5478 eam
2738 5420 3038 5493 cpistolam,
3071 5419 3439 5489 Theodorum,
3467 5420 3572 5476 Neo

1984 5518 2228 5581 storium,
2258 5526 2644 5585 perversasque
2667 5526 2852 5565 eorum
2879 5510 3176 5566 sententias
3200 5509 3569 5575 defenderitis,

1988 5623 2128 5662 nunc
2154 5619 2503 5660 commonere
2543 5618 2641 5658 nos
2688 5603 2999 5668 instituisse,
3042 5602 3169 5672 quid
3208 5603 3280 5658 sit
3327 5619 3358 5658 a
3388 5603 3546 5659 nobis

1988 5698 2106 5753 aliis
2149 5693 2399 5751 Ecclesia:
2432 5694 2676 5751 hostibus
2722 5692 3178 5764 respondendum.
3220 5691 3494 5761 Siquidem
3523 5693 3570 5747 si

1990 5806 2052 5846 ea
2099 5801 2217 5859 quas
2260 5788 2457 5857 scripta
2502 5802 2533 5842 a
2577 5784 2733 5840 vobis
2781 5794 2909 5842 sunt
2953 5784 3078 5855 quis
3120 5782 3568 5849 consideravcrit,

1988 5883 2122 5944 nihil
2152 5880 2296 5937 aliud
2319 5879 2603 5955 Egyptios
2632 5879 2953 5953 hortabitur,
2984 5895 3149 5953 quam
3180 5887 3240 5935 ut
3261 5877 3593 5938 Nestorium”
