3954 6178
436 420 540 477 ’527

1599 409 1844 469 GILDAS
1880 410 2185 470 SAPIENS.
2231 404 2528 470 ΝΟΤΙἸἹΑ.

3615 403 3713 458 32.8

436 532 633 594 πάντας
665 533 784 594 τοὺς
826 527 999 602 ἆογίους
1035 523 1263 602 πατέρας
1294 518 1655 594 καταδικάσαι,
1699 531 1818 588 τοὺς
1864 550 2019 583 κοιτα-

2151 526 2586 597 l‘heodorumque
2630 525 2914 581 haereticos
2964 523 3290 594 suscipiant,
3331 520 3719 589 universosque

435 630 703 704 κρίναντας
740 624 952 683 ἐκείνους
985 641 1039 675 τε
1067 623 1147 674 καὶ
1172 625 1261 679 τήν
1288 619 1452 673 αὐτῶν
1476 620 1761 682 ἀπιστίαν,
1786 621 1869 673 καί
1900 621 2028 692 πρὸς

434 717 631 778 τούτοις
655 717 705 780 ἐξ
735 714 912 785 ἑτέρας
947 710 1141 772 πλάνης
1164 714 1237 771 εἰς
1265 706 1415 768 ἄλλην
1445 715 1709 781 ἐμπεσεῖν,
1740 710 1886 766 ὁπότε
1918 712 2032 784 ἡμῖν

432 809 692 887 ἕγράφατε
740 805 1112 880 ἀποκρίνασθαι
1153 810 1257 863 τοῖς
1298 803 1537 862 ἐναντίοις
1586 809 1679 862 τῆς
1727 802 2030 867 ἐκκλησίας,

435 902 586 960 καλήν
608 900 690 953 καί
718 895 977 970 ὀρθὸδοξον
1004 890 1127 950 εἶναι
1146 899 1236 954 τὴν
1263 895 1505 968 μυσαράν
1526 896 1711 953 ἐκείνην
1738 893 2032 952 ἐπιστολήν.

508 989 840 1048 Σπουδάσατι
870 990 1039 1043 τοίνυν
1066 994 1268 1063 πρῶτον
1309 988 1400 1056 μέν
1442 986 1579 1055 ὑμᾶς
1616 986 1800 1045 αὐτοὺς
1827 983 2036 1061 διορθώ-

442 1087 660 1144 σασθαι.
691 1086 774 1137 καὶ
800 1080 963 1143 οὕτως
997 1078 1179 1142 ἄλλους
1210 1079 1428 1144 διδάξαι.
1462 1079 1528 1132 Εἴ
1556 1101 1636 1141 τις
1660 1082 1760 1154 γὰρ
1785 1084 1815 1139 ἦ
1840 1078 2037 1135 Θεόδωο

438 1195 553 1249 ρον,
585 1172 614 1233 ἦ
649 1179 738 1231 τὴν
762 1172 1028 1243 λεγομένην
1053 1168 1169 1228 Ἴϐα
1198 1173 1497 1235 ἐπιστολήν,
1546 1170 1576 1230 ἧ
1615 1173 1682 1227 τά
1719 1169 2036 1247 Θῖοδωρίτου

439 1266 827 1341 συγγράμματα
856 1267 922 1319 τὰ
946 1264 1077 1317 κατά
1104 1271 1195 1323 τῆς
1234 1265 1381 1340 ὀρθῆς
1410 1265 1637 1324 πίστεως
1675 1264 1932 1319 ἐκτεθέντα
1960 1265 2040 1317 ἐκ·

440 1356 592 1417 διιεῖ,
647 1364 761 1416 τοῖς
823 1356 1090 1430 αέρετικοῖς
1141 1355 1314 1411 ἕαυτὸν
1375 1358 1727 1431 συναριθμῶν,
1780 1356 2038 1432 ἀλλότριον

441 1450 623 1503 ἑαυτὸν
649 1455 790 1504 ποιεῖ
813 1456 905 1507 τῆς
945 1447 1207 1509 καθολικῆς
1246 1447 1529 1527 ἐκκλησίας,
1568 1447 1627 1509 ἧς
1669 1449 1851 1524 κεφαλή
1900 1451 2039 1505 ἐστιν

442 1539 466 1595 ὁ
493 1544 758 1612 μονογενής
781 1540 890 1600 υίὸς
911 1545 1002 1594 τοῦ
1029 1546 1157 1593 Θεοῦ
1182 1538 1209 1593 ὁ
1231 1539 1404 1614 κύριος
1431 1543 1518 1599 καὶ
1537 1541 1662 1600 Θεὸς
1683 1542 1821 1613 ἡμῶν
1844 1538 2042 1603 Ἰησοῦς

444 1634 469 1688 ὁ
498 1634 740 1706 Χριστὸς,
773 1627 835 1685 οὗ
877 1651 1010 1690 τινος
1051 1632 1187 1700 ὑμᾶς
1222 1633 1405 1692 αὐτοὺς
1436 1635 1711 1706 χωρίζετι,
1752 1638 1842 1692 τήν
1881 1632 2041 1691 ἀσεϐῆ

444 1725 717 1783 ἐπιστολήν
754 1725 837 1777 γαί
896 1722 1157 1801 Θεὸδῳρον
1213 1722 1521 1785 ἐκδικοῦντες
1545 1740 1559 1755 ⁸
1613 1727 1696 1779 καί
1754 1722 1840 1779 διὰ
1893 1730 2042 1781 τοῦτο

445 1814 696 1890 προσῆκὸν
726 1815 863 1870 ἐστν
906 1814 1042 1881 ὑμᾶς
1070 1823 1162 1875 τῆς
1208 1816 1447 1876 ἀσεϐείας
1488 1823 1580 1875 τῆς
1622 1816 1920 1880 ἐπιστολῆς,
1959 1817 2044 1893 mi

2132 627 2354 675 sanctos
2386 618 2578 673 Patres
2608 616 2877 686 rejiciant,
2911 615 3003 684 qui
3033 613 3177 684 ipsos
3201 626 3499 681 eorumque
3529 607 3717 664 inlide-

2135 707 2339 764 litatem
2362 708 2891 764 condemnaverunt:
2920 714 3084 774 atque
3108 704 3244 758 adeo
3266 719 3335 757 ex
3356 717 3464 757 uno
3485 700 3538 754 in
3562 700 3722 753 alium

2136 800 2376 855 incidant
2402 815 2644 855 errorem
2672 816 2686 865 ;
2728 814 2851 853 cum
2892 797 2960 851 ad
2988 812 3090 852 nos
3117 795 3414 851 scribentes
3443 800 3501 846 ut
3545 790 3719 847 hosti-

2135 868 2236 946 bus
2263 889 2512 945 Ecclesia:
2540 889 2992 960 respondet-emus
3020 885 3435 941 abominabilem
3463 899 3584 938 eam
3604 882 3727 953 epi-

2137 982 2331 1037 stolam
2356 981 2713 1036 orthodoxam
2743 980 3017 1053 appellare
3047 994 3155 1034 non
3185 977 3581 1032 dubitaveritis.

2209 1073 2447 1127 Nitimiui
2498 1067 2682 1143 itaque
2734 1073 2968 1143 primum
3017 1070 3382 1140 vosmetipsos
3429 1068 3723 1134 corrigere,

2138 1175 2264 1237 post
2291 1175 2470 1221 autem
2499 1174 2727 1221 ceteros
2750 1165 2951 1220 docere
2978 1181 2991 1218 :
3035 1166 3079 1219 si
3109 1164 3231 1234 quis
3259 1162 3401 1218 enim
3431 1161 3516 1216 vel
3545 1160 3726 1214 Theo-

2138 1265 2352 1331 dorum,
2402 1264 2491 1320 vel
2537 1263 2735 1319 dictam
2763 1262 2870 1318 [hae
2908 1262 3218 1333 epistolam,
3269 1261 3353 1317 vel
3398 1257 3725 1317 Theodoreti

2139 1357 2341 1427 scripta
2387 1356 2644 1411 adversus
2691 1364 2896 1411 rectam
2941 1355 3099 1410 ﬁdem
3146 1355 3426 1426 proposita
3462 1351 3725 1415 defendit,

2142 1448 2414 1504 haereticis
2454 1448 2500 1503 is
2528 1456 2935 1513 annumeratur,
2984 1454 3042 1501 et
3093 1448 3161 1502 ab
3190 1446 3431 1502 Ecclesia
3462 1443 3725 1513 catholica

2142 1523 2610 1594 alienus'eﬂicitur
2630 1577 2645 1602 ,
2693 1536 2847 1605 cujus
2867 1545 3029 1606 caput
3056 1544 3140 1591 est
3172 1534 3489 1603 Unigenitus
3514 1531 3609 1587 Dei
3636 1531 3727 1586 Fi-

2142 1631 2271 1695 lius,
2306 1630 2448 1685 Deus
2473 1638 2528 1684 et
2556 1629 2813 1684 Dominus
2843 1638 3025 1684 uoster
3049 1626 3204 1682 Jesus
3231 1626 3498 1691 Christus,
3531 1625 3600 1677 ab
3630 1639 3728 1678 cu-

2136 1720 2226 1791 jus
2249 1718 2488 1776 Ecclesia
2516 1720 2677 1792 impia
2705 1734 2768 1773 ea
2792 1719 3020 1790 epistola
3051 1727 3350 1788 separatur,
3384 1724 3440 1770 et
3460 1712 3728 1769 Theodori

2142 1811 2592 1883 patrocinatores.
2636 1810 2819 1881 Itaque
2842 1810 3060 1880 expedit
3091 1808 3241 1863 vobis
3271 1808 3339 1862 ab
3374 1806 3547 1876 impiae
3588 1804 3728 1858 illius

444 1912 536 1960 τοῦ
568 1903 777 1960 ἐκδικεῖν
809 1902 1069 1978 Θεόδωρον
1107 1905 1192 1959 τὸν
1219 1906 1354 1960 οὔτω
1398 1913 1623 1978 προφανῆ
1648 1906 1891 1979 αἱρετικὸν
1918 1908 2044 1961 ἀπο-

2151 1904 2414 1975 epistolae,
2454 1902 2836 1971 Tbeodorique
2873 1900 3187 1956 defensione
3234 1913 3467 1961 cessare.
3500 1896 3558 1951 Si
3589 1896 3729 1950 enim

444 1999 689 2070 σχέσθαι.
737 2000 795 2051 Εἰ
838 1998 935 2073 γὰρ
986 1996 1011 2051 ὁ
1066 1997 1210 2071 ἅγιος
1256 1998 1544 2058 ἀπόστολος
1588 1998 1785 2058 Παῦλος
1828 1997 2039 2063 κωλύει,

446 2098 595 2147 τοῦτο
621 2092 712 2160 μέν
734 2090 785 2144 ἐκ
812 2096 902 2145 τοῦ
932 2085 1058 2144 ἰδίου
1089 2090 1367 2161 ὀνόματος,
1400 2095 1548 2145 τοῦτο
1571 2088 1624 2146 δὲ
1651 2090 1704 2143 ἐκ
1728 2096 1826 2144 τῶν
1855 2089 2043 2143 λοιπῶν

446 2182 738 2237 ἀποστόλων
768 2182 1027 2237 καλεῖσοαί
1059 2203 1205 2248 τινα,
1244 2185 1332 2237 καί
1373 2183 1588 2253 ἐπιτιμᾷ
1629 2188 1740 2242 τοῖς
1788 2181 2042 2255 λέγουσιν,

447 2273 546 2349 ἱγώ
574 2279 784 2347 μὲν.....

939 2367 1044 2419 Οὐκ
1067 2366 1210 2438 ὀλίγα
1239 2365 1548 2423 ἂλείπουσι.

2147 1993 2344 2049 Paulus
2372 1992 2654 2063 apostolus
2678 1992 2928 2062 prohibet
2958 1989 3157 2058 aliquid
3189 2005 3311 2058 suo,
3337 1985 3539 2058 aliquid
3562 1993 3726 2040 aete-

2147 2101 2330 2142 rorum
2361 2084 2729 2155 apostolorum
2760 2082 2977 2138 nomine
3002 2082 3205 2146 vocari,
3238 2095 3440 2149 eosque
3461 2077 3725 2148 objurgat,

2147 2179 2240 2249 qui
2268 2178 2520 2234 dicebant
2547 2195 2562 2231 :
2619 2196 2637 2229 ι
2666 2175 2779 2244 Ego
2808 2191 2927 2231 sum
2958 2174 3134 2242 Pauli,
3166 2190 3268 2245 ego
3308 2183 3490 2228 autem
3513 2170 3727 2241 Cephea,

2150 2276 2256 2325 etc.
2289 2287 2309 2321 ι

2513 2359 2633 2414 Νοη
2662 2372 2828 2431 pauca
2857 2355 3230 2412 desiderantur.

1767 2672 1939 2718 ANNO
1981 2673 2213 2718 DOMINI
2257 2673 2405 2716 DLVI
2416 2699 2431 2714 .

1049 2831 3135 3106 GILDAS_§:AI?IENS.

1690 3200 1966 3263 NOTlTlA
2005 3200 2107 3274 (ex
2145 3197 2430 3265 Gallandio
2449 3198 2493 3271 ).

532 3355 571 3414 ι.
618 3355 802 3413 Gildas
845 3360 1203 3424 cognomento
1252 3350 1474 3428 Sapiens
1520 3360 1677 3408 natus
1723 3353 2040 3424 perhibetur
2069 3358 2116 3422 ο
2144 3362 2272 3412 runt
2396 3354 2493 3411 sed
2524 3355 2668 3410 inter
2697 3353 3030 3413 obsidionem
3059 3362 3110 3412 et
3135 3356 3306 3427 ipsius
3325 3354 3572 3429 opusculi
3599 3358 3736 3413 scri-

457 3462 600 3504 anno
621 3445 819 3502 Christi
845 3443 969 3499 49³5.
998 3443 1076 3499 Εο
1099 3459 1331 3515 namque
1359 3458 1503 3499 anno
1525 3458 1585 3499 se
1605 3439 1770 3498 fuisse
1792 3443 1845 3498 in
1874 3443 2052 3501 lucem

457 3539 658 3597 editum
690 3537 871 3610 prodit
915 3537 1142 3607 ipsemet
1186 3544 1375 3590 auctor
1402 3535 1488 3591 bis
1526 3535 1706 3592 verbis
1735 3535 1811 3609 (a)
1840 3554 1853 3591 :
1878 3535 1966 3593 Ea:
1990 3555 2050 3593 eo

459 3638 685 3700 tempore
808 3642 968 3698 usque
986 3626 1057 3679 ad
1077 3642 1271 3679 annum
1292 3624 1603 3681 obsessionis
1624 3624 1881 3681 Badonici
1904 3644 2054 3682 mon-

461 3719 526 3775 tis
649 3718 835 3790 quique
878 3717 1306 3789 quadragesimus
1334 3724 1568 3788 quartus,
1609 3724 1667 3769 ut
1709 3717 1845 3780 novi,
1887 3718 2054 3772 oritur

460 3809 556 3883 [aL
585 3804 812 3877 orditur]
857 3824 1046 3873 annus,
1089 3825 1265 3863 mense
1306 3810 1424 3879 jam
1471 3812 1639 3882 primo
1687 3827 1917 3879 emenso,
1964 3814 2052 3884 qui

461 3901 568 3976 jam
592 3908 644 3953 et
669 3914 796 3953 mere
835 3898 1121 3953 natiuitatis
1159 3909 1256 3953 est.
1304 3899 1424 3966 Quo
1469 3916 1536 3955 ex
1564 3902 1688 3958 loco
1716 3902 1937 3960 Vossius
1964 3919 2053 3959 ar-

460 3988 574 4059 guit
603 3986 678 4059 (b)
705 3994 882 4042 ortum
909 3987 1117 4042 Gildam
1148 4003 1214 4044 eo
1258 3989 1376 4060 ipso
1404 4005 1548 4047 anno
1576 4006 1736 4062 quem
1776 3994 1939 4050 modo
1965 3996 2051 4051 in-

461 4078 694 4132 nuimus.
726 4076 970 4132 Saxones
1009 4077 1174 4141 enim,
1223 4079 1416 4149 inquit,
1447 4096 1590 4137 anno
1630 4080 1758 4152 449,
1786 4092 1925 4140 teste
1951 4084 2054 4142 Be-

461 4167 528 4222 da
558 4169 650 4240 (c),
682 4168 737 4223 in
782 4167 1112 4223 Britanniam
1160 4170 1470 4239 advenere,
1515 4188 1652 4244 quos
1699 4173 1939 4231 Britanni
1984 4176 2053 4233 ad

462 4256 789 4316 Badonicum
836 4269 1078 4316 montem
1125 4262 1498 4319 contriverunt
1539 4263 1833 4338 :adeoque
1879 4283 2052 4325 annus

461 4350 532 4405 44
551 4368 582 4406 a
604 4352 777 4424 primo
807 4351 1083 4408 Saxonum
1104 4353 1338 4410 adventu
1363 4357 1596 4427 assurgit
1614 4356 1683 4413 ad
1703 4374 1901 4415 annum
1921 4359 2049 4430 495,

461 4446 554 4517 qui
579 4445 747 4501 Gildas
774 4446 1069 4503 nativitatis
1096 4447 1276 4515 fuerit,
1301 4457 1361 4503 ut
1385 4448 1613 4520 ipsemet
1640 4452 1852 4507 asserit.
1876 4451 2052 4508 Aliam

463 4545 643 4591 tamen
674 4552 705 4591 a
727 4535 988 4593 Vossiana
1034 4538 1538 4609 interpretationem
1567 4544 1856 4600 verborum
1884 4543 2053 4602 Gildm

462 4625 665 4698 profert
691 4625 924 4683 Joannes
947 4627 1191 4685 Smithus
1221 4630 1275 4685 in
1316 4632 1460 4688 notis
1487 4632 1559 4688 ad
1595 4649 1750 4690 suam
1792 4636 2051 4692 ecclesia-

2149 3447 2407 3518 ptionem.
2454 3446 2594 3502 Nam
2627 3437 2866 3516 loquitur
2904 3446 2973 3501 de
2998 3448 3152 3502 annis
3176 3462 3403 3518 quorum
3445 3455 3751 3513 extrenuts,

2149 3539 2277 3594 dum
2305 3539 2426 3595 hmo
2446 3538 2735 3603 scriberet,
2766 3538 2941 3594 adhuc
2967 3539 3018 3593 in
3046 3537 3191 3594 ﬂuxu
3228 3546 3348 3594 erat
3370 3557 3384 3592 :
3406 3538 3752 3610 quadragesi-

2149 3646 2265 3684 mus
2292 3639 2526 3702 quartus,
2579 3629 2773 3700 inquit,
2819 3630 3023 3685 orditur
3062 3647 3250 3695 annus,
3294 3646 3471 3685 mense
3482 3630 3601 3701 jam
3638 3646 3747 3686 uno

2150 3721 2349 3790 elapso;
2379 3738 2398 3772 ι
2434 3718 2565 3774 Hmc
2605 3720 2690 3775 vir
2717 3719 3078 3776 doctissimus.
3110 3719 3330 3786 Verum,
3362 3734 3485 3774 meo
3521 3718 3749 3790 quidem

2148 3810 2367 3881 judicio,
2402 3810 2778 3881 interpretatio
2800 3811 3065 3882 ejusmodi
3094 3811 3163 3866 ab
3190 3811 3357 3881 ipsius
3370 3807 3538 3865 Gildse
3558 3818 3753 3866 mente

2152 3901 2329 3957 aliena
2356 3915 2478 3957 esse
2522 3901 2773 3958 videtur:
2806 3917 2874 3958 eo
2900 3903 3163 3973 imprimis
3199 3902 3417 3958 nomine
3457 3900 3604 3971 quod
3646 3915 3746 3956 au-

2153 3999 2273 4047 ctor
2292 3990 2588 4047 Badonicus
2611 3992 2775 4049 etiam
2803 3993 2979 4051 dictus
3002 3994 3183 4063 fuerit,
3212 4010 3243 4050 a
3271 3994 3456 4067 praelio
3484 3992 3746 4050 adversus

2152 4082 2396 4139 Saxones
2441 4082 2585 4153 apud
2609 4083 2939 4138 Badonicum
2971 4091 3211 4139 montem
3235 4099 3266 4138 a
3294 4083 3566 4140 Britannis
3592 4097 3747 4139 com-

2151 4175 2354 4243 misso;
2401 4174 2706 4245 hujusmodi
2749 4177 2999 4233 nimirum
3048 4185 3466 4247 cognomentum
3494 4177 3746 4245 sortitus,

2152 4266 2298 4336 quod
2335 4282 2404 4324 eo
2446 4268 2565 4338 ipso
2608 4284 2750 4325 anno
2779 4268 3066 4327 Badonica:
3094 4271 3424 4331 obsessionis
3463 4272 3519 4328 in
3565 4272 3747 4329 lucem

2154 4360 2328 4417 editus
2352 4359 2532 4417 fuerit.

2227 4451 2288 4507 il.
2334 4452 2412 4508 De
2457 4452 2626 4508 Gildze
2665 4454 2832 4523 gestis
2876 4455 3155 4525 complura
3199 4455 3501 4512 litterarum
3548 4471 3750 4512 monu-

2155 4542 2352 4597 mentis
2398 4543 2615 4598 tradidit
2676 4546 2975 4600 monachus
3022 4544 3288 4616 Ruyensis
3341 4561 3646 4618 auonymus
3692 4547 3750 4602 in

2154 4632 2280 4688 Vita
2306 4633 2546 4703 ejusdem
2574 4632 2760 4698 Gildm,
2811 4651 2973 4706 quam
3004 4635 3207 4706 primus
3247 4635 3482 4693 Joannes
3507 4653 3536 4692 a
3568 4636 3752 4694 Bosco

461 4716 611 4772 sticaa
639 4714 887 4773 Historia:
913 4717 1070 4774 Beda:
1096 4721 1410 4790 praeclaram
1451 4723 1745 4782 editionem
1775 4726 1877 4798 (ά).
1921 4727 2049 4784 Exi-
2078 4744 2129 4802 ι)
2154 4725 2398 4796 Lugduni
2424 4743 2568 4783 anno
2598 4727 2738 4783 1605
2759 4730 2848 4801 (θ’),
2875 4730 3070 4785 deinde
3092 4731 3383 4787 Bollandus
3410 4731 3508 4804 (g),
3531 4742 3748 4803 postrev

461 4807 644 4861 stimat
670 4807 812 4862 enim
841 4809 926 4864 vir
945 4810 1184 4868 eruditus
1212 4827 1474 4870 annorum
1505 4831 1793 4873 numerum
1830 4833 1863 4874 a
1889 4817 2047 4877 Gilda

461 4895 663 4950 editum
691 4896 962 4953 scribendi
989 4899 1167 4969 potius
1192 4907 1425 4973 tempus,
1454 4919 1615 4973 quam
1643 4904 1919 4963 Saxonum
1948 4911 2047 4965 ad-

461 4996 677 5042 ventum
699 4997 945 5060 spectare
981 5007 995 5045 :
1026 4991 1305 5063 scripsisse
1345 4995 1555 5052 scilicet
1579 4996 1788 5054 Gildam
1834 5016 1977 5057 anno
2015 5018 2047 5057 a

462 5091 638 5147 pugna
666 5077 935 5136 Badonica
964 5079 1034 5134 44
1062 5095 1205 5138 anno
1248 5084 1350 5155 ipsi
1380 5084 1641 5157 imprimis
1668 5090 1911 5159 notabili,
1960 5093 2048 5147 cui

466 5175 522 5221 et
551 5168 825 5224 natalitius
849 5169 968 5226 fuit.
991 5170 1049 5227 In
1071 5173 1314 5230 eamdem
1336 5174 1527 5233 Smitbi
1556 5181 1876 5235 sententiam
1899 5182 2052 5252 prmi-

466 5268 613 5313 verat
641 5258 975 5319 Mabillonius
1002 5265 1084 5320 his
1130 5267 1308 5323 verbis
1336 5268 1408 5342 (ε)
1440 5284 1454 5323 :
1490 5287 1510 5322 ι
1538 5270 1781 5337 Quatuor
1825 5281 1882 5329 et
1908 5288 2044 5343 qua-

463 5348 704 5416 draginta
739 5354 864 5407 anni
891 5370 1027 5426 quos
1053 5354 1240 5414 Gildas
1265 5368 1531 5416 memorat
1572 5361 1714 5417 inter
1755 5362 2045 5419 adventum

463 5436 738 5494 Saxonum
764 5450 818 5497 et
844 5446 1180 5504 obsidionem
1209 5449 1533 5507 Badonicam
1562 5468 1672 5509 non
1717 5452 2043 5512 intercesse-

812 5675 1001 5743 ρει-[ε]
1030 5670 1187 5743 Hist.,
1217 5688 1337 5743 cap.
1367 5671 1458 5736 26,
1490 5671 1629 5726 infra
1658 5671 1760 5743 col.
1793 5670 1916 5743 5η.

642 5732 892 5812 Ῐοξειξᾷο
921 5732 1392 5812 Ηίειοτελιᾲοιδιίι).
1424 5732 1483 5803 ii.
1512 5758 1633 5812 cap.
1665 5740 1755 5808 21,
1786 5756 1839 5810 p.
1871 5738 1996 5793 245.

633 5801 761 5881 Ded.
782 5804 937 5881 llist._
958 5809 1089 5881 geel.
1122 5810 1210 5881 lib.
1241 5828 1277 5877 ι,
1310 5828 1430 5881 cap.
1462 5801 1548 5864 l5.

558 5730 589 5785 ό

558 5731 613 5867 ιζ
633 5731 832 5858 IV;ng
824 5736 892 5816 de
921 5737 1120 5796 Histor.
1142 5731 1392 5821 .Latflib.
1424 5731 1483 5803 1i.
1512 5758 1633 5812 cap.
1665 5740 1755 5808 21,
1786 5756 1839 5810 p.
1871 5738 1996 5793 245.

535 5731 1277 5952 is,
1310 5811 1593 5939 satis
1627 5897 1666 5949 .,
1710 5894 1831 5950 ων.
1862 5877 1951 5945 ιο,
1977 5894 2032 5951 ρ.

465 5937 553 6003 55,
580 5941 707 5998 edit.
737 5943 991 6001 Cantabr.
1018 5948 1168 6006 l722.
1207 6024 1220 6037 .

534 5660 590 5728 (a
640 5661 781 5720 Gild.

536 5660 777 5867 ξιξ

2155 4831 2247 4873 mo
2274 4817 2620 4887 integriorem
2650 4819 2816 4874 edidit
2844 4819 3184 4876 Mabillonius
3214 4822 3313 4892 (h).
3343 4820 3425 4876 Ex
3452 4836 3516 4877 ea
3558 4822 3753 4891 itaque

2154 4908 2411 4964 discimus
2430 4918 2592 4978 gente
2610 4909 2922 4965 Britannum
2947 4910 3111 4967 fuisse
3133 4912 3450 4983 scriptorem
3472 4921 3752 4982 nostrum,

2153 5008 2210 5056 et
2232 4999 2435 5056 Hilduti
2462 5000 2812 5072 discipulum;
2841 5017 2873 5057 a
2903 5017 3011 5073 quo
3036 5019 3159 5058 cum
3187 5003 3499 5059 liberalibus
3523 5004 3754 5073 litteris,

2153 5082 2267 5148 tum
2282 5093 2577 5149 divinarum
2596 5094 2993 5164 Scripturarum
3012 5096 3192 5150 studio
3215 5096 3439 5166 primum
3468 5097 3749 5165 excultus,

2149 5181 2347 5239 deinde
2388 5185 2558 5239 sacris
2586 5183 2861 5240 ordinibus
2887 5185 3146 5253 initiatus,
3196 5185 3544 5241 monasticam
3574 5186 3753 5244 vitam

2148 5281 2387 5329 sectatus
2432 5273 2612 5339 fuerit,
2658 5273 2843 5329 multis
2889 5273 3149 5329 virtutum
3189 5274 3485 5343 insignibus
3512 5275 3565 5328 in
3596 5274 3755 5330 Ban-

2148 5365 2397 5421 chorensi
2427 5366 2592 5421 nobili
2620 5365 2869 5422 cmnobio
2897 5366 3091 5421 clarus.
3123 5364 3331 5421 Floruit
3355 5379 3464 5434 quo
3494 5373 3758 5435 tempore

2147 5456 2384 5527 quinque
2409 5459 2579 5528 reguli
2607 5458 2850 5515 Britanni
2879 5458 3039 5515 terris
3074 5457 3302 5515 diversis
3330 5474 3510 5515 rerum
3556 5459 3757 5529 potie-

2220 5670 2522 5744 (ellllabill.
2575 5674 2693 5729 Act.
2744 5671 2841 5728 SS.
2893 5671 3022 5728 0rd.
3070 5671 3203 5730 Ben.
3244 5687 3372 5730 saec.
3419 5691 3456 5742 ι,
3506 5682 3644 5733 tom.
3700 5674 3755 5741 Ι,

2146 5759 2202 5812 p.
2230 5741 2360 5812 150.

2222 5813 2287 5884 (Ι)
2318 5811 2473 5884 Bosc.
2503 5811 2635 5884 Bibl.
2662 5811 2917 5884 Floriac,
2943 5827 3065 5884 pag.
3097 5813 3219 5869 426.

2220 5880 2297 5959 (g)
2325 5881 2568 5959 Bolland.
2597 5883 2715 5959 Aet.
2745 5883 2843 5940 SS.
2870 5880 2991 5940 Jan.
3019 5880 3151 5941 tom.
3177 5885 3239 5939 ll.
3272 5901 3329 5959 ρ.
3360 5886 3464 5943 958

2221 5951 2302 6022 (It)
2333 5951 2607 6010 Mabillon.
2638 5953 2675 6008 l.
2708 5970 2761 6009 c.
