3954 6178
280 238 388 306 5'29

862 238 1090 301 GILDIE
1126 245 1473 302 SAPIENTIS
1512 244 1601 302 DE
1639 234 1880 300 EXCIDK

1984 233 2339 298 νηιτΑΝΝιΑε
2378 236 2580 295 [ABER
2616 228 3008 307 QUERULUS.

3441 240 3547 295 330

277 365 503 429 bantur,
550 358 934 417 Constantinus
976 357 1248 426 videlicet,
1295 358 1545 415 Aurelius
1585 358 1863 422 Conanus,
1896 361 1939 419 Λ
1967 369 2035 410 ex
2059 369 2167 425 quo
2186 362 2298 410 tres
2324 352 2538 410 conticti
2568 353 2830 409 teruntur.
2859 352 2976 419 Qua
2996 351 3064 408 dc
3090 366 3148 408 re
3171 350 3411 422 pluribus
3431 354 3549 411 Bol-

278 451 642 524 Vortiporius,
671 446 1031 520 Cuneglassus
1050 457 1109 514 et,
1125 449 1489 519 Maglocunus.
1511 449 1658 517 Quos
1677 462 1866 505 omnes

276 544 352 600 ob
378 543 584 600 scelera
614 548 671 597 et
699 539 1083 610 rempublicam
1111 538 1252 594 male
1279 539 1721 603 administratam,
1754 536 1868 607 ipse

278 633 334 689 in
366 632 723 688 transmarina
751 630 1025 686 Britannia
1052 636 1204 686 extra
1230 630 1525 700 periculum
1548 629 1867 685 constitutus

280 722 475 780 acerbe
503 720 740 792 exagitat
761 719 863 791 (a).
901 736 920 772 ι
950 717 1121 775 Porro
1162 733 1326 775 unum
1352 733 1424 777 ex
1448 718 1731 787 iis,—inquit
1756 716 1865 773 Ga-

283 814 398 870 leus
428 812 525 885 (ὑ),
566 812 636 867 ad
662 827 849 868 sanam
880 818 1116 866 mentem
1156 816 1349 866 auctor
1375 817 1561 864 noster
1585 821 1869 863 revocasse

278 902 654 973 comperitur:
686 917 811 956 nam
841 901 892 955 in
922 899 1154 969 quodam
1174 899 1434 954 chronica
1461 897 1743 953 Cambrico
1764 896 1871 965 legi

280 995 348 1050 de
388 992 746 1050 Cmistantino
793 1003 954 1059 quem
999 988 1185 1045 Gildas
1227 987 1495 1058 increpuit
1535 1004 1550 1042 :
1591 985 1870 1044 Conversio

280 1084 615 1141 Constantini
641 1083 711 1137 ad
744 1081 1040 1137 Dominum.
1076 1098 1095 1132 ι

347 1179 438 1236 Ill.
476 1178 547 1235 Ut
575 1175 679 1233 ﬁde
707 1193 772 1232 ac
799 1175 1153 1231 sanctimonia
1198 1181 1482 1244 praestans,
1528 1173 1603 1229 ita
1649 1186 1873 1229 summae

274 1270 602 1328 eruditionis
623 1269 724 1334 vir,
769 1285 802 1322 a
830 1267 1084 1339 fratribus
1124 1266 1383 1339 religiosis
1426 1275 1637 1338 rogatus
1685 1266 1773 1337 qui
1802 1265 1875 1319 ad

274 1380 396 1419 eum
420 1381 450 1418 e
479 1362 771 1417 Britanniis
796 1370 1061 1428 venerant,
1110 1369 1228 1432 post
1268 1361 1440 1416 decem
1489 1377 1655 1417 annos
1684 1378 1749 1416 ea:
1774 1378 1876 1433 quo

280 1456 406 1510 inde
429 1455 660 1520 recessit,
683 1453 895 1524 scripsit
920 1453 1256 1525 epistularem
1282 1453 1531 1509 libellum.
1556 1453 1731 1511 Verba
1752 1462 1880 1511 sunt

281 1544 537 1600 monachi
568 1544 857 1615 Ruyensis,
906 1544 997 1613 qui
1024 1542 1194 1599 Gildze
1233 1543 1413 1598 Vitam
1458 1545 1742 1600 contexuit
1783 1544 1877 1617 (c).

278 1634 379 1691 Sic
405 1643 588 1689 autem
616 1634 881 1704 ejusmodi
909 1649 1046 1705 opus
1070 1632 1414 1690 inscribitur:
1441 1633 1518 1689 De
1541 1636 1742 1691 excidio
1771 1637 1883 1690 Bri-

1965 444 2158 501 landus
2183 443 2287 517 (k),
2334 443 2675 499 Mabillonius
2704 443 2767 515 (1)
2798 452 2854 499 et
2880 442 3156 499 Fabricius
3184 445 3317 515 (nt),
3363 451 3424 499 ut
3446 450 3552 504 (Ia-

1965 551 2124 592 veum
2149 537 2228 606 (n)
2257 536 2499 605 aliosque
2526 536 2853 592 omittamus.

2038 628 2128 684 lV.
2159 627 2370 684 Prodiit
2409 627 2636 697 primum
2664 627 2831 683 Gildte
2877 628 3090 685 libellus
3134 628 3364 686 Londini
3410 644 3553 687 anno

1969 717 2128 783 i535,
2154 733 2283 774 cura
2312 701 2566 789 Polydori
2603 717 2840 787 Virgilii;
2870 719 3023 787 cujus
3050 727 3230 775 tamen
3255 719 3551 790 exemplar,

1968 809 2143 880 inquit
2164 808 2431 865 Lelandus
2469 810 2567 881 (ο),
2615 823 2890 875 mancum,
2933 810 3173 865 luxatum
3216 826 3281 867 ac
3308 812 3553 867 mutilum

1970 909 2178 969 exstat;
2204 915 2375 971 usque
2401 901 2539 957 adeo
2567 910 2628 956 ut
2654 901 2699 956 si
2734 901 2846 971 jam
2872 902 2998 956 vitae
3042 904 3436 968 restitueretur,
3469 902 3553 956 vix

1969 992 2139 1049 fetum
2184 999 2503 1064 agnosceret
2528 1008 2743 1063 parens.
2771 992 3001 1055 Gravem
3040 995 3201 1065 hujus
3226 996 3357 1051 editi
3387 996 3558 1067 Virgi-
3612 1008 3625 1018 θ

1973 1083 2102 1138 liani
2130 1097 2413 1139 censuram
2457 1084 2686 1138 attexuit
2711 1083 2947 1143 Joannes
2972 1085 3269 1144 Josselinus
3312 1087 3382 1142 ad
3409 1104 3560 1144 suam

1972 1172 2144 1230 Gilda:
2172 1173 2463 1230 editionem
2491 1189 2634 1231 anno
2683 1173 2824 1229 1568
2860 1175 3086 1232 Londini
3114 1179 3313 1251 pariter
3339 1181 3558 1251 evulga-

1977 1272 2107 1319 tam.
2134 1263 2376 1320 Priorem
2408 1265 2657 1336 Polydori
2686 1267 2943 1324 uxliibent
2971 1277 3197 1339 utraque
3226 1269 3562 1328 Orlbodoxo-

1977 1355 2179 1427 grapha
2208 1355 2545 1425 Basiliensia,
2592 1364 2650 1411 et
2677 1357 3024 1414 Bibliotheca:
3052 1358 3273 1416 Patrum
3297 1360 3563 1419 Parisien-

1978 1446 2073 1511 sis,
2090 1446 2433 1503 Coloniensis
2453 1456 2508 1504 et
2522 1448 2909 1519 Lugdunensis.
2937 1436 3186 1508 losselini
3208 1455 3564 1523 posteriorem

1980 1546 2197 1593 secutus
2243 1546 2326 1594 est
2348 1537 2714 1598 Commelinus
2761 1540 2816 1596 in
2851 1540 3187 1598 Collectione
3229 1543 3565 1602 Britannico—

1982 1642 2102 1681 rum
2129 1628 2471 1698 scriptorum.
2511 1648 2529 1680 ‹
2558 1627 2650 1684 lla:
2692 1638 2872 1687 tamen
2903 1631 3024 1687 dum
3062 1632 3351 1700 editiones,
3399 1635 3565 1705 inquit

272 1726 488 1781 tanaim
510 1725 642 1780 liber
669 1726 929 1797 querulus,
962 1733 1073 1781 tres
1099 1726 1153 1781 in
1180 1733 1361 1797 partes
1381 1725 1582 1782 divisus
1607 1744 1620 1780 :
1643 1725 1682 1781 Ι.
1706 1726 1879 1781 Histo-
1910 1727 1956 1787 Β
1980 1718 2178 1776 Galeas
2208 1719 2307 1789 (p).
2338 1720 2452 1779 sive
2479 1719 2731 1792 Polydori
2758 1721 2987 1791 Virgilii,
3018 1722 3132 1779 sive
3154 1721 3379 1780 Joannis
3397 1724 3566 1782 losse.

272 1820 393 1884 ria,
421 1816 487 1872 ll.
519 1816 783 1888 Epistula,
828 1815 919 1872 lli.
952 1817 1250 1888 Iucrepatio
1274 1818 1331 1872 in
1359 1817 1574 1873 clerum.
1613 1817 1670 1873 In
1700 1818 1880 1876 llisto—

269 1908 367 1963 ria
398 1905 568 1960 multa
599 1906 786 1976 paucis
824 1905 1118 1962 concludit.
1166 1903 1375 1961 Exinde
1421 1903 1591 1961 fusius
1635 1907 1883 1978 procedit

272 2013 415 2055 cum
443 1996 513 2053 ad
540 2012 714 2069 reges,
764 2007 878 2053 tum
909 1997 979 2052 ad
1007 1994 1322 2054 sacerdotes
1348 1996 1466 2067 ejus
1506 1997 1768 2068 temporis
1794 1998 1879 2052 in-

268 2089 613 2161 crepandos.
662 2087 776 2146 Hoc
804 2096 983 2165 autem
1015 2087 1332 2159 opusculum
1380 2096 1506 2159 post
1546 2104 1746 2144 annum
1774 2088 1882 2145 545

273 2179 575 2250 scripsisse
598 2177 810 2235 Gildam
858 2193 926 2233 ex
976 2192 1044 2234 eo
1087 2177 1360 2248 colligitur
1404 2178 1552 2248 quod
1600 2187 1785 2234 narrat
1810 2178 1882 2236 de

270 2259 649 2325 Constantino
688 2268 1003 2324 Damnonia:
1025 2276 1254 2341 tyranno
1272 2268 1392 2342 (d);
1426 2270 1519 2339 qui
1548 2270 1712 2326 duum
1740 2285 1877 2342 puc-

1978 1809 2094 1874 lini,
2140 1810 2278 1865 adeo
2306 1809 2449 1865 inter
2494 1826 2556 1865 se
2599 1811 2998 1876 discordabant,
3048 1820 3107 1868 ut
3147 1828 3367 1870 omnem
3414 1814 3569 1871 iidem

1980 1900 2190 1957 auctori
2218 1915 2317 1955 suo
2364 1900 2736 1964 detraherent,
2782 1910 2845 1958 et
2880 1900 3091 1958 Gildam
3131 1903 3186 1958 in
3212 1902 3370 1959 Gildo
3397 1903 3570 1960 adhuc

1980 2007 2269 2064 quaereres.
2296 1991 2481 2059 Quare
2510 1993 2966 2053 consultissimum
3013 1994 3173 2051 habui
3226 2010 3350 2051 eum
3392 1995 3571 2051 denuo

1980 2082 2202 2153 cudere,
2228 2084 2433 2153 scripto
2458 2080 2646 2140 codice
2683 2097 2814 2139 usus
2836 2096 2998 2152 quem
3028 2084 3267 2154 priorum
3303 2084 3570 2140 editorum

1978 2180 2175 2228 neuter
2204 2172 2533 2242 inspexerat,
2577 2170 2779 2242 quique
2808 2185 2973 2242 purus
2995 2178 3141 2229 esset
3168 2185 3199 2227 a
3222 2172 3360 2229 fmda
3389 2180 3447 2228 et
3472 2173 3570 2230 ab-

1981 2263 2143 2320 surda
2172 2262 2593 2334 iuterpolatione
2620 2276 2741 2332 qua:
2768 2261 2873 2318 alia
2902 2262 3231 2333 exemplaria
3266 2262 3571 2323 infamaret.

1983 2356 2093 2412 Nec
2122 2355 2213 2411 uni
2241 2354 2343 2412 soli
2372 2354 2428 2410 in
2453 2354 2808 2411 emacuiando
2828 2352 2987 2410 Gilda
3012 2354 3220 2411 inuisus
3246 2370 3366 2411 sum
3397 2355 3569 2413 libro:

1983 2447 2200 2504 aliunde
2241 2447 2407 2502 etiam
2453 2446 2522 2501 ad
2568 2447 2710 2502 hanc
2756 2461 2871 2502 rem
2916 2445 3193 2518 suppetias
3236 2446 3514 2503 accersivi.
3550 2466 3570 2500 ι

1986 2540 2113 2597 Haec
2141 2541 2272 2596 ille:
2304 2540 2396 2610 qui
2442 2548 2648 2611 partem
2672 2556 2696 2596 ιι
2724 2541 2970 2612 opusculi
3015 2540 3206 2607 Gildte,
3253 2543 3366 2598 sive
3398 2541 3573 2601 llisto-

1987 2633 2146 2700 riam,
2171 2633 2238 2688 ad
2259 2641 2527 2688 vetustum
2556 2646 2660 2687 ms.
2684 2630 2930 2689 codicem
2948 2630 3457 2704 Cantabrigensem;
3488 2649 3574 2690 re-

1987 2727 2160 2798 liquas
2178 2741 2311 2782 vero
2331 2726 2485 2795 duas,
2511 2725 2808 2797 Epistolam
2837 2726 3042 2783 scilicet
3066 2733 3123 2782 et
3146 2726 3575 2798 lncrepationem

1989 2817 2044 2871 in
2064 2817 2291 2885 clerum,
2338 2816 2410 2871 ad
2457 2817 2701 2874 codicem
2744 2816 3129 2874 Cottonianum
3178 2820 3378 2887 exegit.
3426 2817 3575 2873 Hauc

270 2373 478 2414 rorum
516 2358 790 2428 regiorum
831 2358 1163 2430 totidemque
1191 2361 1516 2416 uutritorum
1547 2361 1716 2418 latera
1744 2361 1884 2417 inter

269 2460 641 2506 sacrosancta
669 2450 862 2506 altaria
890 2464 1022 2506 ense
1048 2450 1311 2520 hastaque
1337 2466 1439 2523 pro
1464 2452 1716 2509 dentibus
1742 2452 1885 2509 iaceo

266 2540 471 2596 tavit:
505 2540 645 2597 idem
693 2540 836 2596 enim
884 2555 1028 2597 anno
1074 2540 1182 2596 545
1215 2542 1505 2612 contigisse
1551 2542 1714 2599 tradit
1752 2538 1885 2598 Mat-

277 2628 469 2686 thzcus
504 2629 1151 2688 West-Monasterieasis.
1201 2632 1261 2689 Si
1308 2648 1439 2691 vero
1471 2631 1743 2690 Usserium
1783 2650 1885 2691 au-

274 2723 416 2779 dias
442 2725 541 2793 (e),
592 2724 853 2795 scriptum
892 2724 1058 2780 edidit
1083 2722 1269 2781 Gildas
1291 2741 1436 2783 anno
1462 2726 1590 2796 565,
1636 2727 1887 2798 diemque

273 2828 606 2883 supremum:
647 2813 842 2870 clausit
867 2828 1011 2870 anno
1039 2812 1165 2871 570.
1217 2815 1389 2872 Aliter
1416 2825 1594 2872 tamen
1637 2816 1885 2874 Mabillo-

272 2906 442 2972 aius,
472 2907 562 2976 qui
588 2904 799 2963 Gildam
823 2906 938 2977 jam
963 2909 1370 2979 octogenarium
1400 2925 1544 2966 anno
1570 2907 1675 2965 565
1700 2925 1732 2966 e
1752 2910 1889 2967 vivis
1988 2905 2150 2975 igitur
2174 2906 2466 2969 editionem
2493 2921 2654 2976 quam
2681 2907 2996 2976 ignorarunt
3024 2906 3275 2964 Historia:
3303 2908 3575 2964 litteraria'.

273 2996 595 3054 excessisse
622 2998 876 3068 opinatur
903 2997 993 3071 (Γ).
1023 2997 1394 3055 Mabilionium
1423 3008 1765 3057 assectantur
1793 2997 1906 3057 lli-‘
1988 2996 2209 3055 Gallicas
2256 3005 2509 3053 auctores
2556 2997 2718 3055 modo
2766 2998 2965 3053 laudati
3008 2999 3106 3070 (q),
3159 2999 3398 3054 omnium
3446 3014 3576 3054 sane

277 3086 485 3146 Storia:
524 3087 798 3143 litteraria:
818 3088 1043 3145 Galliae
1087 3098 1338 3148 auctores
1379 3091 1478 3163 (ς).
1525 3089 1696 3148 Porro
1718 3091 1961 3172 Gildzcc
1993 3089 2251 3160 Optimam
2293 3096 2350 3143 et
2380 3086 2860 3153 accuratissimam,
2908 3103 3050 3143 anno
3087 3087 3214 3144 1691
3261 3087 3483 3143 Oxonia:
3522 3087 3574 3143 iu
3612 3154 3617 3157 Ἴ

274 3176 526 3247 ejusque
551 3176 742 3248 opella:
766 3179 1062 3236 meminere
1107 3195 1220 3252 prae
1253 3183 1462 3238 caeteris
1503 3182 1647 3239 Beda
1684 3182 1772 3257 (Ii)
1831 3193 1890 3242 et
1993 3180 2166 3236 lucem
2196 3178 2446 3236 emissam
2471 3179 2652 3235 studio
2681 3177 2901 3235 Thomas
2928 3178 3078 3235 Galei
3109 3179 3162 3234 in
3190 3178 3374 3234 limine
3401 3180 3577 3255 operis

280 3266 580 3337 Alcuinus,
627 3268 720 3338 qui
756 3265 966 3325 Gildam
994 3269 1296 3327 Brettonum
1323 3274 1763 3342 sapientissimum
1789 3291 1889 3333 vo-

276 3369 381 3417 cat
421 3359 519 3431 (i).
546 3358 840 3427 Caeterum,
887 3370 950 3418 ut
993 3362 1247 3419 observat
1285 3364 1524 3420 Smithus
1548 3367 1647 3438 (j),
1704 3386 1724 3419 ι
1752 3367 1890 3424 liber

272 3449 473 3505 Gildas
498 3450 575 3506 De
601 3449 824 3508 Escidio
848 3451 1139 3509 Britannia:
1159 3455 1292 3511 satis
1317 3455 1477 3512 hodie
1505 3467 1683 3513 notus.
1708 3455 1890 3516 Gildas

284 3550 494 3599 auctor
537 3541 651 3599 fere
694 3542 1011 3613 ignoratur,
1060 3545 1223 3600 nimia
1271 3545 1478 3602 scilicet
1521 3546 1884 3606 distinctione.

284 3632 437 3687 Hinc
471 3640 549 3687 tot
589 3635 931 3703 cognomina,
969 3635 1242 3702 Albanius,
1274 3637 1523 3708 Sapiens,
1563 3638 1888 3710 Badonicus,

284 3724 628 3791 Hister-iens;
655 3741 780 3782 cum
820 3742 1011 3783 revera
1039 3742 1180 3785 unus
1219 3738 1305 3785 est
1330 3729 1581 3801 idemque
1610 3730 1792 3788 Gildas
1823 3752 1842 3786 ι
1873 3753 1887 3789 :

369 3856 455 3932 (α)
482 3857 623 3932 qua.
653 3867 795 3932 part.
825 3838 884 3932 tt,
910 3860 1077 3932 Epist.

370 3927 451 4064 (to:
481 3927 602 3985 Gal.
628 3927 695 3991 ali
723 3947 793 3985 xv
820 3927 1019 4002 Script.
1050 3930 1188 3986 Hist.
1212 3929 1343 3985 Brit.
1374 3930 1604 4000 praefat,
1632 3948 1685 4003 p.
1713 3935 1771 3991 9.

372 4002 426 4064 (ι
476 4001 657 4054 Anon.
682 3999 799 4056 Vit:
821 4000 991 4064 Gild.,
1024 4016 1174 4055 num.
1210 4001 1298 4055 i9.

372 3999 449 4068 (ι)
476 4001 657 4054 Anon.
682 3999 799 4056 Vit:
821 3999 991 4069 Gildl,
1024 4016 1174 4055 num.
1210 4001 1298 4055 i9.

372 4070 457 4143 td)
479 4070 626 4143 Qild.
656 4077 798 4143 part.
823 4086 890 4135 ιι,
920 4069 1115 4143 Epist.,
1149 4070 1176 4143 ᾗ
1207 4070 1260 4143 2.

396 4078 457 4137 ιι)
482 4078 626 4126 Gild.
656 4078 798 4141 part.
823 4086 890 4135 ιι,
920 4078 1115 4143 Epist.,
1149 4078 1176 4143 ς
1207 4078 1260 4125 2.

372 4078 934 4220 ἱεχρεεςςλξὶιίιληη.
961 4142 1096 4197 eccl.
1128 4142 1357 4213 antiqq.,
1386 4155 1508 4212 pag.
1543 4142 1665 4211 ὅδε,
1693 4145 1822 4201 edit.
1855 4146 1893 4201 2

375 4209 540 4264 indin.
575 4209 736 4265 1687.
1258 4209 1275 4212 ’
1297 4209 1310 4213 “

375 4282 446 4351 (ί)
476 4279 676 4352 biabill.
709 4281 744 4335 l.
778 4297 853 4345 c.,
875 4296 930 4352 p.
965 4279 1087 4352 138,
1119 4288 1231 4336 not.
1258 4296 1310 4335 a.

639 4352 801 4434 inter.
829 4349 899 4407 de
915 4352 969 4434 _la
999 4349 1190 4434 graue.
1216 4352 1462 4434 tom.’_lnll,
1488 4369 1541 4424 p.
1571 4354 1695 4410 280.

374 4418 460 4489 (Ii)
488 4418 617 4476 Bed.
647 4419 784 4477 Hist.
815 4420 974 4483 eccl.,
1003 4421 1096 4475 lib.
1129 4436 1165 4486 ι,
1193 4436 1312 4491 cap.
1340 4422 1430 4478 22.

373 4490 446 4559 (ἱ)
473 4488 677 4547 Alcuin.
705 4494 865 4563 epist.
895 4490 966 4547 28
986 4488 1152 4561 Opp.,
1182 4506 1238 4560 p.
1272 4491 1430 4549 1555.
1468 4540 1477 4541 ,

1989 3273 2068 3328 sic
2088 3270 2328 3342 inscripti
2356 3288 2371 3325 :
2399 3268 2659 3326 Historia!
2681 3270 3019 3335 Britanniae,
3059 3270 3361 3339 Saxonicw,
3386 3270 3572 3343 Anglo-

1991 3364 2212 3419 Daniccc
2249 3363 2546 3434 Scriptores
2584 3380 2678 3433 xv,
2718 3380 2785 3419 ea:
2823 3366 3033 3420 vetustis
3081 3363 3232 3419 codd.
3266 3380 3389 3419 mss.
3433 3365 3577 3425 editi,

1986 3454 2133 3526 typis
2158 3453 2527 3509 excutiendam
2559 3454 2909 3519 tradidimus;
2944 3455 3216 3510 nonnullis
3245 3456 3350 3510 huc
3376 3463 3434 3510 et
3457 3455 3577 3510 illuc

1991 3546 2460 3603 observationibus
2487 3554 2720 3613 auctam,
2744 3562 2881 3616 quas
2905 3546 2975 3601 el.
3006 3548 3229 3602 editeris
3258 3548 3403 3602 notis
3425 3561 3576 3617 sepa-

1994 3637 2153 3691 ratim
2181 3636 2414 3691 intextas
2437 3634 2768 3691 eruditorum
2796 3636 3020 3695 arbitrio
3047 3637 3379 3693 dimittimus.
3514 3648 3521 3651 '

2071 3863 2138 3934 (j)
2164 3861 2359 3936 S_mi_tb.
2385 3858 2617 3936 _ad_Bcd.
2647 3859 2783 3917 Hist.
2811 3862 2947 3936 geel.
2978 3863 3071 3920 lib.
3104 3881 3141 3931 ι,
3169 3879 3289 3936 cap.
3319 3862 3410 3921 22.

2094 3929 2147 4006 λ’)
2164 3931 2422 4006 Bolland.
2455 3929 2493 3986 l.
2520 3946 2594 3997 c.,
2618 3947 2774 4003 pagg.
2790 3932 2912 4006 ‘9‘53
2938 3949 3090 4006 seqq.

2094 3942 2147 4004 κ)
2177 3942 2422 3988 Bolland.
2455 3942 2493 3986 ι.
2520 3946 2594 3997 c.,
2618 3947 2774 4003 pagg.
2807 3942 2912 3989 953
2938 3950 2989 3991 se

2071 3942 2133 4075 ξι)
2163 4003 2361 4075 "ilbi",-
2395 4000 2529 4075 l‘Et!
2548 4002 2852 4075 ,βθεεκίῗθ
2873 4018 2989 4075 39‘1-

2040 4142 2041 4145 η
2070 4068 2166 4147 (in)
2197 4072 2412 4129 Fabric.
2445 4068 2583 4127 Bibl‘.
2625 4068 2769 4130 med.
2800 4068 2976 4130 Latin'.
3014 4084 3146 4133 tom.
3177 4076 3264 4143 Ill,
3293 4090 3450 4149 pagg.
3481 4076 3580 4132 176

1999 4159 2154 4200 seua.

2027 4160 2154 4285 0?:in
2179 4213 2308 4287 βων.
2337 4209 2476 4287 Itin.
2508 4216 2637 4287 litt.,
2666 4225 2800 4287 tom.
2831 4215 2872 4278 ι,
2896 4232 2951 4287 ρ.
2984 4215 3104 4272 539.

2069 4287 2149 4357 (ο)
2180 4285 2402 4357 l_.el_and.
2435 4285 2487 4357 in
2522 4285 2727 4357 Asscrt.
2760 4285 2937 4352 ArthL,
2964 4301 3088 4357 pag.
3120 4285 3210 4357 52.

2072 4352 2148 4426 (ρ)
2179 4352 2296 4408 Gal.
2326 4353 2532 4476 praefat.
2565 4354 2631 4409 ad
2657 4372 2724 4409 xv
2745 4356 2943 4427 Script.
2965 4352 3113 4411 ili—st.
3144 4356 3303 4425 Brit.,
3328 4370 3384 4427 p.
3415 4357 3471 4413 4.

2072 4428 2143 4476 {ai
2172 4423 2307 4476 Hist.
2355 4424 2436 4476 itt.
2467 4424 2536 4476 de
2565 4425 2613 4476 la
2643 4425 2865 4476 France.
2899 4426 2934 4476 Ι.
2966 4441 3039 4476 0...
3072 4443 3126 4476 n.
3156 4425 3284 4476 285.

2066 4423 2143 4497 (ἐι)
2172 4423 2307 4478 ΙΙὶει.
2334 4423 2436 4477 litt.
2467 4424 2536 4480 dc
2565 4425 2613 4479 la
2643 4423 2934 4493 Francc,_l.
2966 4441 3039 4491 c.,
3072 4443 3126 4498 p.
3156 4425 3284 4483 285.

1106 4720 1707 4836 GILDE
1774 4719 2760 4836 SAPIENTIS
2816 4848 2827 4853 θ

1002 4917 1199 5042 DE
1279 4894 1916 5045 EXCIDIO
1992 4913 2904 5042 BRITANNI/E

1351 5131 1733 5239 LIBER
1774 5132 2543 5258 rQUERULUS.

1683 5298 2112 5317 *-

1513 5385 1940 5448 PREFATIO
1983 5386 2391 5450 AUCTORIS.

383 5525 450 5580 In
488 5520 588 5581 hoc
634 5524 775 5582 libro
798 5534 822 5563 ι
848 5524 1101 5597 quidquid
1126 5525 1371 5584 deﬂendo
1398 5527 1578 5598 potius
1603 5543 1761 5598 quam
1790 5528 1887 5586 de-
1918 5535 1966 5595 ι)
1990 5537 2224 5594 secutus,
2250 5542 2320 5584 ne
2346 5527 2467 5601 quis
2493 5542 2581 5583 me
2608 5523 2804 5582 adectu
2844 5535 3070 5585 cunctos
3101 5529 3425 5603 spernentis,
3458 5546 3581 5589 em-

293 5620 593 5675 ἀκωωο
616 5615 735 5689 (vili
763 5616 891 5672 licet
917 5618 1076 5689 style,
1107 5627 1287 5677 tamen
1315 5617 1567 5689 benigno)
1589 5617 1742 5677 fuero
1766 5637 1886 5695 pro-

386 5778 418 5805 "
454 5761 606 5835 Editi,
640 5769 737 5822 hac
775 5771 1011 5839 epistola.

562 5862 833 5922 Ριτιιοι..
884 5861 1107 5926 LXIX.

1993 5620 2216 5676 nibusve
2259 5619 2499 5676 melioris
2548 5617 2790 5692 (quippe
2822 5618 2917 5691 qui
2967 5634 3256 5679 conuuune
3308 5621 3577 5680 bonorum

2973 5888 3036 5947 11
