3954 6178
414 290 518 346 355

1305 291 1532 348 ClLDxE
1572 288 1920 348 SAPIENTIS
1963 287 2047 342 DE
2087 287 2356 344 EXCIDIO
2397 287 2789 344 ΒΠΠΑΝΝΙᾹῖ

3572 296 3676 354 336

416 414 615 471 mente,
644 420 709 459 ex
739 419 845 475 quo
877 405 1170 459 inhabitata
1204 414 1305 469 est,
1357 401 1500 462 nunc
1532 406 1676 468 Dee,
1726 403 1991 459 interdum
2025 413 2066 465 Α
2100 402 2282 472 bella)
2326 403 2554 473 potioris
2585 400 2737 458 fama:
2766 402 2968 460 vicibus
2999 405 3329 471 ﬁrmassent,
3379 423 3484 463 non
3532 409 3678 466 acies

413 497 640 560 civibus,
674 508 1054 563 nonnunquam
1084 493 1246 547 etiam
1281 495 1650 549 transmarinis
1677 494 1910 561 regibus,
1941 501 1997 546 ct

414 586 672 656 subjectis
718 584 985 640 interdum
1019 592 1042 620 ⁸
1076 585 1285 652 ingrata
1324 587 1620 655 consurgit.
1667 585 1805 653 Quid
1853 587 1995 640 enim

413 677 735 739 deformius,
767 675 1004 746 quidque
1033 675 1265 745 iniquius
1294 685 1475 746 potest
1504 679 1750 734 humanis
1780 679 1997 733 ausibus

415 771 497 826 vel
521 785 638 826 esse
666 771 748 826 vel
778 770 1061 826 intromitti
1088 771 1382 839 negotium,
1403 786 1561 840 quam
1585 770 1695 825 Deo
1723 769 1993 831 timorem,

315 856 323 867 ’
415 863 570 918 bonis
591 863 798 918 civibus
820 861 1136 918 eharitatem
1154 905 1168 931 ,
1200 863 1251 916 in
1283 863 1474 917 altiore
1497 862 1756 930 dignitate
1783 876 1998 931 compo-

415 954 531 1011 sitis
555 951 584 992 ι’
614 954 816 1023 absque
840 952 962 1008 ﬁdei
992 951 1315 1008 detrimento
1344 953 1582 1008 debitum
1609 954 1878 1022 denegare
1905 952 1999 1008 bo-

415 1059 622 1110 norcm,
654 1053 708 1098 et
743 1044 990 1112 frangere
1018 1043 1199 1098 divino
1226 1044 1404 1099 sensui
1436 1044 1784 1114 humanoque
1813 1043 1995 1110 ﬁdem,

415 1144 469 1189 et
499 1133 709 1203 abiecto
739 1135 859 1190 cmli
890 1143 946 1190 et
975 1143 1132 1190 terra:
1162 1144 1336 1202 metu,
1387 1137 1620 1207 propriis
1649 1136 1992 1192 adinventio-

415 1224 570 1279 nibus
597 1223 830 1295 aliquem
856 1240 924 1280 ex
951 1225 1262 1282 libidinibus
1293 1237 1313 1265 ε
1342 1229 1453 1297 regi
1471 1230 1494 1282 ?
1515 1229 1682 1298 Igitur
1705 1245 1809 1283 non
1838 1230 1999 1283 omit-

418 1324 536 1370 tens
561 1316 768 1385 priscos
796 1315 916 1370 illos
945 1331 1366 1386 communesque
1395 1333 1516 1372 cum
1549 1320 1796 1373 omnibus
1825 1319 1998 1387 genti-

414 1404 514 1461 bus
551 1421 783 1474 errores,
816 1407 1008 1476 quibus
1048 1415 1173 1462 ante
1203 1408 1489 1463 adventum
1519 1408 1716 1464 Christi
1751 1411 1802 1464 in
1833 1425 2002 1466 carne

415 1520 578 1561 omne
614 1507 906 1561 humanum
945 1520 1116 1578 genus
1157 1505 1496 1575 obligabatur
1536 1506 1845 1570 astrictum,
1897 1521 1998 1562 nec

415 1610 738 1651 enumerans
763 1596 950 1667 patria!
979 1603 1230 1667 portenta
1259 1597 1373 1666 ipsa
1402 1596 1686 1660 diabolica,
1712 1612 1850 1668 pene
1893 1614 1996 1652 nu-

416 1703 568 1744 mero
596 1688 866 1744 vincentia
896 1687 1219 1761 Egyptiaea
1250 1687 1274 1725 ἀ
1311 1689 1568 1759 (quorum
1598 1689 1878 1752 nonnulla,
1922 1688 1996 1743 Ji-

417 1780 719 1876 neamentis
744 1781 920 1876 adhuc
949 1780 1280 1837 deformibus
1313 1781 1453 1836 intra
1486 1779 1569 1836 vel
1600 1789 1751 1836 extra
1781 1780 1997 1836 deserta
2028 1781 2076 1841 B
2104 1810 2225 1865 una
2240 1810 2855 1876 senatuinumiaremur’

416 1870 614 1926 mmnia
657 1870 818 1926 solito
866 1885 1020 1925 more
1063 1871 1322 1941 rigentia,
1361 1871 1531 1938 torvis
1553 1871 1789 1927 vultibus
1818 1871 1997 1926 intue-

417 1959 594 2028 mur),
641 1974 817 2030 ncque
858 1960 1178 2014 nominatim
1220 1960 1559 2016 inclamitans
1601 1968 1816 2016 montes
1855 1961 2000 2030 ipsos

414 2060 509 2106 aut
528 2053 696 2108 colles
721 2051 803 2108 vel
828 2051 1018 2108 ﬂuvios
1046 2051 1174 2107 olim
1198 2052 1474 2118 exitiales,
1493 2067 1633 2108 nunc
1659 2067 1790 2107 vero
1819 2051 2004 2106 huma-

414 2143 498 2199 nis
527 2143 709 2199 usibus
736 2143 926 2209 utiles,
969 2143 1166 2213 quibus
1195 2143 1407 2198 divinus
1431 2143 1610 2198 honor
1638 2158 1668 2197 a
1697 2159 1840 2199 esteo
1871 2151 1999 2199 tunc

413 2237 615 2308 populo
634 2237 1049 2303 cumulabatur;
1098 2245 1156 2294 et
1193 2246 1380 2293 tacens
1406 2245 1648 2293 vetustos
1685 2235 1996 2291 immanium

413 2334 763 2398 tyrannorum
794 2342 964 2384 annos
1003 2327 1094 2398 qui
1125 2327 1177 2382 in
1207 2326 1327 2382 aliis
1354 2327 1513 2396 longe
1540 2327 1733 2398 positis
1763 2325 1998 2395 regioni-

412 2415 513 2473 bus
541 2417 753 2487 'vulgati
794 2425 922 2474 sunt
972 2415 1087 2489 (ita
1137 2423 1194 2472 ut
1239 2414 1570 2489 Porphyrius
1597 2416 1816 2472 rabidus
1849 2415 1999 2472 canis

411 2509 692 2562 orientalis
738 2509 998 2563 adversus
1036 2505 1334 2563 Ecclesiam
1369 2519 1392 2546 ε
1413 2549 1430 2574 ,
1481 2507 1767 2564 dementize
1793 2523 1905 2562 sua!
1934 2521 2000 2564 ac

411 2600 665 2654 vanitatis
687 2599 825 2670 style
846 2599 952 2654 hoc
980 2598 1143 2654 etiam
1174 2607 1490 2655 annecteret
1517 2618 1529 2652 :
1561 2598 1832 2653 Britannia
1853 2609 1929 2654 est
1949 2598 1996 2663 ί,

413 2689 687 2758 inquiens,
729 2688 916 2760 fertilis
946 2689 1210 2760 provincia
1244 2684 1656 2760 tyrannorum),
1700 2690 1788 2744 illa
1816 2699 1996 2746 tamen

411 2780 652 2853 proferre
693 2780 934 2837 conabor
960 2780 1012 2836 in
1048 2781 1286 2837 medium
1315 2796 1434 2852 quae
1461 2781 1791 2852 temporibus
1819 2782 2001 2853 impe-

411 2881 650 2928 ratorum
666 2871 1030 2928 Romanorum
1060 2882 1115 2929 et
1136 2888 1290 2944 passa
1322 2880 1426 2944 est,
1448 2881 1503 2930 et
1523 2873 1642 2929 aliis
1665 2875 1847 2929 intulit
1867 2874 1991 2930 civi-

412 2961 510 3018 bus
539 2963 698 3032 longe
727 2963 917 3034 positis
949 2973 974 3008 κ
1007 2964 1182 3030 mala;
1233 2973 1490 3036 quantum
1537 2973 1713 3020 tamen
1743 2972 1994 3034 potuero,

412 3069 516 3109 non
537 3062 644 3108 tam
672 3070 738 3110 ex
767 3053 1045 3124 scripturis
1065 3069 1128 3125 pa
1138 3054 1250 3110 trite
1272 3053 1662 3124 scriptorumve
1683 3068 2000 3109 monumen-

2099 497 2324 552 ﬁammzc
2351 497 2750 567 quodammodo
2779 498 2931 567 rigidi
2965 501 3163 555 tenoris
3185 502 3201 532 ¹
3233 502 3299 556 ad
3327 500 3674 560 Occidentem

2098 591 2328 646 caeruleo
2348 588 2546 646 Oceani
2576 599 2812 646 torrente
2840 591 2923 646 vel
2945 593 3182 647 cohiberi
3208 596 3381 664 potuit
3409 597 3453 658 l,
3482 597 3561 652 vel
3583 611 3679 652 ex-

2097 681 2293 750 stingui
2323 699 2334 734 :
2363 681 2455 736 sed
2483 682 2836 737 transfretans
2877 683 3062 738 insula:
3090 685 3308 753 parendi
3338 686 3484 755 leges
3529 687 3684 742 nullo

2099 771 2392 826 obsistente
2414 770 2651 836 advexit,
2685 771 3062 840 imbellemque
3081 773 3336 842 populum
3362 776 3458 830 sed
3483 775 3677 832 inﬁde»

2097 864 2202 918 lem
2221 902 2237 928 ,
2270 879 2378 917 non
2409 871 2516 917 tam
2545 862 2686 918 ferro
2716 870 2771 918 et
2801 863 2907 932 igni
2938 861 2963 899 ιι
2994 863 3397 932 machinisque,
3445 875 3505 920 ut
3548 868 3682 925 alias

2097 963 2305 1022 gentes,
2345 967 2504 1023 quam
2547 952 2676 1009 solis
2711 953 2870 1010 minis
2905 952 2990 1009 vel
3012 950 3337 1022 judiciorum
3365 958 3680 1011 concussio-

2099 1044 2284 1106 nibus,
2316 1044 2369 1099 in
2398 1042 2682 1115 superﬁcie
2714 1052 2892 1099 tamen
2922 1045 3130 1110 vultus,
3181 1059 3368 1116 presso
3411 1045 3465 1100 in
3511 1044 3682 1101 altum

2098 1133 2276 1188 cordis
2313 1133 2502 1188 dolore
2528 1175 2544 1200 ,
2593 1133 2674 1187 sui
2705 1133 3064 1188 obedientiam
3097 1134 3456 1204 proferentem
3485 1135 3682 1194 edictis

2097 1223 2420 1293 subiugavit.

2168 1357 2297 1412 Cas.
2330 1374 2402 1412 tv.
2435 1355 2514 1411 De
2539 1356 2833 1412 rebellione.
2864 1389 2937 1399 —-
2981 1358 3186 1424 Quibus
3217 1359 3396 1412 statim
3427 1359 3678 1417 Romam.

2098 1446 2168 1502 ob
2199 1446 2430 1516 inopiam
2455 1447 2693 1515 cespitis,
2722 1454 2780 1500 ut
2805 1447 2955 1500 aiunt
2979 1445 3020 1511 ι,
3055 1447 3436 1516 repedantibus
3470 1457 3525 1502 et
3549 1449 3678 1503 nihil

2098 1537 2166 1592 de
2192 1537 2484 1592 rebellione
2510 1537 2926 1607 suspicantibus,
2971 1546 3210 1594 rectores
3238 1538 3338 1593 sibi
3371 1539 3587 1594 relictos
3613 1539 3678 1592 ad

2097 1628 2422 1682 enuntianda
2438 1629 2644 1700 plenius
2660 1629 2740 1682 vel
2753 1630 3118 1684 conlirmanda
3134 1629 3358 1685 Romani
3371 1630 3522 1698 regni
3536 1630 3678 1686 moli.

2099 1719 2242 1773 mina
2270 1719 2435 1773 lewna
2463 1718 2751 1773 trucidavit
2771 1719 2976 1773 dolosa.
2996 1719 3196 1786 Quibus
3222 1719 3296 1774 ita
3317 1720 3481 1788 gestis
3497 1729 3535 1756 ω
3557 1735 3679 1775 cum

2869 1817 2923 1868 et
2936 1825 3169 1882 propero
3181 1811 3422 1866 exercitu
3435 1811 3682 1881 vulpecuo

2099 1901 2166 1958 iis
2196 1905 2275 1972 (ut
2304 1901 2556 1971 ﬁngebat)
2587 1901 2863 1957 subdolisn
2884 1901 3064 1957 ulcisci
3087 1901 3397 1958 festinaret:
3419 1917 3527 1958 non
3542 1903 3684 1958 mili-

2101 1993 2233 2047 taris
2264 1993 2314 2046 in
2342 1993 2476 2047 mari
2505 1992 2692 2048 classis
2719 2000 2906 2062 parata
2938 1991 3149 2048 fortiter
3176 1992 3434 2048 dimicare
3463 2009 3561 2064 pro
3583 2008 3677 2064 pa-

2100 2081 2224 2146 tria,
2255 2097 2427 2152 neque
2455 2081 2771 2151 quadratum
2817 2097 3008 2152 agmen
3027 2121 3050 2148 ,
3085 2098 3186 2138 nec
3212 2083 3460 2139 dextrum
3507 2099 3684 2140 cornu

2099 2173 2303 2248 aliusve
2329 2173 2456 2228 belli
2484 2181 2778 2244 apparatus
2817 2174 2870 2228 in
2913 2173 3096 2229 littore
3120 2182 3145 2210 ο
3170 2213 3186 2238 ,
3233 2173 3328 2229 sed
3382 2182 3528 2246 terga
3578 2189 3678 2246 pro

2097 2264 2264 2320 scutis
2289 2263 2594 2332 fugantibus
2619 2263 2888 2318 dabantur
2915 2274 2943 2313 ρ
2961 2305 2978 2332 ,
3011 2271 3068 2318 et
3094 2263 3232 2318 colla
3253 2262 3442 2332 gladiis
3473 2263 3680 2335 (gelido

2097 2372 2198 2429 per
2220 2370 2342 2412 ossa
2365 2363 2600 2410 tremore
2626 2353 2902 2424 currente)
2924 2368 3222 2423 manusque
3243 2353 3536 2408 vinciendae
3559 2365 3679 2408 mu-

2097 2448 2340 2504 liebriter
2367 2445 2759 2519 protenduntur
2788 2463 2802 2500 :
2837 2445 2910 2500 ita
2941 2453 3004 2500 ut
3028 2444 3082 2499 in
3112 2443 3456 2515 proverbium
3481 2451 3539 2500 et
3581 2443 3676 2499 de-

2097 2542 2264 2598 risum
2310 2540 2470 2609 longe
2501 2539 2714 2608 lateque
2747 2536 3006 2593 eliciatur
3027 2578 3050 2604 ,
3093 2536 3238 2606 quod
3281 2551 3396 2590 non
3431 2534 3675 2592 Britanni

2099 2636 2270 2690 sunt’
2300 2633 2352 2687 in
2382 2631 2524 2688 bello
2555 2633 2740 2696 iortes,
2773 2645 2874 2686 nec
2895 2631 2948 2685 in
2976 2644 3118 2700 pace
3143 2627 3354 2684 ﬁdelesr

2167 2765 2296 2823 Car.
2327 2783 2377 2821 ν.
2412 2765 2488 2821 De
2507 2765 2730 2820 secunda
2753 2764 3064 2837 subjectione
3089 2771 3136 2818 et
3153 2763 3283 2818 duro
3311 2762 3583 2835 famulatu.
3606 2795 3674 2806 --

2100 2861 2283 2932 itaque
2310 2860 2494 2917 multis
2537 2859 2764 2914 Romani
2796 2867 2825 2908 tt
2856 2856 3176 2929 perﬁdorum
3209 2855 3377 2918 exesis,
3409 2855 3682 2910 nonnullis

2099 2954 2166 3009 ad
2192 2953 2505 3008 servitutem
2535 2952 2638 3023 (ne
2664 2959 2804 3006 terra
2831 2949 3045 3020 penitus
3075 2949 3125 3002 in
3157 2948 3498 3003 solitudinem
3528 2947 3674 3002 redi-

2097 3032 2348 3115 geretur)
2381 3042 2768 3113 mancipalibus
2795 3041 3102 3105 reservatis,
3135 3040 3305 3110 patria
3335 3038 3442 3094 vini
3465 3038 3675 3107 oleique

412 3145 481 3200 tis
507 3147 741 3217 (quippe
767 3160 916 3214 qum,
949 3146 1033 3200 vel
1062 3147 1106 3201 si
1133 3161 1236 3215 qua
1266 3145 1490 3211 fuerint,
1520 3155 1613 3200 aut
1640 3145 1852 3214 ignibus
1891 3144 1994 3198 ho-
2028 3159 2074 3218 ι)
2099 3146 2320 3208 experte
2353 3147 2399 3203 τ,
2430 3135 2637 3192 italiam
2667 3141 2887 3205 petunt,
2903 3148 3227 3204 suorumque
3251 3132 3512 3203 quosdam
3541 3147 3674 3202 prte-

409 3235 570 3292 stium
617 3243 827 3302 exusta,
861 3247 953 3291 aut
980 3237 1174 3292 civium
1207 3236 1380 3291 exsilii
1410 3233 1436 3272 b
1467 3235 1638 3292 classe
1669 3235 1876 3303 longius
1899 3235 1994 3290 de-

411 3333 623 3396 portata
648 3366 664 3392 ,
707 3342 815 3381 non
857 3327 1244 3396 compareant)
1275 3341 1433 3396 quam
1465 3325 1816 3380 transmarina
1847 3326 1988 3380 reia-

413 3419 594 3485 tione;
624 3433 742 3487 quzc
770 3418 973 3474 crebris
1002 3417 1206 3488 irrupta
1235 3415 1742 3486 intercapedinibus,
1771 3430 1879 3470 non
1903 3429 1992 3471 sa-

415 3509 482 3564 tis
510 3508 698 3564 claret.

475 3598 606 3654 Car.
638 3615 715 3654 ut.
747 3596 825 3653 De
846 3598 1181 3670 subjectione.
1209 3631 1280 3642 —
1301 3597 1511 3668 Etenim
1533 3611 1688 3666 reges
1711 3597 1940 3653 Romani
1969 3596 1984 3636 ί

409 3705 529 3746 cum
553 3690 697 3745 orbis
727 3690 1008 3760 imperium
1035 3689 1414 3756 obtinuissent,
1446 3687 1850 3758 subjugatisque
1879 3688 1992 3744 ﬁni-

409 3781 554 3836 timis
580 3780 878 3850 quibusque
907 3779 1213 3847 regionibus
1246 3779 1330 3834 vel
1356 3779 1546 3834 insulis
1567 3778 1838 3835 Orientem
1868 3796 1988 3836 ver-

407 3884 528 3934 sus,
569 3868 741 3938 prima
773 3866 1094 3922 Parthorum
1127 3882 1258 3936 pace
1299 3867 1658 3938 ludorumque
1695 3869 1985 3925 conﬁnium

407 3959 553 4027 (qua
597 3964 846 4026 peracta,
899 3957 950 4010 in
981 3957 1126 4011 omni
1174 3971 1312 4026 pene
1363 3965 1502 4012 terra
1555 3966 1665 4012 tum
1705 3973 1986 4015 cessavere

479 4189 503 4216 ο
537 4178 697 4234 Deest
724 4178 850 4233 edit.
877 4194 981 4232 vox
1007 4178 1282 4232 interdum.

477 4251 503 4288 δ
536 4249 699 4312 Edit.,
729 4250 933 4318 positis.

478 4330 502 4359 θ
526 4318 686 4382 Edit.,
719 4317 768 4373 et
797 4319 887 4372 lib.
921 4351 991 4362 --
1022 4318 1144 4373 1ΙὶὉο
1178 4333 1306 4372 vero
1347 4317 1508 4374 lectio
1547 4319 1816 4374 editorum
1865 4318 1978 4375 for-

407 4399 549 4446 tasse
578 4390 732 4444 alteri
765 4403 864 4444 ms.
897 4389 1097 4444 codicis
1127 4389 1475 4458 praeferenda.
1508 4389 1628 4444 Mox
1655 4391 1740 4443 ubi
1767 4391 1979 4457 legitur,

411 4459 578 4532 Igitur
605 4476 708 4532 non
737 4461 1007 4532 amittens,
1029 4460 1153 4532 Asive
1184 4460 1234 4512 in
1266 4473 1366 4512 ms.
1397 4459 1510 4513 sive
1554 4461 1605 4513 in
1636 4460 1793 4532 editis
1813 4501 1828 4525 ,
1881 4461 1977 4532 de-

406 4529 559 4583 lenda
585 4530 794 4583 videtur
817 4529 1073 4600 particula
1100 4543 1302 4598 negans
1326 4545 1394 4583 ex
1421 4538 1695 4584 contextu.
1719 4529 1808 4584 Sic
1834 4530 1974 4585 enim

405 4601 671 4668 deinceps,
721 4616 811 4654 nec
851 4616 1244 4653 enumerans...
1278 4615 1370 4653 nec
1401 4602 1979 4654 nominatiminclami-

2101 3231 2308 3301 positos
2342 3228 2736 3298 relinquentes,
2778 3226 3146 3295 indigenarum
3178 3225 3352 3280 dorsis
3380 3225 3677 3294 mastigias,

2095 3321 2392 3378 cervicibus
2430 3320 2614 3389 jugum
2642 3361 2659 3387 ,
2705 3318 2822 3374 solo
2863 3334 3057 3374 nomen
3107 3317 3362 3372 Romana:
3405 3317 3672 3372 servitutis

2092 3413 2298 3467 inurere
2345 3410 2582 3465 facturos
2605 3448 2621 3472 ,
2669 3424 2733 3464 ac
2768 3424 2876 3462 non
2908 3415 3015 3462 tam
3055 3407 3274 3462 militari
3305 3421 3464 3460 manu
3511 3421 3682 3476 quam.

2092 3501 2318 3570 ﬂagellis
2343 3510 2364 3538 ⁸
2398 3499 2644 3556 callidam
2671 3505 2887 3570 gentem
2915 3505 3308 3563 maceraturos;
3340 3503 3394 3551 et
3415 3496 3458 3550 si
3488 3511 3576 3557 res
3597 3497 3673 3550 sic

2092 3591 2490 3664 postulavisset,
2513 3605 2695 3645 ensem
2727 3589 2807 3660 (ut
2829 3589 3044 3647 dicitur)
3065 3589 3254 3657 vagina
3272 3604 3496 3644 vacuum
3515 3588 3671 3641 lateri

2091 3681 2207 3752 ejus
2233 3680 2412 3752 populi
2441 3684 2458 3718 ι
2493 3679 2993 3750 accommodaturos
3017 3696 3031 3744 ;
3064 3683 3135 3733 ita
3163 3686 3221 3732 ut
3251 3694 3355 3734 non
3376 3678 3680 3746 Britannia,

2090 3774 2185 3830 sed
2213 3772 2452 3828 Romana
2477 3773 2505 3809 τι
2537 3772 2710 3828 insula
2736 3781 3077 3838 censeretur,
3108 3779 3162 3826 et
3189 3769 3445 3844 quidquid
3473 3770 3672 3824 habere

2090 3866 2355 3938 potuisset
2381 3864 2522 3929 acris,
2551 3862 2758 3932 argenti
2787 3861 2872 3917 vel
2899 3861 3051 3930 auri,
3094 3861 3325 3931 imagine
3349 3858 3544 3914 C:csari
3575 3857 3672 3930 (F.

2090 3958 2337 4032 Caesaris]
2373 3965 2656 4014 notaretur

2089 4197 2338 4250 prospero
2363 4181 2590 4234 exercitu
2619 4177 2911 4250 vulpeculas
2940 4175 3206 4250 subdolus,
3249 4174 3460 4230 omissis
3489 4182 3544 4228 ut
3565 4176 3669 4244 ﬁn,-

2087 4247 2258 4321 geba't.
2285 4249 2549 4321 Caeterum
2573 4247 2741 4321 magis
2770 4248 2945 4321 placet
2974 4247 3135 4302 lectio
3165 4261 3262 4301 ms.
3294 4261 3530 4316 propero.

2166 4328 2190 4356 ο
2223 4320 2396 4391 Edit.,
2439 4335 2598 4391 neque
2623 4314 2684 4372 df
2705 4335 2752 4372 c.
2772 4314 3022 4391 aliive...
3049 4314 3408 4391 conseruntur.
3431 4347 3511 4391 7—_
3531 4314 3681 4370 Bibit.

2088 4387 2192 4444 PP.
2225 4389 2394 4444 Paris.
2423 4385 2586 4444 habet
2613 4390 3020 4457 conspiciuntur.
3047 4385 3143 4442 sed
3173 4386 3310 4452 male
3339 4385 3539 4439 omittit
3570 4402 3667 4438 nec

2087 4475 2199 4515 εινθ
2224 4477 2404 4515 neaue.

2158 4478 2165 4504 Ι

2158 4478 2199 4579 ξ
2217 4478 2621 4596 ἒῇῗῖῗεεηιο...
2655 4529 2864 4581 dantur.
2889 4527 2955 4582 Et
2975 4525 3136 4596 paulo
3159 4533 3279 4595 post
3303 4539 3399 4596 pro
3420 4525 3669 4593 eﬂ'cramr

2158 4542 2185 4579 Ρ
2217 4542 2384 4596 ὕψι,
2414 4542 2621 4585 scuto...
2655 4542 2864 4581 dantur.
2893 4542 2955 4582 Et
3013 4542 3136 4580 attln
3159 4542 3279 4595 p05t
3303 4542 3399 4594 pro
3420 4542 3669 4593 oneratur

2082 4598 2285 4670 habent
2319 4601 2607 4670 efferretur.
2642 4631 2713 4640 ——-
2752 4597 2899 4670 Bibl._
2922 4542 3024 4670 PS.
3073 4594 3273 4659 Paris.,
3305 4595 3556 4670 effertur;
3609 4605 3676 4649 ct.-

405 4666 610 4724 tans...l
638 4679 687 4740 et
711 4679 980 4724 tacens.-.
1007 4670 1102 4723 illa
1122 4679 1289 4740 tamen
1311 4673 1546 4740 proferre
1573 4671 1979 4740 conabor,ietc.,
2013 4670 2062 4729 D
2085 4669 2243 4740 paulo
2271 4666 2395 4724 ante
2423 4669 2504 4723 Ita
2536 4685 2631 4739 pro
2661 4671 2734 4723 ita
2774 4678 2861 4740 ut-
2883 4667 3190 4740 Lectioncm
3210 4681 3358 4740 _ve.*o
3390 4666 3664 4740 editorum

405 4747 462 4792 ut
494 4738 717 4821 proinde
747 4747 930 4809 pateat
953 4739 1198 4809 superius
1228 4738 1626 4794 rescribendum
1654 4755 1772 4794 esse
1813 4739 1982 4812 Igitur

404 4817 666 4864 amittens.

475 4879 502 4916 ά
532 4878 698 4949 Edit.,
725 4879 1046 4949 ngyptiaca
1065 4881 1354 4949 eincetttia.

451 4959 498 5031 ,ο
529 4947 673 5004 Edit.
693 4990 708 5016 ,
739 4947 952 5003 rabidus
993 4948 1264 5004 orientalis
1293 4956 1534 5004 adversus
1565 4949 1854 5004 Ecclesium
1894 4964 1990 5003 ca-

404 5034 510 5128 ms‘.
527 5087 666 5143 Editi
696 5090 952 5143 omittunt
969 5098 1065 5142 est.

475 5168 500 5230 β
532 5157 697 5230 _Edit.,
729 5168 776 5213 et
799 5160 945 5230 long.
971 5175 1082 5230 pos.

473 5226 500 5300 ξ
529 5228 699 5300 Edit.,
728 5226 980 5300 exsultim,
1013 5229 1157 5298 quod
1188 5229 1356 5298 magis
1383 5229 1576 5300 placet.

479 5295 498 5337 ι
527 5295 693 5366 Edit.,
725 5295 1096 5354 Romanorum.

474 5368 488 5439 ᾗ
527 5366 692 5439 Edit.,
717 5370 938 5423 cohiberi
965 5371 1040 5422 vel
1061 5372 1244 5439 potuit.
1641 5397 1646 5403 κ

399 5507 448 5564 ὣ
472 5435 497 5474 ἰ
527 5436 686 5560 Dleest
712 5440 1021 5508 conjunctio
1049 5435 1177 5494 edit.
1201 5479 1217 5505 ,
1263 5448 1316 5495 et
1343 5443 1523 5496 statim
1554 5441 1801 5495 machinis
1834 5457 1970 5512 prte-

453 5523 549 5562 run
581 5545 594 5558 .

473 5545 596 5632 lu
617 5574 855 5647 agebant,
886 5581 1135 5634 cosselin.
1166 5597 1178 5633 :
1204 5581 1364 5638 male.
1390 5613 1460 5622 ——
1480 5581 1623 5638 Bibl.
1652 5581 1752 5636 PP.
1771 5581 1964 5645 Paris,

395 5657 452 5703 at
472 5647 700 5702 aiebant.

458 5729 496 5756 ω
528 5717 626 5772 Hic
655 5717 839 5786 incipit
868 5733 990 5786 cap.
1016 5717 1047 5770 4
1077 5721 1128 5772 in
1155 5735 1253 5774 ms.
1283 5721 1537 5778 Cantabr.

466 5797 498 5826 ³
524 5786 636 5858 AL,
667 5788 1022 5858 culpeculas...
1050 5789 1386 5844 subdolus—
1412 5793 1543 5848 Bibl.
1574 5793 1672 5847 PP.
1702 5792 1894 5861 Paris,
1918 5802 1971 5846 ut

2083 4735 2276 4794 dantur
2303 4735 2580 4795 meliorem
2610 4754 2728 4794 esse
2772 4739 2944 4793 altera
2981 4753 3082 4792 ms.
3128 4735 3387 4790 dabantur
3412 4776 3428 4801 ,
3471 4737 3668 4790 suadet

2084 4824 2317 4878 sequens
2344 4811 2564 4864 verbum
2589 4808 2986 4878 protenduntur.

2157 4890 2182 4929 ιι
2214 4878 2376 4945 Edit.,
2404 4878 2625 4933 Romani
2649 4879 2842 4933 multis.

2159 4958 2180 4986 τ
2212 4947 2376 5006 Edit..
2402 4958 2608 5017 experte
2633 4950 2845 5004 relicta-
2866 4946 2935 5001 Et
2972 4961 3096 5001 mox
3121 4987 3136 5011 ,
3178 4961 3465 5000 suorum...
3495 4947 3671 5001 relin-

2084 5029 2685 5160 ᾳηῗῃὲῗὶῃζωίῖἕὲἔῗλ-
2704 5084 2966 5160 Bibl..PP.
3002 5084 3166 5142 Paris.
3195 5085 3356 5157 paulo
3379 5093 3526 5160 ante,
3545 5090 3668 5143 solo

2087 5162 2294 5213 nomine
2325 5155 2574 5213 Romanis
2598 5159 2852 5213 servitutis
2879 5158 3121 5212 honorem
3145 5155 3394 5227 facturos:
3425 5155 3486 5227 Et
3511 5174 3672 5214 nmx.

2083 5231 2329 5301 callidam
2369 5239 2568 5301 gentem
2610 5238 3016 5301 mercaturas....
3046 5231 3119 5281 ita
3143 5224 3326 5301 utnon
3359 5224 3664 5288 Britannia,

2082 5300 2172 5352 sed
2205 5297 2439 5354 Romana
2467 5309 2776 5353 censeretur.
2802 5297 3038 5354 Pessime
3064 5297 3266 5354 omnia.

2158 5371 2175 5406 ι
2207 5369 2367 5440 Deest
2388 5370 2515 5440 edit.
2551 5386 2654 5424 vox
2685 5369 2877 5440 pepuli.

2152 5447 2177 5475 ιι
2209 5439 2378 5508 Edit.,
2412 5439 2688 5492 liomania.

2152 5581 2167 5611 ¹
2198 5578 2254 5632 in
2285 5579 2419 5633 Bibl.
2453 5577 2555 5632 PP.
2584 5576 2754 5632 Paris.
2787 5577 2822 5631 1.
2856 5592 2904 5632 c.
2934 5590 3056 5647 pag.
3083 5577 3188 5633 365
3216 5576 3441 5647 margini
3471 5577 3684 5632 addita-

2077 5650 2238 5705 lectio
2265 5652 2474 5719 terroris
2502 5650 2849 5719 conspicitur.

2150 5723 2169 5751 ³
2201 5719 2333 5774 Bibl.
2371 5718 2472 5772 PP.
2511 5718 2674 5775 Paris.
2707 5718 2952 5774 absolute
2995 5735 3008 5772 :

2081 5790 2308 5848 fortasse
2334 5790 2550 5844 rectius.

3059 5718 3299 5774 Britanni
3345 5734 3446 5774 non
3484 5728 3608 5771 sunt
3649 5735 3678 5748 ο-
