3954 6178
293 282 398 338 557

1277 287 1481 344 LIBER
1519 286 1914 354 QUERULUS.
1959 289 2134 346 PARS
2176 293 2212 347 ι.
2261 293 2592 348 HISTORIA.

3459 297 3562 352 3'58

363 395 496 448 Car.
530 410 581 449 vt
606 404 652 449 ⁸.
709 393 783 450 De
811 395 1072 469 religione.
1100 429 1171 438 -
1198 395 1408 453 Interea
1433 397 1644 466 glaciali
1673 398 1870 468 frigore
1900 405 1947 461 Λ
1977 399 2270 470 Legionum
2297 404 2444 457 urbis
2471 403 2616 458 cives
2636 441 2650 464 ,
2697 411 2750 457 et
2773 413 2998 460 cmteres
3028 403 3051 442 ¹ι
3100 406 3373 476 utriusque
3404 425 3562 464 sexus

292 485 490 552 rigenti
520 485 735 554 insula},
783 494 839 542 et
866 488 1034 543 veluti
1075 487 1318 555 longiore
1357 497 1624 544 terrarum
1664 505 1877 544 secessu

292 577 394 632 soli
428 577 624 650 visibili
666 593 774 634 non
815 581 1096 648 proximm,
1128 596 1284 636 verus
1314 580 1404 635 ille
1429 581 1532 649 sol,
1559 597 1662 635 non
1693 581 1761 636 de
1788 581 1880 635 lir-

294 677 568 730 mamento
598 666 882 736 temporali
909 667 960 736 θ’,
990 667 1084 723 sed
1111 668 1178 723 de
1205 684 1412 723 summa
1435 670 1598 725 etiam
1619 671 1880 726 caelorum

294 771 423 810 arce
463 764 709 825 tempora
739 768 932 814 cuncta
961 759 1287 825 excedente,
1321 761 1569 816 universo
1598 762 1715 816 orbi
1741 777 1875 832 prte-

291 846 547 914 fulgidum
575 849 588 878 ¹
622 848 1016 904 suicoruscum
1047 851 1367 916 ostendens;
1404 861 1645 922 tempore
1675 854 1754 924 (ut
1775 852 1879 907 sci-

287 939 432 1008 mus)
459 955 671 993 summo
697 938 900 994 Tiberii
931 941 1156 997 Caesaris
1188 944 1315 1012 (quo
1343 945 1545 1014 absque
1568 947 1678 1001 ullo
1710 946 1879 1017 impe-

283 1029 532 1084 dimento
561 1030 678 1098 ejus
707 1033 1108 1101 propagabatur
1143 1033 1330 1104 religio
1350 1074 1365 1098 ,
1398 1035 1744 1104 comminata,
1788 1052 1876 1093 se-

279 1128 421 1173 natu
448 1120 698 1185 nolente,
744 1136 775 1175 a
804 1122 1046 1193 principe
1091 1133 1263 1180 morte
1291 1125 1622 1182 delatoribus
1648 1128 1876 1183 militum

281 1212 574 1283 ejusdem)
607 1212 786 1270 radios
815 1230 942 1270 suos
983 1216 1212 1286 primum
1247 1219 1521 1288 indulget,
1569 1220 1624 1274 id
1663 1229 1746 1275 est
1781 1236 1876 1277 sua

283 1316 564 1375 przccepta
586 1304 850 1360 Christus.

357 1433 491 1488 Cu.
525 1449 620 1488 vn.
661 1434 741 1488 De
777 1438 1149 1506 persecutione.
1179 1471 1250 1482 -—
1277 1439 1406 1506 Qua:
1435 1441 1559 1497 licet
1592 1442 1659 1498 ab
1687 1442 1876 1498 incolis

276 1524 473 1593 tepide
503 1533 757 1594 suscepta
785 1537 940 1592 sunt,
972 1527 1110 1596 apud
1141 1529 1404 1597 quosdam
1432 1539 1610 1585 tamen
1641 1532 1871 1600 integre,

275 1624 338 1665 et
371 1613 513 1668 alios
554 1614 761 1682 minus,
807 1629 977 1684 usque
1005 1615 1072 1672 ad
1102 1620 1528 1688 persecutionem
1561 1621 1874 1678 Diocletiani

275 1705 505 1774 tyranni
534 1721 876 1761 novennem:
904 1708 957 1761 in
978 1723 1084 1776 qua
1113 1709 1384 1765 subversae
1413 1725 1510 1780 per
1534 1705 1703 1767 totum
1727 1728 1876 1767 mun-

271 1799 416 1850 dum
445 1807 573 1852 sunt
597 1799 856 1861 ecclesias,
886 1807 943 1854 et
979 1807 1184 1855 cunctae
1221 1816 1391 1856 sacrae
1435 1801 1726 1872 Scriptum
1753 1819 1872 1874 qua:

272 1889 518 1945 inveniri
541 1899 850 1962 potuerunt,
883 1892 935 1947 iu
966 1892 1156 1963 plateis
1185 1903 1406 1962 exusta),
1431 1903 1483 1952 et
1511 1896 1669 1952 electi
1690 1911 1872 1954 sacer-

271 1981 446 2036 dotes
468 1983 644 2051 gregis
672 1983 880 2038 Domini
915 2000 1035 2038 cum
1066 1985 1439 2041 innocentibus
1480 1988 1672 2042 ovibus
1702 1989 1870 2044 truci—

269 2071 402 2125 dati
431 2091 445 2125 :
479 2073 550 2126 ita
574 2084 631 2125 ut
659 2087 724 2127 ue
753 2074 1035 2143 vestigium
1064 2075 1281 2144 quidem
1332 2077 1412 2145 (si
1443 2074 1556 2132 fieri
1587 2079 1871 2150 potuisset)

272 2161 333 2214 in
370 2162 644 2217 nonnullis
673 2165 966 2232 provinciis
1000 2176 1022 2204 ο
1053 2165 1374 2222 Christianae
1403 2169 1675 2237 religionis
1701 2184 1870 2239 appa-

267 2260 457 2306 reret.
484 2251 832 2311 Permanscre
851 2254 876 2293 ἀ
907 2267 1031 2312 tunc
1054 2267 1266 2328 quanta:
1296 2258 1430 2329 fug-.e
1449 2303 1464 2326 ,
1493 2271 1704 2330 quanta:
1733 2272 1874 2318 stra-

266 2358 416 2411 ges,
445 2353 656 2414 quanta:
676 2345 1006 2403 diversarum
1034 2351 1286 2404 mortium
1318 2367 1511 2420 prauae,
1543 2362 1755 2420 quantae
1785 2368 1873 2409 rc-

265 2435 506 2503 ligionis
535 2446 558 2474 °
589 2447 956 2507 apostatarum
986 2441 1174 2510 ruinte,
1211 2449 1425 2511 quanta:
1453 2443 1869 2511 gloriosissimo-

265 2541 415 2581 rmn
454 2537 744 2601 martyrum
771 2545 1004 2598 coronae,
1053 2532 1239 2601 quanti
1270 2541 1672 2603 persecutorum
1700 2533 1869 2589 rabidi

265 2617 542 2684 furores,
613 2631 827 2690 quantae
878 2624 1185 2678 econtrario
1238 2631 1547 2680 sanctorum
1598 2625 1869 2696 patientia:

265 2709 485 2774 fuere,
524 2711 884 2768 ecclesiastica
913 2713 1135 2768 historia
1164 2722 1350 2769 narrat
1389 2733 1404 2768 :
1448 2715 1529 2770 ita
1554 2723 1610 2770 ut
1657 2716 1870 2785 agmine

263 2802 462 2856 denso
496 2803 757 2870 certatim,
785 2804 989 2859 relictis
1010 2813 1136 2874 post
1159 2813 1366 2874 tergum
1393 2806 1756 2862 mundialibus
1785 2815 1868 2864 te-

263 2892 496 2960 nebris,
516 2893 581 2948 ad
604 2909 813 2951 aruama
827 2896 1088 2952 caelorum
1115 2910 1298 2965 regna,
1321 2899 1475 2969 quasi
1495 2899 1561 2954 ad
1593 2901 1866 2972 propriam

264 2985 498 3053 salem,
528 2995 640 3043 tota
665 2989 946 3045 festinaret
963 2988 1224 3046 Ecclesia.

1983 493 2209 550 diversis
2230 496 2284 550 in
2311 496 2446 550 locis
2467 509 2673 550 summa
2695 496 3130 564 magnanimitate
3156 499 3208 552 in
3238 500 3351 553 acie
3365 498 3560 555 Christi

1981 594 2285 655 perstantes
2323 587 2463 641 dico.
2507 585 2745 653 Quorum
2785 587 2932 656 prior
2970 596 3254 657 postquam
3283 590 3560 646 charitatis

1980 678 2149 747 gratia
2180 677 2543 733 confessorem
2585 679 2747 734 alium
2785 677 2801 716 ι
2853 681 3286 749 persecutoribus
3328 682 3557 737 insecta-

1980 776 2116 832 tum,
2136 777 2191 822 et
2206 769 2318 837 jam
2335 768 2552 838 jamque
2577 770 3137 839 comprehendendum
3159 773 3397 846 [imitans
3424 784 3478 828 et
3506 776 3560 830 in

1980 861 2085 915 hoc
2109 859 2378 914 Christum
2402 861 2632 914 animum
2659 879 2752 931 pro
2782 861 2953 916 ovibus
2992 873 3262 932 ponentem
3289 863 3470 935 (Joan.
3502 883 3557 932 x,

1981 949 2117 1022 15)],
2149 949 2309 1005 domo
2331 951 2583 1018 primum,
2609 965 2676 1005 ac
2695 954 2913 1006 mutatis
2935 951 3059 1008 dein
3085 963 3271 1009 mutuo
3294 956 3554 1023 vestibus,

1979 1043 2233 1108 occuluit,
2257 1052 2312 1097 et
2337 1043 2628 1098 discrimini
2648 1053 2685 1079 ω
2709 1059 2770 1098 se
2797 1043 2975 1100 fratris
3002 1045 3054 1099 in
3084 1047 3376 1114 supradicti
3401 1049 3556 1103 vcsti-

1978 1137 2172 1192 mentis
2188 1135 2416 1190 libenter
2435 1135 2860 1204 persequendum
2881 1137 3027 1192 dedit
3046 1156 3058 1191 :
3085 1139 3155 1191 ita
3172 1138 3282 1193 Deo
3297 1140 3517 1207 plateus
3530 1149 3554 1176 η

1977 1226 2120 1280 inter
2146 1241 2352 1282 sacram
2391 1225 2784 1283 confessionem
2818 1243 3174 1297 cruoremque
3221 1245 3402 1284 coram
3453 1231 3556 1282 im--

1979 1315 2113 1384 piis,
2145 1315 2388 1370 Romana
2420 1325 2531 1370 tum
2575 1315 2824 1385 stigmata
2872 1332 2994 1372 cum
3042 1318 3283 1372 horribili
3325 1319 3550 1388 phanta—

1976 1415 2152 1460 smate
2182 1409 2201 1426 "
2234 1404 2640 1475 praeferentibus
2665 1406 2938 1475 signorum
2969 1417 2994 1456 r
3025 1407 3295 1462 miraculis
3334 1409 3555 1462 mirabi-

1975 1500 2101 1556 liter
2127 1500 2421 1555 adornatus
2443 1508 2543 1566 est,
2573 1507 2632 1554 ut
2657 1501 2901 1556 oratione
2928 1501 3174 1567 ferventi,
3208 1500 3281 1555 illi
3306 1501 3554 1556 Israeliti-

1975 1606 2053 1647 cae
2073 1592 2246 1646 arenti
2272 1591 2372 1646 viae
2393 1591 2676 1662 minusque
2705 1590 2844 1645 trita:
2873 1590 3071 1663 (stante
3087 1590 3177 1646 diu
3205 1606 3351 1657 arca,
3385 1607 3555 1661 prope

1979 1675 2191 1750 glareas
2238 1682 2543 1736 testamenti
2573 1682 2627 1735 in
2654 1681 2830 1737 medio
2858 1680 3107 1736 Jordanis
3135 1680 3346 1753 canali)
3376 1683 3554 1736 simile

1906 1764 1950 1822 B
1978 1772 2082 1826 iter
2111 1772 2374 1840 ignotum,
2400 1778 2549 1826 trans
2569 1771 2765 1826 nobilis
2793 1771 2938 1825 ﬂuvii
2963 1781 2989 1821 ει
3015 1771 3382 1835 alveum,cum
3410 1771 3553 1825 mille

1975 1860 2102 1915 viris
2126 1861 2271 1916 sicco
2301 1859 2603 1930 ingrediens
2634 1859 2769 1928 pede
2801 1858 3096 1929 (suspensis
3125 1859 3373 1927 utrinque
3394 1859 3552 1914 modo

1974 1947 2365 2024 prteruptorum
2394 1951 2697 2008 fluvialibus
2725 1951 2989 2006 montium
3017 1950 3371 2022 gurgitibus),
3421 1966 3550 2020 ape-

1975 2047 2128 2112 riret,
2155 2056 2209 2101 et
2236 2048 2471 2117 priorem
2502 2043 2808 2100 carniﬁcem
2833 2051 2984 2099 tanta
3022 2043 3262 2113 prodigia
3284 2043 3550 2098 videntem

1974 2138 2029 2192 in
2057 2153 2255 2208 agnum
2285 2152 2352 2192 ex
2380 2137 2506 2208 lupo
2531 2145 2784 2203 mutaret,
2815 2145 2870 2191 et
2908 2149 3014 2190 una
3040 2151 3221 2191 secum
3248 2135 3540 2205 triumpha-

1975 2230 2078 2286 lem
2109 2228 2350 2300 martyrii
2391 2227 2623 2296 palmam
2651 2227 2843 2282 sistere
2872 2225 2894 2250 '
2921 2226 3319 2291 vehementius,
3365 2236 3420 2280 et
3447 2241 3539 2282 ex-

1971 2318 2150 2388 cipere
2176 2316 2364 2372 fortius
2393 2315 2607 2371 faceret.
2655 2313 2846 2369 Crateri
2884 2329 3014 2395 vero
3041 2315 3117 2370 sic
3156 2315 3380 2370 divetsis
3410 2331 3536 2371 cru-

1972 2409 2201 2466 ciatibus
2229 2407 2357 2463 torti
2383 2415 2540 2473 sunt,
2588 2415 2644 2461 et
2685 2405 2922 2461 inaudita
2950 2405 3312 2461 membrorum
3335 2406 3542 2462 discer-

1970 2499 2155 2571 ptione
2177 2498 2399 2555 lacerati
2423 2505 2548 2553 sunt
2574 2507 2621 2562 ',
2653 2503 2714 2552 ut
2739 2498 2941 2567 absque
2969 2497 3310 2552 cunctamine
3329 2499 3546 2565 gloriost

1971 2591 2025 2646 in
2051 2589 2280 2659 egregiis
2304 2587 2640 2643 Hierusalem
2669 2586 2836 2642 veluti
2864 2587 3034 2656 portis
3059 2586 3296 2657 martyrii
3325 2587 3410 2642 sui
3438 2595 3547 2642 tro-

1970 2693 2086 2748 pzea
2125 2675 2440 2746 deligerent.
2473 2673 2607 2730 Nam
2630 2676 2721 2744 qui
2749 2673 3152 2745 superfuerant,
3186 2675 3336 2731 silvis
3357 2691 3420 2732 ac
3444 2677 3541 2731 de-

1969 2767 2129 2822 sertis
2150 2766 2452 2836 abditisque
2475 2764 2744 2836 speluncis
2765 2780 2824 2821 se
2845 2765 3207 2832 occultavere,
3234 2764 3540 2836 exspectati

1969 2865 2050 2911 tes
2076 2871 2107 2910 a
2127 2855 2278 2926 justo
2302 2863 2514 2911 rectore
2542 2855 2780 2911 omnium
2819 2854 2930 2911 Deo
2971 2855 3308 2912 carnificibus
3355 2865 3536 2911 sever:
3624 2873 3632 2880 '

1967 2941 2291 3021 quandoque
2332 2948 2563 3018 judicia,
2603 2948 2700 3003 sibi
2729 2962 2858 3003 vero
2899 2947 3199 3002 animarum
3256 2939 3538 3002 tutamina.

1973 3042 1993 3078 ί
2024 3040 2190 3110 Igitur
2216 3039 2440 3095 bilustre
2460 3037 2753 3109 supradicti
2783 3037 3006 3092 turbinis
3049 3038 3274 3094 necdum
3303 3037 3372 3092 ad
3393 3039 3537 3093 inte-

355 3125 492 3182 Csr.
521 3143 629 3184 rm.
677 3127 756 3186 De
796 3129 987 3186 sanctis
1015 3130 1352 3204 martyribus.
1389 3163 1462 3176 --
1497 3130 1857 3203 Magnificavit
1884 3145 1929 3207 ο
1958 3147 2111 3204 grum
2139 3131 2432 3202 adimpleto
2459 3140 2510 3195 υ,
2543 3129 3135 3200 emarcescentibnsque
3161 3144 3292 3186 nece
3317 3145 3538 3186 suorum

265 3220 454 3288 igitur
481 3220 896 3276 misericordiam
925 3237 1077 3276 suam
1107 3222 1249 3277 Deus
1287 3223 1567 3278 nobiscum
1596 3222 1654 3290 ί,
1685 3226 1861 3280 volens

263 3327 466 3365 omnes
498 3311 718 3366 homines
746 3311 914 3367 salvos
945 3313 1060 3383 ﬁeri
1092 3311 1145 3384 (1
1178 3311 1314 3369 Tim.
1351 3329 1407 3377 tt,
1440 3311 1530 3384 4),
1578 3321 1634 3368 et
1675 3331 1864 3370 vocans

269 3420 385 3459 non
421 3402 606 3458 minus
643 3415 934 3474 peccatores
963 3419 1124 3473 quam
1152 3420 1246 3460 eos
1277 3405 1369 3475 qui
1420 3414 1610 3474 putant
1651 3422 1710 3462 se
1755 3424 1866 3463 esse

269 3499 453 3561 iustos
479 3504 505 3541 ε
529 3493 737 3570 (Matth.
761 3511 836 3560 ιχ,
870 3494 964 3560 l3;
997 3495 1168 3550 Marc.
1191 3512 1246 3560 tt,
1272 3495 1372 3562 i7;
1408 3494 1530 3549 Luc.
1557 3512 1607 3562 v,
1630 3495 1742 3565 5'2),
1772 3497 1864 3567 qui

267 3587 524 3657 gratuito
551 3602 770 3643 munere
797 3586 1126 3658 supradicto,
1161 3594 1218 3641 ut
1247 3587 1620 3654 cognoscimus
1651 3584 1708 3652 ιι,
1741 3603 1864 3656 per-

267 3678 581 3732 secutionis
603 3686 864 3747 tempore,
907 3693 975 3732 ne
1011 3677 1024 3714 ί
1061 3691 1245 3732 crassa
1283 3684 1414 3731 atrae
1444 3677 1617 3732 noctis
1641 3677 1867 3746 caligine

272 3770 564 3826 Britannia
587 3770 974 3835 obfuscaretur,
999 3768 1322 3825 clarissimas
1349 3768 1625 3838 lampades
1651 3777 1868 3824 sancto-

272 3880 404 3918 rum
435 3871 726 3933 martyrum
757 3863 910 3919 nobis
933 3861 1200 3927 accendit,
1229 3875 1456 3931 quorum
1491 3876 1632 3915 nunc
1670 3876 1865 3930 corpo-

273 3971 404 4010 rum
458 3955 742 4025 sepulturae
789 3962 845 4009 et
891 3954 1202 4023 passionum
1230 3952 1379 4016 loca,
1429 3952 1472 4007 si
1520 3967 1626 4007 non
1655 3951 1866 4020 lugubri

274 4045 593 4099 clivortione
628 4046 640 4094 l
683 4044 1069 4107 barbarorum,
1122 4042 1513 4112 quamplurima
1541 4041 1611 4096 ob
1657 4040 1865 4096 scelera

273 4145 476 4190 nostra
504 4135 709 4190 civibus
737 4135 1132 4200 adimerentur,
1183 4148 1291 4188 non
1327 4132 1603 4187 minimum
1648 4131 1865 4186 intuen-

283 4230 427 4281 tium
459 4226 725 4282 mentibus
745 4225 994 4280 ardorcm
1022 4224 1214 4278 divina:
1240 4223 1519 4278 charitatis
1545 4223 1865 4278 incuterent.

271 4323 542 4375 Sanctum
572 4319 833 4373 Albanum
864 4316 1348 4382 Verolamiensem,
1380 4316 1558 4371 Aaron
1585 4322 1641 4370 et
1666 4314 1864 4370 Julium

357 4502 381 4561 θ
412 4489 512 4561 [lic
541 4491 725 4560 incipit
749 4499 913 4561 caput
939 4508 972 4545 v
1001 4491 1179 4561 inrms.
1207 4490 1328 4545 cod.

354 4560 382 4597 δ
414 4559 560 4614 Edit.
587 4558 842 4616 omittunt
867 4563 964 4626 sol,
994 4560 1297 4630 habentque
1342 4559 1666 4629 ﬁrmamento
1693 4558 1858 4613 solum

263 4644 571 4770 ωηξρὲάίίη
600 4702 875 4770 provincia:
897 4702 1044 4770 locis.

347 4767 376 4806 ιι
411 4770 574 4840 Deest
600 4767 740 4838 apud
772 4770 1004 4825 l’olidor.
1025 4769 1210 4840 Virgil.
1226 4786 1328 4824 vox
1347 4768 1857 4840 permansere—Sic

258 4851 324 4894 et
351 4840 489 4894 Bibl.
507 4839 611 4894 PP.
629 4839 868 4895 l’aris.et
896 4840 1032 4895 forte
1053 4839 1266 4909 quidem
1289 4838 1490 4908 absque
1513 4840 1620 4893 nllo
1641 4838 1858 4908 dispen-

257 4913 368 4966 dio
395 4930 408 4961 :
441 4910 630 4979 paucis
658 4911 802 4964 enim
833 4910 1125 4978 interjectis
1161 4911 1400 4979 occurrit
1437 4910 1658 4964 verbum
1691 4911 1850 4979 fuere.

350 4978 568 5052 ⁸-Εάὶῆ
585 4979 755 5052 deest.
798 4995 908 5035 vox
935 4981 1218 5052 religionis.
1241 4978 1310 5034 Et
1337 4996 1462 5035 mox
1491 4978 1852 5052 gloriosbrttm.

259 5082 326 5094 -—
361 5050 508 5122 Bibl.
541 5049 867 5122 PP_._Paris.,
907 5049 1163 5122 gloriosa.

348 5120 372 5158 ι
405 5119 574 5188 Edit.,
607 5119 890 5176 Nobiscum
908 5118 1151 5175 Deus.—
1170 5120 1224 5174 ld
1247 5129 1343 5190 est,
1371 5118 1698 5190 Emmanuel,
1720 5121 1855 5190 quod

251 5199 344 5246 (at
376 5192 774 5260 interpretatum
803 5190 1085 5245 Nobiscum
1116 5189 1274 5244 Deus.
1309 5189 1495 5244 Matth.
1527 5204 1562 5255 t,
1593 5188 1682 5243 “25.

341 5272 373 5307 II
408 5259 571 5332 ﬁdit"
605 5261 693 5332 qui
718 5278 774 5314 se
795 5271 978 5328 putant
997 5262 1184 5332 justas.

339 5333 372 5366 ⁵
603 5329 926 5402 eortjicimus.

346 5404 362 5436 ί
603 5418 666 5454 ne
694 5399 916 5471 penitus.

340 5471 359 5519 ἰ
406 5468 569 5534 Edit.,
600 5468 837 5525 divortio.

333 5543 366 5611 ξ
400 5538 566 5611 ξᾎὶι..
596 5550 927 5611 craterasque.

343 5609 364 5648 1
403 5608 564 5681 Deest
591 5611 719 5665 edit.
755 5608 857 5666 vox
888 5612 1066 5681 alium.

331 5691 385 5718 εδ
413 5677 585 5746 Edit.,
616 5694 664 5735 et
686 5699 740 5737 se
770 5677 1054 5736 discrimini
1083 5685 1135 5737 in
1166 5683 1346 5756 fratris
1376 5682 1680 5752 anpradirti.
1728 5678 1850 5736 Pla-

253 5763 431 5802 usus.

1966 3231 2243 3280 auctorum
2277 3220 2497 3279 nefariis
2535 3220 2724 3278 edictis
2744 3230 2804 3289 ν,
2849 3220 2984 3276 ltctis
3032 3221 3318 3278 luminibus
3346 3236 3538 3278 omnes

1963 3314 2166 3371 Christi
2209 3315 2416 3371 tirones
2437 3352 2452 3378 ,
2499 3313 2652 3384 quasi
2691 3319 2814 3383 post
2841 3311 3126 3371 hiemalem
3165 3326 3231 3368 ac
3274 3311 3538 3382 prolixam

1965 3417 2210 3472 noctem,
2257 3407 2576 3478 temperiem
2620 3406 2906 3474 lucemque
2928 3420 3176 3462 serenam
3202 3419 3347 3460 aura:
3374 3405 3540 3461 cmic-

1966 3501 2063 3557 stis
2090 3499 2404 3570 excipiunt;
2451 3503 2717 3554 renovant
2752 3496 3010 3559 ecclesias
3046 3496 3114 3550 ad
3150 3495 3326 3551 soluat
3370 3512 3540 3564 usque

1968 3591 2308 3656 destructas;
2353 3587 2607 3644 basilicas
2632 3595 2945 3642 sanctorum
2972 3594 3268 3657 martyrum
3296 3585 3538 3649 fundant,

1966 3687 2313 3747 construunt,
2342 3676 2664 3749 perficiunt;
2696 3692 2761 3731 ac
2784 3677 2934 3732 velut
2957 3675 3201 3732 victricia
3228 3675 3377 3743 signa
3409 3691 3537 3744 pro-

1965 3771 2187 3842 palant;
2224 3770 2339 3826 dies
2363 3769 2530 3825 festos
2555 3769 2870 3833 celebrant;
2919 3775 3254 3824 sacramenta
3282 3775 3308 3803 ι
3336 3766 3537 3822 mundo

1965 3861 2128 3918 corde
2157 3876 2357 3931 oreque
2385 3858 2716 3926 coniiciunt;
2749 3874 2938 3915 omnes
2966 3858 3238 3915 exsultant
3267 3857 3389 3924 lilii,
3415 3873 3537 3928 gre-

1965 3953 2075 4008 mio
2102 3968 2168 4007 ac
2195 3952 2243 4007 si
2271 3951 2458 4009 matris
2489 3949 2741 4006 Ecclesia:
2769 3947 2994 4006 confoti.

2034 4043 2163 4098 Car.
2192 4059 2267 4099 ιχ.
2309 4042 2389 4098 De
2417 4043 2632 4097 diversis
2658 4041 2954 4098 Inerasibus.
2982 4072 3054 4084 —-
3081 4039 3278 4095 Mansit
3303 4055 3535 4110 namque

1964 4135 2080 4190 hazc
2121 4134 2306 4204 scripti
2351 4133 2541 4203 capitis
2590 4133 3062 4201 membrorumque
3101 4141 3129 4182 γ
3178 4133 3536 4188 consonantia

1962 4224 2171 4290 suavis,
2201 4223 2374 4280 donec
2400 4224 2597 4278 Ariana
2637 4221 2860 4293 perfidia
2883 4265 2900 4291 ,
2951 4231 3106 4277 atrox
3151 4238 3246 4278 seu
3276 4224 3296 4253 ⁸
3327 4223 3534 4289 anguis,

1965 4313 2322 4368 transmarina
2348 4312 2506 4368 nobis
2533 4327 2788 4368 evomens
2815 4326 3043 4377 venena,
3068 4310 3259 4364 fratres
3288 4311 3340 4364 in
3368 4327 3532 4364 unum

1895 4473 1937 4526 1)
2034 4475 2061 4550 ξι
2092 4468 2252 4550 Deest
2268 4469 2476 4550 placens
2493 4467 2871 4549 edit.—llabet
2889 4476 3066 4522 tamen
3088 4466 3220 4523 Bibl.
3238 4467 3338 4524 PP.
3359 4467 3531 4550 Paris.

2036 4545 2062 4574 °
2088 4537 2226 4608 Edit.
2237 4579 2254 4606 ,
2268 4537 2418 4608 ῬΙιαη
2426 4541 2576 4594 tasia.

2038 4618 2064 4680 ξ’
2093 4607 2255 4671 Edit.,
2284 4607 2498 4680 placens
2525 4611 2809 4680 signorum,
2826 4617 3050 4680 excepta
3064 4607 3318 4665 Bibl.PP.
3339 4608 3530 4678 Paris,

1965 4678 2053 4734 ubi
2077 4693 2238 4747 supra
2259 4694 2359 4733 suo
2383 4678 2502 4733 loco
2531 4678 2679 4734 recte
2718 4679 2898 4734 habet.

2033 4759 2060 4799 ει
2091 4746 2257 4817 Edit.,
2286 4758 2430 4803 trans
2462 4748 2746 4802 Tltamesis.

2038 4829 2058 4856 τ
2089 4817 2249 4884 Edit.,
2281 4820 2444 4873 sitire.
2477 4817 2642 4886 Magis
2668 4819 2860 4886 placet.

2039 4897 2059 4923 ⁸
2097 4888 2257 4944 Deest
2285 4890 2414 4944 edit.
2439 4905 2546 4944 vox
2573 4898 2712 4944 sunt.

2037 4961 2054 4994 ι
2082 4959 2180 5030 llic
2201 4959 2387 5030 incipit
2407 4975 2527 5030 cap.
2558 4977 2628 5014 vn
2657 4961 2708 5014 in
2736 4977 2832 5016 ms.
2863 4961 3118 5016 Cantabr.

2031 5038 2055 5064 υ
2087 5028 2250 5100 Ειίὶιη
2279 5028 2500 5100 eapleto‘.

2029 5109 2052 5134 ν
2085 5098 2252 5165 Edit.,
2281 5098 2516 5154 decretis.

2029 5179 2052 5205 ι
2083 5169 2245 5233 Edit.,
2278 5186 2448 5222 sacra.

2025 5249 2052 5288 3'
2080 5240 2238 5295 Deest
2256 5256 2351 5310 que
2374 5240 2502 5293 edit.

2037 5333 2050 5361 ¹
2082 5329 2215 5383 Bibl.
2244 5328 2345 5382 PP.
2375 5327 2568 5401 Paris,
2589 5331 2951 5401 prwfttlgidum
2973 5332 3050 5384 sui
3074 5329 3529 5401 lnmenostendens

1965 5400 2221 5463 Christus,
2239 5415 2359 5471 suos
2374 5400 2571 5465 radios,
2587 5399 2642 5451 id
2663 5399 2741 5471 es_t
2752 5416 2867 5471 sua?
2880 5410 3134 5471 prgecepta
3155 5399 3385 5471 indulget
3407 5407 3530 5453 tem.

1961 5487 2103 5542 pore,
2129 5479 2182 5520 ut
2209 5470 2418 5542 scimus,
2459 5485 2655 5542 sunmto
2703 5468 2888 5522 Tiberii
2931 5468 3172 5533 Ctesaris,
3214 5468 3317 5542 quo
3340 5471 3530 5540 absque

1959 5539 2065 5593 nlla
2086 5539 2466 5610 impedimento,
2499 5539 2608 5610 ejus
2629 5550 2944 5610 propagatur
2964 5542 3162 5610 religio,
3200 5539 3423 5602 indicta,
3448 5539 3529 5591 se-

1959 5619 2081 5662 natu
2103 5608 2322 5680 nolente,
2342 5625 2375 5659 a
2396 5608 2624 5680 principe
2641 5617 2800 5663 morte
2821 5608 3132 5668 delatoribus
3156 5614 3369 5668 militum
3392 5611 3527 5680 (ᾔνεις

1959 5681 2092 5732 dem.
2125 5678 2337 5731 Inversa
2366 5679 2566 5732 omnia.

2031 5752 2050 5782 ³
2081 5746 2259 5804 Malim
2290 5747 2539 5815 equidem
2567 5767 2674 5806 ceu.
