3954 6178
461 331 567 389 339
599 387 610 400 ι

1339 326 1568 386 611.ῡῶ
1606 327 1953 385 SAPIENTIS
1993 328 2076 382 DE
2115 327 2384 385 EXCIDIO
2415 325 2800 385 BRlTANNl/E

3615 332 3719 387 3w

461 448 766 505 habitantes
793 445 1065 504 exitiabile
1090 453 1115 483 δ
1147 443 1352 502 faceret
1377 445 1585 517 sejungi
1611 463 1628 514 ;
1681 462 1746 503 ac
1780 446 1859 503 sic
1885 447 2036 516 quasi
2070 455 2116 510 Α
2141 448 2439 504 destinatur
2464 449 2602 517 legio
2632 448 2885 518 prmteriti
2910 447 3034 502 mali
3064 448 3366 512 im'tzcmor,
3397 445 3718 502 sufﬁcienter

461 545 551 599 via
576 541 718 599 facta
749 551 896 598 trans
917 537 1192 597 Oceanum
1223 554 1414 596 omnes
1437 540 1660 596 omnino
1684 539 1871 595 bestias
1913 541 2041 594 fera:

461 633 798 692 mortiferum
842 632 1130 703 cujuslibet
1169 631 1444 689 btereseos
1489 632 1638 702 virus
1677 631 1896 687 horrido
1945 647 2041 686 ore

460 726 759 793 vibrantes,
781 722 1000 780 lethalia
1025 721 1264 778 dentium
1287 722 1513 777 vulnera
1535 722 1724 792 patrita
1752 721 1878 776 novi
1898 735 2042 776 sem-

459 831 559 888 per
571 813 772 886 aliquid
792 814 980 870 audire
1001 811 1224 878 volenti,
1256 819 1312 867 et
1335 811 1466 866 nihil
1487 821 1634 868 certe
1653 811 1918 867 stabiliter
1938 811 2039 866 ob-

464 904 681 975 tinenti,
703 902 1015 974 inﬁgebant.

528 998 662 1058 Cn.
686 1017 721 1057 ι
752 1001 800 1056 δ.
848 997 928 1055 De
967 999 1226 1071 tyrannis.
1249 1030 1321 1042 -—
1343 997 1585 1068 Itemque
1614 995 1828 1052 tandem
1860 1005 2039 1066 tyran-

461 1109 654 1150 norum
678 1090 923 1160 virgultis
945 1090 1345 1157 crescentibus,
1374 1097 1430 1144 et
1455 1089 1510 1143 in
1535 1088 1824 1143 immanem
1851 1087 2040 1142 silvam

393 1205 404 1219 ·
455 1183 566 1255 jam
591 1181 814 1252 jamque
838 1178 1264 1250 erumpentibus,
1293 1177 1465 1233 insula
1487 1191 1682 1232 nomen
1715 1176 2037 1240 Romanum,

459 1286 562 1327 nec
585 1279 764 1325 tamen
791 1282 971 1325 mores
995 1278 1018 1307 ο
1045 1267 1329 1337 legemque
1359 1277 1565 1334 tenens,
1588 1267 1716 1336 quin
1747 1267 1926 1336 potius
1955 1267 2043 1320 ab-

456 1361 674 1432 jiciens,
701 1375 922 1432 germen
947 1373 1060 1414 suae
1088 1358 1434 1430 plantationis
1453 1358 1802 1413 amarissima:
1829 1359 1896 1413 ad
1916 1357 2042 1414 Gal-

459 1453 590 1519 lias,
641 1462 836 1521 magna
865 1449 1160 1506 comitante
1195 1447 1489 1503 satellitum
1517 1456 1733 1504 caterva
1758 1493 1773 1515 ,
1825 1449 2043 1519 insuper

461 1542 624 1599 etiam
673 1541 1014 1612 imperatoris
1043 1536 1068 1578 ἀ
1109 1538 1443 1607 insignibus,
1489 1554 1609 1609 quae
1649 1554 1751 1595 nec
1788 1539 2044 1595 decenter

461 1649 684 1704 usquam
715 1639 880 1703 gessit
908 1647 1010 1688 nec
1038 1631 1278 1701 legitime
1307 1641 1353 1695 ο,
1405 1629 1500 1686 sed
1541 1630 1646 1685 ritu
1681 1631 1960 1702 tyranuieo
1987 1641 2045 1687 et

461 1726 821 1783 tumultuante
848 1724 1114 1780 initiatum
1155 1723 1325 1778 milite
1351 1722 1644 1778 Maximum
1683 1723 1866 1778 mittit.
1917 1722 2041 1791 Qui,

2143 541 2308 594 armis
2341 540 2622 594 instructa.
2653 538 2784 606 Quae
2815 538 3024 594 ratibus
3069 548 3212 592 trans
3237 536 3510 592 Oceanum
3541 537 3592 590 in
3623 552 3718 606 pa-

2143 631 2298 684 triam
2339 632 2591 695 advecta,
2639 641 2694 686 et
2740 631 2986 686 cominus
3033 646 3156 685 cum
3189 630 3436 698 gravibus
3479 630 3721 686 hostibus

2141 733 2450 788 congressa,
2465 736 2821 792 magnamque
2843 736 2910 776 ex
2925 722 3003 776 eis
3021 721 3416 786 multitudinem
3442 731 3686 778 sternens
3700 763 3716 785 .

2143 821 2198 867 et
2239 828 2427 867 omnes
2467 828 2497 868 e
2527 812 2718 867 ﬁnibus
2743 813 2980 882 depulit,
3025 819 3080 867 et
3119 812 3390 880 subjectos
3438 813 3582 870 cives
3611 822 3720 870 tam

2142 904 2311 959 atroci
2356 903 2745 958 dilaceratione
2772 919 2836 957 ex
2869 903 3168 956 imminenti
3193 903 3504 972 captivitate
3531 904 3721 959 libera-

2141 997 2234 1049 vit.
2289 994 2434 1062 Quos
2476 995 2637 1065 jussit
2677 1003 2994 1049 construere
3037 993 3181 1047 inter
3225 993 3332 1047 duo
3377 995 3543 1048 maria
3577 1003 3721 1050 trans

2142 1089 2370 1146 insulam
2401 1104 2608 1143 murum
2633 1128 2648 1153 ,
2700 1098 2760 1143 ut
2799 1095 2942 1143 esset
2976 1085 3219 1141 arcendis
3245 1086 3488 1146 hostibus
3512 1087 3664 1142 turba
3695 1097 3720 1125 ο

2144 1182 2433 1236 instructus
2480 1181 2709 1244 terrori,
2761 1179 3073 1248 civibusque
3103 1179 3366 1233 tutamini.
3423 1177 3524 1246 Qui
3566 1181 3724 1249 vulgo

2145 1270 2498 1326 irrationabili
2515 1270 2718 1338 absque
2745 1277 2955 1323 rectore
2971 1267 3164 1336 factus,
3188 1283 3295 1323 non
3317 1276 3426 1322 tant
3458 1268 3723 1339 lapidibus

2144 1375 2305 1430 quam
2335 1361 2645 1430 cespitibus,
2675 1375 2780 1414 non
2813 1358 3032 1428 profuit.

2214 1452 2345 1508 CAP.
2391 1469 2503 1508 χιιι.
2553 1451 2632 1506 De
2655 1450 2885 1506 secunda
2912 1451 3218 1507 vastatione.
3267 1483 3339 1494 —
3380 1449 3472 1505 illa
3510 1450 3722 1520 legione

2144 1560 2266 1608 cum
2297 1543 2571 1614 triumpho
2602 1549 2871 1611 magnoet
2897 1542 3093 1612 gaudio
3117 1541 3335 1596 domum
3364 1550 3640 1611 repetente
3671 1553 3716 1606 r,

2145 1635 2223 1690 illi
2253 1635 2462 1704 priores
2500 1634 2740 1697 inimici,
2783 1647 2848 1688 ac
2876 1633 3027 1702 quasi
3057 1643 3085 1682 (ι
3115 1632 3402 1688 ambrones
3442 1632 3554 1703 lttpi
3595 1649 3722 1702 pro-

2148 1724 2309 1782 funda
2337 1724 2477 1780 fame
2503 1724 2686 1790 tabidi,
2719 1723 2876 1778 siccis
2903 1723 3144 1779 faucibus
3170 1725 3222 1776 in
3251 1723 3392 1779 ovile
3423 1723 3722 1778 transilien-

460 1817 654 1874 callida
686 1816 916 1886 primum
946 1823 1064 1870 arte
1091 1814 1271 1885 potius
1309 1829 1470 1883 quam
1509 1815 1736 1882 virtute,
1785 1812 2041 1870 ﬁnitimos
2073 1823 2114 1880 Β
2145 1825 2245 1881 tes,
2265 1831 2369 1871 non
2392 1825 2740 1885 compa-rente
2761 1822 2996 1884 pastore,
3026 1813 3124 1870 alis
3153 1830 3425 1870 remorum
3447 1815 3723 1883 ranigum-

459 1923 706 1979 quosque
733 1921 901 1978 pagos
929 1906 1015 1963 vel
1052 1905 1357 1976 provincias
1381 1914 1568 1962 contra
1599 1905 1897 1961 Romanum
1927 1913 2040 1960 sta-

462 2007 600 2066 tum,
631 2013 728 2069 per
761 1996 780 2036 ί
813 1997 946 2053 retia
973 1995 1196 2067 periurii
1226 1996 1597 2066 mendaciique
1623 1997 1707 2052 sui
1736 1996 2042 2052 facinoroso

459 2104 628 2161 regno
654 2097 972 2158 annectens,
992 2097 1048 2144 et
1068 2102 1231 2142 unam
1259 2087 1467 2142 alarum
1490 2086 1557 2141 ad
1583 2085 1889 2156 Hispanias,
1917 2086 2044 2140 alle-

461 2195 578 2238 ram
621 2179 690 2237 ad
737 2179 946 2236 italiam
973 2178 1289 2244 extendens,
1335 2186 1393 2234 et
1429 2178 1683 2233 thronum
1726 2176 2044 2247 iniquissimi

465 2272 676 2346 imperii
702 2273 844 2343 apud
872 2272 1138 2330 Treveros
1160 2279 1420 2336 statuens,
1452 2279 1600 2326 tanta
1632 2268 1838 2326 insania
1866 2268 1918 2322 in
1948 2267 2043 2322 do-

465 2365 646 2422 minos
672 2364 1035 2420 debacchatus
1061 2373 1179 2430 est,
1226 2371 1286 2418 ut
1310 2362 1446 2419 duos
1474 2363 1829 2432 imperatores
1870 2360 2046 2429 legiti-

464 2470 608 2526 mos,
629 2471 795 2511 unum
819 2454 1016 2524 Roma,
1044 2454 1210 2509 alium
1236 2453 1642 2523 religiosissima
1663 2451 1774 2505 vita
1798 2450 2040 2521 pelleret.

467 2545 580 2603 Nec
606 2561 761 2601 mora
793 2561 807 2599 :
839 2553 950 2600 tam
976 2543 1241 2600 fertilibus
1270 2553 1296 2592 ι
1338 2543 1567 2598 vallatus
1606 2541 1873 2606 audaciis,
1901 2539 2045 2609 apud

464 2636 764 2710 Aquileiam
791 2637 981 2692 urbem
1008 2634 1187 2704 capite
1215 2632 1448 2690 nefando
1476 2631 1718 2695 caeditur,
1749 2630 1842 2701 qui
1881 2630 2045 2685 deco-

464 2735 582 2782 rata
625 2728 791 2782 totius
831 2725 980 2783 orbis
1007 2725 1187 2796 capita
1215 2723 1367 2794 regni
1389 2722 1788 2794 quodammodo
1816 2721 2043 2777 cervici.-

463 2818 568 2874 bus
591 2815 618 2856 ιι
643 2817 940 2888 deiecerat.

533 2907 664 2965 Cn.
680 2923 756 2968 XI.
789 2907 866 2964 De
887 2909 1087 2964 duabus
1107 2907 1342 2981 gentibus
1367 2905 1679 2971 victricibus,
1713 2914 1763 2962 et
1791 2907 1854 2962 de
1874 2907 2044 2978 prima

464 3001 774 3055 vastatione.
817 3031 891 3048 -ν
933 2997 1069 3054 Exin
1117 2998 1394 3054 Britannia
1441 2997 1588 3054 omni
1627 3005 1836 3053 armato
1875 2997 2044 3052 milite

466 3091 896 3160 militaribusque
928 3088 942 3128 ι
973 3090 1165 3161 copiis,
1194 3088 1495 3145 rectoribus
1523 3088 1783 3159 linquitur
1813 3087 1827 3138 i
1861 3087 2046 3142 imma-

2143 1923 2250 1978 que
2270 1908 2522 1976 brachiis,
2548 1923 2611 1962 ac
2634 1907 2766 1962 velis
2787 1915 2948 1962 vento
2970 1906 3196 1962 sinuatis
3219 1916 3241 1944 ι’
3273 1907 3438 1974 vecti,
3469 1906 3723 1960 terminos

2144 2007 2438 2070 rumpunt,
2483 1999 2799 2068 caeduntque
2827 1998 3036 2060 omnia,
3067 2005 3124 2052 et
3150 2013 3376 2068 qumque
3405 1999 3584 2053 omnia
3612 2013 3723 2052 ma-

2146 2101 2320 2148 turam
2350 2107 2450 2148 ceu
2477 2099 2711 2159 segetem
2741 2097 2970 2152 metunt.
2997 2090 3236 2156 calcant,
3269 2100 3566 2147 transeunt.

2215 2182 2345 2250 Car.
2375 2197 2462 2237 xlv
2485 2190 2532 2236 ⁸.
2569 2180 2766 2236 lterum
2795 2182 2858 2237 de
2881 2181 3062 2235 eadem
3091 2182 3723 2252 vastatione—Itemque

2145 2272 2430 2328 mittuntur
2450 2271 2660 2340 queruli
2689 2271 2870 2342 legati,
2893 2270 3077 2326 scissis
3106 2269 3187 2342 (ut
3213 2271 3431 2350 dicitur)
3463 2273 3721 2336 vestibus,

2146 2361 2456 2432 apertisque
2484 2360 2708 2416 sablone
2727 2359 3016 2430 capitibus,
3036 2360 3386 2430 impetrantes
3406 2376 3439 2416 a
3469 2361 3725 2417 Romanis

2146 2454 2368 2518 auxilia,
2392 2468 2456 2509 ac
2473 2453 2640 2508 veluti
2663 2452 2833 2507 timidi
2853 2451 2982 2522 pulli
3005 2461 3215 2521 patrum
3238 2450 3560 2510 ﬁdelissimis
3583 2455 3600 2490 ⁸
3625 2454 3726 2508 alis

2145 2547 2583 2612 suocumbentes,
2619 2561 2689 2601 ne
2733 2546 2947 2616 penitus
2990 2547 3185 2608 misera
3229 2547 3402 2616 patria
3431 2546 3724 2615 deleretur,

2145 2655 2450 2710 nomenque
2479 2639 2781 2695 Romanum
2803 2647 2829 2676 ιι
2857 2639 3004 2708 quod
3026 2639 3206 2696 verbis
3237 2647 3443 2694 tantum
3466 2640 3606 2711 apud
3629 2655 3725 2695 eos

2145 2733 2365 2787 auribus
2381 2733 2695 2798 resultabat,
2724 2731 2812 2786 vel
2833 2739 3144 2789 exterarum
3168 2732 3406 2801 gentium
3436 2731 3727 2802 opprobrio

2143 2823 2398 2879 obrosum
2426 2821 2728 2880 vilesceret.
2748 2822 2817 2878 At
2840 2822 2940 2891 illi,
2961 2830 3218 2892 quantum
3247 2822 3494 2876 humana:
3520 2833 3726 2878 natura:

2142 2913 2398 2985 possibile
2425 2921 2526 2979 est,
2572 2912 2829 2976 commoti
2861 2921 3023 2967 tanta:
3048 2912 3271 2968 historia
3303 2912 3591 2981 tragoeditc,
3621 2928 3725 2968 vo—

2146 3003 2284 3059 latus
2312 3018 2412 3058 ceu
2434 3003 2757 3073 aquilarum,
2789 3003 3029 3072 equitum
3070 3003 3122 3057 in
3153 3010 3294 3057 terra
3315 3043 3332 3070 ,
3363 3011 3642 3058 nautarum
3666 3003 3725 3058 in

2141 3093 2308 3159 mari,
2341 3107 2529 3149 cursus
2553 3091 2944 3156 accelerantes,
2978 3090 3285 3162 inopinatos
3313 3091 3574 3161 primum,
3598 3099 3725 3146 tan-

464 3183 641 3250 nibus,
699 3182 901 3253 ingenti
924 3180 1210 3252 juventute
1237 3181 1467 3251 spoliata
1495 3181 1637 3252 (qua:
1665 3180 1920 3237 comitata
1948 3194 2042 3235 ve-.
2068 3206 2113 3266 ρ
2145 3185 2266 3240 dem
2301 3183 2567 3240 terribiles
2593 3183 2931 3238 inimicorum
2957 3197 3160 3252 ungues
3180 3182 3479 3238 cervicibus
3501 3181 3726 3252 inﬁgunt

463 3276 637 3346 stigiis
663 3276 958 3347 supradicti
997 3276 1210 3348 tyranni
1238 3275 1458 3332 domum
1497 3289 1760 3344 nusquam
1788 3275 1927 3330 ultra
1953 3291 2041 3330 re-

464 3367 604 3438 diit)
629 3407 647 3436 ,
691 3376 746 3422 et
773 3367 949 3423 omnis
976 3366 1104 3421 belli
1129 3381 1257 3422 usus
1284 3366 1466 3434 ignara
1495 3366 1709 3436 penitus
1739 3363 1760 3400 *
1779 3403 1794 3430 ,
1836 3364 2043 3420 duabus

468 3460 698 3530 primum
749 3461 998 3529 gentibus
1049 3457 1422 3517 transmarinis
1469 3456 1820 3514 vehementer
1865 3457 2038 3522 smvis,

461 3551 748 3607 Scotorum
776 3565 810 3606 a
839 3551 1108 3616 cireione,
1155 3553 1426 3606 Pictorum
1469 3549 1538 3605 ab
1565 3548 1819 3620 aquilone
1859 3547 2038 3604 ealea-

464 3641 587 3698 bilis
614 3642 813 3699 multos
833 3650 1014 3713 stupet
1040 3643 1312 3711 gemitque
1335 3657 1433 3712 per
1454 3657 1626 3696 annos
1661 3641 1702 3695 ι.

530 3730 660 3788 Car.
690 3747 784 3788 χιι.
815 3731 894 3786 De
918 3733 1369 3803 defensione.——m
1391 3728 1534 3785 Gens
1556 3731 1716 3801 igitur
1734 3731 2032 3801 Britonum,

461 3823 746 3878 Scotorum
779 3821 1157 3893 Pictorumque
1185 3837 1292 3876 non
1321 3820 1519 3886 ferens,
1547 3822 1617 3878 ob
1645 3837 1874 3892 quorum
1905 3835 1933 3862 η
1962 3825 2039 3880 in-

462 3914 800 3970 festationem
822 3929 885 3969 ac
909 3914 1228 3968 dirissimam
1251 3913 1675 3984 oppressionem,
1704 3914 1910 3984 legatos
1935 3915 2038 3973 Ro-

465 4018 606 4058 mam
635 4019 757 4060 cum
785 4003 1026 4074 epistolis
1065 4003 1259 4070 mittit,
1313 4003 1597 4059 militarem
1627 4019 1842 4060 manum
1872 4007 1939 4061 ad
1980 4022 2040 4063 se

465 4095 836 4150 vindicandam
865 4095 1655 4166 lacrymosispostulationibus
1682 4113 1910 4168 poscens
1928 4141 1944 4166 ,
1983 4108 2040 4173 et

463 4183 850 4254 subiectionem
866 4186 947 4242 sui
961 4184 1206 4242 Romano
1225 4186 1451 4256 imperio
1463 4187 1718 4244 continue
1735 4197 1848 4244 tota
1874 4190 2042 4245 animi

464 4274 682 4343 virtute,
705 4275 749 4332 si
777 4275 948 4333 hostis
977 4276 1188 4346 longius
1215 4285 1511 4344 arceretur,
1535 4292 1755 4337 vovens.
1787 4279 1883 4336 Cui
1912 4295 2044 4354 mox,

534 4443 559 4502 Ρ
591 4433 757 4502 Edit.,
781 4437 1137 4491 exitiabiliter.

534 4501 564 4542 δ
587 4520 681 4561 vtn
709 4507 763 4561 in
783 4523 886 4563 ms.

537 4583 561 4614 ο
589 4572 755 4642 Edit.,
776 4594 988 4632 merent.

533 4642 559 4681 ά
585 4643 757 4714 Edit.,
777 4649 1142 4717 imperatoriis.

539 4721 562 4751 ο
590 4711 753 4771 Edit..
784 4733 888 4771 non
909 4718 1008 4771 lea.

716 4755 753 4778 .,
784 4734 888 4773 non
909 4734 1008 4778 leg.

541 4735 562 4751 τ
590 4735 753 4778 nutu,
784 4735 888 4773 non
909 4735 1008 4788 teg.

541 4781 560 4822 ί
592 4784 754 4856 Deest
779 4803 872 4856 per
893 4789 1030 4844 edit.

537 4863 564 4927 ρ
591 4853 760 4927 ﬁdit"
779 4853 1051 4927 feralibus.

534 4919 751 5007 ξ
767 4919 1046 5007 cervicibus
1077 4928 1206 4985 edit.
1245 4927 1346 4986 Ubi
1367 4929 1531 4986 etiam
1553 4948 1710 5004 regno
1734 4947 1834 5003 pro
1871 4934 2036 5007 regni.

538 4990 557 5068 ξ
587 4991 749 5068 Qeest
772 5012 869 5068 que
887 4997 1017 5056 edit.

540 5063 557 5133 ξ
592 5061 759 5133 Εὰὶιη
785 5061 924 5122 licet.

532 5128 565 5213 ξ
590 5128 759 5213 ﬁdit,
779 5153 875 5192 usu
902 5140 1103 5213 penitus
1128 5141 1333 5212 ignara.

541 5199 558 5242 -°
592 5199 755 5260 Deest
780 5223 870 5264 per
897 5199 1028 5264 edit.

533 5283 574 5313 ω
601 5279 730 5355 uate
755 5279 949 5333 desunt
970 5279 1100 5335 edit.
1125 5294 1297 5350 usque
1325 5281 1393 5336 ad
1423 5283 1616 5355 ferens.
1645 5282 1702 5338 In
1728 5297 1828 5338 ms.
1853 5291 2034 5339 autem

463 5346 567 5402 hoc
591 5351 674 5399 est
697 5355 859 5417 caput
877 5364 950 5404 ιι.
1207 5346 1225 5350 “
1423 5346 1434 5355 ’

464 5411 757 5504 migdit?
786 5415 850 5504 ob
865 5420 1342 5504 ﬂuamm,.habito
1380 5421 1632 5504 nimirum
1671 5431 1937 5504 respectu
1960 5424 2029 5478 ad

457 5488 760 5566 superiora,
791 5501 824 5540 α
852 5488 1302 5566 duabusprintum
1330 5491 1612 5566 gentibus:
1651 5488 1774 5566 quai
1811 5493 2026 5566 quidem

481 5557 772 5625 πωροεὶιὶο
793 5571 826 5609 a
852 5557 1002 5614 deest
1029 5560 1145 5615 sive
1174 5560 1227 5615 in
1257 5557 1360 5618 ms'.
1390 5561 1644 5617 Cantabr.
1668 5557 1786 5617 sive
1809 5557 1862 5616 in
1885 5563 2032 5618 edito

508 5625 776 5700 xon_.,__ubi
796 5641 865 5681 ex
892 5636 1146 5700 contextu
1162 5629 1301 5687 forte
1318 5631 1600 5700 legendum
1629 5631 1691 5686 ob
1712 5649 1909 5687 eorum.

533 5704 560 5734 ο
589 5693 756 5761 Edit.,
783 5711 817 5750 α
845 5699 1016 5752 turba.

535 5777 561 5814 ιι
590 5765 758 5842 ζεύξι..
782 5764 1121 5842 “(adoptant
1135 5786 1255 5842 eum
1272 5772 1534 5842 triumpho
1558 5787 1744 5842 magno
1768 5782 1818 5824 et
1839 5771 2028 5842 gaudio

465 5837 758 5906 repedante.
782 5865 854 5880 —
878 5836 946 5894 At
976 5837 1111 5895 Bibl.
1135 5837 1239 5896 P‘P.
1267 5836 1461 5908 Paris.,
1490 5836 1711 5912 Legione
1741 5836 1906 5894 autém
1931 5842 2026 5895 do-

2151 3290 2469 3332 mucronum
2500 3283 2558 3338 ν,
2591 3274 2908 3344 casibusque
2933 3272 3182 3329 foliorum
3212 3280 3455 3342 tempore
3479 3281 3628 3328 certo
3654 3275 3727 3329 ad

2148 3367 2501 3424 simulandam
2541 3368 2697 3422 istam
2726 3377 2750 3404 κ
2801 3375 3065 3438 peragunt
3103 3374 3333 3436 stragem
3366 3385 3381 3433 ;
3430 3382 3493 3422 ac
3533 3364 3627 3432 ﬁt,
3676 3368 3726 3423 si

2148 3469 2436 3515 montanus
2454 3469 2664 3515 torrens
2685 3460 2887 3515 crebris
2912 3468 3286 3529 tempestatum
3305 3460 3486 3514 rivulis
3508 3471 3724 3525 auctus,

2148 3566 2518 3620 sonorosoque
2537 3559 2715 3606 meatu
2729 3551 2910 3605 alveos
2929 3549 3225 3616 exundans,
3242 3565 3305 3604 ac
3328 3550 3535 3605 sulcato
3559 3550 3728 3605 dorso

2151 3645 2434 3714 fronteque
2463 3659 2587 3699 acra
2608 3687 2624 3712 ,
2665 3644 2881 3707 erectis,
2922 3650 2982 3697 ut
3008 3643 3183 3709 aiunt,
3216 3643 3283 3698 ad
3311 3643 3532 3697 nebulas
3562 3641 3728 3698 undis

2153 3737 2447 3808 (luminum
2488 3737 2681 3807 quibus
2707 3736 2891 3806 pupilli
2921 3751 3159 3806 persaepe
3190 3735 3314 3790 licet
3343 3735 3726 3805 palpebrarum

2152 3829 2528 3887 convolutibus
2555 3839 2584 3877 γ
2615 3828 2871 3894 innovati,
2914 3827 3177 3896 adiunctis
3204 3826 3304 3880 sibi
3332 3823 3726 3880 minutissima-

2150 3937 2268 3976 rum
2309 3930 2550 3976 rotarum
2603 3918 2910 3974 tautonibus
2949 3917 3110 3971 veluti
3154 3916 3428 3971 fuscantur
3458 3916 3522 3988 κ)
3556 3917 3726 3970 mira-

2145 4011 2326 4067 biliter
2353 4025 2646 4080 spumans;
2679 4017 2764 4063 ast
2789 4023 2895 4062 uno
2921 4008 3145 4077 objectas
3173 4006 3273 4061 sibi
3303 4007 3490 4060 evincit
3517 4008 3727 4078 gurgire

2145 4103 2305 4158 moles
2333 4118 2351 4156 :
2378 4103 2450 4156 ita
2479 4100 2789 4156 mutulorum
2819 4098 3028 4167 agmina
3059 4097 3402 4164 auxiliatores
3425 4105 3481 4134 εει
3520 4085 3726 4168 egregii

2149 4194 2214 4265 (si
2241 4208 2346 4262 qua
2377 4200 2556 4246 tamen
2587 4191 2812 4259 evadere
2842 4188 3148 4260 potuerant)
3174 4203 3402 4259 propere
3431 4175 3574 4243 trans
3601 4205 3726 4243 ma-

2146 4284 2224 4338 ria
2255 4281 2590 4350 fugaverunt,
2615 4281 2737 4350 quia
2760 4279 3150 4347 anniversarias
3175 4277 3327 4333 avide
3347 4277 3549 4350 praedas
3569 4279 3724 4334 nullo

2142 4455 2322 4509 mum,
2333 4478 2346 4491 .
2373 4446 2648 4509 repetente.

2177 4508 2179 4510 ’
2213 4520 2240 4560 q
2269 4505 2439 4572 Edit.,'
2459 4525 2519 4561 ac
2547 4509 2612 4560 si.
2638 4505 2781 4568 Mox,
2813 4506 2962 4572 ovile,
3002 4505 3383 4575 praepositione
3407 4505 3462 4559 in
3491 4505 3719 4562 omissa.

2071 4581 2122 4640 D
2145 4610 2216 4636 -,—
2245 4579 2383 4633 Bibl.
2416 4577 2518 4632 PP.
2550 4575 2742 4642 Paris.,
2773 4575 2902 4630 ovile
2921 4575 3364 4635 circumsilientes.

2215 4648 2236 4673 '
2265 4648 2428 4731 βόὶιη
2452 4647 2752 4719 juvatis.—
2778 4643 2913 4701 Bibl.
2940 4643 3046 4700 PP.
3078 4643 3272 4712 Paris.,
3299 4645 3419 4699 velis
3448 4653 3724 4701 ventorum

2142 4719 2327 4869 ’ἷιίηῖᾙ
2354 4804 2453 4842 ms.
2486 4786 2925 4869 n.1ttitio'ltpjn‘s
2953 4801 3073 4869 cap.
3115 4800 3214 4856 pro
3260 4784 3490 4869 itemque
3517 4783 3720 4869 Ιςείιψ-

2145 4856 2437 4927 lterumque
2484 4859 2536 4912 in
2565 4857 2700 4912 Bibl.
2750 4856 2854 4910 PP.
2886 4855 3054 4910 Paris.
3077 4897 3092 4922 ,
3118 4855 3284 4925 ’quod
3311 4855 3480 4927 magis
3509 4855 3718 4923 placet.

2143 4927 2268 4984 Mox
2295 4924 2424 4983 vero
2450 4927 2580 4984 ibid.
2610 4927 2855 4982 sabulone
2881 4924 3518 4991 scribitttr,’emendatius
3543 4939 3720 4995 quam

2144 4998 2199 5053 in
2225 4998 2354 5063 edit.
2380 4996 2550 5054 Oxon.
2583 4997 2810 5058 sablone.

2221 5070 2239 5106 ί
2272 5067 2434 5132 Edit.,
2453 5066 2980 5139 ﬁdissimis.—-_Bibl.
3012 5064 3113 5139 PP.
3143 5065 3313 5128 Paris.
3333 5065 3458 5139 legit
3482 5073 3719 5122 matrum

2141 5139 2264 5198 loco
2290 5135 2491 5208 patr-uin
2519 5138 2612 5208 βά.
2642 5137 2772 5192 edit.
2802 5135 3002 5203 Oxon.,
3024 5135 3253 5193 fortasse
3280 5136 3488 5190 melius.

2210 5218 2238 5247 ιι
2266 5209 2431 5274 Edit.,
2461 5208 2829 5272 Romanarum.
3170 5241 3194 5253 ρ

2210 5290 2236 5318 ν
2269 5278 2435 5343 Edit.,
2465 5277 2738 5332 ceruicibus
2766 5277 3027 5348 inﬁngnnt
3053 5292 3353 5348 mucronum
3380 5291 3595 5348 ungues.

2209 5359 2234 5386 ι
2257 5348 2426 5418 Edit.,
2455 5344 2861 5403 assimulandant
2881 5344 3081 5403 iisdem.
3105 5344 3169 5401 Et
3193 5362 3342 5416 mox,
3369 5362 3431 5400 ac
3452 5344 3499 5400 si
3520 5359 3619 5414 pro
3642 5362 3720 5401 ac

2177 5429 2215 5485 t,
2243 5422 2310 5475 si.

2134 5420 2215 5490 ﬁt,
2243 5422 2310 5475 si.

2211 5500 2238 5539 γ
2271 5489 2432 5554 Edit.,
2461 5486 2829 5544 convolatibus.

2212 5569 2233 5596 ⁸
2264 5559 2432 5626 Edit.,
2463 5557 2969 5628 adjunctissimarum
2998 5564 3228 5628 rotarum
3265 5555 3443 5628 rivulis
3470 5555 3604 5625 fasc.
3630 5585 3724 5628 -—_--

2139 5627 2275 5684 Bibl.
2314 5625 2426 5682 PP.
2446 5625 2615 5683 Paris.
2648 5635 2773 5696 post
2799 5641 2962 5680 voces
2991 5627 3159 5696 alveos
3185 5625 3487 5696 exundans,
3519 5625 3723 5696 omnia

2137 5699 2337 5780 omittit
2359 5715 2482 5780 qua;
2507 5695 2840 5780 sequuntttr,‘
2856 5711 3020 5780 usque
3043 5695 3114 5780 ad
3125 5712 3246 5774 uno.
3271 5695 3517 5780 allectos.

2207 5777 2265 5805 ιη
2294 5762 2434 5825 Ειιῐι.
2453 5762 2698 5841 (excepta
2721 5762 2951 5837 Paria),
2969 5765 3270 5821 auxiliares.
3300 5762 3367 5819 Et
3392 5779 3538 5832 mox,
3565 5779 3726 5839 pra;-

2134 5854 2370 5910 propere.
