3954 6178
206 373 314 430 531

1179 364 1382 420 LIBER
1422 361 1815 432 QUEIIlLUJS.
1864 360 2036 416 PARS
2076 363 2112 416 I.
2160 362 2495 420 HISTORIA.

3390 322 3495 407 at:

206 491 513 545 obsistente
559 494 708 540 trans
745 483 910 540 maria
956 484 1374 550 exaggerabaut.
1434 481 1598 548 Igitur
1628 489 1652 514 η
1690 477 1798 529 Ro-
1830 481 1870 534 Α
1908 480 2168 532 nodorum
2221 477 2237 516 ι
2295 480 2401 534 tela
2449 476 2641 545 quibus
2692 474 2977 529 miserrimi
3025 472 3170 528 civcs
3218 472 3283 526 de
3330 473 3499 527 muris

206 580 358 635 mani
393 577 564 649 patria
592 573 1214 643 reversi,denuntiantes
1244 587 1586 643 nequaquam
1613 585 1670 624 se
1701 577 1809 620 tam

207 671 507 728 laboriosis
537 668 968 738 expeditionibus
1011 683 1172 737 posse
1219 665 1555 740 frequentius
1604 659 1810 724 vexari,

205 773 262 820 et
308 765 384 819 ob
431 761 676 817 imbelles
721 760 1092 829 erraticosque
1139 757 1515 825 latrunculos,
1565 755 1811 809 Romana

203 857 489 924 stigmata,
521 861 730 907 tantum
763 851 1032 919 talemque
1056 850 1380 912 exercitum,
1409 858 1553 902 terra
1585 861 1649 901 ac
1677 844 1812 899 mari

201 947 429 1017 fatigari
460 964 474 999 :
506 945 602 1001 sed
631 954 688 999 ut
716 944 890 1000 insula
915 944 938 980 δ
972 942 1173 1014 potius,
1206 939 1621 996 cousuescendo
1651 938 1813 994 armis

207 1059 276 1097 ac
306 1041 545 1096 viriliter
572 1037 898 1104 dimicando,
943 1049 1177 1105 terram,
1208 1035 1638 1095 substantiolam,
1679 1049 1812 1088 con-

201 1135 391 1205 iuges,
416 1133 619 1188 liberos
647 1141 702 1187 et
734 1131 909 1202 (quod
939 1130 1021 1185 bis
1051 1130 1223 1199 majus
1250 1129 1360 1197 est)
1393 1129 1698 1182 libertatem
1732 1127 1812 1180 vi-

210 1235 439 1300 tamque
469 1223 599 1279 totis
624 1221 828 1277 viribus
865 1220 1196 1284 vindicaret,
1249 1228 1304 1274 et
1332 1217 1577 1285 gentibus
1610 1230 1811 1284 nequa-

202 1331 378 1386 quam
407 1331 468 1371 se
506 1314 821 1371 fortioribus
862 1312 1002 1385 (nisi
1032 1311 1262 1380 segnitia
1292 1321 1345 1365 et
1372 1320 1591 1380 torpore
1623 1307 1818 1362 dissol-

206 1417 479 1463 verentur
525 1407 597 1474 ο)
653 1415 711 1460 ιιι
760 1405 996 1460 inermes
1052 1403 1242 1459 vinclis
1301 1402 1612 1457 vinciendos
1665 1402 1814 1456 nullo

205 1502 404 1568 modo,
453 1501 552 1557 sed
597 1502 888 1556 instructas
929 1500 1119 1572 peltis,
1165 1499 1410 1563 ensibus,
1445 1498 1638 1563 hastis,
1667 1506 1722 1551 et
1748 1496 1814 1550 ad

206 1591 420 1649 eadem
449 1599 729 1663 promptas
758 1589 1332 1660 protenderetnzauus,
1358 1585 1645 1643 suadentes
1669 1586 1812 1654 (quia

204 1693 261 1738 et
289 1684 406 1740 hoc
439 1680 705 1753 putabant
743 1679 944 1748 aliquid
974 1676 1400 1754 derelinqucndo
1431 1675 1630 1746 populo
1662 1691 1812 1729 com-

204 1775 364 1840 modi
391 1774 742 1844 accrescere)
797 1788 1040 1837 murum,
1083 1786 1191 1825 non
1232 1777 1287 1825 ut
1312 1768 1571 1832 alterum,
1601 1775 1813 1837 sumptu

1915 571 2067 625 tracti
2117 571 2232 624 solo
2281 569 2659 624 allidcbautur.
2711 566 2824 620 lloc
2853 567 3059 620 scilicet
3094 565 3171 619 eis
3201 566 3496 620 immaturae

1915 665 2102 717 mortis
2131 663 2474 730 supplicium,
2507 663 2597 729 qui
2633 661 2722 714 tali
2753 658 2937 712 funere
2967 658 3347 728 rapiebantur;
3389 655 3503 712 [ι’-ι-

1914 763 2055 809 trum
2085 771 2190 823 quo
2214 755 2497 823 pignorum
2531 763 2565 788 ιιι
2598 770 2817 810 suorum
2851 751 3182 806 miserandas
3211 751 3501 806 imminen-

1917 854 1996 899 tes
2020 860 2205 916 pmnas
2228 846 2335 899 cito
2357 845 2503 900 exitu
2538 844 2867 898 devitabaut.
2895 841 3029 909 Quid
3057 842 3208 912 plura
3228 841 3421 911 loquar
3439 842 3498 896 n‘l

1916 937 2140 991 Relictis
2179 937 2487 990 civitatibus
2527 950 2788 1004 muroque
2817 934 2986 1001 celso,
3033 935 3225 987 iterum
3263 933 3498 1002 quiltus'

1916 1026 2052 1095 fugae
2095 1044 2108 1080 :
2152 1027 2346 1081 iterum
2403 1026 2766 1095 dispersiones
2813 1025 2973 1080 solito
3030 1025 3496 1094 desperabiliorcs.

1916 1119 2048 1175 Item
2072 1121 2137 1175 ab
2165 1121 2322 1176 hoste
2349 1119 2732 1174 insectationes
2760 1136 2772 1171 :
2807 1118 2932 1172 item
2959 1127 3165 1188 strages
3189 1117 3502 1172 acceleran-

1917 1218 2003 1265 tur
2031 1212 2359 1266 crudeliores
2393 1229 2404 1264 :
2439 1220 2494 1265 et
2522 1212 2659 1265 sicut
2686 1210 2806 1278 agni
2841 1226 2870 1262 a
2901 1209 3237 1274 laniouibus,
3287 1209 3363 1263 ita
3407 1208 3495 1263 dc-

1919 1298 2080 1356 Ilendi
2109 1302 2251 1356 cives
2278 1303 2343 1355 ab
2386 1301 2619 1355 inimicis
2648 1301 3050 1370 discerpuntur,
3083 1311 3140 1354 ut
3168 1315 3490 1355 conuuemo-

1917 1391 2056 1444 ratio
2083 1406 2266 1444 eorum
2300 1388 2529 1445 ferarum
2562 1389 2948 1444 assimilaretur
2977 1390 3280 1457 agrestium.

1990 1481 2117 1537 Car.
2146 1499 2251 1536 xvi.
2287 1482 2366 1536 De
2387 1485 2544 1554 fante.
2566 1514 2638 1522 —
2667 1481 2797 1535 Nam
2823 1482 3034 1539 laniunt
3057 1483 3266 1553 scipsos
3293 1491 3499 1550 mutuo,

1920 1589 2020 1627 nec
2050 1588 2146 1642 pro
2187 1573 2363 1641 exigui
2395 1573 2566 1628 victus
2595 1572 2744 1627 brevi
2773 1575 3144 1629 sustentaculo
3175 1573 3476 1628 miserrimo

1919 1679 2036 1717 rum
2067 1661 2263 1716 civium
2296 1661 2670 1716 latrocinando
2686 1674 2740 1727 Γ,
2761 1673 2817 1716 et
2839 1663 3171 1731 augebantur
3193 1672 3504 1718 extrauesea

1919 1754 2100 1809 clades
2130 1752 2439 1808 domesticis
2471 1754 2704 1808 motibus
2737 1772 2749 1807 :
2783 1770 2888 1822 quo
2919 1763 2973 1808 et
3001 1755 3302 1823 hujusmodi
3335 1753 3354 1778 '
3398 1748 3502 1808 tatu

206 1870 438 1938 καὶ)ιὶρο
488 1868 809 1940 privatoque
858 1866 1126 1936 adiunctis
1174 1880 1361 1921 secum
1418 1862 1812 1916 miserabilibus
1849 1859 1890 1917 Β
1918 1847 2118 1940 οξοβῗίε
2149 1846 2539 1940 άξτεβῑίοηῖδηδ
2577 1857 2902 1902 νπιιθνειυν
2930 1849 3107 1902 omnis
3148 1849 3295 1916 T0830
3341 1849 3504 1903 ιυῑίιιδ

205 1962 486 2030 indigenis
508 1960 672 2015 solito
699 1967 987 2015 structura:
1009 1974 1180 2023 more,
1195 1958 1408 2011 tramite
1430 1974 1459 2010 a
1482 1956 1614 2010 mari
1647 1970 1814 2024 usque

205 2057 274 2112 ad
310 2072 470 2110 mare
495 2053 638 2110 inter
668 2054 830 2110 urbes
857 2068 975 2123 quae
1006 2051 1203 2107 ibidem
1226 2051 1363 2106 forte
1389 2051 1458 2105 ob
1489 2058 1688 2103 metum
1718 2049 1816 2102 ho-

206 2149 383 2203 stium
419 2147 700 2204 collocata:
727 2147 963 2210 fuerant,
993 2144 1202 2200 directo
1224 2143 1438 2208 librant,
1464 2143 1620 2197 fortia
1644 2142 1818 2197 formi-

207 2243 413 2297 duloso
447 2240 647 2312 populo
668 2240 872 2295 monita
904 2237 1144 2306 tradunt,
1166 2238 1496 2307 exemplaria
1529 2229 1816 2292 instituen—

207 2334 414 2387 dorum
446 2347 718 2386 armorum
745 2331 1078 2400 relinquunt,
1099 2331 1150 2385 in
1175 2329 1357 2384 littore
1377 2344 1592 2400 quoque
1617 2328 1819 2384 Oceani

207 2423 280 2476 ad
305 2421 670 2476 meridianam
693 2422 926 2491 plagam,
959 2437 1064 2490 qua
1086 2417 1112 2457 ἀ
1146 2436 1308 2476 naves
1330 2436 1516 2476 eorum
1547 2421 1821 2476 habeban-

209 2524 336 2577 tur,
370 2522 425 2566 ct
456 2511 578 2567 inde
617 2511 882 2566 barbaria:
909 2521 932 2548 ο
961 2511 1086 2568 fera:
1113 2511 1297 2566 bestia:
1332 2512 1675 2578 timebantur,
1710 2520 1822 2566 tur.-

208 2623 299 2662 res
337 2622 440 2676 per
481 2603 773 2667 intervalla
812 2602 880 2658 ad
923 2613 1268 2683 prospectum
1317 2604 1481 2658 maris
1530 2603 1818 2669 collocant,

209 2693 585 2761 valedicunt,‘
620 2705 878 2774 tanquam
911 2695 1050 2754 ultra
1082 2709 1192 2754 non
1223 2694 1510 2749 reversuri.

283 2795 436 2850 Csr.
471 2809 537 2846 xv
568 2801 618 2847 ι.
675 2790 754 2845 De
783 2792 937 2845 tertia
964 2790 1276 2864 vastatione.
1307 2821 1380 2830 —
1406 2787 1591 2858 Itaque
1621 2787 1724 2847 illis
1757 2785 1824 2841 ad

207 2900 317 2942 sua
348 2882 738 2949 remeantibus,
753 2888 1037 2951 emergunt
1063 2877 1310 2934 certatim
1334 2877 1400 2932 de
1421 2873 1686 2943 curicish,
1705 2876 1823 2946 qui-

209 2977 322 3029 bus
353 2979 482 3027 sunt
510 2981 659 3028 trans
688 2969 954 3025 Tithicam
987 2967 1177 3025 vallem
1211 2967 1348 3022 vecti
1387 2965 1401 3003 ί
1435 2966 1612 3035 (quasi
1640 2965 1692 3018 iu
1715 2965 1823 3020 alto

209 3065 424 3121 Titane
454 3062 925 3130 incalescenteque
969 3066 1221 3114 caumate
1265 3057 1333 3112 de
1363 3056 1637 3112 altissimis
1677 3055 1822 3110 fora-

209 3156 438 3209 minum
471 3143 774 3208 cavernulis
803 3149 938 3205 fusci
967 3147 1384 3204 vermiculorum
1419 3146 1572 3202 cenei
1599 3145 1612 3197 i
1640 3147 1658 3216 )
1699 3145 1824 3200 tetri

1920 1937 2022 1992 cibi
2055 1937 2270 2004 baculo,
2302 1948 2529 2008 excepto
2564 1940 2852 1994 venatoria:
2882 1941 3011 1994 artis
3035 1940 3248 1996 solatio.

1994 2050 2122 2110 Car.
2152 2067 2280 2111 xvu.
2309 2049 2388 2104 De
2409 2053 2736 2120 epistolis.—
2755 2050 2919 2119 Igitur
2947 2067 3157 2106 rursum
3189 2053 3400 2109 misera:
3420 2066 3504 2108 re-

1921 2144 2098 2213 liquiae
2125 2144 2403 2201 mittentes
2428 2144 2686 2214 epistolas
2709 2152 2729 2178 ³
2762 2144 2829 2198 ad
2857 2144 3088 2213 Agitium
3121 2145 3374 2200 Romana:
3403 2161 3505 2216 po-

1923 2235 2132 2289 testatis
2161 2235 2334 2290 virum
2383 2236 2528 2305 (hoc
2572 2235 2732 2289 modo
2777 2235 3100 2306 loquentes)
3152 2235 3400 2306 inquiunt
3431 2240 3447 2274 ι
3483 2253 3500 2290 :

1921 2327 2094 2396 Agitio
2108 2334 2187 2380 ter
2211 2327 2408 2380 consuli
2431 2328 2648 2397 gemitus
2678 2326 3081 2384 Britannorum.
3101 2327 3169 2382 Et
3193 2337 3314 2397 post
3336 2343 3504 2398 pauca

1922 2425 1950 2453 ιι
1974 2419 2256 2489 loquentes
2290 2435 2302 2471 :
2339 2417 2615 2489 Repellunt
2642 2435 2733 2476 nos
2763 2417 2972 2474 barbari
3001 2419 3072 2473 ad
3097 2437 3262 2488 mare,
3306 2422 3506 2490 repellit

1923 2525 2016 2564 nos
2041 2518 2065 2545 ν
2096 2525 2241 2564 mare
2263 2508 2334 2562 ad
2360 2507 2607 2564 barbaros
2637 2525 2654 2563 :
2685 2511 2820 2564 inter
2848 2510 2957 2564 haec
2982 2513 3219 2565 oriuntur
3247 2521 3266 2546 ι
3289 2511 3390 2566 duo
3413 2529 3506 2582 θεε-

1923 2618 2050 2656 nera
2078 2604 2336 2674 funerum,
2363 2611 2451 2656 aut
2473 2604 2808 2674 jugulamun,
2831 2614 2922 2658 aut
2942 2605 3242 2676 mergimur.
3274 2603 3383 2661 Nec
3410 2620 3509 2674 pro

1923 2694 2004 2749 eis
2027 2693 2319 2764 quidquam
2349 2693 2604 2762 adjutorii
2636 2693 2854 2750 habent.
2886 2693 3097 2749 Interea
3122 2694 3287 2753 fames
3303 2695 3420 2750 dira
3443 2709 3511 2750 ac

1924 2783 2280 2838 famosissima
2309 2785 2459 2853 vagis
2486 2799 2553 2838 ac
2581 2785 2906 2840 nutabundis
2947 2786 3142 2854 haeret,
3171 2800 3291 2855 quae
3315 2786 3512 2842 multos

1924 2890 2115 2933 eorum
2142 2876 2379 2932 cruentis
2403 2877 2681 2947 compellit
2702 2887 2731 2925 1
2761 2876 3103 2947 praedonibus
3115 2879 3234 2933 siue
3253 2878 3513 2934 dilatione

1925 2969 2092 3023 victas
2117 2967 2248 3024 dare
2293 2983 2485 3025 manus
2506 3009 2524 3036 ,
2568 2979 2627 3023 ut
2659 2968 2952 3038 pauxillum
2997 2968 3065 3023 ad
3095 2966 3509 3024 refocillandam

1925 3063 2157 3117 animam
2187 3061 2291 3118 cibi
2330 3068 2588 3132 caperent
2619 3078 2632 3114 :
2663 3061 2801 3116 alios
2828 3075 2958 3116 verc
2992 3075 3252 3130 nusquam
3287 3071 3308 3098 ι
3335 3079 3350 3127 ς
3380 3063 3511 3132 quin

1926 3153 2107 3226 potius
2127 3153 2195 3209 de
2215 3153 2346 3224 ipsis
2375 3152 2670 3218 montibus,
2699 3151 2970 3221 speluncis
2993 3165 3060 3206 ac
3078 3150 3320 3217 saltibus,
3339 3151 3514 3208 dumis

210 3248 524 3304 Scotorum
565 3243 945 3312 Pictorumque
993 3255 1183 3312 greges
1207 3281 1221 3305 ,
1278 3239 1517 3294 moribus
1567 3253 1635 3294 ex
1673 3247 1828 3310 parte
1856 3246 1902 3310 ο
1933 3245 2200 3300 consertis
2228 3244 2487 3300 continue
2512 3243 2872 3299 rebellabant.

211 3339 576 3402 dissidentes,
605 3345 659 3391 et
681 3351 788 3391 una
817 3335 1116 3404 eademque
1136 3333 1413 3402 sanguinis
1432 3331 1686 3387 fundendi
1715 3333 1830 3388 avi-

214 3432 398 3486 ditate
444 3427 773 3490 concordes,
826 3425 1214 3496 furciferosque
1256 3425 1427 3493 magis
1469 3423 1648 3479 vultus
1685 3425 1824 3494 pilis,

216 3539 390 3592 quam
417 3535 708 3591 corporum
731 3518 978 3589 pudenda
1008 3517 1376 3588 pudendisque
1399 3517 1641 3588 proxima
1665 3517 1829 3572 vesti-

219 3616 325 3670 bus
369 3621 620 3682 tegentes
651 3631 664 3665 :
711 3611 1036 3681 cognitaque
1065 3609 1476 3666 condebitorum
1514 3609 1826 3664 reversione

221 3719 280 3764 et
319 3708 539 3764 reditus
565 3706 951 3775 denegatione,
978 3703 1139 3760 solito
1169 3701 1524 3758 conﬁdentius
1553 3701 1577 3740 ¹ι
1609 3717 1824 3757 omnem

224 3798 600 3870 aquilonalem
630 3808 1041 3868 extremamque
1071 3805 1228 3852 terra:
1252 3805 1460 3866 partem
1491 3812 1589 3868 pro
1619 3797 1827 3866 indige-

227 3890 312 3944 nis
339 3903 504 3943 muro
536 3896 690 3944 tenus
718 3896 1028 3958 capcsmut.
1060 3885 1333 3950 Statuitur
1361 3887 1427 3941 ad
1457 3886 1572 3945 haec
1601 3888 1653 3946 in
1683 3887 1840 3944 edito.

226 3983 375 4038 arcis
398 3981 546 4036 acies
573 3981 639 4036 ad
687 3995 944 4052 pugnam,
975 3981 1230 4036 inhabilis
1257 3980 1326 4036 ad
1356 3979 1556 4052 fugam,
1588 3993 1828 4038 tremen-

224 4073 377 4127 tibus
401 4071 714 4143 prtecordiis
743 4073 947 4142 inepta,
976 4087 1097 4141 qua:
1125 4071 1315 4128 diebus
1342 4073 1686 4129 ac-noctibus
1711 4084 1827 4130 stu-

226 4164 360 4235 pido
387 4163 545 4219 sedili
571 4164 870 4219 marcebat.
927 4161 1139 4218 Interea
1167 4178 1277 4220 non
1317 4168 1556 4220 cessant'
1576 4167 1826 4224 uncinata

309 4373 336 4402 ι
361 4361 467 4418 llic
493 4362 679 4432 incipit
704 4378 828 4434 cap.
856 4379 907 4418 xt
937 4363 990 4419 in
1018 4379 1116 4418 ms.
1143 4362 1402 4418 Cantabr.

303 4434 332 4473 ιι
365 4434 525 4473 ηρκί
549 4433 660 4473 “tu
703 4449 805 4473 um
838 4435 1011 4473 δηιηιη
1035 4433 1262 4473 __niht_
1296 4433 1378 4473 pp
1425 4432 1541 4473 Dari

303 4434 332 4473 δ
364 4434 530 4489 Deest
549 4433 679 4488 edit.
703 4432 809 4488 vox
838 4435 1107 4489 insula.—
1125 4433 1264 4488 Bibl.
1296 4433 1398 4488 PP.
1422 4432 1619 4499 Paris.,
1649 4435 1741 4488 sed
1772 4445 1828 4490 ut

225 4506 407 4576 potius
431 4503 563 4584 epla.
581 4502 647 4557 Et
672 4505 1007 4584 paulo_ante,
1041 4503 1280 4560 Romana
1309 4505 1460 4576 signa
1488 4519 1588 4576 pro
1617 4503 1682 4558 Β.
1704 4507 1833 4577 stig-

226 4573 688 4657 “,“..-‘..‘.°"?§9é
705 4574 936 4657 ,τθειὲιιεο
1015 4645 1064 4657 ..
1126 4653 1136 4657 _

259 4715 269 4724 _
307 4656 328 4681 ε
352 4642 535 4724 _Edit.,
557 4644 954 4713 dissolveretur;
978 4645 1067 4700 ubi
1088 4653 1143 4700 et
1165 4643 1430 4701 omittitur
1449 4659 1681 4716 sequens
1698 4661 1825 4718 par-

227 4715 537 4866 uc;
561 4801 679 4856 quo.
709 4783 880 4842 Paulo
915 4794 1042 4841 ante
1069 4785 1206 4842 Bibl.
1243 4783 1349 4840 PP.
1381 4784 1583 4854 Paris.,
1630 4787 1827 4843 directo

226 4855 532 4978 cdiﬁégnt.
575 4855 582 4856 ί
644 4927 656 4939 ⁸
801 4928 813 4939 ⁹
1142 4929 1154 4941 ο

305 4937 331 4998 ξ
364 4995 403 4998 _
431 4933 544 4998 ιι,
572 4943 690 4998 quia
719 4934 767 4980 et
796 4927 918 4982 inde
945 4925 1251 4998 barbarica.

308 4993 331 5032 ί
361 4993 542 5061 Edit.,
583 4993 638 5050 ἐι
674 4998 987 5052 ualedicunt.
1036 4996 1196 5054 Deest
1223 4997 1545 5057 coniunctio
1575 4999 1739 5054 etiam
1772 4998 1825 5054 in

224 5065 375 5122 Bibl.
407 5063 516 5122 PP.
550 5066 719 5122 Paris.

307 5145 334 5183 δ
364 5134 495 5201 11s.,
522 5152 615 5192 xu.

305 5204 336 5244 ⁸
362 5204 532 5273 Edit.,
562 5209 782 5262 curucis.
815 5207 954 5262 Bibl.
987 5206 1091 5262 PP.
1125 5205 1320 5271 Paris.,
1349 5210 1638 5263 eunuchis.

256 5352 272 5366 α
367 5275 920 5366 βάὶιηηειῃὶωτηηη
948 5278 1350 5334 euecti—Bibl.
1384 5279 1485 5333 PP.
1504 5277 1672 5334 Paris.
1691 5279 1826 5352 Sey.-

215 5358 496 5408 τείσει...
527 5358 703 5403 erecti.

301 5422 326 5500 ρ
573 5419 983 5500 caverniculis...
1009 5423 1179 5475 cunei.

301 5487 334 5526 ιι
364 5486 537 5552 Edit.,
551 5489 972 5552 conﬁdentiores.

307 5557 328 5596 ι
358 5555 532 5628 Edit.,
553 5555 836 5614 nudorum.

299 5639 347 5666 ’³
365 5626 545 5705 Edit.,
569 5647 668 5705 quo
689 5632 912 5705 fratrum
935 5631 1303 5705 pignorumque

305 5709 336 5737 "
365 5697 533 5772 ρῳει
557 5697 700 5772 edit.
720 5717 825 5755 vox
847 5697 1046 5772 loquar.

307 5779 338 5806 ⁸
369 5767 539 5835 Edit.,
568 5771 691 5824 illis.

306 5851 339 5888 Ρ
367 5837 543 5920 plin,
586 5839 730 5920 Nam
767 5850 816 5896 et
857 5842 1008 5920 ipsos
1035 5854 1207 5900 mutuo
1247 5862 1339 5920 nec
1374 5845 1830 5920 perexiguivictus

225 5914 384 5970 ,σενι
411 5912 762 5967 sustentaculo
806 5914 1207 5973 miserrimorum
1238 5912 1421 5974 citium
1470 5912 1831 5974 latrocinando

2000 3337 2131 3392 Car.
2158 3352 2309 3391 xvnt.
2343 3335 2421 3390 De
2447 3337 2681 3391 victoria.
2705 3368 2778 3378 —
2805 3335 2872 3390 Et
2895 3343 3003 3391 tum
3027 3337 3258 3407 primum
3287 3337 3517 3393 inimicis

1930 3447 2026 3503 per
2038 3429 2235 3486 multos
2251 3445 2422 3484 annos
2442 3431 2493 3483 in
2513 3438 2655 3484 terra
2668 3439 2724 3465 ἰα
2744 3430 3047 3497 agentibus,
3068 3439 3276 3499 strages
3297 3431 3517 3499 dabant,

1929 3539 2036 3578 non
2063 3521 2396 3578 confidentes
2417 3520 2474 3560 δι’
2507 3521 2560 3576 in
2588 3521 2828 3584 homine,
2860 3519 2954 3576 sed
2981 3521 3032 3574 in
3065 3520 3194 3584 Deo,
3224 3521 3517 3576 secundum

1929 3613 2091 3669 illude
2102 3612 2373 3683 xemplum
2391 3622 2412 3652 ο
2424 3622 2444 3648 ο
2467 3609 2709 3666 Philonis
2733 3625 2746 3666 :
2771 3609 2998 3666 Necesse
3008 3622 3086 3666 est
3101 3611 3283 3666 adesse
3296 3613 3519 3667 divinum

1931 3707 2016 3759 ubi
2031 3707 2314 3760 humanum
2332 3714 2502 3759 cessat
2522 3703 2796 3757 auxilium.
2815 3702 3030 3769 Quievit
3043 3719 3328 3775 parumper
3350 3705 3518 3760 inimi-

1931 3811 2119 3850 corum
2141 3795 2388 3858 audacia,
2416 3810 2516 3850 nec
2540 3802 2718 3849 tamen
2742 3803 3052 3849 nostrorum
3072 3794 3295 3850 malitia.
3325 3796 3519 3852 neces-

1933 3897 2119 3944 serunt
2144 3889 2330 3944 hostes
2352 3904 2381 3943 a
2413 3889 2647 3951 civibus,
2698 3903 2798 3943 nec
2833 3888 2982 3943 cives
3008 3903 3038 3942 a
3067 3889 3180 3944 suis
3207 3889 3520 3946 sceleribus.

2005 3983 2136 4039 Csp.
2169 3998 2278 4038 xix.
2310 3981 2390 4037 De
2417 3980 2714 4036 sceleribus.
2737 4011 2811 4023 —-
2838 3979 3001 4037 Moris
3029 3996 3261 4051 namque
3282 3984 3521 4038 continui

1935 4085 2051 4132 erat
2075 4076 2223 4145 genti
2251 4075 2417 4144 (sicut
2443 4082 2498 4130 et
2527 4089 2670 4129 nunc
2689 4071 2815 4143 est),
2849 4081 2907 4127 ut
2935 4072 3143 4128 inlirma
3173 4083 3319 4130 esset
3342 4074 3408 4128 ad
3435 4089 3524 4130 re-

1937 4167 2208 4226 tundeuda
2231 4169 2468 4224 hostium
2493 4165 2599 4223 tela
2627 4174 2684 4222 et
2710 4165 2864 4221 fortis
2885 4172 2942 4221 et
2965 4165 3160 4222 invicta
3181 4163 3238 4205 δέ
3262 4165 3328 4221 ad
3351 4166 3526 4222 civica

1933 4365 2314 4437 temperabant.

2012 4435 2048 4488 tt
2066 4435 2230 4503 Edit.,
2261 4446 2511 4492 extenua.

2019 4519 2039 4545 ν
2068 4505 2240 4579 Edit.,
2277 4507 2412 4579 quod
2435 4507 2661 4579 hujusm.

2013 4587 2046 4649 '7
2067 4575 2256 4649 Edit.,
2286 4575 2546 4632 mittentes
2571 4577 3104 4649 epistolasreliquite.
3136 4611 3204 4622 —
3246 4581 3383 4638 Bibl.
3412 4581 3526 4640 PP.

1929 4647 2127 4724 Paris.,
2150 4645 2205 4724 Δ1
2208 4648 2346 4724 gitur
2372 4663 2576 4724 rursum
2599 4645 2806 4724 misera:
2834 4645 3102 4724 _mitti_rntes
3125 4653 3372 4724 epistola;
3400 4658 3520 4711 νειε-

1927 4721 2068 4795 quite
2091 4718 2160 4785 ad
2188 4716 2392 4773 Aetium
2423 4716 2573 4795 llam.
2618 4717 2715 4795 bis.
2750 4718 2920 4795 codex
2950 4716 3208 4795 Cantabr.
3240 4735 3515 4795 corrupte,

1928 4787 2102 4860 Agitio
2127 4805 2158 4864 ί
2177 4789 2522 4864 nequeenim
2553 4789 2611 4864 in
2645 4787 2818 4864 lj‘astis
2848 4789 3224 4864 consularibus
3250 4787 3518 4864 comperi;

1932 4857 2021 4913 tur
2042 4857 2440 4934 uspiam;hujus
2467 4859 2699 4934 nominis
2716 4858 2936 4934 consul.
2972 4857 3393 4934 Rescribendum
3422 4866 3518 4934 igi—

1930 4938 2018 4984 tur
2045 4929 2212 4984 Aetio.
2256 4929 2379 4985 Fuit
2417 4939 2597 4984 autem
2627 4931 2672 4984 is
2701 4929 2889 5000 Aetius
2918 4945 3002 4996 tu,
3052 4931 3168 4987 sive
3194 4941 3272 4986 ter
3315 4929 3514 5000 consul,

1929 5009 1988 5071 ut
2033 5002 2122 5071 ait
2163 5000 2368 5065 Gildas,
2403 5001 2660 5071 quigann.
2705 4999 2818 5071 uti
2843 5001 3178 5071 consulatum
3202 5003 3368 5070 gessit
3394 5021 3519 5059 cum

1929 5069 2012 5144 ς)ζ
2016 5069 2234 5144 Aurelio
2249 5069 2596 5144 Symmacho.
2631 5070 2763 5126 Vide
2792 5069 3084 5144 Baronium
3114 5071 3181 5126 ad
3213 5069 3351 5128 ann.
3388 5072 3514 5144 “6,,

1931 5139 2035 5211 52,
2069 5143 2156 5195 ubi
2188 5139 2330 5196 hunc
2349 5140 2517 5195 GlIdtB
2548 5141 2724 5195 locum
2753 5140 3028 5198 exscribit.

2005 5213 2025 5246 ι
2062 5211 2222 5282 Deest
2249 5211 2379 5266 edit.
2415 5228 2519 5265 vox
2547 5213 2803 5282 inquiunt.

2007 5291 2034 5318 υ
2063 5280 2233 5352 Edit.,
2263 5293 2549 5352 querentes.
2597 5327 2604 5330 .

2003 5363 2030 5389 ν
2062 5351 2360 5422 Utrobique
2381 5352 2535 5407 deest
2560 5369 2653 5407 nos
2683 5352 2811 5408 edit.

2008 5432 2032 5459 ι
2064 5423 2224 5479 Deest
2252 5423 2383 5477 edit.
2415 5439 2521 5476 vox
2547 5425 2804 5477 oriuntur.

2003 5503 2030 5542 γ
2061 5493 2226 5559 Edit.,
2259 5495 2526 5561 compulit.

2007 5573 2028 5599 ³
2063 5562 2228 5634 Edit.,
2259 5580 2544 5634 nunquam.

2002 5643 2059 5670 “
2091 5633 2252 5699 Edit.,
2284 5633 2489 5699 prtedas
2517 5635 2592 5688 in.

2001 5703 2062 5742 Μ’
2095 5702 2254 5768 Edit.,
2287 5703 2524 5773 ﬁdentes.

2008 5785 2062 5845 cf
2089 5774 2248 5830 Deest
2278 5775 2412 5830 edit.
2451 5791 2554 5830 vox
2579 5777 2891 5845 exemplum.

2005 5843 2060 5884 αδ
2089 5845 2256 5914 Edit.,
2286 5846 2438 5919 {ortis
2459 5855 2611 5916 esset,
2635 5843 2856 5920 reliquis
2883 5851 3111 5910 omissis.
