3954 6178
322 301 423 354 sts
515 284 520 288 ’

1234 302 1464 359 ϐιιῡβε
1504 303 1852 362 SAPlENTlS
1883 305 1972 366 DE
2011 305 2285 361 EXClDlO
2324 303 2720 359 BlilTANNlrE

3449 297 3576 358 ’ΒΗ

319 415 546 484 bella,et
567 413 635 470 ad
655 429 819 470 onera
845 423 1189 485 peccatorum
1211 415 1560 470 sustentanda
1593 425 1616 451 ι
1642 433 1656 468 :
1683 415 1892 469 inlirma
1923 423 1971 478 Α
1997 417 2248 486 exemplo
2273 431 2394 472 esse
2421 414 2568 472 omni
2599 413 2741 484 plebi
2771 411 3076 479 debuerint,
3105 409 3367 466 ebrietate
3395 427 3578 481 quam-

317 514 400 561 est
429 505 454 544 δ
485 507 577 574 (ut
605 504 846 576 inquam)
899 505 967 561 ad
995 506 1338 576 exsequenda
1367 507 1522 578 pacis
1559 522 1624 562 ac
1653 507 1895 564 veritatis

318 595 564 665 insignia,
593 596 782 650 fortis°
811 595 879 650 ad
907 595 1113 651 scelera
1140 604 1196 651 et
1222 597 1525 652 mendacia.
1554 598 1579 633 ά
1597 597 1894 654 Revertun—

317 694 405 738 tur
426 698 555 752 ergo
585 683 924 755 impudentes
936 694 1270 752 grassatores
1289 686 1356 740 ad
1371 687 1621 749 hibernas
1642 688 1830 744 domos
1845 700 1890 754 θ,

318 781 440 841 post
485 789 595 829 non
641 773 870 829 multum
900 776 1157 846 temporis
1186 775 1471 832 reversuri.
1521 777 1658 840 Picti
1699 779 1752 840 in
1797 793 1894 833 cit-.-

315 877 484 922 trema
509 875 662 938 parte
692 867 878 923 insula:
910 877 1037 923 tunc
1061 867 1289 938 primum
1319 878 1373 922 et
1401 868 1652 940 deinceps
1682 871 1894 939 requie-

315 964 528 1022 verunt,
571 957 782 1028 prtedas
810 965 865 1011 ct
889 958 1242 1020 contritiones
1273 975 1652 1030 nonnunquam
1695 959 1891 1014 facien-

312 1055 414 1102 tes.
463 1045 522 1100 lu
551 1047 744 1102 talibus
783 1048 964 1118 itaque
994 1048 1220 1104 induciis
1247 1049 1492 1104 desolato
1521 1050 1722 1120 populo
1751 1066 1890 1106 saeva

311 1135 534 1190 cicatrix
561 1135 873 1202 obducitur,
914 1137 1021 1194 alia
1049 1138 1402 1194 virulentiore
1440 1147 1616 1196 tactus
1648 1137 1665 1177 ί
1711 1140 1888 1210 pullu-

311 1226 473 1280 lante.
518 1225 842 1292 Quiescente
870 1236 1052 1284 autem
1094 1229 1396 1286 vastatione
1423 1239 1447 1278 Β
1468 1272 1484 1299 ,
1532 1231 1695 1288 tantis
1722 1232 1890 1287 abun-

309 1314 616 1371 dantiarum
638 1319 808 1386 c0piis
835 1319 1005 1374 insula
1036 1318 1322 1386 alliuebat,
1358 1329 1416 1376 ut
1462 1321 1607 1377 nulla
1647 1322 1832 1378 haberi
1863 1322 1885 1360 δ

309 1406 443 1464 tales
471 1416 617 1463 retro
643 1417 775 1463 tetas
803 1410 1166 1479 meminisset,
1195 1426 1317 1466 cum
1345 1411 1538 1481 quibus
1565 1413 1888 1469 omnimodis

308 1508 362 1552 et
383 1498 590 1554 luxuria
607 1500 819 1554 crescit.
845 1499 1027 1556 Crevit
1053 1502 1251 1557 etenim
1271 1504 1512 1572 germine
1531 1505 1883 1574 praepollenti,

307 1591 378 1644 ita
409 1601 466 1646 ut
494 1591 681 1646 eodem
715 1604 957 1662 tempore
983 1593 1254 1650 diceretur
1286 1613 1298 1650 :
1332 1593 1558 1651 Omnino
1587 1597 1706 1652 talis
1731 1599 1883 1652 audi-

306 1689 388 1733 tur
409 1683 708 1750 {ornicatio,
738 1684 906 1754 qualis
949 1701 1041 1739 nec
1068 1686 1203 1740 inter
1230 1695 1407 1758 gentes
1439 1686 1500 1757 (I
1530 1686 1652 1744 Cor.
1678 1705 1746 1756 ν,
1794 1688 1880 1759 1).

1999 507 2234 578 plurimi,
2281 509 2436 580 quasi
2487 507 2615 564 vino
2644 504 2844 560 madidi
2891 503 3181 573 torpebant
3226 501 3472 572 resoluti,
3521 515 3580 560 et

1996 599 2400 654 animositatum
2445 605 2686 661 tumore,
2717 594 3013 664 iurgiorum
3039 593 3404 659 contentione,
3436 593 3577 649 iuvi-

1994 687 2096 744 dia:
2140 689 2426 760 capacibus
2456 688 2472 719 ¹
2517 685 2767 754 ungulis,
2818 683 3114 741 indiscreta
3163 683 3294 738 boni
3339 684 3578 756 malique

1987 779 2192 848 judicio
2220 778 2620 848 carpebantur;
2671 776 2747 830 ita
2780 782 2838 828 ut
2865 773 3168 845 perspicue,
3195 773 3332 828 sicut
3355 783 3410 828 et
3433 789 3577 830 nunc

1992 878 2106 934 est,
2147 869 2344 937 elfundi
2373 867 2644 923 videretur
2670 865 2979 934 contemptio
3005 879 3158 933 super
3183 863 3442 933 principes
3459 901 3476 926 ,
3518 872 3576 918 et

1992 957 2165 1010 seduci
2191 958 2338 1011 vanis
2374 971 2551 1010 eorum
2591 962 2639 1008 et
2662 970 2836 1008 errore
2860 962 2882 988 κ
2903 993 2918 1019 ,
2949 953 3004 1005 in
3034 952 3168 1006 invio
3197 961 3246 1006 et
3274 968 3379 1007 non
3406 953 3462 1006 in
3489 953 3575 1007 uia

1995 1045 2165 1116 (l’sal.
2193 1060 2300 1112 ενι,
2330 1043 2443 1114 40).
3574 1094 3584 1108 .

2060 1135 2189 1191 Car.
2224 1152 2314 1190 xx.
2347 1135 2427 1190 De
2455 1136 2703 1190 nuntiatis
2731 1132 2898 1188 subito
2926 1132 3175 1186 hostibus.
3205 1164 3278 1174 —
3304 1141 3331 1180 γ
3361 1130 3571 1187 Interea

1989 1226 2210 1283 volente
2251 1227 2362 1283 Deo
2392 1241 2622 1298 purgare
2649 1225 2904 1279 familiam
2931 1239 3115 1291 suam,
3150 1235 3206 1280 et
3227 1232 3374 1279 tanta
3397 1225 3570 1280 malo-

1989 1336 2107 1374 rum
2135 1320 2256 1376 labe
2284 1320 2535 1375 infectam
2565 1317 2749 1372 auditu
2782 1325 2984 1372 tantum
3011 1317 3370 1372 tribulationis
3389 1318 3592 1371 emeni

1987 1412 2139 1481 dare,
2170 1427 2276 1469 nou
2305 1411 2472 1480 ignoti
2511 1410 2740 1465 rumoris
2770 1409 3030 1479 penniger
3058 1423 3159 1462 ceu
3183 1408 3392 1462 volatus
3417 1423 3567 1463 arre-

1986 1514 2104 1561 ctas
2133 1505 2372 1560 omnium
2405 1511 2652 1574 penetrat
2681 1517 2870 1569 aures,
2916 1500 3030 1570 jam
3053 1499 3273 1570 jamque
3306 1500 3566 1555 adventus

1986 1607 2229 1652 veterum
2269 1595 2504 1650 hostium
2533 1593 2825 1648 volentium
2877 1592 3089 1663 penitus
3128 1598 3299 1645 totam
3332 1599 3354 1626 κ
3384 1589 3568 1646 delere

1987 1697 2043 1744 et
2070 1687 2372 1742 inhabitare
2399 1686 2560 1742 solito
2588 1700 2739 1740 more
2764 1699 2795 1738 a
2839 1683 2944 1738 line
2973 1696 3141 1752 usque
3169 1680 3238 1736 ad
3277 1680 3564 1736 terminum

307 1771 424 1828 Non
449 1773 624 1829 solum
648 1790 777 1831 vero
803 1775 909 1831 hoc
928 1775 1139 1845 vitium,
1161 1777 1256 1834 sed
1284 1777 1498 1834 fuerunt
1525 1777 1538 1816 ί
1566 1780 1745 1846 omnia
1765 1796 1884 1852 quae
1915 1782 1962 1841 Β
1987 1781 2282 1850 regionem.
2312 1779 2659 1850 Nequaquam
2688 1786 2869 1832 tamen
2898 1777 2969 1832 ob
2997 1774 3102 1830 hoc
3129 1772 3437 1844 proﬁciunt,
3468 1774 3562 1829 sed

305 1866 549 1921 humana:
575 1877 782 1923 natura:
800 1868 1091 1925 accederet
1121 1869 1315 1936 solent,
1340 1879 1394 1926 et
1422 1872 1689 1942 praecipue
1712 1871 1879 1943 (quod

303 1964 358 2010 ct
404 1971 548 2011 nunc
591 1971 808 2026 quoque
853 1957 907 2012 in
944 1973 1007 2014 ea
1057 1960 1220 2016 totius
1260 1961 1390 2016 boni
1417 1963 1611 2022 evertit
1637 1964 1879 2034 statum)

302 2046 482 2102 odium
499 2048 740 2114 veritatis
757 2048 853 2104 fuit
866 2065 990 2105 cum
1005 2053 1363 2108 assertoribus
1378 2053 1489 2110 suis
1505 2052 1552 2119 ιτ,
1569 2069 1722 2109 amor
1731 2067 1881 2110 men-

301 2139 438 2194 dacii
459 2153 581 2195 cum
595 2141 707 2196 suis
728 2141 1155 2209 fabricatoribus,
1170 2145 1440 2217 susceptio
1452 2146 1577 2201 mali
1601 2163 1699 2218 pro
1715 2148 1877 2213 bono,

303 2229 578 2285 veneratio
607 2232 860 2302 nequitia:
897 2248 997 2303 pro
1020 2233 1376 2304 benignitate,
1402 2234 1601 2306 cupido
1633 2237 1882 2295 tenebrav

299 2339 415 2377 rum
444 2319 544 2395 pro
573 2324 708 2386 sole,
740 2325 987 2395 exceptio
1027 2325 1250 2382 Satanae
1276 2341 1376 2398 pro
1403 2327 1590 2398 angelo
1619 2327 1748 2381 lucis
1780 2325 1880 2398 (ΙΙ

299 2411 421 2469 Cor.
447 2431 529 2480 xi,
561 2414 689 2487 14).
721 2415 1070 2487 [legebantur
1096 2431 1252 2485 reges
1279 2426 1334 2472 et
1367 2415 1385 2455 ι
1420 2433 1527 2473 non
1566 2431 1664 2487 per
1687 2417 1876 2483 Deum,

299 2503 396 2560 sed
423 2505 513 2572 qui
539 2506 749 2565 ueteris
775 2506 1104 2562 crudeliores
1127 2515 1446 2573 exstarent;
1487 2514 1543 2561 et
1571 2507 1730 2577 paulo
1759 2517 1881 2578 post

302 2594 371 2649 ab
390 2594 705 2650 unctoribus
727 2611 832 2651 non
862 2611 962 2667 pro
981 2596 1097 2651 veri
1124 2597 1521 2652 examinatione
1548 2597 1883 2653 trucidaban-

195 2737 204 2740 _
302 2691 412 2750 tur,
440 2683 562 2748 aliis
589 2684 778 2742 electis
803 2685 1143 2743 trucioribus.
1182 2684 1240 2742 Si
1268 2687 1390 2757 quis
1416 2701 1548 2743 vero
1571 2701 1758 2742 eorum
1785 2689 1880 2743 mi-

307 2775 448 2841 tior,
489 2784 546 2831 et
571 2776 801 2834 veritate
844 2778 1182 2848 aliquatenus
1228 2778 1452 2849 propior
1497 2779 1788 2843 videretur,
1821 2781 1876 2836 in

301 2869 442 2924 hunc
467 2866 756 2924 Britanniae
792 2868 946 2938 quasi
974 2878 1012 2907 ω
1043 2871 1418 2926 subversorem
1463 2870 1702 2926 omnium
1751 2871 1874 2926 odia

300 2955 514 3026 telaque
539 2957 656 3019 sine
684 2965 938 3029 respectu
965 2959 1354 3030 torquebantur
1381 2968 1431 3026 ιι,
1464 2968 1519 3016 et
1547 2961 1726 3015 omnia
1755 2973 1874 3029 qua:

296 3046 682 3117 ulisplicuerant
708 3049 853 3116 Deo,
899 3050 1322 3121 placuerantque
1351 3052 1410 3118 °,
1453 3051 1647 3122 :equali
1693 3051 1870 3108 saltim

1984 1871 2280 1943 comparati
2305 1869 2560 1941 jumentis
2589 1867 2980 1940 insipientibus,
3012 1865 3211 1922 strictis
3233 1863 3316 1938 (ut
3341 1863 3565 1934 dicitur)

1983 1964 2249 2020 morsibus
2278 1962 2504 2017 rationis
2532 1960 2742 2016 frenum
2765 1957 3136 2025 obﬁrmautes,
3169 1971 3265 2025 per
3284 1956 3447 2009 latam
3478 1954 3561 2008 di.

1980 2069 2260 2111 versorum
2289 2052 2563 2116 vitiorum,
2609 2050 2877 2119 mortique
2901 2058 2959 2086 ιιι
2997 2045 3232 2118 proclive
3275 2045 3559 2110 ducentem

1983 2145 2195 2216 (relicto
2223 2141 2477 2206 salutari,
2512 2141 2637 2196 licet
2661 2147 2835 2208 arcto,
2861 2136 3130 2208 itinere),
3185 2134 3558 2192 discurrebant

1982 2235 2144 2290 viam.

2050 2325 2182 2382 Car.
2214 2343 2323 2383 xxi.
2366 2327 2446 2381 De
2474 2327 2678 2398 famosa
2699 2332 2856 2394 peste.
2879 2353 2950 2364 ——
2969 2318 3103 2373 Dum
3127 2331 3255 2387 ergo
3287 2317 3381 2388 (ut
3403 2315 3559 2372 Salo-

1980 2432 2107 2473 mon
2133 2416 2228 2489 ait)
2269 2433 2440 2472 servus
2476 2415 2650 2470 'durus
2679 2430 2782 2468 non
2809 2411 3112 2466 emendatur
3133 2407 3328 2472 verbis;
3371 2406 3558 2478 ﬂagel:

1979 2512 2118 2565 tatur
2144 2511 2353 2576 stultus,
2373 2519 2547 2564 etnon
2569 2507 2726 2562 sentit
2757 2504 2936 2577 (Prov.
2966 2517 3118 2570 xxix,
3143 2498 3233 2571 i9)
3259 2519 3272 2554 :
3303 2498 3555 2570 pestifera

1979 2614 2214 2670 namque
2238 2600 2353 2654 lues
2381 2595 2620 2661 feraliter
2655 2594 2930 2665 insipienti
2969 2592 3168 2664 populo
3200 2589 3441 2646 incubuit
3471 2587 3561 2660 bit,

1977 2704 2097 2759 quae
2128 2691 2182 2745 in
2211 2690 2360 2745 brevi
2397 2699 2644 2760 tempore
2675 2697 2729 2726 ια
2763 2694 2969 2740 tantam
3001 2683 3116 2754 ejus
3137 2681 3558 2748 multitudinem,

1977 2787 2187 2834 remoto
2218 2794 2496 2846 mucrone,
2545 2777 2758 2845 sternit,
2807 2785 3063 2848 quantam
3103 2789 3172 2830 ne
3199 2784 3420 2846 possent
3449 2773 3553 2830 vivi

1975 2869 2215 2925 humare.
2248 2868 2354 2925 Sed
2384 2883 2453 2924 ne
2492 2869 2592 2923 hac
2620 2870 2834 2937 quidem
2858 2865 3211 2922 emendantur
3234 2862 3314 2930 δι’,
3344 2873 3403 2920 ut
3425 2863 3560 2929 illud

1971 2960 2121 3016 Isaia:
2157 2962 2434 3032 prophetae
2453 2961 2507 3015 in
2531 2975 2597 3015 eo
2623 2974 2841 3028 quoque
2858 2958 3056 3030 populo
3081 2967 3136 2996 ο·
3162 2957 3438 3028 impletum
3471 2955 3554 3010 di-

1972 3051 2143 3106 centis
2165 3049 2261 3104 :Et
2288 3053 2481 3106 vocavit
2506 3049 2642 3107 Deus
2660 3047 2969 3120 populum”
2999 3047 3068 3102 ad
3097 3048 3380 3119 planctum,
3405 3055 3455 3100 et
3482 3047 3556 3106 ad.

295 3138 450 3194 lance
470 3139 865 3209 pendebantur,
883 3141 928 3196 si
955 3157 1060 3198 non
1081 3143 1322 3212 gratiora
1345 3143 1570 3199 fuissent
1593 3144 1874 3214 displicen-
1901 3151 1945 3213 ί]
1975 3141 2253 3201 calvitium.
2271 3149 2320 3194 et
2339 3139 2408 3192 ad
2436 3139 2694 3209 cingulum
2717 3138 2853 3192 succi
2874 3153 2892 3189 :
2921 3152 3036 3191 ecce
3057 3145 3316 3206 ceperunt
3337 3144 3391 3183 88
3418 3135 3552 3189 vitu-

295 3226 367 3280 tia
396 3245 410 3281 :
443 3227 519 3283 ita
549 3237 608 3284 ut
635 3230 829 3286 merito
861 3231 1050 3301 patriae
1079 3231 1208 3287 illud
1245 3232 1548 3304 exemplum
1575 3242 1604 3282 Ρ
1647 3234 1873 3304 prophe-

291 3315 476 3384 ticum,
508 3319 651 3395 quod
678 3328 934 3384 veterano
963 3331 990 3371 ει
1018 3321 1095 3377 illi
1126 3323 1324 3394 populo
1350 3323 1724 3379 denuntiatum
1765 3333 1868 3392 est,

292 3410 524 3477 potuerit
551 3413 721 3484 aptari
749 3431 762 3466 :
794 3412 946 3480 Filii,
967 3414 1236 3484 inquiens,
1264 3416 1378 3471 sine
1398 3416 1507 3486 lege
1529 3416 1867 3487 dereliquistis

293 3495 568 3554 Dominum
590 3541 607 3569 ,
655 3511 705 3555 et
747 3506 818 3555 ad
841 3503 978 3556 iram
1010 3513 1030 3540 ι’
1060 3505 1378 3573 prouocastis
1403 3514 1642 3559 sanctum
1673 3504 1861 3560 Israel.

289 3585 426 3655 Quid
464 3591 632 3657 adhuc
660 3594 1061 3663 percunctemini
1085 3603 1108 3632 '
1141 3604 1456 3666 opponentes
1497 3596 1868 3668 iniquitatem?

224 3701 246 3714 κ
289 3675 456 3735 Omne
475 3690 630 3750 caput
656 3681 956 3753 languidum
985 3691 1034 3737 et
1061 3699 1212 3738 omne
1237 3700 1327 3738 cor
1346 3699 1562 3738 maerens
1587 3701 1605 3738 :
1628 3701 1660 3738 a
1680 3686 1866 3754 planta

287 3770 434 3841 pedis,
452 3787 610 3840 usque
638 3771 707 3825 ad
730 3772 986 3837 verticem,
1018 3790 1124 3839 non
1152 3782 1228 3828 est
1258 3774 1311 3828 in
1339 3791 1398 3828 eo
1427 3776 1628 3829 sanitas
1661 3774 1795 3846 (Isa.
1826 3794 1860 3844 ι,

287 3859 450 3931 4-6).
502 3860 699 3932 Sicque
727 3863 1028 3931 agebantur
1059 3866 1077 3900 ι
1112 3875 1304 3920 cuncta
1331 3877 1450 3932 qua:
1470 3863 1631 3918 saluti
1658 3873 1866 3920 eontra-

286 3951 360 4005 ria
385 3950 602 4018 fuerint,
628 3943 630 3946 ’
654 3968 718 4010 ac
746 3954 791 4010 si
814 3953 946 4008 nihil
975 3954 1260 4025 largiretur
1288 3955 1488 4011 mundo
1523 3955 1801 4012 medicinae
1829 3973 1865 4013 a

286 4055 410 4097 vero
422 4042 662 4098 omnium
688 4043 956 4101 medico“.
973 4040 1038 4100 Et
1075 4061 1184 4103 non
1207 4047 1381 4103 solum
1410 4047 1514 4103 hac
1530 4056 1554 4086 ν
1577 4047 1861 4104 s'eculares

286 4131 421 4192 viri.
469 4133 566 4196 sed
592 4142 646 4190 et
671 4135 786 4206 ipse
813 4150 943 4204 grex
973 4136 1184 4199 Domini
1213 4138 1436 4215 ejusque
1463 4147 1741 4214 pastores,
1763 4140 1855 4210 qui

349 4388 372 4451 ξ’
405 4377 570 4451 Edit.,
597 4389 922 4451 peccatorum
945 4399 1102 4437 onera
1132 4385 1456 4438 sustinenda.

354 4448 378 4484 δ
411 4448 561 4505 Edit.
583 4448 854 4506 omittunt.

354 4528 374 4604 ξ
407 4517 572 4604 ﬁdit.”
600 4531 649 4604 et
669 4522 848 4604 fortis.

349 4586 373 4624 ά
405 4587 509 4661 llic
527 4586 707 4661 incipit
731 4606 849 4661 cap.
885 4608 972 4648 xw
1001 4593 1055 4648 in
1085 4607 1185 4647 ms.
1220 4590 1376 4647 Cant.

281 4668 376 4780 “b0
401 4655 886 4783 1Ηίιιενιιξὶἰοηιιὶηι,
911 4671 1026 4733 post
1057 4677 1161 4716 non
1190 4663 1420 4733 longum.
1451 4661 1592 4720 Joss.
1623 4672 1678 4719 et
1704 4663 1850 4720 Beda

362 4765 373 4778 .
423 4770 438 4783 .
470 4744 588 4783 can.
690 4769 704 4783 .

302 4743 373 4780 tu.
401 4743 438 4793 ι,
470 4744 588 4793 cap.
617 4743 704 4785 Η.

353 4765 373 4834 ί
401 4745 857 4873 l[ildciit‘g.oibilitcitur
873 4804 1093 4873 famis...
1115 4803 1333 4858 tacite...
1352 4800 1574 4860 Rectius
1596 4801 1846 4870 fortasse.

347 4874 374 4936 r-
407 4868 571 4936 Edit.,
596 4871 855 4926 vastitate.

353 4934 378 5005 ξι
405 4934 568 5007 Edit.,
598 4941 805 4996 habere.
826 4980 828 4982 τ

353 5017 370 5082 '7
402 5007 564 5082 ﬁdiu,
595 5021 646 5065 et
673 5013 901 5082 fuerunt.

353 5081 370 5128 l
408 5077 569 5144 Edit.,
593 5077 846 5136 accidere.

348 5146 371 5227 ξ
405 5148 606 5227 Desunt
630 5152 760 5227 edit.
793 5153 892 5223 [uit
916 5160 971 5207 et
999 5153 1124 5206 suis.
1163 5150 1359 5210 Statim
1383 5169 1543 5220 vero,
1573 5165 1837 5227 amorque.

349 5215 367 5255 ι
403 5217 564 5275 Deest
586 5230 636 5275 et
658 5222 784 5276 edit.

349 5297 385 5322 "‘
404 5287 580 5362 fidit"
601 5291 750 5362 quasi
773 5291 1080 5347 Britannias.

343 5366 371 5392 υ
591 5356 1075 5434 σ’ρηιονᾳιιεὺαηειέν.

347 5437 372 5463 υ
399 5426 564 5504 ξόὶι..
593 5426 975 5504 displicuerint,
992 5431 1198 5501 Deoque
1220 5432 1529 5504 placuerint.

343 5507 370 5546 ρ
399 5496 559 5569 Deest
583 5496 870 5569 exemplum
894 5502 1023 5558 edit.

343 5577 372 5636 ξι
404 5566 565 5636 Edit.,
596 5566 751 5623 veteri
760 5611 773 5625 .

345 5633 366 5660 '
393 5633 559 5706 Edit.,
589 5636 822 5694 Deum...
856 5642 1197 5697 iracundiam.

352 5717 371 5742 ³
398 5705 572 5778 Edim
603 5711 974 5778 percutiemini.
1005 5711 1169 5769 Bene.

345 5778 366 5828 ἴ
394 5774 565 5845 ﬁdit,
593 5774 832 5848 agebant.

1979 3231 2057 3283 los
2085 3229 2316 3284 occidere
2338 3238 2388 3283 et
2405 3229 2648 3301 jugulare
2674 3229 2894 3292 arietes;
2917 3243 3032 3281 ecce
3051 3226 3363 3280 manducare
3386 3235 3437 3279 et
3475 3225 3551 3278 bi-

1978 3318 2094 3374 bere
2119 3329 2171 3375 et
2197 3321 2366 3375 dicere
2404 3335 2424 3376 :
2462 3318 2836 3374 Manducemus
2873 3328 2923 3373 et
2966 3316 3228 3383 bibamus,
3261 3332 3375 3370 cras
3413 3317 3554 3375 enim

1975 3412 2255 3466 moriemur
2299 3409 2434 3484 (Isa.
2465 3426 2597 3478 χχιι,
2625 3409 2713 3477 12,
2738 3407 2847 3480 15)’.
2873 3407 3354 3479 Appropinquabat
3378 3407 3543 3476 siqui-

1975 3503 2096 3558 dem
2128 3511 2340 3573 tempus
2369 3516 2477 3572 quo
2504 3502 2618 3571 ejus
2648 3500 2980 3570 iniquitates,
3012 3507 3069 3554 ut
3090 3498 3548 3561 Amorrlueorum,

1973 3592 2391 3662 complerentur.

2038 3683 2168 3755 Capp.
2185 3700 2314 3746 xxii.
2339 3685 2419 3739 De
2447 3683 2756 3743 consilio.—
2773 3681 2944 3736 luitur
2970 3695 3204 3750 namque
3230 3679 3547 3736 consilium:

1967 3774 2094 3844 quid
2127 3776 2411 3845 optimum,
2444 3775 2640 3844 quidve
2665 3772 3073 3828 saluberrimum
3099 3772 3165 3825 ad
3207 3770 3553 3841 repellendas.

1965 3875 2074 3920 tam
2101 3867 2316 3922 crebras
2345 3874 2400 3922 et
2425 3875 2534 3921 tam
2559 3865 2752 3921 ferales
2773 3861 2832 3901 ¹³ῑι
2859 3864 3283 3935 supradictarum
3303 3861 3547 3931 gentium

1963 3958 2289 4030 irruptiones
2316 3958 2649 4028 praedasque,
2679 3955 2893 4010 decerni
2921 3956 3102 4026 potius
3141 3953 3183 3992 ίί
3218 3953 3462 4008 deberet.

2037 4049 2166 4105 CAP.
2200 4066 2347 4104 χχιιι.
2380 4048 2458 4102 De
2485 4049 2696 4103 swviore
2723 4047 2881 4102 multo
2903 4047 3086 4117 primis
3114 4045 3276 4102 hoste.
3302 4076 3375 4087 —
3403 4043 3546 4099 Tum

1965 4156 2153 4200 omnes
2189 4141 2481 4215 consiliarii
2521 4153 2624 4200 una
2659 4139 2705 4191 ii
2743 4155 2866 4212 cum
2885 4139 3117 4209 superbo
3147 4147 3373 4209 tyranno
3403 4135 3541 4192 Gur-

1883 4387 1931 4443 D
2030 4390 2055 4418 “
2079 4383 2244 4453 Edit.,
2275 4386 2466 4442 mundo
2490 4386 2743 4440 medicina
2764 4404 2794 4440 a
2818 4402 2934 4451 vero
2956 4387 3187 4440 omnium
3214 4387 3414 4442 medico
3438 4388 3540 4443 lur-

1960 4453 2175 4524 giretur.

2029 4533 2057 4562 ν
2088 4526 2202 4564 Rdil
2282 4526 2389 4564 Imu-
3427 4562 3434 4564 _

2030 4533 2057 4562 ν
2170 4526 2182 4538 ⁹
3427 4562 3434 4564 _

2030 4603 2055 4630 ι
2086 4524 2459 4651 Egéht’ithfdit.
2490 4603 2538 4650 et
2565 4596 2738 4650 seduci
2771 4595 2918 4648 vanis
2946 4611 3121 4648 eorum
3149 4603 3199 4659 et
3217 4610 3413 4650 errore.
3463 4625 3540 4641 -ι

1955 4660 2090 4719 Bibl.
2119 4665 2222 4719 PP.
2246 4665 2441 4732 Paris,
2473 4683 2626 4736 super
2652 4665 2936 4736 principes,
2962 4667 3048 4735 qui
3076 4681 3160 4719 eos
3186 4669 3419 4735 facerent
3442 4682 3537 4734 cr-

1954 4748 2072 4787 rare
2098 4737 2153 4790 in
2180 4737 2337 4799 invio,
2359 4746 2409 4789 et
2433 4751 2537 4790 non
2563 4736 2618 4790 in
2648 4738 2750 4790 via.
2847 4757 2850 4761 ’

2022 4813 2050 4853 γ
2081 4804 2180 4879 βία
2203 4805 2393 4875 incipit
2418 4815 2582 4879 caput
2607 4822 2674 4860 xv
2701 4805 2756 4860 in
2785 4819 2886 4861 ms.
2919 4803 3082 4879 Cant.

2026 4883 2047 4910 ι
2077 4874 2237 4930 Deest
2265 4874 2427 4930 totam
2455 4875 2584 4930 edit.

2023 4953 2079 5013 εέι
2107 4943 2270 5013 Edit.,
2297 4945 2364 4998 ad
2394 4954 2632 5000 mortem.

2020 5012 2078 5054 δι’
2103 5014 2265 5076 Εάὶι..
2290 5015 2556 5070 incumbit.

2022 5094 2076 5157 ff
2107 5084 2268 5157 Deest
2291 5095 2518 5157 tempore
2539 5085 2671 5140 edit.

2015 5152 2073 5192 (Μ
2104 5154 2241 5210 Edit.
2253 5197 2268 5223 ,
2297 5152 2617 5210 eméndatur.

2017 5233 2074 5296 ’f?
2098 5225 2267 5296 Deest
2291 5225 2476 5296 Populo
2504 5225 2636 5296 edite

2019 5292 2068 5332 Π
2094 5294 2255 5349 Deest
2280 5292 2523 5363 populum
2549 5295 2677 5351 edit.

1921 5363 1930 5370 '
2013 5374 2071 5410 es
2103 5363 2263 5418 Deest
2293 5373 2552 5431 eruperunt
2579 5365 2709 5420 edit.

2011 5431 2070 5513 {Il}
2095 5431 2268 5513 lima,
2301 5434 2614 5513 refellenda
2643 5443 2748 5490 tum
2777 5437 2966 5506 ferales
2989 5446 3038 5493 ct
3061 5447 3165 5492 tam
3194 5436 3429 5513 crebras.

2018 5502 2030 5539 ί
2050 5503 2060 5540 ί
2095 5502 2252 5574 Deest
2271 5502 2451 5574 potius
2475 5503 2604 5559 edit.

2012 5574 2058 5622 tl
2097 5571 2405 5640 Edit.,‘uno.

2019 5716 2032 5744 ⁸
2066 5713 2150 5772 An
2182 5713 2505 5785 rapacibus?-
