3954 6178
278 275 384 332 H5

1254 284 1459 341 LIBER
1496 280 1888 353 QUERULUS.
1932 282 2108 342 PARS
2145 284 2186 342 l.
2228 287 2571 350 HISTORIA.

3437 301 3544 356 546

279 390 556 458 tbrigerno
575 388 954 448 Britannorum
980 394 1117 451 duce
1133 403 1158 433 ι
1187 406 1476 464 czecantur,
1507 406 1563 454 et
1586 396 1613 434 δ
1639 397 1859 453 adinve-
1886 400 1935 456 Δ
1962 411 2227 472 agrosque
2241 404 2525 477 populans,
2554 407 2648 479 qui
2674 417 2696 447 ⁸
2724 423 2833 465 non
2846 410 3055 481 quievit
3077 425 3353 480 accensus,
3371 396 3546 473 donec

277 480 490 535 nientes
526 479 636 536 tale
682 484 1004 553 pm‘sidium.
1056 485 1166 542 imo
1210 488 1479 551 excidium
1526 489 1752 560 patrita,
1802 499 1862 546 ut

278 569 600 626 ferocissimi
640 571 714 628 illi
745 572 961 630 nefandi
988 576 1220 633 nominis
1247 577 1511 646 Saxones,
1544 579 1654 636 Deo
1683 581 1859 636 homi-

277 662 544 732 nibusque
570 662 747 731 invisi,
797 666 951 734 quasi
976 666 1029 721 in
1059 666 1240 723 Caulas
1268 668 1400 739 lupi,
1453 670 1506 725 in
1534 670 1764 726 insulam
1792 670 1862 726 ad

278 753 633 811 rctrudendas
662 767 686 795 ο
739 757 1073 826 aquilonales
1119 770 1307 831 gentes
1353 763 1859 823 intromitterentur.

275 843 399 911 Quo
421 846 611 915 utique
640 846 775 903 nihil
797 849 846 903 ei
879 864 1103 918 usquam
1132 851 1507 922 perniciosius,
1549 856 1682 910 nihil
1710 873 1861 914 ama-

275 938 391 995 rius
418 937 623 1001 factum
667 947 767 994 est.
813 937 857 995 0
886 942 1202 1003 altissimam
1240 959 1428 1001 sensus
1456 948 1778 1018 caliginem,
1829 967 1864 1008 ο

274 1031 676 1104 desperabilem
698 1035 1027 1105 crudamque
1056 1038 1253 1092 mentis
1283 1039 1690 1097 bebetudinem!
1717 1041 1864 1110 Quos

273 1125 606 1196 propensius
635 1135 830 1195 morte,
863 1144 984 1184 cum
1012 1129 1286 1202 abessent,
1318 1134 1640 1202 tremebant,
1669 1146 1865 1206 sponte

274 1220 291 1285 (
318 1224 381 1271 ut
422 1217 498 1270 ita
527 1217 737 1289 dicam)
775 1219 874 1273 sub
903 1221 1060 1276 unius
1091 1223 1219 1277 tecti
1248 1223 1484 1280 culmine
1513 1225 1813 1282 invitabant
1846 1247 1859 1283 :

186 1334 197 1349 ν
273 1305 439 1361 Stulti
469 1316 591 1360 sunt
618 1305 642 1344 ἀ
673 1310 931 1381 principes
980 1306 1005 1381 (’
1024 1319 1083 1365 ut
1109 1312 1312 1369 dictum
1344 1324 1426 1370 est
1453 1315 1470 1382 )
1523 1316 1782 1389 Tltafneos
1814 1332 1862 1388 ⁸,

273 1398 463 1453 dantes
493 1398 790 1454 Pharaonis
819 1402 1090 1458 consilium
1115 1405 1415 1476 insipientir
1448 1407 1712 1480 (Isa.xxx,
1746 1411 1858 1483 ll).

274 1488 413 1544 Tum
444 1506 737 1561 erumpens
758 1507 889 1562 grex
921 1495 1225 1551 catulorum
1254 1497 1321 1553 de
1343 1498 1505 1555 cubili
1535 1500 1718 1556 leaena:
1740 1501 1865 1557 bar-

273 1580 444 1637 baria:
462 1576 636 1637 tribus
664 1582 739 1653 (ut
763 1583 945 1653 lingua
961 1585 1078 1657 ejus
1098 1589 1437 1660 exprimitur)
1462 1590 1661 1664 Cyulis,
1680 1605 1864 1652 nostra

272 1673 457 1741 lingua
484 1682 511 1721 ε
540 1672 715 1745 longis
743 1677 971 1732 navibus
992 1720 1009 1743 ,
1057 1680 1306 1736 secundis
1346 1683 1478 1737 velis
1502 1725 1520 1751 ,
1566 1686 1802 1742 secundo
1833 1685 1863 1725 ιι

1963 500 2157 549 cuncta
2230 510 2370 564 pene
2421 511 2652 554 exurens
2714 500 2901 556 insula:
2974 503 3343 574 superﬁciem
3382 506 3544 563 rubra

1964 583 2353 641 occidentalem
2399 589 2639 659 trucique
2679 587 2949 647 Oceanum
2984 594 3160 664 lingua
3189 595 3542 656 delamberet.

1963 673 2022 728 ln
2049 676 2152 730 hoc
2179 689 2308 745 ergo
2339 676 2541 749 impetu
2570 680 2820 754 Assyrio,
2871 682 2999 740 olim
3048 693 3108 740 ut
3150 686 3205 741 in
3252 685 3489 744 Judaeum
3518 692 3538 726 ι

1963 766 2346 835 comparando,
2392 771 2681 841 completur
2720 787 2936 843 quoque
2983 776 3035 830 in
3066 778 3220 833 nobis
3247 779 3545 836 secundum

1963 855 2336 926 bistoriam,ut
2365 860 2559 916 dicitur
2583 872 2643 916 ιιε
2677 862 3025 922 Incenderunt
3053 869 3160 941 igni
3189 872 3545 930 sanctuarium

1966 957 2106 1002 tuum
2128 989 2144 1015 ,
2195 951 2249 1006 in
2293 961 2431 1006 terra
2467 955 2762 1025 polluerunt
2802 957 3187 1015 tabernaculum
3216 964 3441 1019 nominis
3469 965 3547 1020 tui

1967 1040 2140 1108 (Psal.
2169 1060 2363 1111 Lxxnt,
2395 1044 2472 1118 7).
2524 1046 2588 1101 Et
2617 1048 2809 1105 iterum
2840 1050 2968 1106 dicit
2992 1063 3013 1090 ν
3055 1071 3067 1106 τ
3108 1053 3266 1118 Deus,
3299 1064 3544 1111 venerunt

1964 1144 2142 1206 gentes
2162 1137 2217 1190 in
2241 1137 2592 1193 [nereditatem
2625 1149 2763 1196 tuam
2778 1184 2794 1210 ,
2838 1144 3127 1213 polluerunt
3151 1147 3394 1217 temptant
3413 1164 3545 1204 san-

1965 1235 2101 1281 ctam
2134 1237 2273 1283 tuum
2302 1228 2473 1302 (Psal.
2506 1247 2726 1298 Lxxvm,
2755 1234 2833 1304 1),
2863 1243 2977 1297 etc,
3023 1236 3100 1291 Ita
3131 1246 3189 1292 ut
3216 1248 3421 1295 cunctte
3450 1258 3546 1297 co-

1966 1316 2160 1373 lumnae
2188 1328 2213 1356 ι
2258 1322 2462 1376 crebris
2506 1323 2802 1389 arietibus,
2857 1341 3149 1396 omnesque
3186 1329 3366 1387 coloni
3421 1347 3545 1387 cum

1966 1412 2267 1482 praepositis
2297 1414 2578 1479 ecclesiae,
2630 1432 2751 1470 cum
2799 1418 3166 1474 sacerdotibus
3211 1434 3276 1476 ac
3319 1425 3547 1491 populo,

1966 1503 2312 1557 mucronibus
2342 1504 2575 1574 undique
2594 1490 2915 1574 micantibus
2935 1522 3000 1563 ac
3026 1506 3253 1565 ﬂammis
3277 1513 3547 1581 crepitan-

1967 1593 2128 1659 tibus,
2160 1594 2317 1649 simul
2344 1595 2465 1650 solo
2494 1603 2884 1664 sternerentur,
2918 1608 2973 1653 et
3001 1599 3292 1656 miserabili
3319 1602 3458 1668 visn,
3489 1605 3543 1659 in

1968 1683 2145 1740 medio
2164 1685 2460 1755 platearum
2478 1727 2494 1755 ,
2528 1702 2633 1741 una
2665 1687 2888 1742 turrium
2919 1687 3065 1745 edito
3093 1689 3310 1746 cardine
3335 1693 3565 1749 evulsa-.

271 1765 461 1821 omine
485 1767 830 1838 auguriisque
854 1785 870 1835 ;
902 1769 1094 1839 quibus
1122 1772 1518 1830 vaticinabatur
1540 1785 1689 1833 certo
1713 1779 1857 1849 apud
1890 1770 1938 1828 B
1963 1792 2084 1831 rum
2110 1786 2139 1826 γ
2156 1818 2172 1845 ,
2221 1792 2605 1846 murorumque
2635 1779 2901 1835 celsorum
2928 1795 3079 1855 saxa,
3131 1795 3283 1836 sacra
3332 1782 3543 1849 altaria,

271 1873 399 1913 eum
419 1860 718 1929 prmsagio,
764 1860 910 1939 quod
954 1870 1038 1918 ter
1063 1871 1282 1920 centum
1311 1867 1466 1923 annis
1489 1877 1687 1925 terram
1726 1869 1739 1908 ί
1775 1874 1863 1929 cui

271 1963 469 2017 proras
497 1948 722 2004 librarat
753 1951 768 2001 ἱ
797 1991 814 2017 ,
858 1950 1119 2008 insideret
1146 1971 1159 2007 :
1192 1963 1408 2011 centum
1437 1973 1566 2013 vero
1592 1960 1862 2030 quinqua—

271 2039 454 2109 ginta,
489 2040 599 2097 hoc
635 2050 716 2098 est
742 2042 976 2111 demidio
1009 2043 1033 2082 ιε
1067 2048 1326 2117 temporis
1367 2051 1564 2120 saepius
1590 2068 1807 2127 quoque
1839 2051 1855 2091 ¹

272 2138 538 2187 vastaret.
568 2130 799 2190 Evectus
838 2135 1012 2206 primo
1058 2137 1111 2192 in
1155 2138 1404 2195 orientali
1451 2150 1605 2213 parte
1652 2143 1857 2210 insulzn,

272 2220 496 2293 iubente
526 2232 776 2295 tyranno,
810 2228 1073 2283 terribiles
1100 2229 1274 2286 inlixit
1313 2247 1549 2302 ungues,
1583 2237 1737 2305 quasi
1763 2253 1861 2306 pro

272 2314 449 2382 patria
479 2324 813 2385 pugnaturus
835 2356 851 2382 ,
902 2318 999 2375 sed
1029 2336 1149 2377 eam
1187 2323 1387 2382 certius
1430 2327 1858 2398 impngnaturus.

272 2403 372 2459 Cui
395 2404 713 2476 supradicta
741 2409 974 2477 genitrix
1004 2412 1201 2484 (primo
1229 2418 1570 2487 comperiens
1596 2422 1795 2491 agmini
1818 2433 1857 2462 ω

273 2495 441 2551 fuisse
466 2499 866 2571 proSperatnm)
892 2501 1018 2556 item
1051 2503 1213 2558 mittit
1240 2507 1530 2564 satellitum
1559 2526 1861 2584 canumque

273 2587 625 2656 prolixiorem
663 2598 924 2645 eatastam
953 2593 969 2623 ¹
987 2634 1004 2660 ,
1027 2607 1147 2663 qua)
1175 2595 1379 2652 ratibus
1400 2597 1622 2655 advecta
1650 2601 1859 2658 aduna-

274 2685 361 2731 tur
389 2692 517 2732 cum
547 2678 970 2750 manipularibus
992 2684 1209 2753 spuriis.
1252 2686 1384 2743 Inde
1406 2702 1628 2765 germen
1657 2692 1858 2765 iniqui-

275 2767 425 2831 tatis,
455 2766 606 2823 radix
637 2771 1030 2841 amaritudinis,
1072 2775 1339 2833 virulenta
1364 2763 1631 2850 plantatio
1658 2763 1859 2843 nostris

273 2857 540 2927 condigna
568 2861 797 2930 meritis,
828 2860 884 2918 i’n
911 2873 1096 2921 nostro
1125 2868 1346 2938 cespite,
1370 2870 1641 2930 ferocibus
1668 2875 1860 2945 palmi-

273 2951 420 3007 tibus
445 2953 823 3025 pampinisque
850 2957 1147 3026 pullulabat
1178 2968 1228 3018 υ.
1281 2960 1448 3032 Igitur
1474 2966 1772 3025 intromissi
1801 2971 1859 3029 in

271 3042 507 3099 insulam
530 3045 768 3114 barbari,
793 3050 958 3105 veluti
985 3052 1260 3119 militibus,
1292 3064 1346 3111 et
1375 3072 1568 3128 magna
1590 3060 1670 3129 (ut
1699 3078 1855 3118 men-

273 3136 567 3208 tiebantur)
588 3154 689 3210 pro
710 3140 865 3198 bonis
882 3142 1190 3201 discrimina
1204 3147 1505 3219 hospitibus
1524 3161 1547 3187 ο
1577 3153 1854 3223 subituris,

273 3228 569 3300 impetrant
612 3231 717 3288 sibi
766 3247 1008 3292 annonas
1047 3236 1184 3294 dari.
1234 3239 1365 3307 Quae
1394 3242 1563 3298 multo
1613 3252 1855 3316 tempore

272 3320 563 3393 Impertite
585 3322 894 3380 clauserunt
928 3325 1011 3397 (ut
1037 3325 1257 3400 dicitur)
1296 3332 1445 3387 canis
1472 3331 1689 3389 famem.
1718 3334 1854 3392 ltem

271 3414 575 3483 qderuntur
603 3425 632 3464 Ρ
657 3429 766 3471 non
793 3414 1078 3474 alﬂuenter
1112 3419 1214 3475 sibi
1252 3422 1517 3491 epimenia
1562 3427 1850 3495 contribui,

271 3504 588 3569 occasiones
602 3504 670 3561 de
696 3505 955 3563 industria
980 3508 1306 3577 eolorantes;
1330 3522 1384 3568 et
1404 3512 1508 3568 nisi
1528 3522 1554 3562 (ι
1584 3514 1855 3585 profusior

272 3592 346 3648 eis
368 3593 741 3650 muniﬁcentia
762 3597 1143 3665 cumularetur,
1176 3607 1441 3657 testantur
1466 3617 1526 3659 se
1552 3612 1746 3661 cuncta
1777 3606 1854 3662 in-

272 3681 398 3737 sub:
426 3691 590 3753 rupto
619 3683 819 3741 taedere
845 3685 1283 3758 depopulaturos.
1314 3689 1425 3747 Nec
1453 3686 1604 3750 mora
1628 3736 1642 3762 ,
1677 3699 1851 3756 minas

272 3770 552 3827 cﬂcctibus
580 3786 1001 3843 prosequuntur.
1209 3784 1219 3795 ‘

340 3861 472 3918 Car.
494 3879 642 3918 xxiv.
674 3862 754 3918 De
780 3864 980 3921 urbium
1006 3866 1430 3925 subversione.—
1450 3872 1849 3938 Confovebatur

275 3966 503 4021 namque
524 3952 745 4008 ultionis
758 3952 915 4022 justm
932 3957 1347 4025 pmcedentium
1369 3963 1632 4020 scelerum
1659 3983 1841 4037 causa,

273 4041 337 4097 de
364 4045 496 4098 mari
525 4057 697 4112 usque
719 4042 790 4098 ad
822 4060 971 4100 mare
1013 4046 1150 4117 ignis
1194 4040 1472 4108 orientalis
1503 4065 1524 4093 τ
1555 4059 1845 4129 sacrilego-

274 4149 387 4189 rum
407 4149 573 4191 manu
592 4145 964 4206 exaggeratus,
987 4146 1042 4193 et
1066 4137 1315 4198 ﬁnitimas
1334 4156 1574 4216 quasque
1598 4150 1843 4217 civitates

340 4324 366 4392 τ
398 4316 541 4392 {hac}
560 4315 935 4392 cur‘um'gerno
951 4313 1320 4392 Britannorum
1335 4320 1479 4387 duce,
1499 4322 1692 4385 desunt
1707 4330 1834 4392 edit.

340 4384 368 4424 δ
391 4385 715 4456 Conjunctio
743 4384 797 4440 ei
815 4385 970 4456 deest
993 4387 1122 4445 edit.

340 4466 364 4494 ε
395 4455 564 4523 Edit.,
586 4455 955 4513 retundendus.

336 4533 362 4561 σι
385 4526 548 4583 Deest
574 4538 695 4587 sunt
724 4529 854 4584 edit.

341 4612 362 4633 τ
388 4596 555 4665 Edit.,
588 4598 812 4654 Taneas.

343 4666 362 4704 τ
391 4665 559 4740 edit.,
584 4670 860 4740 insipiens.

338 4745 364 4811 ξ
386 4736 549 4811 Deest
572 4736 905 4811 linguaedit.

337 4803 361 4841 ¹⁵
390 4807 548 4864 Deest
572 4803 798 4865 secundo
825 4811 953 4876 edit.

343 4876 356 4915 ί
387 4876 555 4943 Edit.,
586 4882 815 4943 patriam

339 4948 356 4997 l
386 4946 550 5016 Edit.,
579 4946 826 5006 librabat.

335 5015 548 5087 PEdit”
577 5020 820 5077 dimidio.

338 5085 354 5126 ³
388 5085 552 5163 Deest
576 5107 777 5163 quoque
805 5093 934 5149 edit.

334 5168 370 5239 ξι
387 5158 557 5239 μὴ..
588 5158 912 5239 conmeritam
939 5166 1106 5237 primo
1129 5169 1347 5239 agmini.

330 5236 357 5304 ξι
380 5230 544 5304 §diI.,
572 5230 818 5304 pullulat.

330 5303 352 5325 ⁸
375 5300 542 5381 Edim
564 5300 908 5381 Discrimina
921 5306 1185 5381 probauit
1211 5308 1515 5381 hospitibus.

329 5383 355 5496 ζ
555 5375 808 5457 (excepta
834 5373 969 5432 Bibl.
1000 5376 1105 5434 PP.
1134 5373 1350 5452 Paris),
1382 5398 1698 5454 quwmntur.

459 5465 470 5498 ι
503 5485 544 5500 ..
574 5462 652 5498 nt.

327 5453 354 5496 ει
381 5445 544 5511 Edit.,
574 5445 652 5498 ni.

335 5525 345 5550 ⁸
383 5514 549 5580 Edit.,
579 5516 843 5572 orientali.

330 5591 351 5619 '
380 5585 540 5657 Deest
565 5588 653 5657 qui
675 5587 806 5642 edit.

332 5654 802 5746 δἐἑίξξηλαοάαηι.
829 5691 903 5703 —-
941 5660 1102 5720 Addit
1126 5666 1267 5736 facta
1308 5682 1406 5739 pro
1447 5674 1840 5746 comparando,“

262 5723 391 5795 sibi.
412 5725 514 5781 PP.
540 5726 715 5787 Paris.

331 5806 354 5833 ι
379 5795 537 5869 Edita
566 5801 705 5871 quod
726 5804 973 5873 praplteta
994 5806 1271 5880 deplorans
1290 5808 1386 5866 ait.

1962 1869 2282 1925 cadaverum
2314 1868 2479 1925 frusta
2501 1910 2515 1935 ,
2564 1871 2758 1926 crustis
2785 1887 2850 1927 ac
2890 1872 3191 1940 gelantibus
3222 1882 3243 1909 ι
3286 1875 3543 1944 purpurei
3594 1923 3598 1927 .

1962 1963 2169 2018 cruoris
2194 1969 2332 2017 tecta
2355 2004 2372 2030 ,
2422 1961 2568 2017 velut
2611 1962 2664 2017 in
2708 1962 2940 2031 quodam
2971 1963 3240 2020 horrendo
3290 1967 3543 2022 torculari

1962 2054 2128 2109 mima
2155 2053 2498 2121 viderentur,
2547 2062 2604 2109 et
2650 2054 2796 2109 nulla
2826 2065 2971 2110 esset
2999 2056 3322 2112 omnimodis
3350 2066 3544 2127 praeter

1962 2143 2250 2200 horribiles
2279 2155 2335 2183 ιιι
2371 2144 2654 2200 domorum
2681 2146 2887 2212 ruinas,
2913 2146 3205 2203 bestiarum
3239 2149 3542 2205 volucrum-

1960 2252 2068 2307 que
2098 2246 2311 2294 ventres
2344 2239 2396 2294 in
2448 2238 2625 2293 medio
2671 2238 2986 2308 sepultura,
3036 2240 3186 2295 salva
3233 2249 3560 2304 sanctarum

1960 2329 2260 2384 animarum
2291 2328 2633 2394 reverentia;
2684 2329 2730 2384 si
2761 2336 2940 2383 tamen
2970 2329 3151 2384 multa:
3176 2329 3411 2385 inventae
3433 2330 3541 2386 sint

1960 2433 2079 2489 qua:
2106 2418 2286 2474 arduis
2315 2418 2435 2475 coeli
2478 2434 2574 2489 per
2601 2419 2653 2473 id
2682 2418 2741 2476 ιφ
2772 2419 3028 2490 temporis
3055 2435 3087 2477 a
3118 2421 3318 2477 sanctis
3340 2421 3541 2491 angelis

1961 2511 2293 2566 vehebantur
2309 2521 2385 2564 cs.
2407 2510 2485 2566 lta
2511 2510 2652 2565 enim
2678 2509 3097 2580 degeneraverat
3122 2512 3279 2569 vinea
3304 2513 3394 2567 illa
3415 2513 3542 2567 olim

1959 2607 2101 2663 bona
2128 2608 2184 2662 in
2217 2606 2630 2677 amaritudinem
2654 2620 2812 2663 versa
2839 2602 2899 2642 ἀεί
2919 2646 2935 2672 ,
2967 2606 3047 2661 uti
3092 2620 3218 2662 raro
3247 2606 3539 2663 secundum

1960 2699 2281 2770 prophetam
2334 2696 2609 2754 videretur
2664 2706 2782 2769 post
2846 2707 3049 2770 tergum
3111 2697 3556 2753 vindemiatorum

1963 2791 2147 2862 (mea.
2179 2807 2269 2856 vn,
2302 2789 2356 2861 1)
2387 2797 2481 2844 aut
2509 2804 2808 2846 messorum
2839 2804 3085 2847 racemus
3111 2789 3197 2844 vel
3227 2790 3360 2859 ipsa.

2030 2880 2159 2936 Car.
2188 2895 2311 2936 xxv.
2345 2879 2428 2934 De
2453 2880 2703 2952 reliquiis.
2733 2912 2806 2922 —
2834 2878 3021 2948 Itaque
3048 2879 3292 2934 nonnulli
3318 2878 3537 2935 misera-

1959 2988 2080 3029 rum
2106 2971 2453 3042 reliquiarum
2484 2970 2535 3024 in
2567 2970 2840 3027 montibus
2883 2969 3205 3039 deprehensi
3247 2970 3536 3027 acervatim

1953 3062 2337 3133 jugulabantur
2368 3078 2382 3115 :
2414 3060 2504 3116 alii
2532 3060 2672 3115 fame
2697 3059 2926 3115 confecti
2954 3060 3292 3126 accedentes,
3343 3076 3535 3117 manus

1882 3150 1932 3216 C
1960 3154 2202 3210 hostibus
2227 3153 2426 3207 dabant
2454 3151 2507 3207 in
2531 3166 2704 3206 aevum
2725 3151 2974 3206 servituri
3002 3161 3054 3190 ε’·
3087 3168 3099 3204 :
3127 3150 3172 3206 si
3209 3160 3387 3205 tamen
3429 3167 3534 3208 non

1956 3244 2214 3301 continuo
2243 3240 2679 3307 trucidarentur;
2709 3240 2853 3310 quod
2886 3240 3158 3298 altissima:
3197 3240 3382 3309 gratia:
3404 3248 3533 3301 ,sta-

1956 3334 2049 3390 bat
2077 3333 2129 3387 in
2158 3333 2280 3388 loco
2314 3330 2365 3373 τί
2398 3351 2411 3390 :
2444 3330 2534 3387 alii
2578 3331 2961 3386 transmarinas
2989 3330 3247 3400 petebant
3292 3329 3535 3398 regiones

1956 3440 2077 3481 cum
2095 3424 2301 3480 ululatu
2327 3435 2545 3493 magno,
2574 3436 2669 3476 seu
2693 3420 3068 3477 celeusmatis'
3097 3421 3234 3486 vice,
3253 3420 3357 3474 hoc
3377 3419 3534 3474 modo

1954 3517 2056 3573 sub
2081 3514 2322 3571 velorum
2351 3514 2555 3569 sinibus
2583 3519 2864 3567 cantantes
2896 3528 2910 3563 :
2945 3510 3144 3565 Dedisti
3165 3527 3260 3566 nos
3289 3518 3537 3580 tanquam

1954 3626 2071 3667 oves
2098 3623 2352 3672 escarum,
2382 3614 2433 3662 et
2454 3605 2511 3663 in
2553 3604 2789 3677 gentibus
2819 3604 3109 3674 dispersisti
3147 3619 3260 3668 nos,
3297 3601 3436 3657 Deus
3465 3611 3525 3651 ss

1955 3701 2126 3775 (Psal.
2143 3716 2288 3766 xnm,
2314 3697 2429 3768 li);
2448 3697 2538 3752 alii
2553 3712 2583 3750 a
2597 3692 2655 3733 ιλιι
2670 3695 2939 3750 montanis
2962 3693 3211 3758 collibus,
3236 3693 3542 3749 minacibus
3604 3751 3624 3761 ,

1950 3793 2232 3867 praeruptis
2255 3790 2437 3844 vallati
2465 3797 2521 3844 et
2560 3787 2887 3843 densissimis
2930 3786 3154 3841 saltibus
3194 3785 3525 3855 marinisque

1950 3886 2191 3957 rupibus,
2223 3885 2391 3938 vitam
2417 3888 2665 3951 suspecta
2695 3894 2907 3949 semper
2937 3886 3118 3934 mente
3145 3878 3451 3947 credentes,
3472 3879 3531 3934 in

1922 3977 2125 4050 .patria
2153 3976 2281 4032 licet
2308 3974 2502 4044 trepidi
2530 3970 2860 4043 perstabant.
2900 3969 3240 4041 “Tempore
3263 3971 3423 4041 igitur
3452 3972 3529 4026 in.

1953 4070 2305 4131 terveuiente,
2335 4067 2610 4136 aliquanto
2633 4080 2755 4120 cum
2782 4063 3136 4119 recessissent
3159 4062 3376 4122 domum
3400 4077 3530 4119 cru-.

1947 4164 2204 4223 delissimi
2231 4160 2509 4235 praedones
2531 4202 2547 4229 ,
2589 4159 2860 4215 roborata:
2886 4172 2918 4213 a
2942 4155 3174 4213 Domino
3206 4155 3252 4208 li
3290 4155 3533 4227 reliquis:

2023 4349 2045 4377 τ
2076 4338 2239 4394 Deest
2264 4336 2392 4391 edit.

2014 4417 2040 4446 ι
2264 4405 2503 4484 coloniis.
2621 4473 2633 4484 ⁸
2922 4469 2998 4484 Ν,
3021 4470 3035 4484 ⁸
3074 4468 3159 4484 Μ
3205 4469 3240 4484 ἢ
3309 4471 3322 4484 ,
3518 4440 3528 4447 -

2012 4488 2041 4527 r
2266 4476 2489 4531 aedito...
2515 4473 2906 4528 avnlsarunt.—
2922 4469 3057 4524 Bibl.
3074 4468 3179 4524 PP.
3201 4469 3396 4537 Paris.,
3420 4489 3529 4531 una

1867 4516 1916 4576 υ
1940 4516 2164 4603 turri-ti;
2190 4517 2404 4600 cardine
2438 4544 2634 4598 avulso.

2016 4628 2039 4656 ι
2065 4617 2204 4672 Edit.
2224 4658 2240 4684 ,
2280 4613 2649 4686 sigillantibus.
2673 4644 2753 4686 Δ--
2777 4609 2912 4665 Bibl.
2946 4609 3051 4666 PP.
3082 4609 3252 4669 Paris.
3273 4653 3292 4679 ,
3338 4615 3526 4675 crustis

1940 4707 2117 4760 purp.,
2143 4682 2476 4742 ititernfediis
2501 4682 2735 4765 omissis.

2012 4770 2069 4796 δι’·
2100 4758 2257 4813 Deest
2288 4754 2560 4811 horribiles
2587 4754 2716 4809 edit.

2009 4826 2532 4899 bbiPraapositionem
2554 4824 2822 4899 omittunt
2832 4823 2920 4899 edi
2929 4832 2966 4899 t_.
2979 4857 3052 4899 -τ
3063 4823 3231 4883 Paulo
3246 4832 3370 4882 ante
3381 4825 3522 4899 Bibl.

1937 4897 2042 4954 PP.
2077 4895 2272 4969 Paris.,
2294 4912 2409 4969 qui:
2437 4895 2505 4949 ad
2534 4895 2702 4950 ardua
2728 4895 2843 4951 εωιὶ
2865 4911 2882 4949 ;
2908 4895 3129 4951 clarius.

2011 4981 2067 5010 cc
2100 4968 2268 5036 Edit.,
2294 4967 2618 5022 tenerentur.

2006 5037 2063 5077 άά
2091 5039 2251 5101 Deest
2277 5054 2427 5093 versa
2451 5036 2583 5093 edit.

2010 5120 2065 5179 τέ
2094 5108 2239 5179 Ειιῑι.
2266 5110 2516 5179 (excepta
2548 5105 2699 5179 Bibl.
2718 5104 2824 5162 PP.
2850 5103 3070 5175 Paris.),
3096 5104 3370 5161 servaturi.

2010 5178 2059 5218 τί
2093 5177 2255 5249 Deest
2276 5175 2591 5249 praepositio
2616 5175 2749 5231 edit.

2004 5259 2061 5303 σε
2090 5247 2251 5311 Deest
2271 5247 2412 5303 Deus
2436 5249 2564 5304 edit.

2004 5317 2059 5395 fﬂ-
2085 5316 2527 5395 Przepositioncm
2578 5319 2836 5376 omittunt
2863 5315 3017 5380 edit.,
3046 5323 3105 5369 et
3149 5330 3274 5371 mox
3311 5315 3520 5395 vallati;

1822 5382 1839 5397 ’
1929 5389 2135 5460 habent
2162 5382 2260 5460 pro
2287 5388 2483 5457 vallati.

2008 5436 2593 5529 3'iwliii:incipitmcaput
2620 5474 2748 5515 xvnx
2779 5458 2830 5513 in
2858 5436 3146 5512 ms.‘Cant.

2003 5530 2049 5582 ii
2081 5528 2251 5598 Edit.,
2273 5547 2307 5584 a
2334 5527 2466 5584 Deo.

2002 5670 2021 5751 ξ
2048 5666 2184 5751 Bibl.
2355 5667 2549 5751 Paris.,
2578 5677 2864 5751 catervam.
2976 5743 2988 5751 _
3220 5738 3276 5751 Ν

1930 5806 1972 5867 Ρ
2000 5741 2050 5821 '_
2078 5737 2504 5797 [inscribendum
2555 5756 2645 5795 ceu
2686 5741 3015 5799 celeusmatis
3063 5757 3187 5798 cum
3220 5738 3357 5797 Bibl.
3407 5740 3510 5819 Ρξι

1950 5826 2101 5879 arts-
