4032 6190
367 309 473 366 547

1249 299 1476 357 CILDAS
1516 297 1867 356 SAI'lEN'l‘lS
1906 295 1992 352 DE
2031 293 2301 349 EXtZlDlO
2340 291 2730 348 ΒΞιΙΤΛΝΝΙιΕ

3533 285 3639 341 sta

370 423 589 494 {quibus
611 419 924 490 confugiunt
947 415 1184 485 undique
1213 412 1438 468 diversis
1460 411 1516 465 in
1542 410 1676 465 locis
1706 418 1732 446 σι
1765 407 1954 462 miser-
1984 411 2028 468 Α
2058 404 2182 458 blici
2224 403 2526 473 privatique
2555 411 2594 438 ω
2614 443 2629 468 ,
2682 398 2992 457 sacerdotes
3045 397 3398 454 ecclesiastici
3430 413 3585 453 sutun
3617 408 3642 434 ιι

371 514 494 570 rimi
519 515 693 579 cives,
744 522 851 566 tam
881 509 1034 563 avide
1071 520 1232 576 quam
1274 519 1404 574 apes
1449 500 1671 556 alvearii
1717 496 1954 570 procella

374 603 722 673 rmminente)
743 645 760 672 ,
807 599 966 656 simul
1005 597 1363 668 deprecantes
1391 606 1517 648 eum
1543 598 1660 645 toto
1689 588 1875 652 corde,
1904 593 1961 640 et

375 697 459 769 (ut
488 695 699 765 dicitur)
732 692 1019 748 innumeris
1043 695 1317 745 onerantes
1347 685 1543 741 atthera
1583 682 1746 758 votis,
1797 694 1864 733 ne
1892 677 1960 732 ad

376 789 801 845 internecionem
846 786 920 840 ita
961 795 1348 852 usquequaque
1377 776 1404 816 δ
1435 776 1780 836 delerentur,
1824 772 1962 826 duce

379 881 666 938 Ambrosio
696 879 987 934 Aureliano
1013 877 1130 930 viro
1161 871 1410 929 modesto
1439 867 1553 941 (qui
1575 866 1722 922 solus
1751 864 1850 923 fuit
1878 878 1968 917 co-

381 988 497 1029 mes
526 970 721 1036 iidelis,
753 969 927 1033 tortis,
959 979 1235 1034 veraxque
1264 974 1288 1002 ο
1319 961 1459 1017 forte
1481 959 1739 1014 Romanae
1767 953 1964 1025 gentis,

323 1069 331 1122 ἰ
381 1063 475 1132 qui
499 1062 525 1099 ά
557 1070 717 1116 tanta:
743 1058 1081 1129 tempestatis
1103 1055 1385 1111 collisione
1410 1090 1425 1116 ,
1475 1048 1668 1106 occisis
1696 1048 1750 1102 in
1777 1044 1968 1101 eadem

313 1143 328 1217 ’ί
380 1153 697 1225 parentibus
743 1165 979 1222 purpura
1021 1147 1270 1202 nimirum
1301 1141 1501 1198 indutis
1531 1142 1571 1205 ',
1603 1135 1967 1208 superfuerat,

381 1243 534 1312 cujus
572 1258 714 1298 nunc
750 1240 1084 1310 temporibus
1130 1236 1333 1292 nostris
1377 1232 1594 1288 soboles
1639 1240 1970 1297 magnopere

320 1317 327 1390 ξ
383 1335 528 1388 avita
559 1332 802 1387 bonitate
824 1327 1194 1398 degeneravit)
1226 1326 1367 1379 vires
1393 1327 1707 1392 capessunt,
1740 1317 1972 1370 victores

385 1430 748 1493 provocantes
795 1420 862 1474 ad
913 1413 1174 1489 praelium,
1227 1415 1381 1485 queis
1421 1411 1681 1475 victoria,
1734 1407 1846 1462 Deo
1877 1421 1974 1458 an-

387 1523 589 1569 nuente
623 1523 670 1578 ο,
702 1528 771 1567 ex
802 1518 929 1565 voto
960 1508 1139 1564 cessit.

455 1602 586 1658 Car.
618 1617 764 1656 xxvr.
797 1599 874 1653 De
905 1607 1162 1666 postrema
1193 1611 1320 1667 pace
1349 1610 1366 1647 :
1396 1608 1512 1663 qum
1537 1601 1794 1661 postrema
1816 1590 1980 1643 victo-

386 1697 468 1750 ria
496 1694 809 1765 temporibus
839 1692 1030 1746 nostris
1060 1687 1158 1743 Dei
1204 1697 1329 1741 nutu
1353 1687 1549 1740 donata
1578 1692 1674 1738 est.
1706 1714 1778 1724 —
1812 1681 1878 1734 Et
1901 1695 1976 1736 ex

2059 497 2301 554 ordinem
2317 504 2617 551 servarunt.
2648 495 2716 549 At
2744 495 2847 550 illis
2865 493 3268 560 decedentibus,
3289 501 3413 548 cum
3429 509 3648 548 succes-

2060 590 2220 645 sisset
2238 597 2369 643 tetas
2397 587 2731 658 tempestatis
2757 586 2897 641 illius
2918 585 3119 651 nescia,
3146 593 3201 639 et
3225 585 3505 654 praesentis
3525 591 3648 638 tan-

2062 693 2175 740 tum
2202 683 2508 739 serenitatis
2536 691 2792 752 experta,
2843 681 2915 734 ita
2946 688 3142 734 cuncta
3179 678 3424 734 veritatis
3468 693 3531 731 ac
3557 675 3648 746 ju-

2063 775 2224 830 stitia:
2268 773 2635 829 moderamina
2666 786 2923 828 concussa
2957 786 3022 826 ac
3069 769 3325 825 subversa
3375 776 3535 832 sunt,
3593 775 3656 821 ut

2065 881 2252 922 eorum
2276 875 2324 931 ο,
2359 880 2466 919 non
2494 863 2668 919 dicam
2696 863 3002 931 vestigium,
3034 861 3129 916 sed
3165 875 3232 914 ne
3261 861 3656 914 monimentum

2068 957 2288 1028 quidem
2319 958 2371 1011 in
2402 955 2726 1026 supradictis
2755 952 3143 1025 propemodum
3182 949 3458 1005 ordinibus
3486 962 3660 1018 appa-

2068 1057 2206 1116 reat,
2241 1049 2484 1117 exceptis
2513 1046 2716 1118 paucis,
2749 1053 2806 1100 et
2844 1043 2997 1098 valde
3023 1043 3228 1113 paucis,
3257 1041 3348 1110 qui
3391 1039 3462 1095 ob
3492 1039 3663 1094 amis-

2068 1140 2278 1196 sionem
2307 1147 2467 1193 tantte
2496 1134 2870 1198 multitudinis,
2895 1147 3012 1204 qua:
3041 1131 3281 1200 quotidie
3309 1144 3478 1200 prona
3501 1127 3603 1183 fuit
3631 1138 3661 1178 Ρ

2071 1231 2139 1286 ad
2169 1239 2369 1286 tartara
2393 1270 2408 1294 ,
2459 1238 2568 1282 tam
2599 1227 2778 1282 brevis
2825 1225 3030 1280 numeri
3063 1235 3089 1273 ει
3120 1223 3407 1290 habentur,
3455 1231 3516 1275 ut
3561 1235 3663 1276 eos

2073 1319 2471 1395 quodammodo
2510 1317 2832 1374 venerabilis
2858 1325 3030 1370 mater
3059 1313 3300 1369 Ecclesia
3330 1321 3389 1366 ut
3419 1322 3439 1349 τ
3474 1311 3529 1365 ἱιι
3558 1327 3662 1366 suo

2074 1417 2195 1470 sinu
2240 1414 2617 1470 recumbentes
2660 1426 2767 1466 non
2805 1409 3024 1475 videat,
3050 1423 3213 1476 quos
3259 1405 3406 1461 solos
3433 1420 3595 1459 veros
3635 1412 3658 1438 ⁸

2075 1506 2257 1562 habet.
2305 1505 2542 1572 Quorum
2574 1519 2642 1558 ne
2669 1503 2789 1572 quis
2819 1516 2905 1555 me
2944 1499 3214 1569 egregiam
3242 1497 3403 1551 vitam
3427 1496 3660 1550 immini-

2075 1601 2179 1656 bus
2212 1603 2228 1638 ι
2260 1597 2651 1660 admirabilem,
2685 1594 2902 1662 Deoque
2931 1590 3216 1645 amabilem
3262 1602 3489 1658 carpere
3514 1594 3668 1656 putet

2080 1691 2295 1762 (quibus
2324 1697 2506 1743 nostra
2539 1686 2819 1741 inlirmitas
2843 1684 3017 1741 sacris
3039 1692 3064 1718 ιι
3097 1681 3451 1741 orationibus,
3478 1686 3536 1733 ut
3557 1694 3669 1732 non

387 1803 458 1842 θο
487 1796 732 1856 tempore
776 1798 918 1838 nunc
946 1783 1120 1847 Cives,
1174 1794 1316 1834 nunc
1361 1778 1544 1832 hOSleS
1578 1773 1887 1836 νίηοθιιίὶηῐν
1918 1779 1976 1824 Ut
2010 1781 2049 1839 Β
2079 1782 2292 1852 penitus
2321 1779 2636 1842 collabatur,
2660 1777 2812 1846 quasi
2837 1774 3100 1829 columnis
3126 1771 3444 1843 quibusdam
3474 1786 3536 1824 ac
3568 1768 3671 1822 ful-

393 1879 449 1932 in
479 1878 578 1932 ista
610 1883 769 1945 gente
799 1873 1135 1942 experiretur
1178 1869 1436 1923 Dominus
1464 1865 1624 1920 solito
1655 1878 1806 1916 more
1834 1875 1974 1930 pne-

390 1976 596 2023 sentem
615 1966 865 2021 lsraelem
882 1971 1058 2017 utrum
1073 1961 1256 2029 diligat
1279 1975 1398 2013 eum
1413 1953 1729 2018 Dominus‘,
1748 1967 1936 2007 annon
1959 1967 1974 2001 :

392 2074 559 2128 usque
600 2059 667 2112 ad
706 2070 906 2110 annum
953 2051 1282 2108 obsessionis
1313 2047 1569 2107 Badonici
1599 2043 1798 2098 montis
1823 2081 1838 2105 ,
1885 2038 1977 2108 qui

393 2165 563 2222 prope
608 2147 896 2202 Sabrinum
941 2147 1136 2200 ostium
1183 2141 1414 2196 habetur
1446 2148 1471 2185 κ
1497 2179 1512 2203 ,
1563 2134 1980 2200 novissimaeque

393 2242 561 2298 ferme
591 2241 658 2295 de
687 2237 954 2295 furciferis
984 2252 1090 2291 non
1126 2234 1346 2288 minime
1374 2231 1588 2299 stragis,
1619 2227 1819 2296 quique
1845 2239 1981 2293 qua-

393 2332 727 2401 dragesimus
755 2337 980 2399 quartus
1011 2328 1091 2398 (ut
1116 2324 1264 2394 novi)
1296 2323 1467 2378 oritur
1496 2319 1522 2356 ¹³
1555 2333 1728 2372 annus
1748 2355 1763 2380 ,
1797 2329 1985 2369 mense

395 2425 506 2494 iam
539 2423 713 2494 primo
752 2419 766 2458 ί
799 2434 1041 2483 emenso,
1093 2417 1184 2485 qui
1209 2414 1319 2484 jam
1353 2416 1367 2464 l
1417 2419 1472 2467 et
1502 2425 1637 2464 mea:
1688 2405 1986 2462 nativitatis

397 2524 501 2569 cat.
527 2511 637 2568 Sed
670 2527 740 2566 ne
771 2525 915 2564 nunc
943 2508 1181 2577 quidem,
1211 2513 1268 2560 ut
1297 2513 1479 2568 antea,
1510 2501 1758 2557 civitates
1787 2496 1989 2552 inhabi-

401 2612 583 2658 tantur
613 2603 636 2640 ¹ι
656 2644 671 2668 ,
720 2601 815 2656 sed
844 2601 1072 2654 deserta:
1101 2598 1399 2664 dirutzeque
1429 2595 1688 2647 hactenus
1715 2589 1986 2658 squalent,

397 2695 733 2750 cessantibus
758 2691 882 2746 licet
905 2687 1145 2744 externis
1174 2686 1351 2752 bellis,
1380 2683 1474 2738 sed
1510 2698 1618 2738 non
1649 2691 1827 2735 tamen
1857 2677 1876 2716 ι
1909 2678 1988 2733 ci-

400 2785 612 2840 vilibus.
640 2781 807 2836 llazsit
835 2779 978 2834 enim
1010 2785 1118 2838 tam
1147 2774 1415 2844 desperati
1438 2771 1626 2826 insulae
1654 2768 1871 2833 excidii,
1899 2767 1985 2821 iu-

400 2876 708 2946 speratique
721 2871 924 2928 mentio
941 2868 1126 2924 auxilii
1156 2881 1349 2921 inemo;
1366 2865 1430 2918 ia:
1455 2877 1663 2928 eorum,
1679 2859 1772 2928 qui
1797 2857 1989 2913 utrius-

403 2984 508 3041 que
535 2966 781 3023 miraculi
826 2972 994 3019 testes
1021 2961 1314 3026 exstitere;
1345 2967 1400 3012 et
1441 2955 1511 3010 ob
1541 2953 1643 3008 hoc
1671 2965 1845 3021 reges,
1879 2965 1980 3021 pu-

475 3116 501 3144 ⁸
529 3105 692 3171 Edit.,
722 3103 801 3157 De
826 3102 1040 3158 diversis
1071 3101 1217 3154 locis.

475 3176 502 3215 δ
532 3176 692 3241 Edit.,
716 3175 1118 3228 internecionem
1147 3185 1321 3238 usque.

479 3258 503 3316 ς
532 3225 986 3316 Ῐίῖἑξξίιλῖίὲόῂιέέ
1007 3241 1199 3311 ﬁdelis,
1217 3225 1366 3310 fortis
1387 3249 1661 3305 veritasque,
1678 3232 1874 3288 desunt
1899 3225 1988 3282 ed.

476 3315 504 3354 δ
536 3314 806 3386 Deestqui
833 3314 965 3386 edit.

481 3397 505 3424 ο
535 3385 699 3450 Edit.,
732 3384 958 3440 Domino
989 3398 1114 3435 ann.

484 3455 502 3495 ί
534 3437 699 3511 Deest:
736 3437 992 3510 Dominus
1036 3451 1163 3506 edit.
1198 3448 1263 3503 Et
1308 3455 1458 3504 recte
1506 3437 1998 3516 quidema‘l‘ltquid

409 3527 551 3584 enim
599 3527 935 3596 experiretur
965 3522 1241 3596 Dominus,
1285 3526 1461 3596 utrum
1493 3513 1720 3586 ipsemet
1751 3513 2001 3596 diligeret

410 3579 800 3655 lsraelem‘i'VAt
857 3593 1113 3648 Dominus
1158 3579 1554 3658 experiebatur,
1613 3594 1792 3640 utrum
1837 3579 2001 3637 Israel

411 3668 661 3738 diligeret
699 3681 806 3738 nuit
837 3659 1424 3738 (Dontinti_rii_scilicet).

447 3721 681 3864 ᾆξνιιωέ,
712 3737 796 3807 qui
824 3721 981 3805 prope
1006 3722 1286 3785 Sabrinam
1321 3721 1510 3782 ostium
1543 3723 1778 3787 habetur,
1804 3721 2003 3774 desunt

486 3817 542 3862 ιι.

412 3809 542 3864 edit.

486 3877 513 3915 ιι
545 3877 711 3943 Edit.;
735 3875 956 3930 orditur.

496 3948 510 3987 ί
542 3947 705 4010 Edit.,
736 3962 861 3999 uno.

488 4023 502 4086 l
546 4018 705 4086 Deest
715 4016 832 4086 jam
860 4013 991 4068 edit.

487 4085 512 4125 ⁸
535 4078 957 4152 Εόίι.,’σίυὶιαεεε
986 4081 1175 4153 patria:
1201 4078 1311 4132 init.

493 4157 509 4196 ι
541 4155 705 4210 Deest
734 4163 905 4206 tamen
941 4153 1072 4207 edit.

485 4238 524 4265 ιιι
548 4225 713 4289 Edit.,
739 4223 948 4294 privati.

486 4306 514 4335 ιι
542 4295 708 4362 Edit.,
731 4292 879 4348 suum
904 4292 1107 4364 quique.

2018 3086 2065 3150 C

2082 1873 2188 1929 cris
2217 1869 2584 1925 saluberrimis
2609 1873 2940 1922 sustentatur
2966 1868 3015 1932 ),
3046 1863 3156 1918 dixi
3187 1873 3212 1898 ν
3242 1862 3287 1916 si
3315 1876 3419 1930 qua
3451 1860 3670 1914 liberius

2082 1962 2150 2017 de
2177 1962 2280 2025 his,
2314 1960 2420 2013 imo
2445 1957 2750 2027 lugubrius,
2795 1954 3011 2010 cumulo
3041 1953 3300 2006 malorum
3331 1948 3667 2021 compulsus,

2084 2053 2176 2124 qui
2217 2050 2466 2109 serviunt
2492 2065 2597 2102 non
2630 2048 2802 2102 solum
2847 2045 3060 2106 ventri,
3109 2043 3203 2098 sed
3242 2042 3458 2096 diabolo
3492 2041 3674 2108 potius

2085 2157 2246 2212 quam
2277 2140 2514 2200 Christo,
2547 2139 2633 2209 qui
2657 2146 2732 2190 est
2753 2136 3046 2189 benedictus
3076 2152 3226 2203 super
3253 2133 3428 2188 omnia
3461 2130 3598 2184 Dens
3619 2132 3674 2184 in

2086 2232 2279 2286 sucula
2303 2241 2327 2267 ι
2359 2230 2539 2300 (Rom.
2565 2246 2640 2294 Ix,
2671 2227 2761 2297 5),
2814 2244 2918 2282 non
2965 2235 3072 2280 tam
3105 2226 3481 2294 tliSceptavero
3511 2239 3675 2291 quam

2086 2322 2376 2378 deﬂevere.
2427 2321 2636 2390 Quippe
2663 2320 2792 2389 quid
2823 2329 2853 2366 γ
2899 2318 3154 2374 celabunt
3201 2318 3346 2371 cives
3391 2315 3534 2384 quod
3567 2330 3682 2375 non

2087 2413 2262 2469 solum
2315 2418 2514 2467 norunt
2540 2420 2560 2446 ι
2587 2449 2603 2476 ,
2657 2408 2752 2464 sed
2798 2408 3124 2480 exprobrant
3155 2408 3205 2461 in
3232 2407 3456 2462 circuitu
3489 2415 3542 2441 ι·
3579 2419 3680 2457 na-

2091 2507 2304 2562 tiones?

2096 2668 2388 2723 Historiam
2418 2665 2586 2722 Gildaz
2613 2662 2832 2719 Cormac
2859 2664 2933 2717 sic
2963 2662 3163 2732 perlege
3192 2663 3434 2730 scriptam

2094 2761 2336 2816 Doctoris
2366 2760 2564 2829 digitis,
2587 2774 2742 2811 sensu
2771 2757 3008 2826 cultuque
3035 2755 3321 2807 redactam.

2096 2851 2144 2906 Η
2153 2867 2227 2908 ato
2255 2861 2429 2906 tenues
2457 2856 2684 2919 superat,
2709 2849 2894 2901 multos
2924 2847 3188 2916 carpitque
3215 2842 3458 2915 superbos
3489 2844 3527 2900 ³.
3605 2868 3608 2872 -

2170 3091 2194 3120 ο
2248 3080 2428 3146 Edit.,
2476 3095 2672 3134 earum.
2719 3075 2927 3142 Recte,
2977 3075 3206 3129 veritatis
3247 3088 3437 3142 ncn'rpe
3489 3087 3554 3126 ac
3596 3071 3692 3139 ju-

2099 3155 2277 3210 stitiw.

2170 3235 2198 3275 Ρ
2221 3222 2385 3287 Edit.,
2417 3221 2540 3274 ruit.
2573 3218 2780 3272 Melius.

2171 3305 2199 3344 ιι
2223 3283 2645 3361 Εάὶι.’(ριοθι)ιει
2673 3287 2809 3352 nihl.
2843 3285 2944 3340 PP.
2975 3283 3192 3352 Paris.),
3223 3299 3486 3343 numerus.

2176 3375 2197 3402 τ
2232 3362 2395 3417 Deest
2423 3370 2479 3413 ut
2509 3361 2641 3414 edit.

2175 3437 2199 3464 '
2232 3432 2398 3495 Edit.,
2429 3445 2591 3498 veros
2603 3429 2760 3498 ﬁlios.

2178 3500 2197 3535 ¹
2233 3502 2374 3556 Edit.
2387 3544 2401 3570 ,
2432 3497 2688 3556 omnibus.

2175 3578 2203 3606 υ
2235 3572 2402 3638 Edit.,
2425 3573 2481 3624 in
2507 3571 2692 3624 sacris.

2180 3651 2200 3677 "
2238 3643 2402 3697 Deest
2427 3641 2537 3694 dixi
2567 3639 2697 3692 edit.

2178 3721 2204 3748 ι
2238 3713 2404 3774 Edit.,
2453 3712 2505 3764 in
2536 3708 2916 3770 swculaﬂeus.

2175 3793 2204 3832 1
2229 3783 2528 3845 Enimvero,
2560 3779 2773 3846 Fragm.

2181 3862 2202 3889 κ
2233 3853 2372 3923 Edit.
2400 3850 2651 3923 (excepta
2680 3849 2951 3923 Bibl._PP.
2984 3847 3202 3918 Paris.),
3229 3855 3551 3901 nostrorum.

2181 3933 2234 3961 ⁸⁸
2267 3920 2527 3986 Cercuitu,
2558 3935 2660 3974 ms.
2693 3937 2706 3973 :
2737 3920 2899 3975 male.

2179 4067 2196 4098 ¹
2229 4063 2365 4118 Bibl.
2391 4060 2494 4115 PP.
2522 4059 2716 4123 Paris.,
2749 4059 2992 4113 indutus:
3016 4058 3159 4126 quod
3188 4058 3358 4126 ntagis
3385 4055 3586 4126 placet.

2174 4139 2196 4169 ¹
2227 4134 2325 4189 Hic
2353 4131 2551 4186 desinit
2569 4129 2741 4184 codex
2761 4129 2917 4184 Cant.
2949 4145 3048 4182 ms.
3075 4127 3203 4194 Quae
3224 4143 3353 4182 vero
3374 4136 3698 4196 sequuntur,

2105 4212 2300 4263 exacta
2319 4210 2447 4259 sunt
2473 4200 2541 4255 ad
2560 4199 2807 4256 codicem
2836 4199 3238 4255 Cottonianum.

434 4394 2848 4438 ________________________——————

1645 4503 1927 4579 PARS
1980 4499 2460 4574 SECUNDA
2477 4549 2498 4569 .

1467 4648 2643 4830 EPISTMILDE.

488 4943 668 4997 Carur
712 4952 933 4994 rmuuu.
967 4933 1264 5005 Increpatio
1309 4931 1363 4984 in
1387 4925 1805 4982 Constantinum.
1843 4951 1914 4961 —
1944 4919 1998 4972 l.
2033 4918 2374 4988 Djurantes;
2408 4921 2689 4978 voventes,
2714 4920 2770 4968 et
2816 4913 3074 4969 continuo
3120 4908 3516 4982 propemodum
3546 4923 3704 4964 men-

419 5033 592 5102 Reges
606 5033 770 5087 habet
789 5027 1065 5082 Britannia
1091 5023 1246 5092 l,sed
1276 5030 1560 5094 tyrannos;
1580 5016 1791 5086 judices
1817 5014 2003 5080 habet,

419 5123 512 5180 sed
542 5122 752 5192 impios,
783 5132 924 5188 saepe
946 5114 1248 5188 pmdantes
1277 5120 1332 5167 et
1378 5108 1772 5172 concutientes,
1800 5103 1895 5158 sed
1925 5102 2006 5156 in-

423 5224 679 5270 nocentes
703 5231 717 5279 ;
748 5211 1082 5267 vindicantes
1110 5216 1166 5264 et
1218 5205 1641 5277 patrocinantes,
1685 5199 1780 5254 sed
1805 5212 1927 5252 reos
1955 5202 2011 5252 et

423 5303 698 5368 latrones;
746 5301 1170 5373 quamplurimas
1221 5296 1479 5367 coniuges
1532 5292 1796 5346 habentes
1834 5333 1848 5356 ,
1915 5287 2011 5343 sed

421 5400 724 5450 scortantes
749 5393 775 5431 ι»
797 5393 1230 5448 etadulterantes
1247 5407 1262 5456 ;
1282 5387 1473 5443 crebro
1493 5383 1760 5455 jurantes,
1775 5380 1869 5436 sed
1892 5394 2011 5450 per-

497 5559 522 5590 ι
547 5548 820 5604 Enimvero
851 5546 999 5602 habet
1030 5547 1306 5601 Britannia
1331 5559 1499 5614 rcges,
1522 5539 1736 5614 Fragm.

495 5619 524 5660 δ
555 5620 762 5681 Scorta,
794 5615 930 5672 loss.
959 5617 1145 5672 Scorta
1173 5625 1223 5669 et
1246 5610 1530 5678 adultéras,
1557 5610 1768 5677 Fragm.

502 5703 524 5731 ε
559 5691 641 5744 ΑΙ.
674 5689 951 5758 regionem.

498 5759 526 5802 ά
581 5758 686 5816 Eas
730 5745 912 5811 "autem
967 5757 1050 5826 qui
1110 5757 1178 5809 ad
1234 5769 1464 5810 mensam
1523 5749 1698 5822 sedent
1755 5745 2011 5813 latrones,

2109 5009 2347 5073 tientes;
2397 5005 2776 5074 belligerantes
2801 5046 2818 5072 ,
2865 5001 2960 5058 sed
2997 5001 3177 5057 civilia
3217 5007 3272 5056 et
3317 4999 3514 5069 iniusta
3560 4998 3706 5054 bella

2110 5109 2360 5172 agentes;
2392 5113 2487 5169 per
2515 5099 2744 5169 patriam
2768 5108 2790 5136 ο
2820 5095 3036 5168 quidem
3067 5093 3213 5150 fures
3258 5105 3590 5162 magnopere
3619 5091 3707 5146 in—

2109 5198 2402 5257 sectantes,
2434 5198 2490 5244 et
2527 5204 2624 5244 eos
2649 5188 2742 5257 qui
2786 5201 2968 5241 secum
2997 5184 3065 5239 ad
3107 5197 3350 5239 mensam
3378 5180 3590 5247 sedent,
3622 5178 3711 5234 ιδ-

2111 5295 2297 5340 trones
2330 5281 2356 5320 ά
2395 5298 2501 5338 non
2542 5281 2719 5336 solum
2749 5285 3015 5343 amantes,
3046 5274 3141 5332 sed
3167 5283 3226 5330 et
3259 5278 3610 5327 munerantes
3640 5279 3706 5335 ’ς

2113 5357 2486 5448 eleemosynas
2522 5373 2744 5443 largiter
2795 5371 3004 5436 dantes,
3029 5368 3124 5426 sed
3151 5384 3183 5424 e
3202 5368 3429 5437 regione
3477 5346 3710 5420 immeri-

2351 5531 2516 5588 Deest
2542 5547 2672 5587 vero
2700 5531 2932 5586 latrones
2959 5529 3098 5585 loss.
3115 5559 3185 5571 —
3215 5526 3306 5583 Sic
3328 5533 3384 5582 et
3409 5522 3560 5584 Bibl.
3589 5518 3706 5584 PP.

2141 5696 2143 5698 ·
2186 5683 2210 5712 θ
2235 5671 2415 5730 Etiam
2447 5689 2612 5741 mum,
2637 5671 2855 5742 Fragm.
