3954 6178
291 343 405 398 343

1281 346 1481 402 LIBER
1518 348 1911 416 QUERULUS.
1951 349 2128 408 PARS
2162 352 2227 408 ll.
2269 350 2625 410 EPISTOLA.

3473 369 3580 426 550

292 471 421 512 smn
446 466 686 513 montem
708 455 976 516 scelerum
992 469 1402 529 exaggerantes;
1427 462 1480 516 in
1508 462 1637 517 sede
1658 461 1885 518 arbitra-
1916 465 1964 524 Α
1991 465 2129 518 solve
2159 463 2438 519 secundum
2465 465 2774 536 prophetam
2804 470 3007 525 vincula
3043 470 3162 529 colli
3212 474 3304 542 tui,
3346 476 3425 548 [ili
3447 477 3578 536 Sion

297 549 407 604 turi
438 557 466 586 ι
488 549 759 615 sedentes,
789 551 885 606 sed
914 567 1040 607 raro
1079 553 1213 608 recti
1246 551 1434 621 judicii
1479 548 1719 622 regulam
1748 568 1891 624 quae-

293 648 516 704 rentes;
546 641 797 696 innoxios
820 641 1163 714 humilesque
1189 643 1578 714 despicientes;
1602 644 1890 714 sanguina-

291 731 433 800 rios,
455 732 737 801 superbos,
771 733 1084 802 parricidas,
1102 735 1588 805 commanipulares
1608 735 1634 774 δ
1659 745 1714 791 et
1740 737 1894 791 adul-

294 831 447 879 teros
474 823 569 877 Dei
593 823 863 889 inimicos,
894 825 939 878 si
975 841 1094 880 sors
1125 823 1206 897 (ut
1234 826 1455 897 dicitur)
1485 826 1686 892 tulerit,
1717 828 1832 898 (qui
1866 838 1888 866 ο

288 928 418 971 eum
451 914 571 984 ipso
608 916 830 970 nomine
859 917 1107 971 certatim
1129 915 1155 954 ἀ
1185 917 1396 973 delendi
1425 919 1603 988 erant)
1626 921 1692 975 ad
1716 919 1890 975 sidera

291 1013 459 1076 prout
480 1013 731 1076 possunt,
772 1004 1088 1070 efferentes;
1121 1007 1335 1063 vinctos
1364 1007 1543 1077 plures
1578 1009 1632 1063 in
1654 1010 1890 1064 carceri-

290 1096 395 1152 bus
415 1097 706 1164 habentes,
730 1113 868 1169 quos
889 1098 1016 1154 dolo
1041 1099 1124 1153 sui
1155 1100 1335 1170 potius
1362 1090 1522 1169 quam
1545 1101 1739 1155 merito
1761 1116 1890 1171 pro-

292 1196 480 1243 terunt
515 1199 565 1258 ε,
605 1189 815 1245 catenis
843 1199 1135 1251 onerantes
1167 1208 1180 1245 :
1225 1190 1366 1246 inter
1394 1191 1581 1245 altaria
1601 1191 1832 1261 juraudo
1867 1191 1887 1232 ί

288 1277 667 1346 demorantes,
695 1288 750 1335 et
777 1279 892 1336 haec
912 1280 1104 1336 eadem
1136 1297 1201 1336 ac
1221 1281 1266 1338 si
1287 1281 1548 1337 lutulenta
1581 1284 1740 1353 paulo
1771 1293 1893 1358 post

288 1387 426 1426 saxa
456 1382 483 1420 II
514 1373 898 1442 despicientes.
931 1371 1097 1442 Cujus
1124 1382 1234 1429 tam
1265 1373 1480 1429 nefandi
1529 1376 1728 1446 piaculi
1781 1394 1889 1433 non

291 1461 516 1530 ignarus
545 1471 630 1516 est
655 1463 943 1517 immundae
969 1463 1151 1520 leaenae
1178 1462 1488 1520 Damnonize
1515 1468 1532 1498 ι
1581 1469 1893 1540 tyrannicus

291 1553 512 1608 catulus
541 1551 952 1609 Constantinus.

363 1647 421 1702 Ξ.
476 1647 594 1703 Hoc
635 1663 780 1703 anno
811 1657 936 1718 post
976 1648 1552 1721 borribilejuramenti
1581 1667 1892 1707 sacramen—

289 1747 432 1808 tum,
461 1754 571 1810 quo
601 1755 662 1795 se
688 1734 931 1794 devinxit
961 1756 1300 1812 nequaquam
1332 1743 1489 1799 dolos
1517 1744 1725 1800 civibus
1751 1745 1887 1815 (Deo

1997 553 2130 625 (Isa.
2149 571 2239 620 ιιι,
2263 554 2340 624 2).
2357 555 2514 620 Redi,
2541 569 2690 624 rogo,
2711 571 2740 611 e
2763 557 3065 627 longinquis
3086 561 3210 617 licet
3231 576 3581 634 peccatorum

1991 648 2291 702 recessibus
2313 649 2380 702 ad
2411 649 2704 719 piissimum
2732 659 2965 720 patrem,
2996 656 3087 723 qui
3117 656 3428 728 despicienti
3457 683 3583 736 por-

1991 755 2177 795 eorum
2223 740 2468 796 sordidos
2511 742 2661 797 cibos
2713 758 2776 797 ac
2824 746 3225 821 pertimescenti
3265 751 3392 807 dirae
3422 756 3580 814 famis

1992 845 2222 891 mortem
2254 843 2310 891 et
2335 837 2630 891 revertenti
2685 838 2808 902 sibi,
2841 838 2994 895 laetus
3023 842 3270 899 occidere
3299 852 3580 908 consuevit

1989 926 2203 982 vitulum
2251 925 2361 981 filio
2385 929 2700 998 saginatum,
2733 935 2787 982 et
2838 927 3081 997 proferre
3109 935 3331 1001 primum
3375 942 3578 996 erranti

1989 1017 2177 1072 stolam
2206 1024 2260 1072 et
2283 1017 2488 1085 regium
2511 1018 2761 1071 annulum
2792 1017 2944 1090 (Luc.
2975 1035 3063 1085 xv,
3091 1021 3202 1093 15);
3232 1033 3287 1078 et
3317 1036 3442 1083 tunc
3461 1031 3577 1100 spei

1991 1107 2228 1162 cmlestis
2256 1122 2320 1162 ac
2373 1107 2419 1161 si
2466 1122 2718 1177 saporem
2764 1117 3124 1178 przegustans,
3178 1115 3378 1171 senties
3422 1137 3577 1190 ᾳααπι

1991 1197 2159 1250 suavis
2188 1206 2263 1250 est
2308 1195 2561 1251 Dominus
2605 1196 2776 1267 (Psal.
2821 1214 3026 1265 χχχιιι,
3071 1200 3149 1273 9).
3198 1203 3330 1259 Nam
3373 1209 3417 1263 si
3463 1210 3577 1270 hzec

1991 1292 2382 1362 contempseris
2409 1332 2424 1356 ,
2476 1292 2615 1347 scias
2682 1301 2735 1347 te
2803 1293 3260 1356 inextricabilibus
3328 1304 3576 1362 tenebro-

1991 1383 2173 1452 sisque
2223 1382 2422 1451 ignium
2480 1385 2807 1440 torrentibus
2855 1385 2966 1455 jam
3010 1388 3228 1462 jamque
3289 1395 3576 1452 rotandum

1993 1475 2385 1544 urendumque.

1990 1603 1997 1612 .
2063 1564 2191 1620 CAP.
2218 1582 2272 1620 ιι.
2311 1563 2609 1637 Increpatio
2638 1568 2687 1621 in
2709 1569 3144 1626 Aurelium—4.
3189 1571 3326 1641 Quid
3353 1585 3408 1632 tu
3437 1594 3576 1649 quo-

1992 1671 2116 1725 que,
2142 1664 2200 1710 ut
2226 1657 2486 1726 prepheta
2517 1658 2594 1714 ait
2638 1657 2810 1727 (Psal.
2854 1676 2962 1727 xvi,
2993 1661 3103 1731 12),
3128 1664 3305 1722 catule
3339 1665 3575 1735 leonine,

1992 1745 2178 1801 Aureli
2204 1747 2424 1802 Conane
2447 1745 2496 1813 ιι,
2529 1749 2690 1816 agis?
2720 1748 2908 1808 Nonne
2958 1751 3149 1808 eodem
3177 1769 3286 1824 quo
3334 1757 3575 1827 supradi~

284 1833 528 1901 primum
545 1831 776 1901 jureque
799 1832 1052 1901 jurando,
1085 1842 1399 1890 sanctorum
1438 1837 1656 1892 demum
1706 1839 1886 1892 choris
1916 1837 1961 1897 Β
1990 1846 2125 1905 ctus,
2155 1839 2200 1894 si
2242 1856 2348 1894 non
2379 1841 2758 1914 exitiabiliore,
2789 1845 3218 1914 parricidiorum,
3266 1847 3575 1908 fornicatio-

283 1934 342 1980 et
372 1924 645 1994 genitrice
671 1926 1054 1982 comitantibus
1084 1927 1256 1997 fretis)
1283 1928 1566 1995 facturum,
1582 1930 1635 1984 in
1659 1931 1885 1986 duarum

284 2015 622 2071 venerandis
670 2027 904 2072 matrum
949 2018 1194 2085 sinibus,
1248 2017 1504 2076 Ecclesize
1549 2022 1888 2092 carnalisque

284 2107 398 2162 sub
425 2107 603 2162 sancti
654 2107 865 2163 abbatis
920 2109 1249 2178 amphibalo,
1302 2109 1468 2165 latera
1505 2111 1776 2180 regiorum
1808 2119 1889 2166 te-

284 2198 530 2254 nerrima
560 2213 876 2268 puerorum,
929 2199 1016 2254 vel
1061 2201 1358 2270 praecordia
1408 2203 1697 2258 crudeliter
1723 2204 1898 2269 duum,

287 2288 634 2358 totidemque
662 2291 986 2346 nutritorum
1017 2290 1268 2360 (quorum
1295 2291 1518 2346 brachia
1545 2307 1885 2362 nequaquam

283 2379 480 2446 armis,
507 2395 626 2450 qure
651 2381 827 2436 nullus
850 2396 988 2451 pene
1008 2381 1284 2436 hominum
1315 2381 1503 2437 fortius
1532 2383 1636 2438 hoc
1661 2383 1739 2437 eis
1761 2393 1890 2439 tem-

284 2485 427 2540 pore
453 2471 736 2540 tractabat,
769 2473 863 2528 sed
893 2473 1002 2528 Deo
1032 2473 1297 2542 altarique
1326 2481 1594 2545 protenta,
1617 2475 1668 2528 in
1699 2473 1786 2528 die
1808 2474 1889 2542 ju-

282 2563 418 2617 dicii
446 2563 516 2617 ad
556 2571 660 2618 tua:
701 2565 933 2619 civitatis
962 2574 1167 2634 portas,
1189 2563 1421 2633 Christe,
1457 2564 1761 2619 veneranda
1791 2581 1884 2634 pa-

285 2656 500 2710 tientize
528 2671 593 2711 ac
619 2656 741 2711 ﬁdei
764 2672 874 2712 suae
895 2650 1090 2712 viaxilla
1118 2655 1468 2727 suspendent)
1499 2657 1639 2710 inter
1664 2657 1796 2726 ipsa,
1818 2664 1888 2710 ut

284 2747 425 2812 dixi,
456 2757 804 2806 sacrosancta
851 2749 1041 2804 altaria
1073 2749 1302 2804 nelando
1340 2764 1470 2804 ense
1504 2749 1763 2818 hastaque
1790 2765 1887 2818 pro

287 2837 546 2895 dentibus
589 2839 868 2907 laceravit,
912 2842 986 2896 ita
1037 2848 1094 2895 ut
1137 2841 1386 2897 sacrificii
1433 2841 1668 2897 caelestis
1705 2840 1886 2895 sedem

288 2945 562 3000 purpurea
586 2946 648 2986 ac
676 2932 721 2986 si
750 2933 1021 3002 coagulati
1049 2934 1257 2989 cruoris
1278 2934 1438 3004 pallia
1461 2935 1805 3003 attingerent.
1820 2932 1888 2987 Et

290 3027 401 3080 hoc
423 3040 492 3079 ne
520 3035 641 3095 post
674 3026 941 3082 laudanda
971 3027 1187 3096 quidem
1216 3028 1410 3083 merita
1439 3028 1566 3097 egit.
1591 3027 1725 3082 Nam
1750 3027 1890 3082 mul-

290 3115 368 3170 tis
395 3123 524 3170 ante
551 3103 708 3171 annis
736 3117 940 3173 crebris
969 3117 1358 3188 alternatisque
1387 3117 1646 3174 fetoribus
1675 3117 1886 3173 adulte-

1989 1946 2114 1986 num
2137 1930 2631 2002 adulteriorumquc
2651 1948 2827 2000 emno,
2842 1933 2988 1988 velut
3015 1936 3332 2004 quibusdam
3355 1941 3574 1998 marinis

1989 2022 2318 2077 irruentibus
2349 2021 2440 2076 tibi
2467 2023 2671 2076 voraris
2700 2021 2938 2078 feraliter
2961 2023 3149 2080 undis?
3171 2026 3359 2083 Nonne
3388 2046 3574 2100 pacem

1988 2114 2176 2184 patriae
2216 2112 2550 2167 mortiferum
2575 2129 2674 2168 ceu
2723 2122 3028 2184 serpentem
3056 2116 3265 2185 odiens,
3292 2119 3574 2190 civiliaque

2001 2204 2134 2257 bella
2151 2199 2203 2258 et
2219 2208 2434 2260 crebras
2451 2205 2649 2275 injuste
2667 2209 2876 2277 praedas
2895 2209 3308 2274 sitiens,anim:e
3333 2223 3437 2263 tua:
3457 2231 3565 2264 cu:-

1999 2296 2187 2350 lestem
2203 2307 2408 2365 portam
2427 2302 2570 2370 pacis
2589 2313 2653 2352 ac
2674 2297 2934 2370 refrigerii
2953 2303 3272 2371 praeludis?
3297 2303 3564 2358 Relietus.

1989 2398 2193 2453 quzeso,
2220 2381 2333 2452 jam
2384 2382 2531 2436 solus
2560 2395 2624 2436 ac
2664 2381 2710 2436 si
2735 2382 2896 2436 arbor
2930 2383 2982 2434 in
3022 2382 3199 2437 medio
3238 2399 3429 2453 campo
3457 2399 3573 2440 are-

1988 2486 2165 2539 scens,
2185 2471 2474 2528 recordare
2502 2480 2714 2544 patrum
2747 2471 3077 2541 fratrumque
3107 2473 3319 2527 tuorum
3345 2474 3573 2544 phanta-

1989 2565 2144 2625 siam,
2171 2562 2464 2633 iuvenilem
2512 2563 2964 2634 immaturamque
2991 2571 3244 2618 mortem.
3270 2564 3408 2619 Num
3448 2580 3574 2620 cen~

1991 2654 2167 2709 tennis
2197 2662 2255 2707 tu
2294 2652 2363 2708 ob
2392 2653 2642 2721 religiosa
2670 2652 2882 2714 merita,
2907 2652 2992 2707 vel
3023 2668 3235 2710 co:evus
3263 2653 3573 2711 Mathusala:

1989 2752 2248 2815 exceptus
2276 2759 2414 2812 pene
2443 2743 2588 2799 omni
2645 2742 2796 2810 prole
2824 2743 3124 2799 servaberis
3150 2745 3172 2798 ?
3201 2744 3569 2816 Nequaquam.

1989 2835 2096 2890 Sed
2118 2835 2217 2889 nisi
2246 2835 2422 2899 citius,
2449 2843 2508 2887 ut
2536 2832 2822 2888 Psalmista
2866 2834 2942 2888 ait
2973 2833 3145 2905 (Psal.
3177 2852 3268 2901 vn,
3302 2836 3412 2908 15),
3442 2852 3573 2892 con-

1988 2946 2176 2986 versus
2204 2929 2366 2985 fueris
2409 2930 2476 2983 ad
2519 2929 2822 2992 Dominum,
2867 2946 3060 3000 ensem,
3095 2929 3148 2983 in
3197 2939 3249 2984 te
3276 2929 3491 2984 vibrabit
3519 2931 3570 2984 in

1990 3021 2140 3076 brevi
2170 3038 2316 3074 suum
2344 3019 2458 3074 Rex
2489 3020 2578 3074 ille
2599 3019 2688 3089 qui
2715 3036 2810 3090 per
2833 3019 3151 3092 prophetam
3175 3036 3189 3073 :
3215 3017 3352 3090 Ego,
3377 3019 3570 3090 inquit,

1991 3112 2243 3176 occidam,
2273 3120 2321 3165 et
2350 3127 2443 3182 ego
2475 3113 2637 3165 vicere
2667 3112 2888 3182 faciam;
2920 3112 3220 3178 percutiam,
3253 3119 3302 3163 et
3340 3125 3432 3179 ego
3479 3127 3568 3164 sa-

290 3205 504 3259 riorum
533 3205 725 3268 victus.
768 3207 1006 3276 legitima
1038 3223 1208 3264 uxore
1233 3217 1425 3264 contra
1459 3208 1657 3264 Christi
1686 3208 1880 3277 Magis-1
1904 3210 1951 3274 C
1983 3207 2147 3270 nabo;
2178 3214 2226 3258 et
2247 3220 2346 3258 non
2373 3203 2553 3274 estqui
2592 3203 2654 3256 de
2681 3218 2836 3255 manu
2863 3217 2976 3255 mea
3004 3201 3163 3273 possit
3187 3216 3364 3256 eruere
3393 3199 3569 3271 (Deut.

292 3294 477 3362 trique
499 3295 739 3364 gentium
771 3297 1114 3353 interdictum
1145 3299 1359 3370 repulsa
1382 3297 1703 3355 dicentium:
1737 3296 1889 3363 Quod

294 3385 440 3442 Deus
484 3389 776 3459 conjunxit,
813 3392 964 3445 homo
1011 3407 1114 3445 non
1155 3399 1361 3462 separet
1416 3390 1629 3463 (Matth.
1663 3407 1776 3455 χιχ,
1823 3389 1885 3456 6;

294 3476 473 3532 Μαι-ε.
493 3494 552 3546 χ,
574 3477 649 3552 9);
673 3488 760 3534 et:
792 3479 923 3546 Viri,
949 3481 1149 3553 diligite
1170 3498 1357 3536 uxores
1378 3489 1568 3536 vestras
1597 3479 1792 3552 (Calas.
1811 3496 1887 3546 ιιι,

295 3569 412 3639 19).
443 3571 852 3626 Amarissimum
881 3573 1025 3628 enim
1073 3572 1341 3642 quoddam
1382 3573 1450 3628 de
1488 3572 1597 3628 vite
1624 3572 1892 3630 Sodomo-

297 3675 418 3714 rum
441 3659 494 3714 in
518 3659 698 3714 cordis
719 3661 804 3714 sui
835 3660 1162 3716 infructuosa
1177 3660 1322 3716 bono
1347 3661 1538 3716 semini
1568 3661 1743 3730 gleba,
1773 3676 1892 3716 sur-

297 3750 553 3805 culamen
607 3750 1001 3808 incredulitatis
1050 3760 1106 3807 et
1158 3753 1477 3822 insipientia:
1521 3753 1888 3828 plantaverat,

299 3842 446 3915 q‘uod
473 3841 704 3913 vulgatis
731 3842 1149 3911 domesticisque
1194 3843 1560 3913 impietatibus
1588 3843 1734 3898 velut
1767 3843 1859 3911 qui

301 3932 528 3987 busdam
556 3933 837 3988 venenatis
875 3933 1137 3989 imbribus
1176 3933 1475 4005 irrigatum,
1505 3939 1560 3987 et
1588 3933 1654 3986 ad
1684 3931 1776 3988 Dei
1806 3932 1890 3987 of-

301 4018 510 4086 fensam
539 4021 747 4077 avidius
766 4037 827 4076 se
855 4022 1068 4091 erigens
1093 4021 1363 4092 parricidii
1388 4021 1762 4090 sacrilegiique
1782 4021 1890 4076 cri-

300 4130 429 4172 men
448 4115 704 4186 produxit
732 4116 785 4170 in
809 4115 1062 4171 medium.
1088 4113 1194 4170 Sed
1223 4129 1324 4170 nec
1347 4113 1520 4169 adhuc
1543 4113 1780 4184 priorum
1807 4128 1894 4169 re-

300 4212 451 4280 tibus
501 4211 767 4268 maiorum
821 4211 1103 4282 expeditus
1125 4251 1140 4278 ,
1195 4209 1388 4284 priscis
1441 4209 1682 4266 recentia
1734 4217 1894 4279 auget

298 4303 483 4359 malis.

371 4394 434 4450 3.
464 4395 580 4464 Age
615 4394 724 4465 jam
753 4394 909 4468 quasi
950 4401 1271 4464 prmsentem
1310 4405 1500 4462 arguo,
1530 4405 1690 4463 quem
1718 4391 1895 4449 adhuc

297 4501 593 4559 superesse
638 4501 745 4541 non
797 4483 1002 4549 nescio.
1039 4482 1179 4562 Quid
1207 4490 1393 4554 stupes
1438 4481 1629 4537 anima:
1658 4481 1895 4538 carnifex

1989 3312 2156 3361 χχχιι,
2179 3292 2291 3364 59).
2319 3292 2679 3362 Quamobrem
2711 3300 2949 3346 excutere
2976 3291 3040 3345 de
3065 3289 3229 3346 fetido
3255 3291 3457 3362 pulvere
3479 3298 3569 3345 tuu

1970 3387 2126 3458 ,(lsa.
2161 3401 2250 3449 ιιι,
2283 3383 2362 3452 2),
2400 3393 2455 3438 et
2502 3393 2820 3438 convertere
2875 3382 2942 3436 ad
2973 3398 3093 3437 eum
3123 3390 3239 3437 toto
3286 3383 3452 3436 corde
3481 3383 3569 3451 qui

1988 3476 2192 3532 creavit
2222 3483 2275 3529 te
2305 3482 2383 3540 ut,
2414 3489 2527 3526 cum
2567 3473 2818 3526 exarserit
2857 3477 2913 3526 in
2944 3471 3082 3526 brevi
3117 3475 3198 3526 ira
3227 3472 3362 3545 ejus,
3392 3473 3568 3527 beata

1990 3568 2061 3622 sis
2085 3581 2302 3636 sperans
2332 3565 2385 3616 in
2414 3579 2529 3616 eum
2561 3561 2735 3634 (Psal.
2767 3578 2826 3627 ιι,
2851 3550 2962 3630 12):
2991 3562 3074 3616 sin
3100 3563 3252 3630 alias,
3278 3572 3493 3616 :eternm
3524 3572 3574 3617 te

1991 3656 2284 3712 manebunt
2323 3669 2493 3723 paena:
2533 3651 2922 3707 conterendum
2951 3667 3093 3707 saeva
3123 3650 3378 3706 continue
3398 3659 3454 3705 et
3481 3666 3574 3706 ne~

1990 3762 2258 3821 quaquam
2281 3743 2672 3800 absumendum
2704 3744 2890 3798 tartari
2913 3741 3086 3798 fauce.

2064 3839 2192 3897 Car.
2236 3855 2313 3895 ιιι.
2363 3837 2660 3908 Increpatio
2709 3838 2764 3890 in
2816 3836 3186 3905 Vortiporium.
3223 3866 3297 3877 -—
3334 3835 3472 3903 Quid
3522 3844 3576 3889 tu

1991 3949 2208 4005 quoque
2238 3931 2408 4004 pardo
2437 3931 2626 3986 similis
2652 3930 2925 3997 moribus,
2958 3938 3013 3984 et
3039 3929 3292 4000 nequitiis
3319 3929 3576 3996 discolor,

1992 4034 2314 4084 canescente
2337 4023 2448 4094 jam
2492 4023 2699 4092 capite,
2734 4022 2787 4076 in
2830 4022 3027 4077 throno
3056 4021 3193 4077 dolis
3219 4022 3398 4093 pleno,
3429 4031 3484 4076 et
3512 4022 3578 4075 ah

1993 4118 2115 4172 imis
2161 4116 2365 4172 vertice
2413 4123 2570 4171 tenus
2617 4114 2845 4170 diversis
2883 4115 3180 4187 parricidiis
3219 4122 3276 4170 et
3301 4113 3580 4168 adulteriis

1994 4217 2363 4278 constuprato,
2415 4205 2544 4262 boni
2590 4205 2752 4275 regis,
2805 4220 3036 4274 nequam
3083 4205 3185 4271 fili,
3235 4212 3295 4260 ut
3341 4204 3581 4260 Ezechia:

1994 4298 2302 4364 Manasses,
2362 4297 2706 4354 Demetarum
2762 4304 2990 4369 tyranne
3053 4293 3317 4373 Vortipori
3371 4296 3582 4368 stupida

1995 4391 2169 4462 riges?
2213 4389 2351 4461 Quid
2400 4396 2454 4443 te
2500 4399 2608 4442 tam
2649 4388 2872 4444 violenti
2925 4395 3269 4458 peccatorum
3315 4389 3581 4456 gurgites,

1998 4500 2136 4556 quos
2163 4491 2224 4537 ut
2249 4483 2432 4536 vinum
2463 4481 2724 4550 optimum
2751 4480 2958 4545 sorbes,
2990 4480 3098 4534 imo
3141 4488 3194 4534 tu
3226 4479 3292 4533 ab
3322 4480 3399 4534 eis
3428 4495 3584 4539 vora-

298 4578 541 4651 prwoprim
562 4578 586 4632 ‘t
611 4575 747 4644 Quid
777 4576 872 4631 tibi
889 4574 1134 4631 flammas
1160 4573 1354 4631 inferni
1384 4573 1688 4631 voluntarie
1711 4589 1901 4632 accen-
1929 4585 1973 4642 υ
2001 4577 2094 4639 ris,
2133 4574 2602 4647 appropinquante
2628 4571 2827 4626 sensim
2865 4571 2988 4626 vitae
3019 4571 3184 4625 limite
3215 4586 3320 4626 non
3351 4571 3585 4632 satiant?

301 4671 392 4727 dis
421 4683 698 4743 nunquam
727 4667 1069 4731 defecturas?
1096 4664 1234 4734 Quid
1263 4665 1601 4727 inimicorum
1630 4665 1744 4719 vice
1774 4679 1900 4737 pro-

300 4763 441 4834 priis
470 4769 525 4816 te
569 4759 815 4816 confodis
853 4766 1054 4829 sponte
1092 4756 1332 4819 ensibus,
1365 4755 1569 4811 hastis?
1597 4754 1750 4810 Anne
1788 4755 1904 4829 ipsa

301 4853 532 4929 quidem
556 4850 821 4906 virulenta
844 4850 1112 4906 scelerum
1153 4864 1217 4903 ac
1255 4848 1298 4903 si
1323 4847 1513 4919 pocula
1544 4855 1732 4924 pectus
1757 4833 1905 4902 tuum

300 4949 513 5010 satiare
539 4943 862 5018 quiverunt?
886 4941 1137 5012 Respice,
1158 4954 1360 5010 qumso,
1392 4947 1446 4993 et
1473 4939 1596 4993 veni
1639 4937 1704 4992 ad
1742 4937 1898 4993 Chri-

303 5054 480 5112 stum,
511 5040 772 5111 siquidem
814 5039 1029 5094 laboras
1058 5045 1116 5092 et
1153 5036 1417 5090 immenso
1443 5031 1684 5103 pondere
1713 5047 1905 5086 curva-

304 5136 418 5199 ris;
466 5140 526 5190 et
554 5134 667 5203 ipse
695 5141 769 5198 te,
800 5137 862 5185 ut
903 5128 1042 5184 dixit
1072 5125 1289 5199 (Matth.
1315 5141 1389 5191 xi,
1420 5122 1536 5196 28),
1565 5123 1904 5192 requiescere

305 5230 497 5286 faciet.
520 5225 653 5283 Veni
679 5225 748 5281 ad
769 5238 891 5280 eum
939 5221 1031 5296 qui
1059 5237 1163 5275 non
1191 5219 1295 5273 vult
1331 5216 1618 5289 peccatoris
1667 5225 1903 5284 mortem,

315 5326 413 5375 sed
431 5329 491 5380 ut
526 5326 851 5376 convertatur
879 5323 929 5371 et
967 5313 1105 5368 vivat
1163 5309 1384 5382 (Ezeclt.
1418 5323 1602 5374 χχχιιι,
1637 5306 1747 5378 il).
1782 5305 1905 5378 Dis-

394 5499 423 5527 ⁸
442 5501 730 5568 Arbitrum,
759 5499 974 5570 Fragm.

386 5572 416 5614 δ
445 5573 610 5630 Decet
631 5574 685 5627 in
715 5564 930 5639 Fragm.
965 5564 1436 5638 commanipulares
1464 5571 1534 5622 et.
1567 5619 1570 5622 ι

389 5654 415 5718 ε
446 5642 566 5718 ἔοι
593 5645 702 5718 qui.
724 5641 940 5718 Frem-

387 5713 415 5753 ⁸
446 5709 618 5770 ῡθεεί
634 5712 873 5768 certatim
901 5711 955 5765 in
983 5709 1196 5778 Fragm.

396 5795 422 5826 ο
446 5783 641 5855 Dotose
668 5783 840 5855 potius
878 5797 1031 5854 quam
1059 5770 1240 5837 nierito
1267 5781 1507 5851 poterunt
1538 5770 1700 5845 (forte
1727 5777 1901 5844 prote-

321 5856 492 5932 nta),
514 5854 729 5930 Fragm.

2004 4666 2145 4734 Quid
2175 4662 2328 4742 quasi
2354 4663 2602 4720 culminis
2647 4663 2908 4717 malorum
2949 4661 3190 4718 omnium
3232 4672 3419 4736 stupro
3459 4679 3586 4733 pro-

2006 4759 2124 4830 pria
2154 4766 2242 4811 tua
2271 4763 2452 4811 amota
2478 4754 2734 4823 conjuge,
2773 4752 3122 4824 ejusdemque
3156 4753 3381 4808 honesta
3414 4760 3588 4807 morte

2008 4849 2334 4922 impudentis
2370 4848 2491 4904 filiae
2529 4847 2764 4917 quodam
2796 4846 3123 4904 ineluctabili
3158 4847 3396 4916 pondere
3424 4845 3587 4898 mise-

2006 4956 2122 4996 ram
2168 4941 2403 4994 animam
2442 4939 2671 4994 oneras?
2708 4935 2786 4993 Ne
2814 4922 3121 5002 consumas,
3153 4950 3356 5004 quaeso,
3382 4933 3587 4988 dierum

2005 5030 2150 5102 quod
2178 5030 2442 5099 reliquum
2473 5037 2556 5084 est
2585 5028 2637 5083 in
2657 5027 2761 5083 'Dei
2792 5026 3049 5082 offensam
3088 5044 3101 5078 :
3134 5023 3257 5094 quia
3296 5039 3429 5076 nunc
3458 5031 3586 5076 tem-
3620 5051 3623 5058 -

2007 5137 2101 5192 pus
2131 5117 2443 5191 acceptabile
2476 5127 2526 5172 et
2553 5117 2660 5172 dies
2690 5115 2874 5172 salutis
2904 5115 2990 5188 (II
3020 5111 3138 5170 Cor.
3172 5129 3241 5176 vr,
3273 5109 3328 5185 ἓ)
3359 5111 3589 5168 vultibus

2007 5211 2383 5282 ptenitentium
2431 5209 2592 5276 lucet,
2643 5208 2695 5263 in
2736 5223 2844 5285 quo
2885 5209 3024 5263 bene
3068 5205 3283 5278 operari
3323 5212 3497 5275 potes,
3528 5221 3590 5260 ne

2013 5305 2105 5376 ﬁat
2136 5305 2260 5381 fuga
2288 5312 2378 5358 tua
2409 5302 2572 5358 hieme
2591 5303 2668 5357 vel
2693 5300 2904 5360 sabbato
2935 5298 3151 5354 (Matth.
3178 5313 3322 5366 xxiv,
3350 5296 3462 5370 20).
3499 5300 3588 5355 ιλι-

2086 5482 2106 5523 ί
2137 5483 2417 5548 Intrando,
2447 5482 2662 5550 Fragm.

2083 5563 2109 5602 α
2140 5553 2291 5635 Sacra
2319 5554 2477 5617 paulo
2502 5549 2880 5672 post..Fragm.
3016 5619 3028 5632 _
3227 5614 3232 5620 ἣ

2083 5621 2108 5662 δ
2138 5621 2283 5672 Edtt.
2319 5625 2574 5672 lamenta
2603 5621 2738 5672 Bibl.
2815 5617 2874 5672 Ρ.
2908 5617 3129 5672 Ριιιελ.
3157 5619 3232 5672 Ca

2080 5621 2108 5662 δ
2138 5621 2283 5679 Edit.
2319 5617 2574 5696 (excepta
2603 5621 2738 5677 Bibl.
2775 5617 2874 5674 PP.
2908 5617 3130 5691 Paris.),
3157 5617 3372 5684 Canitie.

2080 5767 2098 5800 ⁸
2131 5763 2273 5824 Bibl.
2309 5763 2416 5824 PP.
2443 5763 2639 5836 Paris.,
2667 5759 2981 5823 Dannonite.
