3954 6178
3228 233 3252 261 1

244 288 336 341 531
1135 283 1362 341 σιμιλε
1377 280 1884 356 ,δςὶιδιΕΝΊΊὸἬΕ
1922 278 2194 337 ΕΜΣΙΟΙΟ
2235 280 2624 336 ΒΝΤΑΝΝΙᾸΕ
3212 267 3220 275 ’
3401 279 3505 338 532

242 416 400 467 rerte,
440 402 732 458 secundum
779 396 1138 464 Psalinistam,
1168 414 1198 450 α
1228 397 1366 452 malo
1395 406 1445 451 et
1473 397 1557 468 [ac
1583 397 1768 451 bonum
1794 410 1814 450 :
1844 403 1893 460 Α
1923 393 2123 446 minum
2166 405 2325 459 regia:
2351 395 2545 447 cerwci
2574 400 2784 462 sponte,
2821 398 2879 448 ut
2908 392 2980 448 ita
3009 392 3204 461 dicam,
3236 392 3503 459 inelueta-

240 496 443 567 iuquire
477 509 655 565 pacem
705 492 888 548 bonum
936 499 984 545 et
1028 506 1236 560 sequere
1273 506 1389 544 eam
1426 486 1596 558 (Psul.
1632 503 1820 556 xxxiii,

242 587 470 655 1548);
501 585 626 657 quia
656 583 790 639 oculi
835 581 1043 639 Domini
1075 596 1237 651 super
1280 590 1333 637 te
1374 579 1515 636 bona
1548 589 1818 650 agentem,

240 692 290 737 et
319 696 469 735 aures
496 680 608 750 ejus
639 687 793 733 erunt
821 677 874 745 in
915 691 1087 746 preces
1119 685 1254 742 tuas,
1298 684 1352 731 ct
1389 690 1498 730 non
1542 674 1720 746 perdet
1759 673 1822 729 de

240 783 380 827 terra
412 772 679 825 circuitum
710 767 1009 822 memoriam
1049 777 1214 822 tuam.
1253 765 1521 821 Clatnabis
1559 773 1617 820 et
1655 779 1823 819 exau-

240 862 351 916 diet
382 871 465 925 te;
496 869 544 913 et
579 874 646 914 ex
681 857 916 913 omnibus
958 855 1370 910 tribulationibus
1418 855 1521 910 tuis
1563 863 1715 912 eruet
1745 862 1818 910 te.

242 956 344 1009 Cor
384 950 647 1021 siquidem
689 950 965 1005 contritum
1005 959 1053 1003 et
1080 947 1399 1001 quniiiatum
1432 945 1602 1019 (Psai.
1641 964 1692 1012 L,
1725 944 1815 1017 i9)

244 1044 435 1098 titnorc
457 1040 573 1111 ejus
599 1054 865 1111 nusquam
899 1038 1144 1094 Christus
1172 1039 1395 1110 spernit.
1429 1036 1677 1107 Alioquin
1707 1053 1820 1092 rer-

242 1152 336 1190 mts
368 1133 616 1192 lortionis
648 1142 751 1188 tua:
780 1150 882 1187 non
910 1134 1184 1205 morietur,
1216 1141 1267 1187 et
1293 1132 1429 1202 ignis
1467 1131 1690 1186 ustionis
1720 1141 1821 1186 tua:

239 1241 343 1282 non
374 1220 726 1297 exstinguetur
756 1224 892 1297 (Isa.
925 1240 1067 1291 ιιινι,
1099 1222 1198 1289 24;
1228 1222 1397 1278 Marc.
1427 1240 1500 1289 ix,
1527 1221 1642 1294 45).

310 1316 439 1371 Car.
472 1332 544 1370 vi.
585 1314 884 1383 Increpatio
913 1316 967 1370 in
997 1312 1387 1386 Cuneglassum.
1418 1346 1487 1358 —-
1521 1313 1589 1370 Ut
1616 1314 1741 1386 quid
1769 1315 1821 1370 in

241 1408 491 1478 nequitia:
522 1414 623 1463 tua:
664 1407 902 1463 volveris
929 1415 1139 1463 vetusta
1167 1406 1320 1476 faece,
1350 1415 1406 1464 et
1444 1415 1499 1462 tu
1538 1408 1606 1462 ab
1642 1408 1826 1464 adole-

238 1497 460 1553 scentiae
479 1496 632 1552 annis
654 1511 777 1553 urse
799 1496 1086 1552 multorum
1116 1510 1297 1552 sessor
1319 1496 1608 1566 aurigaquc
1632 1512 1824 1551 currus

242 1590 573 1663 receptaculi
616 1590 748 1657 ursi,
787 1590 883 1648 Dei
911 1597 1252 1660 contemptor
1280 1586 1540 1659 fortisque
1582 1587 1697 1657 ejus
1727 1588 1820 1643 de-

240 1696 488 1756 pressor,
533 1681 880 1754 Cunegiasse,
930 1680 1176 1737 Romana
1222 1680 1403 1749 lingua
1452 1679 1595 1735 lanio
1647 1681 1823 1735 fulve?

1922 483 2056 538 biies
2077 481 2341 536 celsorum
2370 496 2470 536 ceu
2501 483 2762 537 montium
2791 484 3018 539 inuectis
3047 484 3256 541 moles?
3284 484 3421 552 Quid
3452 495 3506 543 te

1921 588 2029 627 non
2076 572 2126 626 ei
2177 585 2361 651 regum
2410 572 2647 626 oumium
2694 574 2834 642 regi,
2888 589 3046 645 quem
3087 576 3299 631 cunctis
3366 592 3507 647 pene

1924 663 2208 720 Britannia:
2232 665 2456 719 ducibus
2475 674 2582 719 tam
2605 679 2770 734 regno
2797 664 2939 729 fecit,
2963 682 3122 736 quam
3140 676 3311 722 status
3333 667 3505 724 linea-

1923 766 2108 811 mento
2129 756 2433 823 editiorem,
2466 756 2687 811 exhibes
2709 758 2916 813 cmteris
2939 757 3177 813 moribus
3201 758 3502 827 meliorem,

1925 848 2017 905 sed
2064 863 2219 904 versa
2276 849 2392 903 vice
2444 848 2813 904 deteriorem?
2859 865 3085 921 quorum
3150 851 3507 907 indubitatam

1927 938 2300 1008 mquaniiniter
2327 938 2695 994 conviciorum
2735 941 3035 997 auscultato
3063 956 3350 1015 parumper
3379 944 3511 998 asti-

1927 1029 2285 1100 pulationem,
2345 1033 2558 1089 omissis
2627 1033 2939 1090 domesticis
2997 1023 3392 1108 levioribusque
3442 1035 3510 1109 (si

1931 1131 2109 1177 tamen
2158 1124 2333 1195 aliqua
2375 1135 2500 1181 Sunt
2546 1125 2708 1198 levia)
2760 1128 3036 1197 propalata
3070 1129 3084 1160 ¹
3124 1128 3299 1183 solum
3349 1128 3511 1199 longe

1927 1211 2141 1282 lateque
2185 1230 2284 1285 per
2337 1231 2497 1269 auras
2548 1215 2784 1272 admissa
2833 1226 3166 1273 testaturam.
3220 1219 3408 1275 Nonne
3451 1220 3509 1276 in

1925 1303 2111 1371 primis
2166 1303 2540 1362 adolescentia:
2589 1317 2691 1362 tuae
2746 1308 2901 1365 annis
2958 1301 3278 1366 aVuneulum
3329 1327 3511 1384 regem

1926 1408 2047 1447 cum
2079 1393 2383 1451 fortissimis
2411 1399 2797 1468 propemodum
2830 1400 3107 1472 militibus,
3138 1418 3365 1472 quorum
3396 1405 3511 1463 vul-

1929 1490 2014 1538 tus
2042 1482 2149 1538 non
2179 1486 2479 1541 catulorum
2505 1487 2678 1543 leonis
2707 1489 2760 1543 in
2787 1491 2904 1545 acie
2925 1507 3251 1563 magnopere
3272 1493 3512 1564 dispares

1932 1576 2277 1643 videbantur,
2311 1580 2575 1636 acerrime
2613 1597 2761 1649 ense,
2801 1584 2976 1652 hasta,
3021 1585 3130 1655 igni
3160 1587 3512 1657 oppressisti?

1928 1683 2119 1739 parum
2145 1670 2391 1739 cogitans
2419 1658 2790 1744 propheticum
2815 1674 3011 1730 dictum
3040 1694 3054 1730 :
3088 1676 3218 1743 Viri,
3247 1679 3510 1748 inquiens,

237 1776 417 1842 Quare
460 1781 669 1831 tantum
709 1759 986 1828 εει-ιπηθῇ
1017 1779 1127 1827 tam
1161 1763 1469 1827 hdminibus
1509 1786 1671 1842 quam
1714 1771 1824 1825 Deo
1858 1768 1902 1826 Β
1928 1760 2238 1830 sanguinum
2273 1767 2322 1813 et
2362 1760 2469 1816 doli
2512 1778 2616 1816 non
2655 1762 2999 1818 dimidiabunt
3041 1766 3151 1820 dies
3184 1783 3306 1821 suos
3336 1766 3509 1840 (I’sal.

241 1873 485 1934 prmstas,
533 1863 842 1920 hominibus
887 1863 1092 1919 civibus
1138 1863 1348 1918 scilicet
1386 1862 1551 1918 armis
1596 1863 1825 1918 exitiali-

238 1958 339 2013 bus
365 1965 412 2023 ι,
448 1955 559 2029 Deo
584 1955 808 2011 infinitis
834 1953 1164 2011 sceleribus?
1191 1953 1330 2021 Quid
1353 1961 1548 2025 praster
1576 1954 1819 2009 innume-

236 2047 432 2103 rabiles
460 2062 639 2112 casus,
679 2045 898 2116 propria
931 2059 1101 2101 uxore
1140 2044 1311 2114 pulsa,
1357 2043 1663 2100 furciferam
1697 2058 1822 2112 ger-

240 2152 453 2192 manam
491 2139 608 2207 ejus
648 2144 966 2207 perpetuam
1009 2135 1123 2191 Deo
1148 2134 1422 2191 viduitatis
1449 2132 1822 2190 castimoniam

238 2226 643 2295 promittentem
681 2226 764 2298 (ut
791 2236 951 2296 poeta
979 2224 1101 2298 ait),
1131 2242 1394 2282 summam
1435 2230 1533 2282 eeu
1566 2227 1826 2282 tenerituq

234 2319 418 2373 dinem
444 2317 811 2375 caelicolarum
841 2314 977 2388 (tota
1018 2318 1184 2374 animi
1218 2318 1569 2375 veneratione
1603 2318 1688 2373 vel
1728 2334 1821 2389 po-

246 2408 352 2463 tius
392 2405 739 2479 hebetudine)
796 2409 1180 2481 nympharum,
1232 2416 1422 2465 contra
1478 2408 1822 2465 interdictum

244 2494 489 2565 Apostoli
519 2493 661 2565 (Gal.
693 2513 744 2564 v,
773 2496 867 2569 2|)
897 2498 1214 2567 denegantis
1243 2513 1404 2568 posse
1428 2497 1708 2555 adulteros
1732 2514 1824 2554 re-

238 2583 327 2652 gni
361 2587 598 2643 caelestis
630 2599 752 2642 esse
780 2585 1082 2656 municipes
1099 2628 1115 2656 ,
1141 2587 1405 2657 suscipis?
1430 2577 1567 2654 Quid
1594 2588 1824 2658 gemitus

240 2682 410 2743 atque
438 2675 673 2743 suspiria
719 2684 1054 2746 sanctorum,
1100 2686 1323 2749 propter
1368 2685 1423 2734 te
1468 2679 1826 2751 corporaliter

241 2763 580 2819 mcerentium
610 2764 662 2836 δ,
687 2766 805 2823 vice
832 2766 1080 2823 immanis
1116 2768 1297 2823 leaena:
1319 2769 1558 2824 dentium
1582 2786 1704 2826 ossa
1735 2780 1823 2827 tua

239 2853 564 2926 quandoque
593 2856 826 2913 fractura
854 2857 1059 2913 crebris
1087 2858 1306 2927 instigas
1335 2857 1582 2928 injuriis?
1611 2858 1821 2925 Desine,

240 2961 453 3016 quieso,
486 2954 544 3000 ut
571 2947 836 3019 propheta
875 2947 969 3014 ait,
1003 2948 1067 3015 ab
1096 2948 1175 3001 ira
1195 2990 1209 3017 ,
1236 2957 1283 3002 et
1311 2948 1605 3020 derelinque
1632 2949 1824 3004 exitia-

238 3042 346 3091 lem
406 3052 471 3093 ac
529 3038 869 3108 temetipsum
912 3047 1306 3106 maceratur-am
1349 3037 1531 3110 (quem
1574 3028 1714 3097 οαὲιο
1757 3054 1824 3095 ac

1926 1862 2032 1913 ιιν,
2063 1845 2178 1918 24).
2210 1846 2347 1915 Quid
2377 1865 2475 1920 pro
2504 1849 2608 1904 hoc
2637 1850 2753 1906 solo
2784 1852 3150 1910 retributionis
3189 1870 3219 1909 a
3252 1855 3398 1924 justo
3420 1856 3512 1924 ju-

1924 1939 2047 1994 dice
2074 1954 2344 2014 Sperares,
2376 1943 2476 1997 etsi
2505 1956 2613 1997 non
2640 1942 2767 1996 talia
2797 1944 3153 2011 sequerentur
3180 1961 3299 2014 quae
3327 1958 3511 2001 secuta

1925 2036 2072 2097 sunt,
2112 2012 2299 2086 itidem
2344 2029 2559 2087 dicente
2602 2047 2703 2102 per
2753 2034 3117 2103 prophetam:
3162 2012 3250 2091 νὼ
3295 2037 3385 2091 tibi
3425 2039 3513 2109 qui

1923 2122 2198 2192 prwdaris,
2230 2138 2404 2176 nonne
2431 2122 2632 2193 et'ipse
2674 2116 3034 2194 pra-daberis?
3075 2136 3125 2181 et
3166 2129 3255 2201 qui
3300 2130 3512 2195 occidis,

1923 2229 2095 2267 nonne
2120 2222 2169 2266 et
2197 2214 2306 2283 ipse
2332 2204 2624 2270 occideris?
2644 2227 2693 2270 et
2720 2233 2836 2271 cum
2864 2217 3049 2293 desine.
3069 2220 3113 2274 is
3131 2221 3379 2293 prwdari,
3408 2231 3515 2277 tam

1924 2303 2078 2358 cades
2108 2303 2244 2373 (Isa.
2277 2321 2442 2360 xum
2461 2348 2476 2373 ,
2510 2304 2586 2376 1).
2618 2302 2809 2363 Nonne
2850 2291 3139 2378 postquam?
3168 2312 3261 2368 tibi
3291 2328 3357 2368 ex
3386 2324 3515 2372 voto

1923 2395 2148 2452 violenti
2187 2398 2341 2466 regni
2372 2392 2652 2467 phantasia
2698 2400 2863 2456 cessit
2895 2402 3189 2472 cupiditate
3227 2405 3454 2462 inlectus
3488 2419 3513 2446 °

1926 2486 1995 2541 ad
2025 2487 2165 2542 viam
2196 2488 2502 2544 revertendi
2523 2497 2751 2560 rectam,
2781 2490 3077 2561 diebusque
3103 2509 3169 2550 ac
3189 2497 3434 2552 noctibus
3462 2498 3517 2555 id

1926 2580 2205 2648 temporis,
2229 2580 2561 2637 conscientia
2590 2581 2729 2637 forte
2757 2584 3122 2653 peccaminum
3147 2587 3515 2658 remordente,

1925 2668 1995 2723 de
2048 2669 2243 2725 deinco
2291 2671 2488 2727 timore
2539 2673 3038 2744 monachorumque
3087 2674 3360 2747 decretis,
3412 2681 3515 2735 sub

1926 2759 2087 2813 dente
2136 2759 2367 2829 primum
2424 2761 2590 2817 multa
2639 2763 2949 2833 ruminans,
2999 2764 3196 2821 deinde
3241 2768 3515 2839 popularis

1926 2865 2068 2905 aurai
2118 2852 2427 2920 cognitione
2457 2856 2477 2885 ³
2515 2855 2816 2925 proferens,
2866 2858 3194 2913 monachum
3239 2849 3356 2916 sine
3403 2861 3513 2916 ullo

1927 2940 2277 3009 inﬁdelitatis,
2310 2952 2369 2998 ut
2392 2944 2595 3010 aiebas,
2626 2955 2895 3016 respectu,
2928 2963 3111 3004 coram
3145 2951 3514 3021 omnipotente

1925 3031 2061 3099 Deo,
2092 3032 2346 3101 angelicis
2376 3034 2609 3091 vultibus
2639 3036 2993 3108 humanisque
3023 3041 3249 3110 (ruptis,
3270 3048 3330 3096 ut
3354 3051 3514 3112 puta.

243 3139 421 3198 ιριτω,
466 3130 572 3186 hoc
619 3139 725 3201 est,
769 3129 881 3187 Deo
906 3124 1174 3201 gregique
1214 3131 1329 3201 ejus
1363 3130 1553 3202 spiras)
1595 3133 1820 3204 [ανονεηι
1847 3128 1895 3192 c
1925 3121 2112 3189 batur,
2142 3123 2506 3194 capacissimis
2533 3125 2637 3182 illis
2660 3128 2854 3197 quibus
2878 3131 3276 3202 praecipitanter
3313 3133 3516 3191 involvi

242 3223 412 3298 (Psal.
445 3240 626 3291 xxxvr,
650 3225 708 3297 8)
734 3242 748 3279 :
771 3224 855 3279 fac
874 3239 970 3279 eos
999 3224 1177 3296 potius
1205 3224 1424 3280 mutatis
1451 3240 1550 3296 pro
1581 3233 1635 3282 te
1663 3239 1824 3281 orare

238 3318 495 3385 moribus,
544 3319 738 3388 quibus
784 3316 1024 3389 suppetit
1065 3328 1228 3385 supra
1275 3315 1531 3370 mundum
1574 3314 1825 3386 alligandi

236 3426 359 3466 cum
406 3412 460 3465 in
502 3410 701 3467 mundo
744 3426 868 3467 reos
905 3407 1264 3476 alligaverint,
1309 3416 1364 3462 et
1408 3408 1653 3464 solvendi
1698 3424 1823 3465 eum

239 3486 843 3569 pienitentesisolverint
867 3506 1129 3572 potestas.
1164 3495 1217 3551 N
1221 3499 1309 3564 oti,
1338 3506 1397 3554 ut
1419 3498 1495 3555 ait
1514 3498 1821 3572 Apostolus,

238 3592 455 3662 superbe
479 3610 690 3661 sapere,
720 3593 800 3648 vel
827 3610 1038 3664 sperare
1063 3593 1117 3647 iu
1148 3595 1343 3647 incerto
1373 3590 1689 3656 divitiarum,
1731 3590 1826 3645 sed

238 3685 293 3737 in
324 3684 434 3740 Deo
457 3685 542 3756 qui
566 3696 782 3757 pra'stat
810 3685 903 3739 tibi
930 3686 1093 3739 multa
1117 3684 1322 3738 abunde
1352 3681 1408 3755 (Ι
1438 3680 1569 3738 Tim.
1607 3699 1677 3751 v1,
1710 3681 1820 3756 i7),

239 3784 298 3828 ut
327 3792 425 3846 per
449 3776 885 3831 emendationem
910 3791 1123 3831 morum
1152 3775 1481 3837 thesaurizes
1510 3776 1602 3830 tibi
1633 3777 1826 3845 funda-

239 3874 467 3919 mentum
508 3864 694 3920 bonum
738 3867 791 3919 in
832 3866 1077 3937 futurum,
1126 3872 1173 3918 et
1220 3864 1410 3919 habeas
1446 3881 1618 3919 veram
1646 3866 1821 3931 vitam,

242 3969 534 4024 perennem
559 3954 823 4024 profecto,
856 3970 962 4010 non
989 3954 1292 4010 deciduam.
1323 3954 1566 4025 Alioquin
1595 3957 1744 4023 scies,
1775 3965 1825 4010 et

239 4045 430 4098 videbis
457 4044 618 4099 etiam
649 4061 803 4117 quam
825 4045 1020 4099 malum
1044 4052 1092 4099 et
1122 4061 1357 4099 amarum
1385 4055 1462 4100 est
1486 4045 1751 4115 reliquisse
1778 4054 1827 4099 te

240 4135 522 4191 Dominum
560 4136 727 4192 Deum
759 4146 923 4208 tuum,
947 4147 995 4191 et
1025 4154 1128 4192 non
1157 4155 1268 4193 esse
1289 4122 1522 4194 timorem
1546 4124 1657 4211 eius
1687 4139 1827 4211 apud

239 4237 288 4281 te
329 4226 458 4300 (λεν.
500 4244 559 4299 ιι,
602 4228 726 4301 19);
771 4239 827 4286 et
871 4230 923 4284 in
975 4230 1176 4297 futuro,
1229 4240 1367 4286 tetro
1410 4230 1610 4302 ignium
1664 4216 1825 4300 globo

238 4328 561 4374 aeternorum
602 4329 655 4375 te
703 4320 876 4387 exuri,
922 4336 1023 4376 nec
1070 4328 1247 4376 tamen
1294 4320 1402 4377 ullo
1456 4320 1619 4377 modo
1663 4321 1822 4376 mori.

239 4408 512 4478 Siquidem
544 4419 652 4465 tam
681 4413 1067 4467 sceleratorum
1106 4413 1214 4466 sint
1254 4413 1518 4483 perpetim
1550 4424 1571 4451 ε
1604 4413 1827 4469 immor-

243 4499 377 4554 tales
406 4498 514 4568 igni
545 4501 759 4570 animaz,
790 4492 950 4571 quam
981 4512 1288 4557 sanctorum
1318 4496 1534 4558 laetitiae.

310 4588 441 4645 Car.
473 4606 566 4645 vlt.
600 4589 899 4671 Increpatio
927 4595 981 4647 in
1010 4592 1400 4665 Maglocunum.
1425 4627 1498 4656 τ-
1522 4594 1570 4649 Ι.
1601 4594 1740 4663 Quid
1762 4603 1818 4652 tu

236 4680 400 4735 etiam
441 4681 691 4737 insularis
717 4683 905 4753 draco,
933 4685 1223 4739 multorum
1249 4694 1597 4758 tyrannorum
1635 4687 1821 4758 depul-

239 4790 330 4827 sor
358 4781 465 4827 tam
508 4789 673 4843 regno
698 4790 858 4844 quam
893 4777 1055 4830 etiam
1084 4775 1211 4841 vita,
1246 4777 1672 4847 supradictoruzn
1722 4795 1824 4834 no-

242 4865 459 4920 vissime
489 4865 542 4918 in
573 4863 600 4903 ἀ
635 4865 798 4937 stylo,
821 4865 995 4934 prime
1030 4866 1082 4920 in
1122 4867 1283 4931 malo,
1315 4866 1488 4938 major
1513 4869 1693 4924 multis
1719 4885 1819 4940 po-

244 4960 409 5015 tentia
437 4958 701 5030 simulque
729 4959 954 5025 malitia,
986 4958 1187 5028 largior
1219 4960 1272 5014 in
1311 4960 1508 5028 dando,
1553 4960 1824 5032 profusior

242 5053 297 5126 jn
344 5059 589 5122 peccato,
626 5053 847 5107 robusto
872 5052 1053 5117 armis,
1094 5050 1190 5107 sed
1227 5052 1420 5107 animae
1447 5051 1637 5111 fortior
1678 5053 1823 5111 exci-

241 5143 364 5216 diis,
396 5142 724 5214 Magiocnne,
756 5142 809 5197 in
838 5150 950 5199 tam
980 5150 1193 5198 vetusto
1213 5143 1473 5199 scelerum
1496 5154 1818 5212 atramento,

242 5235 395 5305 peiuri
434 5234 673 5290 madidus
717 5233 848 5307 (Jer.
895 5251 1045 5299 mu,
1085 5234 1140 5304 9)
1185 5235 1309 5303 vino
1355 5233 1423 5290 de
1468 5234 1824 5294 Sodomitana

244 5328 356 5382 vite
381 5342 639 5397 expresso
667 5326 863 5387 stolide
890 5327 1187 5385 volutaris?
1215 5325 1391 5394 Quare
1421 5335 1597 5384 tantas
1626 5343 1821 5400 pecca-

318 5492 344 5554 s
376 5482 538 5554 ﬁdit"
568 5486 896 5554 specialibus.

316 5552 342 5604 ι)
377 5551 516 5630 gilii.
550 5551 796 5630 (excepta
824 5557 957 5613 Bibl.
991 5554 1096 5612 PP.
1129 5557 1346 5630 Paris),
1369 5560 1698 5620 versandum.

319 5634 342 5695 ἢ
377 5620 543 5695 ﬁdit,
559 5620 784 5695 perpeti.

314 5693 339 5743 ii
376 5692 534 5767 Quest
553 5692 858 5767 praepositio
879 5699 955 5767 in,
973 5696 1101 5763 edit,

320 5772 343 5815 9
375 5760 807 5836 Ειιὶιηῖηέέειιιε,
873 5781 880 5788 ’

1922 3211 2102 3267 solent
2121 3213 2345 3283 pingues
2374 3216 2513 3270 tauri
2539 3218 2743 3275 moduli
2774 3221 2853 3275 tui
2873 3221 3076 3277 retibus
3101 3240 3113 3276 :
3139 3224 3316 3279 omnis
3338 3227 3513 3296 regni,

1925 3303 2040 3358 auri
2065 3305 2398 3381 argentique,
2430 3315 2486 3361 et
2511 3307 2656 3376 quod
2683 3309 2857 3379 majus
2880 3318 2981 3373 est,
3005 3312 3237 3383 propria:
3261 3313 3516 3369 volunta—

1876 3416 1881 3423 ·
1925 3393 1994 3448 tis
2016 3393 2434 3451 distensionibus
2462 3398 2652 3470 ruptis)
2683 3410 2944 3470 perpetuo
2966 3402 3181 3468 vovisti,
3217 3411 3275 3460 et
3310 3413 3428 3461 rete
3448 3420 3518 3462 ac

1923 3485 1968 3541 si
1998 3486 2226 3543 stridulo
2258 3502 2452 3543 canum
2482 3489 2636 3561 lapsu
2664 3506 2843 3545 aerem
2872 3492 3049 3548 valide
3075 3503 3380 3561 secantem,
3412 3512 3517 3551 sse-

1926 3592 2131 3647 vosque
2152 3577 2324 3648 rapidi
2352 3579 2688 3650 harpagones
2716 3583 2988 3653 accipitris
3015 3585 3251 3642 sinuosis
3288 3586 3520 3643 ﬂexibus

1927 3669 2205 3734 vitantem,
2235 3671 2303 3725 ad
2318 3681 2632 3727 sanctorum
2658 3674 2751 3728 tibi
2783 3689 3109 3746 magnopere
3139 3677 3270 3733 iidas
3297 3678 3519 3748 spelun-

1926 3774 2018 3817 cas
2042 3759 2429 3832 refrigeriaque
2464 3750 2751 3819 salubriter
2778 3766 2998 3835 rapuisti
3030 3782 3095 3822 ex
3125 3783 3287 3823 corvo
3310 3764 3520 3824 colum-

1925 3851 2088 3906 bam?
2133 3850 2178 3907 Ο
2224 3862 2422 3924 quanta
2468 3851 2721 3909 Ecclesia:
2768 3858 2928 3911 matri
2970 3857 3150 3912 laetitia
3199 3859 3265 3927 (si
3306 3874 3413 3914 non
3466 3870 3521 3916 to

1927 3962 2247 4009 cunctorum
2290 3955 2597 4011 mortalium
2636 3956 2805 4013 hostis
2844 3956 2913 4012 de
2951 3958 3072 4012 sinu
3118 3958 3521 4027 quodammodo

1926 4045 2044 4114 ejus
2083 4045 2380 4113 lugubriter
2406 4047 2776 4118 abstraxisset)
2804 4047 2970 4125 foret!
3005 4049 3049 4103 0
3080 4065 3239 4119 quam
3268 4048 3521 4120 profusus

1925 4134 2041 4204 spei
2068 4133 2302 4191 cmlestis
2331 4133 2503 4190 fomes
2523 4135 2924 4206 desperatorum
2951 4137 3224 4203 cordibus,
3256 4146 3308 4192 te
3337 4138 3388 4191 in
3420 4136 3522 4192 bo-

1929 4225 2012 4279 nis
2058 4234 2428 4294 permanente,
2468 4226 2863 4283 inardesceret!
2901 4227 2947 4281 0
2988 4229 3165 4297 qualia
3207 4238 3522 4299 quantaque

1928 4314 2161 4367 animam
2210 4322 2356 4368 tuam
2404 4315 2556 4383 regni
2605 4314 2804 4371 Christi
2850 4319 3069 4388 praemia
3108 4320 3160 4373 in
3204 4319 3291 4374 die
3325 4316 3520 4389 judicii

1929 4413 2234 4470 manerent,
2267 4406 2311 4460 si
2341 4421 2449 4461 non
2490 4407 2645 4477 lupus
2688 4408 2913 4463 callidus
2940 4409 3030 4465 ille
3066 4424 3260 4479 agnum
3290 4428 3356 4467 ex
3387 4412 3521 4484 lupo

1768 4496 1773 4503 ’
1849 4507 1904 4567 D
1930 4494 2126 4549 factum
2159 4502 2232 4561 te,
2278 4495 2345 4551 ab
2385 4497 2512 4553 Ovili
2550 4497 2822 4552 dominico
2867 4490 3352 4557 nouvehemcnter
3378 4503 3521 4557 invi-

1926 4586 2058 4653 tum,
2092 4584 2326 4657 facturus
2349 4587 2528 4657 lupum
2552 4602 2617 4642 ex
2646 4602 2784 4657 agno
2812 4588 2913 4644 sibi
2940 4589 3170 4645 similem
3205 4592 3472 4660 rapuisset
3498 4592 3516 4646 !

1926 4676 2248 4748 Oquantam
2299 4679 2713 4734 exsultationem
2767 4680 2856 4750 pio
2905 4681 3145 4736 omnium
3203 4678 3348 4737 Patri
3401 4680 3520 4739 Deo

1926 4788 2235 4836 sanctorum
2274 4788 2363 4833 tua
2410 4779 2556 4834 salus
2600 4768 2862 4835 servanda
2907 4790 3207 4851 praestaret,
3238 4781 3281 4837 si
3325 4799 3432 4838 non
3462 4794 3524 4843 te

1927 4883 2239 4929 cunctorum
2268 4873 2597 4944 perditorum
2620 4872 2881 4929 infaustus
2902 4883 3074 4947 pater,
3095 4877 3261 4932 veluti
3290 4892 3522 4947 magna-

1926 4981 2047 5020 rum
2073 4966 2250 5036 aquila
2282 4965 2489 5021 alarum
2519 4960 2879 5036 unguiumque
2904 4967 3132 5037 daemon,
3158 4967 3355 5026 infelici
3378 4970 3525 5025 ﬁlio-

1927 5071 2046 5111 rum
2074 5072 2294 5111 suorum
2321 5057 2519 5126 agmini
2558 5065 2745 5113 contra
2768 5056 2858 5127 jus
2884 5057 3071 5128 fasque
3109 5061 3407 5131 rapuisset!
3438 5058 3529 5119 Ne'

1930 5150 2124 5218 multa,
2146 5158 2365 5225 _tantum
2394 5148 2573 5219 gaudii
2601 5164 2664 5204 ae
2692 5150 2971 5206 suavitatis
2999 5159 3113 5206 tum
3152 5152 3293 5208 coelo
3331 5159 3526 5208 terra:-

1929 5257 2036 5313 que
2063 5251 2150 5296 tua
2176 5241 2241 5297 ad
2283 5236 2474 5295 bonam
2503 5239 2707 5309 frugem
2746 5241 3047 5309 conversio,
3074 5252 3332 5312 quantum
3372 5259 3526 5301 nunc

1931 5332 2180 5395 nunroris
2217 5346 2281 5388 ac
2319 5331 2494 5387 luctus
2523 5330 2843 5387 ministravit
2888 5331 2955 5388 ad
2985 5332 3316 5402 horribilem,
3360 5346 3524 5391 more

2005 5492 2019 5522 ¹
2055 5488 2128 5545 Ita
2159 5490 2560 5561 rescripsimus,
2596 5489 2728 5561 Bibl.
2764 5490 2866 5546 l‘l‘.
2900 5490 3067 5547 Paris.
3099 5491 3523 5548 editioni’inhzn-

1929 5571 2131 5627 rentes,
2165 5560 2339 5631 altera
2363 5561 2593 5631 lectione
2620 5560 2795 5616 Oxon.
2828 5565 3006 5629 palata
3038 5563 3254 5631 reiecta.

1999 5631 2019 5663 ’
2052 5630 2187 5754 fini.
2232 5630 2359 5701 l‘l'.,
2392 5630 2584 5697 l‘aris.,
2608 5632 2911 5711 (agnitioni.
2947 5631 3013 5687 Et
3042 5630 3191 5701 mes,
3233 5631 3421 5705 fractis
3454 5641 3525 5690 ut

1999 5711 2047 5754 ta
2086 5739 2101 5754 .

1925 5711 2101 5767 putab.
