  <div class='ocr_page' id='page_1' title='image "/cluster/home/n/w/nwhite01/storage/ocr_20150623/69/hvd.32044054758727/204.png"; bbox 0 0 3954 6178; ppageno 0'>
   <div class='ocr_carea' id='block_1_1' title="bbox 276 278 387 330">
    <p class='ocr_par' dir='ltr' id='par_1_1' title="bbox 276 278 387 330">
     <span class='ocr_line' id='line_1_1' title="bbox 276 278 387 330; baseline -0.009 0"><span class='ocrx_word' id='word_1_1' title='bbox 276 278 387 330; x_wconf 63' lang='lat'><strong>7.33</strong></span> 
     </span>
    </p>
   </div>
   <div class='ocr_carea' id='block_1_2' title="bbox 1230 269 2573 357">
    <p class='ocr_par' dir='ltr' id='par_1_2' title="bbox 1230 269 2573 357">
     <span class='ocr_line' id='line_1_2' title="bbox 1230 269 2573 357; baseline -0.001 -24"><span class='ocrx_word' id='word_1_2' title='bbox 1230 275 1447 341; x_wconf 76' lang='lat' dir='ltr'><strong>LIBER</strong></span> <span class='ocrx_word' id='word_1_3' title='bbox 1484 275 1873 345; x_wconf 82' lang='lat' dir='ltr'><strong>QUERULUS.</strong></span> <span class='ocrx_word' id='word_1_4' title='bbox 1892 276 2092 357; x_wconf 75' lang='lat' dir='ltr'><strong>‘PABS</strong></span> <span class='ocrx_word' id='word_1_5' title='bbox 2126 276 2190 335; x_wconf 87' lang='lat' dir='ltr'><strong>ll.</strong></span> <span class='ocrx_word' id='word_1_6' title='bbox 2226 269 2573 334; x_wconf 79' lang='lat' dir='ltr'><strong>EPISTOLA.</strong></span> 
     </span>
    </p>
   </div>
   <div class='ocr_carea' id='block_1_3' title="bbox 3448 281 3558 343">
    <p class='ocr_par' dir='ltr' id='par_1_3' title="bbox 3448 281 3558 343">
     <span class='ocr_line' id='line_1_3' title="bbox 3448 281 3558 343; baseline 0 0"><span class='ocrx_word' id='word_1_7' title='bbox 3448 281 3558 343; x_wconf 63' lang='lat'><strong>553</strong></span> 
     </span>
    </p>
   </div>
   <div class='ocr_carea' id='block_1_4' title="bbox 273 386 3562 466">
    <p class='ocr_par' dir='ltr' id='par_1_4' title="bbox 273 386 3562 466">
     <span class='ocr_line' id='line_1_4' title="bbox 273 386 3562 466; baseline 0.002 -21"><span class='ocrx_word' id='word_1_8' title='bbox 273 392 498 447; x_wconf 56' lang='grc' dir='ltr'><strong>προιοεεὶ</strong></span> <span class='ocrx_word' id='word_1_9' title='bbox 526 388 705 461; x_wconf 81' lang='lat' dir='ltr'><strong>(Prov.</strong></span> <span class='ocrx_word' id='word_1_10' title='bbox 734 404 883 452; x_wconf 77' lang='lat' dir='ltr'><strong>xm,</strong></span> <span class='ocrx_word' id='word_1_11' title='bbox 918 388 1013 455; x_wconf 85' lang='lat' dir='ltr'><strong>ll;</strong></span> <span class='ocrx_word' id='word_1_12' title='bbox 1046 386 1111 443; x_wconf 85' lang='lat' dir='ltr'><strong><em>II</em></strong></span> <span class='ocrx_word' id='word_1_13' title='bbox 1138 388 1285 443; x_wconf 83' lang='lat' dir='ltr'><strong>Petr.</strong></span> <span class='ocrx_word' id='word_1_14' title='bbox 1316 405 1376 458; x_wconf 85' lang='lat' dir='ltr'><strong>ll,</strong></span> <span class='ocrx_word' id='word_1_15' title='bbox 1403 387 1499 457; x_wconf 70' lang='lat'><strong>22)</strong></span> <span class='ocrx_word' id='word_1_16' title='bbox 1526 390 1675 460; x_wconf 59' lang='grc' dir='ltr'><strong>πίει-ἱ,</strong></span> <span class='ocrx_word' id='word_1_17' title='bbox 1704 392 1871 448; x_wconf 80' lang='lat' dir='ltr'><strong>vomi-</strong></span> <span class='ocrx_word' id='word_1_18' title='bbox 1895 394 1946 454; x_wconf 76' lang='grc' dir='ltr'>Α</span> <span class='ocrx_word' id='word_1_19' title='bbox 1973 408 2175 458; x_wconf 87' lang='lat' dir='ltr'><strong>somno,</strong></span> <span class='ocrx_word' id='word_1_20' title='bbox 2198 393 2273 446; x_wconf 85' lang='lat' dir='ltr'><strong>sic</strong></span> <span class='ocrx_word' id='word_1_21' title='bbox 2294 391 2380 463; x_wconf 86' lang='lat' dir='ltr'><strong>qui</strong></span> <span class='ocrx_word' id='word_1_22' title='bbox 2407 398 2621 445; x_wconf 87' lang='lat' dir='ltr'><strong>enarrat</strong></span> <span class='ocrx_word' id='word_1_23' title='bbox 2639 391 2797 445; x_wconf 86' lang='lat' dir='ltr'><strong>stulto</strong></span> <span class='ocrx_word' id='word_1_24' title='bbox 2822 393 3151 462; x_wconf 75' lang='lat' dir='ltr'><strong>sapientiam.</strong></span> <span class='ocrx_word' id='word_1_25' title='bbox 3178 394 3263 449; x_wconf 68' lang='lat' dir='ltr'><strong>In</strong></span> <span class='ocrx_word' id='word_1_26' title='bbox 3291 396 3398 466; x_wconf 81' lang='lat' dir='ltr'><strong>ﬁne</strong></span> <span class='ocrx_word' id='word_1_27' title='bbox 3421 399 3562 453; x_wconf 84' lang='lat' dir='ltr'><strong>enim</strong></span> 
     </span>
    </p>
   </div>
   <div class='ocr_carea' id='block_1_5' title="bbox 275 479 1874 557">
    <p class='ocr_par' dir='ltr' id='par_1_5' title="bbox 275 479 1874 557">
     <span class='ocr_line' id='line_1_5' title="bbox 275 479 1874 557; baseline -0.001 -18"><span class='ocrx_word' id='word_1_28' title='bbox 275 494 390 556; x_wconf 77' lang='lat' dir='ltr'><strong>tum</strong></span> <span class='ocrx_word' id='word_1_29' title='bbox 417 481 643 538; x_wconf 84' lang='lat' dir='ltr'><strong>nefanda</strong></span> <span class='ocrx_word' id='word_1_30' title='bbox 664 481 922 536; x_wconf 80' lang='lat' dir='ltr'><strong>reversio.</strong></span> <span class='ocrx_word' id='word_1_31' title='bbox 952 480 1067 548; x_wconf 84' lang='lat' dir='ltr'><strong>Qua</strong></span> <span class='ocrx_word' id='word_1_32' title='bbox 1097 488 1333 550; x_wconf 90' lang='lat' dir='ltr'><strong>peracta,</strong></span> <span class='ocrx_word' id='word_1_33' title='bbox 1364 479 1687 537; x_wconf 89' lang='lat' dir='ltr'><strong>exhibentur</strong></span> <span class='ocrx_word' id='word_1_34' title='bbox 1712 498 1874 557; x_wconf 83' lang='lat' dir='ltr'><strong>mem-</strong></span> 
     </span>
    </p>
   </div>
   <div class='ocr_carea' id='block_1_6' title="bbox 276 568 1871 642">
    <p class='ocr_par' dir='ltr' id='par_1_6' title="bbox 276 568 1871 642">
     <span class='ocr_line' id='line_1_6' title="bbox 276 568 1871 642; baseline -0.001 -14"><span class='ocrx_word' id='word_1_35' title='bbox 276 573 373 628; x_wconf 77' lang='lat' dir='ltr'><strong>bra</strong></span> <span class='ocrx_word' id='word_1_36' title='bbox 402 588 550 627; x_wconf 87' lang='lat' dir='ltr'><strong>arma</strong></span> <span class='ocrx_word' id='word_1_37' title='bbox 575 571 859 642; x_wconf 88' lang='lat' dir='ltr'><strong>iniquitatis</strong></span> <span class='ocrx_word' id='word_1_38' title='bbox 887 579 1096 642; x_wconf 78' lang='lat' dir='ltr'><strong>peccato</strong></span> <span class='ocrx_word' id='word_1_39' title='bbox 1130 568 1307 642; x_wconf 86' lang='lat' dir='ltr'><strong>(Rom.</strong></span> <span class='ocrx_word' id='word_1_40' title='bbox 1336 585 1409 634; x_wconf 82' lang='lat' dir='ltr'><strong>vt,</strong></span> <span class='ocrx_word' id='word_1_41' title='bbox 1437 569 1526 642; x_wconf 76' lang='grc'><strong>15)</strong></span> <span class='ocrx_word' id='word_1_42' title='bbox 1550 586 1614 627; x_wconf 85' lang='lat' dir='ltr'><strong>ac</strong></span> <span class='ocrx_word' id='word_1_43' title='bbox 1633 570 1871 640; x_wconf 80' lang='lat' dir='ltr'><strong>diabolo,</strong></span> 
     </span>
    </p>
   </div>
   <div class='ocr_carea' id='block_1_7' title="bbox 276 658 1874 732">
    <p class='ocr_par' dir='ltr' id='par_1_7' title="bbox 276 658 1874 732">
     <span class='ocr_line' id='line_1_7' title="bbox 276 658 1874 732; baseline -0.003 -15"><span class='ocrx_word' id='word_1_44' title='bbox 276 677 401 731; x_wconf 72' lang='lat' dir='ltr'><strong>qua:</strong></span> <span class='ocrx_word' id='word_1_45' title='bbox 431 665 748 731; x_wconf 73' lang='lat' dir='ltr'><strong>oportuerat</strong></span> <span class='ocrx_word' id='word_1_46' title='bbox 774 659 925 715; x_wconf 90' lang='lat' dir='ltr'><strong>salvo</strong></span> <span class='ocrx_word' id='word_1_47' title='bbox 947 674 1109 715; x_wconf 89' lang='lat' dir='ltr'><strong>sensu</strong></span> <span class='ocrx_word' id='word_1_48' title='bbox 1132 659 1285 715; x_wconf 84' lang='lat' dir='ltr'><strong>avide</strong></span> <span class='ocrx_word' id='word_1_49' title='bbox 1304 658 1534 715; x_wconf 63' lang='lat' dir='ltr'><strong>exhiberi</strong></span> <span class='ocrx_word' id='word_1_50' title='bbox 1556 676 1703 714; x_wconf 87' lang='lat' dir='ltr'><strong>arma</strong></span> <span class='ocrx_word' id='word_1_51' title='bbox 1713 659 1874 732; x_wconf 86' lang='lat' dir='ltr'><strong>justi-</strong></span> 
     </span>
    </p>
   </div>
   <div class='ocr_carea' id='block_1_8' title="bbox 277 749 531 807">
    <p class='ocr_par' dir='ltr' id='par_1_8' title="bbox 277 749 531 807">
     <span class='ocr_line' id='line_1_8' title="bbox 277 749 531 807; baseline 0.004 -2"><span class='ocrx_word' id='word_1_52' title='bbox 277 754 370 807; x_wconf 74' lang='lat' dir='ltr'><strong>tiaz</strong></span> <span class='ocrx_word' id='word_1_53' title='bbox 398 749 531 806; x_wconf 84' lang='lat' dir='ltr'><strong>Deo.</strong></span> 
     </span>
    </p>
   </div>
   <div class='ocr_carea' id='block_1_9' title="bbox 347 840 1873 913">
    <p class='ocr_par' dir='ltr' id='par_1_9' title="bbox 347 840 1873 913">
     <span class='ocr_line' id='line_1_9' title="bbox 347 840 1873 913; baseline 0.003 -17"><span class='ocrx_word' id='word_1_54' title='bbox 347 840 408 896; x_wconf 73' lang='grc' dir='ltr'><strong>Ξ.</strong></span> <span class='ocrx_word' id='word_1_55' title='bbox 439 842 668 900; x_wconf 84' lang='lat' dir='ltr'><strong>Arrccto</strong></span> <span class='ocrx_word' id='word_1_56' title='bbox 712 843 921 898; x_wconf 88' lang='lat' dir='ltr'><strong>aurium</strong></span> <span class='ocrx_word' id='word_1_57' title='bbox 962 840 1335 897; x_wconf 89' lang='lat' dir='ltr'><strong>auscultantur</strong></span> <span class='ocrx_word' id='word_1_58' title='bbox 1380 850 1570 913; x_wconf 88' lang='lat' dir='ltr'><strong>captu,</strong></span> <span class='ocrx_word' id='word_1_59' title='bbox 1620 859 1726 898; x_wconf 90' lang='lat' dir='ltr'><strong>non</strong></span> <span class='ocrx_word' id='word_1_60' title='bbox 1776 843 1873 900; x_wconf 87' lang='lat' dir='ltr'><strong>Dei</strong></span> 
     </span>
    </p>
   </div>
   <div class='ocr_carea' id='block_1_10' title="bbox 280 931 1872 990">
    <p class='ocr_par' dir='ltr' id='par_1_10' title="bbox 280 931 1872 990">
     <span class='ocr_line' id='line_1_10' title="bbox 280 931 1872 990; baseline 0.003 -5"><span class='ocrx_word' id='word_1_61' title='bbox 280 931 476 988; x_wconf 75' lang='lat' dir='ltr'><strong>laudes</strong></span> <span class='ocrx_word' id='word_1_62' title='bbox 496 947 701 988; x_wconf 86' lang='lat' dir='ltr'><strong>canora</strong></span> <span class='ocrx_word' id='word_1_63' title='bbox 729 932 927 987; x_wconf 88' lang='lat' dir='ltr'><strong>Christi</strong></span> <span class='ocrx_word' id='word_1_64' title='bbox 956 932 1193 987; x_wconf 92' lang='lat' dir='ltr'><strong>tironum</strong></span> <span class='ocrx_word' id='word_1_65' title='bbox 1231 947 1365 988; x_wconf 89' lang='lat' dir='ltr'><strong>voce</strong></span> <span class='ocrx_word' id='word_1_66' title='bbox 1404 935 1640 988; x_wconf 83' lang='lat' dir='ltr'><strong>suaviter</strong></span> <span class='ocrx_word' id='word_1_67' title='bbox 1678 935 1872 990; x_wconf 90' lang='lat' dir='ltr'><strong>modu-</strong></span> 
     </span>
    </p>
   </div>
   <div class='ocr_carea' id='block_1_11' title="bbox 275 1023 1874 1098">
    <p class='ocr_par' dir='ltr' id='par_1_11' title="bbox 275 1023 1874 1098">
     <span class='ocr_line' id='line_1_11' title="bbox 275 1023 1874 1098; baseline 0.002 -20"><span class='ocrx_word' id='word_1_68' title='bbox 275 1024 448 1091; x_wconf 78' lang='lat' dir='ltr'><strong>lante,</strong></span> <span class='ocrx_word' id='word_1_69' title='bbox 472 1039 818 1095; x_wconf 88' lang='lat' dir='ltr'><strong>pneumaque</strong></span> <span class='ocrx_word' id='word_1_70' title='bbox 838 1023 1213 1081; x_wconf 69' lang='lat' dir='ltr'><strong>ecclesiastica:</strong></span> <span class='ocrx_word' id='word_1_71' title='bbox 1239 1024 1504 1090; x_wconf 76' lang='lat' dir='ltr'><strong>melodiac,</strong></span> <span class='ocrx_word' id='word_1_72' title='bbox 1529 1024 1624 1080; x_wconf 88' lang='lat' dir='ltr'><strong>sed</strong></span> <span class='ocrx_word' id='word_1_73' title='bbox 1644 1026 1874 1098; x_wconf 81' lang='lat' dir='ltr'><strong>prepriae</strong></span> 
     </span>
    </p>
   </div>
   <div class='ocr_carea' id='block_1_12' title="bbox 282 1112 1875 1184">
    <p class='ocr_par' dir='ltr' id='par_1_12' title="bbox 282 1112 1875 1184">
     <span class='ocr_line' id='line_1_12' title="bbox 282 1112 1875 1184; baseline 0.002 -16"><span class='ocrx_word' id='word_1_74' title='bbox 282 1116 427 1183; x_wconf 76' lang='lat' dir='ltr'><strong>(qua:</strong></span> <span class='ocrx_word' id='word_1_75' title='bbox 468 1113 602 1169; x_wconf 86' lang='lat' dir='ltr'><strong>nihil</strong></span> <span class='ocrx_word' id='word_1_76' title='bbox 644 1116 794 1184; x_wconf 89' lang='lat' dir='ltr'><strong>sunt)</strong></span> <span class='ocrx_word' id='word_1_77' title='bbox 835 1112 1212 1168; x_wconf 87' lang='lat' dir='ltr'><strong>furciferorum</strong></span> <span class='ocrx_word' id='word_1_78' title='bbox 1240 1115 1442 1170; x_wconf 90' lang='lat' dir='ltr'><strong>referto</strong></span> <span class='ocrx_word' id='word_1_79' title='bbox 1471 1116 1766 1173; x_wconf 82' lang='lat' dir='ltr'><strong>mendaciis</strong></span> <span class='ocrx_word' id='word_1_80' title='bbox 1797 1117 1875 1172; x_wconf 77' lang='lat' dir='ltr'><strong>si-</strong></span> 
     </span>
    </p>
   </div>
   <div class='ocr_carea' id='block_1_13' title="bbox 279 1203 1876 1276">
    <p class='ocr_par' dir='ltr' id='par_1_13' title="bbox 279 1203 1876 1276">
     <span class='ocr_line' id='line_1_13' title="bbox 279 1203 1876 1276; baseline 0.004 -19"><span class='ocrx_word' id='word_1_81' title='bbox 279 1204 506 1275; x_wconf 82' lang='lat' dir='ltr'><strong>nmique</strong></span> <span class='ocrx_word' id='word_1_82' title='bbox 534 1205 808 1275; x_wconf 85' lang='lat' dir='ltr'><strong>spumanti</strong></span> <span class='ocrx_word' id='word_1_83' title='bbox 839 1203 1116 1273; x_wconf 88' lang='lat' dir='ltr'><strong>llegmate,</strong></span> <span class='ocrx_word' id='word_1_84' title='bbox 1142 1205 1421 1275; x_wconf 86' lang='lat' dir='ltr'><strong>proximos</strong></span> <span class='ocrx_word' id='word_1_85' title='bbox 1459 1220 1702 1276; x_wconf 88' lang='lat' dir='ltr'><strong>quosque</strong></span> <span class='ocrx_word' id='word_1_86' title='bbox 1738 1208 1876 1264; x_wconf 86' lang='lat' dir='ltr'><strong>truci</strong></span> 
     </span>
    </p>
   </div>
   <div class='ocr_carea' id='block_1_14' title="bbox 275 1293 1875 1368">
    <p class='ocr_par' dir='ltr' id='par_1_14' title="bbox 275 1293 1875 1368">
     <span class='ocr_line' id='line_1_14' title="bbox 275 1293 1875 1368; baseline 0.001 -17"><span class='ocrx_word' id='word_1_87' title='bbox 275 1293 475 1351; x_wconf 77' lang='lat' dir='ltr'><strong>daturo</strong></span> <span class='ocrx_word' id='word_1_88' title='bbox 507 1309 818 1365; x_wconf 73' lang='lat' dir='ltr'><strong>prmconum</strong></span> <span class='ocrx_word' id='word_1_89' title='bbox 843 1310 958 1361; x_wconf 90' lang='lat' dir='ltr'><strong>ore,</strong></span> <span class='ocrx_word' id='word_1_90' title='bbox 983 1295 1091 1350; x_wconf 91' lang='lat' dir='ltr'><strong>ritu</strong></span> <span class='ocrx_word' id='word_1_91' title='bbox 1117 1295 1513 1360; x_wconf 82' lang='lat' dir='ltr'><strong>bacchantium,</strong></span> <span class='ocrx_word' id='word_1_92' title='bbox 1544 1312 1875 1368; x_wconf 85' lang='lat' dir='ltr'><strong>concrepan—</strong></span> 
     </span>
    </p>
   </div>
   <div class='ocr_carea' id='block_1_15' title="bbox 276 1386 1870 1459">
    <p class='ocr_par' dir='ltr' id='par_1_15' title="bbox 276 1386 1870 1459">
     <span class='ocr_line' id='line_1_15' title="bbox 276 1386 1870 1459; baseline 0.001 -17"><span class='ocrx_word' id='word_1_93' title='bbox 276 1398 368 1454; x_wconf 83' lang='lat' dir='ltr'><strong>te;</strong></span> <span class='ocrx_word' id='word_1_94' title='bbox 397 1388 473 1442; x_wconf 88' lang='lat' dir='ltr'><strong>ita</strong></span> <span class='ocrx_word' id='word_1_95' title='bbox 506 1395 569 1443; x_wconf 89' lang='lat' dir='ltr'><strong>ut</strong></span> <span class='ocrx_word' id='word_1_96' title='bbox 596 1402 714 1454; x_wconf 85' lang='lat' dir='ltr'><strong>vas,</strong></span> <span class='ocrx_word' id='word_1_97' title='bbox 744 1387 839 1443; x_wconf 88' lang='lat' dir='ltr'><strong>Dei</strong></span> <span class='ocrx_word' id='word_1_98' title='bbox 868 1386 1141 1457; x_wconf 89' lang='lat' dir='ltr'><strong>quondam</strong></span> <span class='ocrx_word' id='word_1_99' title='bbox 1169 1387 1464 1442; x_wconf 87' lang='lat' dir='ltr'><strong>ministerio</strong></span> <span class='ocrx_word' id='word_1_100' title='bbox 1492 1397 1870 1459; x_wconf 65' lang='lat' dir='ltr'><strong>praeparatum,</strong></span> 
     </span>
    </p>
   </div>
   <div class='ocr_carea' id='block_1_16' title="bbox 275 1477 1877 1551">
    <p class='ocr_par' dir='ltr' id='par_1_16' title="bbox 275 1477 1877 1551">
     <span class='ocr_line' id='line_1_16' title="bbox 275 1477 1877 1551; baseline -0.001 -14"><span class='ocrx_word' id='word_1_101' title='bbox 275 1491 528 1539; x_wconf 81' lang='lat' dir='ltr'><strong>vertatur</strong></span> <span class='ocrx_word' id='word_1_102' title='bbox 548 1482 605 1537; x_wconf 88' lang='lat' dir='ltr'><strong>in</strong></span> <span class='ocrx_word' id='word_1_103' title='bbox 632 1480 821 1537; x_wconf 80' lang='lat' dir='ltr'><strong>Zabuli</strong></span> <span class='ocrx_word' id='word_1_104' title='bbox 846 1494 1129 1549; x_wconf 80' lang='lat' dir='ltr'><strong>organum,</strong></span> <span class='ocrx_word' id='word_1_105' title='bbox 1158 1477 1412 1551; x_wconf 86' lang='lat' dir='ltr'><strong>quodque</strong></span> <span class='ocrx_word' id='word_1_106' title='bbox 1440 1480 1648 1536; x_wconf 87' lang='lat' dir='ltr'><strong>honore</strong></span> <span class='ocrx_word' id='word_1_107' title='bbox 1670 1481 1877 1536; x_wconf 66' lang='lat' dir='ltr'><strong>caelesti</strong></span> 
     </span>
    </p>
   </div>
   <div class='ocr_carea' id='block_1_17' title="bbox 278 1569 1879 1645">
    <p class='ocr_par' dir='ltr' id='par_1_17' title="bbox 278 1569 1879 1645">
     <span class='ocr_line' id='line_1_17' title="bbox 278 1569 1879 1645; baseline -0.003 -16"><span class='ocrx_word' id='word_1_108' title='bbox 278 1574 578 1645; x_wconf 80' lang='lat' dir='ltr'><strong>putabatur</strong></span> <span class='ocrx_word' id='word_1_109' title='bbox 618 1573 857 1641; x_wconf 84' lang='lat' dir='ltr'><strong>dignum,</strong></span> <span class='ocrx_word' id='word_1_110' title='bbox 892 1571 1089 1626; x_wconf 88' lang='lat' dir='ltr'><strong>merito</strong></span> <span class='ocrx_word' id='word_1_111' title='bbox 1135 1570 1408 1640; x_wconf 85' lang='lat' dir='ltr'><strong>rejiciatur</strong></span> <span class='ocrx_word' id='word_1_112' title='bbox 1455 1569 1509 1624; x_wconf 90' lang='lat' dir='ltr'><strong>in</strong></span> <span class='ocrx_word' id='word_1_113' title='bbox 1551 1571 1738 1625; x_wconf 87' lang='lat' dir='ltr'><strong>tartari</strong></span> <span class='ocrx_word' id='word_1_114' title='bbox 1782 1571 1879 1625; x_wconf 86' lang='lat' dir='ltr'><strong>ba-</strong></span> 
     </span>
    </p>
   </div>
   <div class='ocr_carea' id='block_1_18' title="bbox 275 1658 1925 1722">
    <p class='ocr_par' dir='ltr' id='par_1_18' title="bbox 275 1658 1925 1722">
     <span class='ocr_line' id='line_1_18' title="bbox 275 1658 1925 1722; baseline -0.003 -3"><span class='ocrx_word' id='word_1_115' title='bbox 275 1664 551 1719; x_wconf 85' lang='lat' dir='ltr'><strong>rathrum.</strong></span> <span class='ocrx_word' id='word_1_116' title='bbox 599 1661 714 1719; x_wconf 81' lang='lat' dir='ltr'><strong>Nec</strong></span> <span class='ocrx_word' id='word_1_117' title='bbox 766 1670 949 1715; x_wconf 90' lang='lat' dir='ltr'><strong>tamen</strong></span> <span class='ocrx_word' id='word_1_118' title='bbox 1006 1660 1171 1719; x_wconf 88' lang='lat' dir='ltr'><strong>tantis</strong></span> <span class='ocrx_word' id='word_1_119' title='bbox 1223 1661 1488 1716; x_wconf 88' lang='lat' dir='ltr'><strong>malorum</strong></span> <span class='ocrx_word' id='word_1_120' title='bbox 1544 1658 1878 1715; x_wconf 81' lang='lat' dir='ltr'><strong>oli‘endiculis</strong></span> <span class='ocrx_word' id='word_1_121' title='bbox 1920 1718 1925 1722; x_wconf 93' lang='lat'>_</span> 
     </span>
    </p>
   </div>
   <div class='ocr_carea' id='block_1_19' title="bbox 1973 477 3561 555">
    <p class='ocr_par' dir='ltr' id='par_1_19' title="bbox 1973 477 3561 555">
     <span class='ocr_line' id='line_1_19' title="bbox 1973 477 3561 555; baseline 0.005 -20"><span class='ocrx_word' id='word_1_122' title='bbox 1973 481 2295 537; x_wconf 73' lang='lat' dir='ltr'><strong>narrationis</strong></span> <span class='ocrx_word' id='word_1_123' title='bbox 2329 479 2463 534; x_wconf 87' lang='lat' dir='ltr'><strong>dicet</strong></span> <span class='ocrx_word' id='word_1_124' title='bbox 2494 496 2509 533; x_wconf 88' lang='lat'><strong>:</strong></span> <span class='ocrx_word' id='word_1_125' title='bbox 2543 477 2681 544; x_wconf 84' lang='lat' dir='ltr'><strong>Quid</strong></span> <span class='ocrx_word' id='word_1_126' title='bbox 2716 481 2942 550; x_wconf 89' lang='lat' dir='ltr'><strong>primum</strong></span> <span class='ocrx_word' id='word_1_127' title='bbox 2968 482 3180 539; x_wconf 69' lang='lat' dir='ltr'><strong>dixeras</strong></span> <span class='ocrx_word' id='word_1_128' title='bbox 3208 484 3398 555; x_wconf 87' lang='lat' dir='ltr'><strong>(Eeeli.</strong></span> <span class='ocrx_word' id='word_1_129' title='bbox 3429 504 3561 555; x_wconf 75' lang='lat' dir='ltr'><strong>xxn,</strong></span> 
     </span>
    </p>
   </div>
   <div class='ocr_carea' id='block_1_20' title="bbox 1973 568 3562 649">
    <p class='ocr_par' dir='ltr' id='par_1_20' title="bbox 1973 568 3562 649">
     <span class='ocr_line' id='line_1_20' title="bbox 1973 568 3562 649; baseline 0.005 -26"><span class='ocrx_word' id='word_1_130' title='bbox 1973 569 2027 635; x_wconf 88' lang='grc'><strong>8,</strong></span> <span class='ocrx_word' id='word_1_131' title='bbox 2056 568 2150 639; x_wconf 84' lang='lat'><strong>9)?</strong></span> <span class='ocrx_word' id='word_1_132' title='bbox 2178 568 2322 625; x_wconf 85' lang='lat' dir='ltr'><strong>Lava</strong></span> <span class='ocrx_word' id='word_1_133' title='bbox 2365 585 2397 623; x_wconf 91' lang='lat' dir='ltr'><strong>a</strong></span> <span class='ocrx_word' id='word_1_134' title='bbox 2438 568 2643 623; x_wconf 86' lang='lat' dir='ltr'><strong>malitia</strong></span> <span class='ocrx_word' id='word_1_135' title='bbox 2670 582 2760 622; x_wconf 85' lang='lat' dir='ltr'><strong>cor</strong></span> <span class='ocrx_word' id='word_1_136' title='bbox 2803 578 2945 624; x_wconf 89' lang='lat' dir='ltr'><strong>tuum</strong></span> <span class='ocrx_word' id='word_1_137' title='bbox 2991 571 3152 641; x_wconf 88' lang='lat' dir='ltr'><strong>(sicut</strong></span> <span class='ocrx_word' id='word_1_138' title='bbox 3192 574 3394 633; x_wconf 86' lang='lat' dir='ltr'><strong>dictum</strong></span> <span class='ocrx_word' id='word_1_139' title='bbox 3432 574 3562 649; x_wconf 87' lang='lat' dir='ltr'><strong>est),</strong></span> 
     </span>
    </p>
   </div>
   <div class='ocr_carea' id='block_1_21' title="bbox 1973 659 3567 734">
    <p class='ocr_par' dir='ltr' id='par_1_21' title="bbox 1973 659 3567 734">
     <span class='ocr_line' id='line_1_21' title="bbox 1973 659 3567 734; baseline 0.007 -20"><span class='ocrx_word' id='word_1_140' title='bbox 1973 659 2324 725; x_wconf 79' lang='lat' dir='ltr'><strong>Hierusalem,</strong></span> <span class='ocrx_word' id='word_1_141' title='bbox 2357 668 2413 714; x_wconf 89' lang='lat' dir='ltr'><strong>ut</strong></span> <span class='ocrx_word' id='word_1_142' title='bbox 2434 660 2605 715; x_wconf 86' lang='lat' dir='ltr'><strong>salvus</strong></span> <span class='ocrx_word' id='word_1_143' title='bbox 2628 662 2699 715; x_wconf 85' lang='lat' dir='ltr'><strong>sis</strong></span> <span class='ocrx_word' id='word_1_144' title='bbox 2724 660 2855 732; x_wconf 87' lang='lat' dir='ltr'><strong>(Jer.</strong></span> <span class='ocrx_word' id='word_1_145' title='bbox 2880 676 2952 729; x_wconf 79' lang='lat' dir='ltr'><strong>tv,</strong></span> <span class='ocrx_word' id='word_1_146' title='bbox 2980 661 3090 734; x_wconf 67' lang='lat' dir='ltr'><strong>id).</strong></span> <span class='ocrx_word' id='word_1_147' title='bbox 3123 663 3200 719; x_wconf 89' lang='lat' dir='ltr'><strong>Ne</strong></span> <span class='ocrx_word' id='word_1_148' title='bbox 3226 673 3567 733; x_wconf 82' lang='lat' dir='ltr'><strong>contemnas,-</strong></span> 
     </span>
    </p>
   </div>
   <div class='ocr_carea' id='block_1_22' title="bbox 1972 747 3564 830">
    <p class='ocr_par' dir='ltr' id='par_1_22' title="bbox 1972 747 3564 830">
     <span class='ocr_line' id='line_1_22' title="bbox 1972 747 3564 830; baseline 0.008 -27"><span class='ocrx_word' id='word_1_149' title='bbox 1972 763 2177 817; x_wconf 69' lang='lat' dir='ltr'><strong>quteso,</strong></span> <span class='ocrx_word' id='word_1_150' title='bbox 2206 747 2529 805; x_wconf 77' lang='lat' dir='ltr'><strong>ineffabilem</strong></span> <span class='ocrx_word' id='word_1_151' title='bbox 2550 750 2977 809; x_wconf 88' lang='lat' dir='ltr'><strong>misericordiam</strong></span> <span class='ocrx_word' id='word_1_152' title='bbox 3009 753 3124 819; x_wconf 88' lang='lat' dir='ltr'><strong>Dei,</strong></span> <span class='ocrx_word' id='word_1_153' title='bbox 3155 755 3261 812; x_wconf 91' lang='lat' dir='ltr'><strong>hoc</strong></span> <span class='ocrx_word' id='word_1_154' title='bbox 3286 759 3447 813; x_wconf 90' lang='lat' dir='ltr'><strong>modo</strong></span> <span class='ocrx_word' id='word_1_155' title='bbox 3467 775 3564 830; x_wconf 85' lang='lat' dir='ltr'><strong>per</strong></span> 
     </span>
    </p>
   </div>
   <div class='ocr_carea' id='block_1_23' title="bbox 1970 836 3568 920">
    <p class='ocr_par' dir='ltr' id='par_1_23' title="bbox 1970 836 3568 920">
     <span class='ocr_line' id='line_1_23' title="bbox 1970 836 3568 920; baseline 0.008 -26"><span class='ocrx_word' id='word_1_156' title='bbox 1970 839 2291 913; x_wconf 76' lang='lat' dir='ltr'><strong>prophetam</strong></span> <span class='ocrx_word' id='word_1_157' title='bbox 2324 856 2353 895; x_wconf 90' lang='lat' dir='ltr'><strong>a</strong></span> <span class='ocrx_word' id='word_1_158' title='bbox 2390 842 2631 912; x_wconf 88' lang='lat' dir='ltr'><strong>peccatis</strong></span> <span class='ocrx_word' id='word_1_159' title='bbox 2679 842 2873 915; x_wconf 88' lang='lat' dir='ltr'><strong>impios</strong></span> <span class='ocrx_word' id='word_1_160' title='bbox 2916 836 3299 915; x_wconf 66' lang='lat' dir='ltr'><strong>provocantis:</strong></span> <span class='ocrx_word' id='word_1_161' title='bbox 3332 847 3568 920; x_wconf 85' lang='lat' dir='ltr'><strong>Repente</strong></span> 
     </span>
    </p>
   </div>
   <div class='ocr_carea' id='block_1_24' title="bbox 1973 932 3567 1007">
    <p class='ocr_par' dir='ltr' id='par_1_24' title="bbox 1973 932 3567 1007">
     <span class='ocr_line' id='line_1_24' title="bbox 1973 932 3567 1007; baseline 0.007 -22"><span class='ocrx_word' id='word_1_162' title='bbox 1973 932 2159 1005; x_wconf 87' lang='lat' dir='ltr'><strong>loquar</strong></span> <span class='ocrx_word' id='word_1_163' title='bbox 2191 933 2259 986; x_wconf 89' lang='lat' dir='ltr'><strong>ad</strong></span> <span class='ocrx_word' id='word_1_164' title='bbox 2283 942 2484 1005; x_wconf 88' lang='lat' dir='ltr'><strong>gentem</strong></span> <span class='ocrx_word' id='word_1_165' title='bbox 2511 943 2561 988; x_wconf 91' lang='lat' dir='ltr'><strong>et</strong></span> <span class='ocrx_word' id='word_1_166' title='bbox 2590 934 2661 988; x_wconf 90' lang='lat' dir='ltr'><strong>ad</strong></span> <span class='ocrx_word' id='word_1_167' title='bbox 2679 950 2917 1006; x_wconf 85' lang='lat' dir='ltr'><strong>regnum,</strong></span> <span class='ocrx_word' id='word_1_168' title='bbox 2958 944 3014 989; x_wconf 88' lang='lat' dir='ltr'><strong>ut</strong></span> <span class='ocrx_word' id='word_1_169' title='bbox 3059 937 3296 1007; x_wconf 82' lang='lat' dir='ltr'><strong>evellant,</strong></span> <span class='ocrx_word' id='word_1_170' title='bbox 3324 948 3374 994; x_wconf 86' lang='lat' dir='ltr'><strong>et</strong></span> <span class='ocrx_word' id='word_1_171' title='bbox 3414 941 3567 997; x_wconf 85' lang='lat' dir='ltr'><strong>dissi-</strong></span> 
     </span>
    </p>
   </div>
   <div class='ocr_carea' id='block_1_25' title="bbox 1972 1023 3566 1101">
    <p class='ocr_par' dir='ltr' id='par_1_25' title="bbox 1972 1023 3566 1101">
     <span class='ocr_line' id='line_1_25' title="bbox 1972 1023 3566 1101; baseline 0.008 -24"><span class='ocrx_word' id='word_1_172' title='bbox 1972 1040 2107 1094; x_wconf 87' lang='lat' dir='ltr'><strong>pem,</strong></span> <span class='ocrx_word' id='word_1_173' title='bbox 2139 1031 2189 1077; x_wconf 89' lang='lat' dir='ltr'><strong>et</strong></span> <span class='ocrx_word' id='word_1_174' title='bbox 2215 1023 2497 1097; x_wconf 77' lang='lat' dir='ltr'><strong>destruam,</strong></span> <span class='ocrx_word' id='word_1_175' title='bbox 2523 1032 2573 1079; x_wconf 88' lang='lat' dir='ltr'><strong>et</strong></span> <span class='ocrx_word' id='word_1_176' title='bbox 2598 1025 2894 1089; x_wconf 85' lang='lat' dir='ltr'><strong>disperdam</strong></span> <span class='ocrx_word' id='word_1_177' title='bbox 2922 1026 3053 1098; x_wconf 85' lang='lat' dir='ltr'><strong>(Jer.</strong></span> <span class='ocrx_word' id='word_1_178' title='bbox 3088 1045 3235 1095; x_wconf 78' lang='lat' dir='ltr'><strong>xvm,</strong></span> <span class='ocrx_word' id='word_1_179' title='bbox 3266 1031 3342 1101; x_wconf 87' lang='lat'><strong>7).</strong></span> <span class='ocrx_word' id='word_1_180' title='bbox 3376 1031 3566 1088; x_wconf 83' lang='lat' dir='ltr'><strong>Pecca-</strong></span> 
     </span>
    </p>
   </div>
   <div class='ocr_carea' id='block_1_26' title="bbox 1971 1114 3569 1188">
    <p class='ocr_par' dir='ltr' id='par_1_26' title="bbox 1971 1114 3569 1188">
     <span class='ocr_line' id='line_1_26' title="bbox 1971 1114 3569 1188; baseline 0.008 -19"><span class='ocrx_word' id='word_1_181' title='bbox 1971 1123 2148 1170; x_wconf 89' lang='lat' dir='ltr'><strong>torem</strong></span> <span class='ocrx_word' id='word_1_182' title='bbox 2177 1114 2283 1171; x_wconf 92' lang='lat' dir='ltr'><strong>hoc</strong></span> <span class='ocrx_word' id='word_1_183' title='bbox 2312 1116 2662 1172; x_wconf 83' lang='lat' dir='ltr'><strong>vehementer</strong></span> <span class='ocrx_word' id='word_1_184' title='bbox 2682 1117 2751 1173; x_wconf 91' lang='lat' dir='ltr'><strong>ad</strong></span> <span class='ocrx_word' id='word_1_185' title='bbox 2778 1120 3147 1188; x_wconf 78' lang='lat' dir='ltr'><strong>pmnitentiam</strong></span> <span class='ocrx_word' id='word_1_186' title='bbox 3174 1122 3424 1181; x_wconf 82' lang='lat' dir='ltr'><strong>hortatur</strong></span> <span class='ocrx_word' id='word_1_187' title='bbox 3455 1143 3468 1178; x_wconf 92' lang='lat'>:</span> <span class='ocrx_word' id='word_1_188' title='bbox 3497 1125 3569 1181; x_wconf 80' lang='lat' dir='ltr'><strong>Et</strong></span> 
     </span>
    </p>
   </div>
   <div class='ocr_carea' id='block_1_27' title="bbox 1973 1205 3567 1284">
    <p class='ocr_par' dir='ltr' id='par_1_27' title="bbox 1973 1205 3567 1284">
     <span class='ocr_line' id='line_1_27' title="bbox 1973 1205 3567 1284; baseline 0.006 -26"><span class='ocrx_word' id='word_1_189' title='bbox 1973 1205 2020 1259; x_wconf 91' lang='lat' dir='ltr'><strong>si</strong></span> <span class='ocrx_word' id='word_1_190' title='bbox 2048 1207 2399 1275; x_wconf 67' lang='lat' dir='ltr'><strong>paenitentiam</strong></span> <span class='ocrx_word' id='word_1_191' title='bbox 2426 1208 2589 1278; x_wconf 87' lang='lat' dir='ltr'><strong>egerit</strong></span> <span class='ocrx_word' id='word_1_192' title='bbox 2614 1222 2740 1277; x_wconf 86' lang='lat' dir='ltr'><strong>gens</strong></span> <span class='ocrx_word' id='word_1_193' title='bbox 2767 1207 2861 1262; x_wconf 86' lang='lat' dir='ltr'><strong>illa</strong></span> <span class='ocrx_word' id='word_1_194' title='bbox 2887 1225 2919 1261; x_wconf 92' lang='lat' dir='ltr'><strong>a</strong></span> <span class='ocrx_word' id='word_1_195' title='bbox 2946 1222 3155 1279; x_wconf 87' lang='lat' dir='ltr'><strong>peccato</strong></span> <span class='ocrx_word' id='word_1_196' title='bbox 3180 1228 3297 1282; x_wconf 86' lang='lat' dir='ltr'><strong>suo,</strong></span> <span class='ocrx_word' id='word_1_197' title='bbox 3325 1217 3567 1284; x_wconf 64' lang='lat' dir='ltr'><strong>peniten-</strong></span> 
     </span>
    </p>
   </div>
   <div class='ocr_carea' id='block_1_28' title="bbox 1977 1295 3571 1375">
    <p class='ocr_par' dir='ltr' id='par_1_28' title="bbox 1977 1295 3571 1375">
     <span class='ocr_line' id='line_1_28' title="bbox 1977 1295 3571 1375; baseline 0.006 -27"><span class='ocrx_word' id='word_1_198' title='bbox 1977 1295 2103 1348; x_wconf 88' lang='lat' dir='ltr'><strong>tiam</strong></span> <span class='ocrx_word' id='word_1_199' title='bbox 2132 1304 2180 1348; x_wconf 88' lang='lat' dir='ltr'><strong>et</strong></span> <span class='ocrx_word' id='word_1_200' title='bbox 2210 1311 2304 1366; x_wconf 90' lang='lat' dir='ltr'><strong>ego</strong></span> <span class='ocrx_word' id='word_1_201' title='bbox 2334 1312 2488 1365; x_wconf 87' lang='lat' dir='ltr'><strong>agam</strong></span> <span class='ocrx_word' id='word_1_202' title='bbox 2516 1312 2670 1367; x_wconf 83' lang='lat' dir='ltr'><strong>super</strong></span> <span class='ocrx_word' id='word_1_203' title='bbox 2698 1298 2834 1352; x_wconf 81' lang='lat' dir='ltr'><strong>male</strong></span> <span class='ocrx_word' id='word_1_204' title='bbox 2863 1298 2999 1370; x_wconf 89' lang='lat' dir='ltr'><strong>quod</strong></span> <span class='ocrx_word' id='word_1_205' title='bbox 3033 1300 3230 1354; x_wconf 86' lang='lat' dir='ltr'><strong>locutus</strong></span> <span class='ocrx_word' id='word_1_206' title='bbox 3264 1319 3376 1355; x_wconf 87' lang='lat' dir='ltr'><strong>sum</strong></span> <span class='ocrx_word' id='word_1_207' title='bbox 3400 1312 3456 1356; x_wconf 89' lang='lat' dir='ltr'><strong>ut</strong></span> <span class='ocrx_word' id='word_1_208' title='bbox 3484 1306 3571 1375; x_wconf 69' lang='grc' dir='ltr'><strong>[σε</strong></span> 
     </span>
    </p>
   </div>
   <div class='ocr_carea' id='block_1_29' title="bbox 1977 1386 3568 1459">
    <p class='ocr_par' dir='ltr' id='par_1_29' title="bbox 1977 1386 3568 1459">
     <span class='ocr_line' id='line_1_29' title="bbox 1977 1386 3568 1459; baseline 0.006 -20"><span class='ocrx_word' id='word_1_209' title='bbox 1977 1402 2143 1439; x_wconf 89' lang='lat' dir='ltr'><strong>cerem</strong></span> <span class='ocrx_word' id='word_1_210' title='bbox 2175 1387 2223 1440; x_wconf 89' lang='lat' dir='ltr'><strong>ei</strong></span> <span class='ocrx_word' id='word_1_211' title='bbox 2254 1386 2445 1458; x_wconf 71' lang='lat' dir='ltr'><strong>(Ibid,</strong></span> <span class='ocrx_word' id='word_1_212' title='bbox 2476 1386 2550 1459; x_wconf 89' lang='lat'><strong>8).</strong></span> <span class='ocrx_word' id='word_1_213' title='bbox 2585 1386 2652 1441; x_wconf 82' lang='lat' dir='ltr'><strong>Et</strong></span> <span class='ocrx_word' id='word_1_214' title='bbox 2690 1388 2889 1444; x_wconf 86' lang='lat' dir='ltr'><strong>iterum</strong></span> <span class='ocrx_word' id='word_1_215' title='bbox 2931 1408 2943 1443; x_wconf 89' lang='lat'>:</span> <span class='ocrx_word' id='word_1_216' title='bbox 2991 1388 3116 1455; x_wconf 82' lang='lat' dir='ltr'><strong>Quis</strong></span> <span class='ocrx_word' id='word_1_217' title='bbox 3163 1392 3304 1446; x_wconf 79' lang='lat' dir='ltr'><strong>dabit</strong></span> <span class='ocrx_word' id='word_1_218' title='bbox 3348 1396 3424 1448; x_wconf 89' lang='lat' dir='ltr'><strong>eis</strong></span> <span class='ocrx_word' id='word_1_219' title='bbox 3466 1396 3568 1448; x_wconf 88' lang='lat' dir='ltr'><strong>tale</strong></span> 
     </span>
    </p>
   </div>
   <div class='ocr_carea' id='block_1_30' title="bbox 1977 1477 3568 1550">
    <p class='ocr_par' dir='ltr' id='par_1_30' title="bbox 1977 1477 3568 1550">
     <span class='ocr_line' id='line_1_30' title="bbox 1977 1477 3568 1550; baseline 0.006 -22"><span class='ocrx_word' id='word_1_220' title='bbox 1977 1492 2088 1545; x_wconf 85' lang='lat' dir='ltr'><strong>cor,</strong></span> <span class='ocrx_word' id='word_1_221' title='bbox 2114 1487 2171 1529; x_wconf 88' lang='lat' dir='ltr'><strong>ut</strong></span> <span class='ocrx_word' id='word_1_222' title='bbox 2199 1477 2418 1530; x_wconf 84' lang='lat' dir='ltr'><strong>audiant</strong></span> <span class='ocrx_word' id='word_1_223' title='bbox 2449 1494 2527 1532; x_wconf 87' lang='lat' dir='ltr'><strong>me</strong></span> <span class='ocrx_word' id='word_1_224' title='bbox 2548 1488 2597 1532; x_wconf 83' lang='lat' dir='ltr'><strong>et</strong></span> <span class='ocrx_word' id='word_1_225' title='bbox 2617 1479 2910 1533; x_wconf 79' lang='lat' dir='ltr'><strong>custodiunt</strong></span> <span class='ocrx_word' id='word_1_226' title='bbox 2935 1492 3191 1550; x_wconf 77' lang='lat' dir='ltr'><strong>pt&#39;wcepta</strong></span> <span class='ocrx_word' id='word_1_227' title='bbox 3213 1500 3346 1550; x_wconf 89' lang='lat' dir='ltr'><strong>mea,</strong></span> <span class='ocrx_word' id='word_1_228' title='bbox 3369 1495 3418 1538; x_wconf 87' lang='lat' dir='ltr'><strong>et</strong></span> <span class='ocrx_word' id='word_1_229' title='bbox 3440 1483 3568 1538; x_wconf 81' lang='lat' dir='ltr'><strong>bene</strong></span> 
     </span>
    </p>
   </div>
   <div class='ocr_carea' id='block_1_31' title="bbox 1979 1562 3570 1644">
    <p class='ocr_par' dir='ltr' id='par_1_31' title="bbox 1979 1562 3570 1644">
     <span class='ocr_line' id='line_1_31' title="bbox 1979 1562 3570 1644; baseline 0.008 -28"><span class='ocrx_word' id='word_1_230' title='bbox 1979 1563 2045 1617; x_wconf 85' lang='lat' dir='ltr'><strong>sit</strong></span> <span class='ocrx_word' id='word_1_231' title='bbox 2074 1562 2146 1616; x_wconf 84' lang='lat' dir='ltr'><strong>eis</strong></span> <span class='ocrx_word' id='word_1_232' title='bbox 2175 1563 2411 1617; x_wconf 86' lang='lat' dir='ltr'><strong>omnibus</strong></span> <span class='ocrx_word' id='word_1_233' title='bbox 2441 1564 2616 1620; x_wconf 84' lang='lat' dir='ltr'><strong>diebus</strong></span> <span class='ocrx_word' id='word_1_234' title='bbox 2648 1566 2764 1621; x_wconf 65' lang='lat' dir='ltr'><strong>vitae</strong></span> <span class='ocrx_word' id='word_1_235' title='bbox 2790 1583 2900 1622; x_wconf 71' lang='lat' dir='ltr'><strong>sua:</strong></span> <span class='ocrx_word' id='word_1_236' title='bbox 2946 1567 3124 1640; x_wconf 86' lang='lat' dir='ltr'><strong>(Deut.</strong></span> <span class='ocrx_word' id='word_1_237' title='bbox 3172 1586 3224 1636; x_wconf 88' lang='lat' dir='ltr'><strong>v,</strong></span> <span class='ocrx_word' id='word_1_238' title='bbox 3262 1570 3389 1644; x_wconf 87' lang='lat'><strong>29)?</strong></span> <span class='ocrx_word' id='word_1_239' title='bbox 3417 1573 3570 1628; x_wconf 83' lang='lat' dir='ltr'><strong>Item-</strong></span> 
     </span>
    </p>
   </div>
   <div class='ocr_carea' id='block_1_32' title="bbox 1979 1652 3569 1734">
    <p class='ocr_par' dir='ltr' id='par_1_32' title="bbox 1979 1652 3569 1734">
     <span class='ocr_line' id='line_1_32' title="bbox 1979 1652 3569 1734; baseline 0.007 -29"><span class='ocrx_word' id='word_1_240' title='bbox 1979 1665 2085 1721; x_wconf 86' lang='lat' dir='ltr'><strong>que</strong></span> <span class='ocrx_word' id='word_1_241' title='bbox 2106 1652 2159 1706; x_wconf 89' lang='lat' dir='ltr'><strong>in</strong></span> <span class='ocrx_word' id='word_1_242' title='bbox 2182 1653 2396 1708; x_wconf 87' lang='lat' dir='ltr'><strong>cantico</strong></span> <span class='ocrx_word' id='word_1_243' title='bbox 2418 1653 2819 1711; x_wconf 88' lang='lat' dir='ltr'><strong>Deuteronomii</strong></span> <span class='ocrx_word' id='word_1_244' title='bbox 2846 1674 2860 1710; x_wconf 90' lang='lat'><strong>:</strong></span> <span class='ocrx_word' id='word_1_245' title='bbox 2885 1656 3141 1730; x_wconf 88' lang='lat' dir='ltr'><strong>Populus,</strong></span> <span class='ocrx_word' id='word_1_246' title='bbox 3170 1660 3359 1729; x_wconf 85' lang='lat' dir='ltr'><strong>inquit,</strong></span> <span class='ocrx_word' id='word_1_247' title='bbox 3379 1660 3569 1734; x_wconf 79' lang='lat' dir='ltr'><strong>absque</strong></span> 
     </span>
    </p>
   </div>
   <div class='ocr_carea' id='block_1_33' title="bbox 276 1743 3576 1823">
    <p class='ocr_par' dir='ltr' id='par_1_33' title="bbox 276 1743 3576 1823">
     <span class='ocr_line' id='line_1_33' title="bbox 276 1743 3576 1823; baseline -0.002 -13"><span class='ocrx_word' id='word_1_248' title='bbox 276 1763 410 1810; x_wconf 84' lang='lat' dir='ltr'><strong>tuus</strong></span> <span class='ocrx_word' id='word_1_249' title='bbox 463 1753 758 1808; x_wconf 85' lang='lat' dir='ltr'><strong>hebetatus</strong></span> <span class='ocrx_word' id='word_1_250' title='bbox 812 1750 1137 1822; x_wconf 74' lang='lat' dir='ltr'><strong>insipientia:</strong></span> <span class='ocrx_word' id='word_1_251' title='bbox 1186 1751 1402 1807; x_wconf 83' lang='lat' dir='ltr'><strong>cumulo</strong></span> <span class='ocrx_word' id='word_1_252' title='bbox 1452 1766 1678 1818; x_wconf 83' lang='lat' dir='ltr'><strong>sensus,</strong></span> <span class='ocrx_word' id='word_1_253' title='bbox 1729 1750 1879 1805; x_wconf 89' lang='lat' dir='ltr'><strong>velut</strong></span> <span class='ocrx_word' id='word_1_254' title='bbox 1910 1756 1954 1819; x_wconf 75' lang='grc' dir='ltr'><strong>Β</strong></span> <span class='ocrx_word' id='word_1_255' title='bbox 1980 1743 2196 1796; x_wconf 78' lang='lat' dir='ltr'><strong>consilio</strong></span> <span class='ocrx_word' id='word_1_256' title='bbox 2219 1750 2269 1796; x_wconf 90' lang='lat' dir='ltr'><strong>et</strong></span> <span class='ocrx_word' id='word_1_257' title='bbox 2296 1743 2593 1814; x_wconf 84' lang='lat' dir='ltr'><strong>prudentia.</strong></span> <span class='ocrx_word' id='word_1_258' title='bbox 2622 1745 2833 1800; x_wconf 84' lang='lat' dir='ltr'><strong>Utinam</strong></span> <span class='ocrx_word' id='word_1_259' title='bbox 2861 1759 3100 1817; x_wconf 85' lang='lat' dir='ltr'><strong>saperent</strong></span> <span class='ocrx_word' id='word_1_260' title='bbox 3127 1759 3176 1804; x_wconf 89' lang='lat' dir='ltr'><strong>et</strong></span> <span class='ocrx_word' id='word_1_261' title='bbox 3202 1751 3576 1823; x_wconf 65' lang='lat' dir='ltr'><strong>intelligerent,</strong></span> 
     </span>
    </p>
   </div>
   <div class='ocr_carea' id='block_1_34' title="bbox 274 1841 1878 1916">
    <p class='ocr_par' dir='ltr' id='par_1_34' title="bbox 274 1841 1878 1916">
     <span class='ocr_line' id='line_1_34' title="bbox 274 1841 1878 1916; baseline -0.002 -15"><span class='ocrx_word' id='word_1_262' title='bbox 274 1846 521 1916; x_wconf 85' lang='lat' dir='ltr'><strong>quodam</strong></span> <span class='ocrx_word' id='word_1_263' title='bbox 560 1844 720 1900; x_wconf 90' lang='lat' dir='ltr'><strong>obice</strong></span> <span class='ocrx_word' id='word_1_264' title='bbox 764 1842 1030 1910; x_wconf 81' lang='lat' dir='ltr'><strong>tardatur,</strong></span> <span class='ocrx_word' id='word_1_265' title='bbox 1076 1842 1175 1899; x_wconf 88' lang='lat' dir='ltr'><strong>scd</strong></span> <span class='ocrx_word' id='word_1_266' title='bbox 1224 1842 1477 1909; x_wconf 81' lang='lat' dir='ltr'><strong>fervidus,</strong></span> <span class='ocrx_word' id='word_1_267' title='bbox 1520 1858 1585 1898; x_wconf 89' lang='lat' dir='ltr'><strong>ac</strong></span> <span class='ocrx_word' id='word_1_268' title='bbox 1620 1842 1663 1897; x_wconf 92' lang='lat' dir='ltr'><strong>si</strong></span> <span class='ocrx_word' id='word_1_269' title='bbox 1700 1841 1878 1915; x_wconf 89' lang='lat' dir='ltr'><strong>pullus</strong></span> 
     </span>
    </p>
   </div>
   <div class='ocr_carea' id='block_1_35' title="bbox 277 1935 1878 2006">
    <p class='ocr_par' dir='ltr' id='par_1_35' title="bbox 277 1935 1878 2006">
     <span class='ocr_line' id='line_1_35' title="bbox 277 1935 1878 2006; baseline -0.001 -16"><span class='ocrx_word' id='word_1_270' title='bbox 277 1950 501 1991; x_wconf 67' lang='lat' dir='ltr'><strong>amoma</strong></span> <span class='ocrx_word' id='word_1_271' title='bbox 540 1949 769 2006; x_wconf 57' lang='lat' dir='ltr'><strong>quaeque</strong></span> <span class='ocrx_word' id='word_1_272' title='bbox 809 1935 1171 2006; x_wconf 84' lang='lat' dir='ltr'><strong>imperagrata</strong></span> <span class='ocrx_word' id='word_1_273' title='bbox 1218 1942 1444 2005; x_wconf 80' lang='lat' dir='ltr'><strong>putans,</strong></span> <span class='ocrx_word' id='word_1_274' title='bbox 1488 1946 1587 2004; x_wconf 87' lang='lat' dir='ltr'><strong>per</strong></span> <span class='ocrx_word' id='word_1_275' title='bbox 1622 1942 1878 1989; x_wconf 82' lang='lat' dir='ltr'><strong>extensos</strong></span> 
     </span>
    </p>
   </div>
   <div class='ocr_carea' id='block_1_36' title="bbox 277 2024 1875 2098">
    <p class='ocr_par' dir='ltr' id='par_1_36' title="bbox 277 2024 1875 2098">
     <span class='ocr_line' id='line_1_36' title="bbox 277 2024 1875 2098; baseline -0.003 -14"><span class='ocrx_word' id='word_1_276' title='bbox 277 2027 556 2084; x_wconf 83' lang='lat' dir='ltr'><strong>scelerum</strong></span> <span class='ocrx_word' id='word_1_277' title='bbox 599 2043 821 2098; x_wconf 84' lang='lat' dir='ltr'><strong>campos</strong></span> <span class='ocrx_word' id='word_1_278' title='bbox 866 2026 1203 2084; x_wconf 79' lang='lat' dir='ltr'><strong>irrevocabili</strong></span> <span class='ocrx_word' id='word_1_279' title='bbox 1244 2024 1426 2082; x_wconf 84' lang='lat' dir='ltr'><strong>furore</strong></span> <span class='ocrx_word' id='word_1_280' title='bbox 1468 2026 1733 2096; x_wconf 82' lang='lat' dir='ltr'><strong>raptatur,</strong></span> <span class='ocrx_word' id='word_1_281' title='bbox 1777 2040 1875 2080; x_wconf 89' lang='lat' dir='ltr'><strong>au-</strong></span> 
     </span>
    </p>
   </div>
   <div class='ocr_carea' id='block_1_37' title="bbox 278 2116 1879 2192">
    <p class='ocr_par' dir='ltr' id='par_1_37' title="bbox 278 2116 1879 2192">
     <span class='ocr_line' id='line_1_37' title="bbox 278 2116 1879 2192; baseline -0.003 -16"><span class='ocrx_word' id='word_1_282' title='bbox 278 2120 465 2190; x_wconf 60' lang='lat' dir='ltr'><strong>gendo</strong></span> <span class='ocrx_word' id='word_1_283' title='bbox 509 2119 702 2192; x_wconf 80' lang='lat' dir='ltr'><strong>priscis</strong></span> <span class='ocrx_word' id='word_1_284' title='bbox 746 2134 886 2176; x_wconf 88' lang='lat' dir='ltr'><strong>nova</strong></span> <span class='ocrx_word' id='word_1_285' title='bbox 942 2118 1192 2189; x_wconf 82' lang='lat' dir='ltr'><strong>piaculis.</strong></span> <span class='ocrx_word' id='word_1_286' title='bbox 1250 2116 1588 2187; x_wconf 87' lang='lat' dir='ltr'><strong>Spernuntur</strong></span> <span class='ocrx_word' id='word_1_287' title='bbox 1645 2129 1879 2185; x_wconf 89' lang='lat' dir='ltr'><strong>namque</strong></span> 
     </span>
    </p>
   </div>
   <div class='ocr_carea' id='block_1_38' title="bbox 278 2204 1876 2281">
    <p class='ocr_par' dir='ltr' id='par_1_38' title="bbox 278 2204 1876 2281">
     <span class='ocr_line' id='line_1_38' title="bbox 278 2204 1876 2281; baseline -0.004 -15"><span class='ocrx_word' id='word_1_288' title='bbox 278 2210 501 2281; x_wconf 66' lang='lat' dir='ltr'><strong>primas,</strong></span> <span class='ocrx_word' id='word_1_289' title='bbox 544 2215 666 2280; x_wconf 90' lang='lat' dir='ltr'><strong>post</strong></span> <span class='ocrx_word' id='word_1_290' title='bbox 704 2208 955 2264; x_wconf 85' lang='lat' dir='ltr'><strong>monachi</strong></span> <span class='ocrx_word' id='word_1_291' title='bbox 996 2215 1178 2262; x_wconf 89' lang='lat' dir='ltr'><strong>votum</strong></span> <span class='ocrx_word' id='word_1_292' title='bbox 1206 2207 1439 2272; x_wconf 85' lang='lat' dir='ltr'><strong>irritum,</strong></span> <span class='ocrx_word' id='word_1_293' title='bbox 1482 2206 1684 2261; x_wconf 81' lang='lat' dir='ltr'><strong>illicitae</strong></span> <span class='ocrx_word' id='word_1_294' title='bbox 1730 2204 1876 2274; x_wconf 91' lang='lat' dir='ltr'><strong>licet,</strong></span> 
     </span>
    </p>
   </div>
   <div class='ocr_carea' id='block_1_39' title="bbox 279 2298 1877 2374">
    <p class='ocr_par' dir='ltr' id='par_1_39' title="bbox 279 2298 1877 2374">
     <span class='ocr_line' id='line_1_39' title="bbox 279 2298 1877 2374; baseline -0.004 -15"><span class='ocrx_word' id='word_1_295' title='bbox 279 2311 475 2359; x_wconf 80' lang='lat' dir='ltr'><strong>tamen</strong></span> <span class='ocrx_word' id='word_1_296' title='bbox 511 2300 747 2374; x_wconf 71' lang='lat' dir='ltr'><strong>propria:</strong></span> <span class='ocrx_word' id='word_1_297' title='bbox 786 2299 1031 2370; x_wconf 80' lang='lat' dir='ltr'><strong>conjugis</strong></span> <span class='ocrx_word' id='word_1_298' title='bbox 1069 2299 1463 2371; x_wconf 65' lang='lat' dir='ltr'><strong>praesumptiva:</strong></span> <span class='ocrx_word' id='word_1_299' title='bbox 1499 2299 1725 2368; x_wconf 64' lang='lat' dir='ltr'><strong>nuptias;</strong></span> <span class='ocrx_word' id='word_1_300' title='bbox 1772 2298 1877 2354; x_wconf 88' lang='lat' dir='ltr'><strong>alia</strong></span> 
     </span>
    </p>
   </div>
   <div class='ocr_carea' id='block_1_40' title="bbox 279 2389 1873 2460">
    <p class='ocr_par' dir='ltr' id='par_1_40' title="bbox 279 2389 1873 2460">
     <span class='ocr_line' id='line_1_40' title="bbox 279 2389 1873 2460; baseline -0.005 -8"><span class='ocrx_word' id='word_1_301' title='bbox 279 2397 390 2452; x_wconf 77' lang='lat' dir='ltr'><strong>viri</strong></span> <span class='ocrx_word' id='word_1_302' title='bbox 414 2395 668 2460; x_wconf 83' lang='lat' dir='ltr'><strong>viventis,</strong></span> <span class='ocrx_word' id='word_1_303' title='bbox 702 2409 809 2450; x_wconf 90' lang='lat' dir='ltr'><strong>non</strong></span> <span class='ocrx_word' id='word_1_304' title='bbox 839 2392 1077 2459; x_wconf 76' lang='lat' dir='ltr'><strong>externi,</strong></span> <span class='ocrx_word' id='word_1_305' title='bbox 1118 2391 1217 2448; x_wconf 87' lang='lat' dir='ltr'><strong>sed</strong></span> <span class='ocrx_word' id='word_1_306' title='bbox 1256 2391 1438 2448; x_wconf 89' lang='lat' dir='ltr'><strong>fratris</strong></span> <span class='ocrx_word' id='word_1_307' title='bbox 1475 2390 1567 2445; x_wconf 86' lang='lat' dir='ltr'><strong>lilii</strong></span> <span class='ocrx_word' id='word_1_308' title='bbox 1607 2389 1873 2445; x_wconf 83' lang='lat' dir='ltr'><strong>adamata.</strong></span> 
     </span>
    </p>
   </div>
   <div class='ocr_carea' id='block_1_41' title="bbox 279 2481 1877 2560">
    <p class='ocr_par' dir='ltr' id='par_1_41' title="bbox 279 2481 1877 2560">
     <span class='ocr_line' id='line_1_41' title="bbox 279 2481 1877 2560; baseline -0.007 -16"><span class='ocrx_word' id='word_1_309' title='bbox 279 2487 372 2544; x_wconf 73' lang='grc' dir='ltr'><strong>οι»</strong></span> <span class='ocrx_word' id='word_1_310' title='bbox 412 2486 563 2560; x_wconf 82' lang='lat' dir='ltr'><strong>quod</strong></span> <span class='ocrx_word' id='word_1_311' title='bbox 603 2486 737 2542; x_wconf 86' lang='lat' dir='ltr'><strong>dura</strong></span> <span class='ocrx_word' id='word_1_312' title='bbox 777 2484 961 2542; x_wconf 82' lang='lat' dir='ltr'><strong>cervix</strong></span> <span class='ocrx_word' id='word_1_313' title='bbox 1002 2483 1088 2539; x_wconf 90' lang='lat' dir='ltr'><strong>illa</strong></span> <span class='ocrx_word' id='word_1_314' title='bbox 1133 2483 1318 2539; x_wconf 83' lang='lat' dir='ltr'><strong>multis</strong></span> <span class='ocrx_word' id='word_1_315' title='bbox 1350 2481 1462 2551; x_wconf 86' lang='lat' dir='ltr'><strong>jam</strong></span> <span class='ocrx_word' id='word_1_316' title='bbox 1503 2481 1877 2552; x_wconf 88' lang='lat' dir='ltr'><strong>peccaminum</strong></span> 
     </span>
    </p>
   </div>
   <div class='ocr_carea' id='block_1_42' title="bbox 278 2569 1879 2644">
    <p class='ocr_par' dir='ltr' id='par_1_42' title="bbox 278 2569 1879 2644">
     <span class='ocr_line' id='line_1_42' title="bbox 278 2569 1879 2644; baseline -0.004 -11"><span class='ocrx_word' id='word_1_317' title='bbox 278 2577 530 2633; x_wconf 77' lang='lat' dir='ltr'><strong>fascibus</strong></span> <span class='ocrx_word' id='word_1_318' title='bbox 557 2583 809 2643; x_wconf 86' lang='lat' dir='ltr'><strong>onerata,</strong></span> <span class='ocrx_word' id='word_1_319' title='bbox 841 2574 970 2630; x_wconf 89' lang='lat' dir='ltr'><strong>bino</strong></span> <span class='ocrx_word' id='word_1_320' title='bbox 1014 2573 1343 2644; x_wconf 89' lang='lat' dir='ltr'><strong>parricidiali</strong></span> <span class='ocrx_word' id='word_1_321' title='bbox 1384 2587 1537 2639; x_wconf 89' lang='lat' dir='ltr'><strong>ausu,</strong></span> <span class='ocrx_word' id='word_1_322' title='bbox 1580 2569 1879 2627; x_wconf 86' lang='lat' dir='ltr'><strong>occidendo</strong></span> 
     </span>
    </p>
   </div>
   <div class='ocr_carea' id='block_1_43' title="bbox 278 2664 1882 2739">
    <p class='ocr_par' dir='ltr' id='par_1_43' title="bbox 278 2664 1882 2739">
     <span class='ocr_line' id='line_1_43' title="bbox 278 2664 1882 2739; baseline -0.005 -13"><span class='ocrx_word' id='word_1_323' title='bbox 278 2668 659 2739; x_wconf 81' lang='lat' dir='ltr'><strong>supradictum</strong></span> <span class='ocrx_word' id='word_1_324' title='bbox 720 2680 1053 2735; x_wconf 78' lang='lat' dir='ltr'><strong>uxoremque</strong></span> <span class='ocrx_word' id='word_1_325' title='bbox 1076 2674 1219 2721; x_wconf 89' lang='lat' dir='ltr'><strong>tuam</strong></span> <span class='ocrx_word' id='word_1_326' title='bbox 1249 2664 1554 2737; x_wconf 82' lang='lat' dir='ltr'><strong>aliquandiu</strong></span> <span class='ocrx_word' id='word_1_327' title='bbox 1584 2679 1615 2719; x_wconf 92' lang='lat' dir='ltr'><strong>a</strong></span> <span class='ocrx_word' id='word_1_328' title='bbox 1648 2672 1702 2720; x_wconf 93' lang='lat' dir='ltr'><strong>te</strong></span> <span class='ocrx_word' id='word_1_329' title='bbox 1726 2664 1882 2719; x_wconf 87' lang='lat' dir='ltr'><strong>habi-</strong></span> 
     </span>
    </p>
   </div>
   <div class='ocr_carea' id='block_1_44' title="bbox 280 2753 1880 2829">
    <p class='ocr_par' dir='ltr' id='par_1_44' title="bbox 280 2753 1880 2829">
     <span class='ocr_line' id='line_1_44' title="bbox 280 2753 1880 2829; baseline -0.004 -13"><span class='ocrx_word' id='word_1_330' title='bbox 280 2771 428 2829; x_wconf 75' lang='lat' dir='ltr'><strong>tam,</strong></span> <span class='ocrx_word' id='word_1_331' title='bbox 451 2759 601 2815; x_wconf 86' lang='lat' dir='ltr'><strong>velut</strong></span> <span class='ocrx_word' id='word_1_332' title='bbox 624 2774 837 2815; x_wconf 86' lang='lat' dir='ltr'><strong>summo</strong></span> <span class='ocrx_word' id='word_1_333' title='bbox 864 2756 1135 2825; x_wconf 80' lang='lat' dir='ltr'><strong>sacrilegii</strong></span> <span class='ocrx_word' id='word_1_334' title='bbox 1174 2756 1251 2811; x_wconf 91' lang='lat' dir='ltr'><strong>tui</strong></span> <span class='ocrx_word' id='word_1_335' title='bbox 1285 2755 1543 2825; x_wconf 84' lang='lat' dir='ltr'><strong>culmine,</strong></span> <span class='ocrx_word' id='word_1_336' title='bbox 1568 2754 1636 2811; x_wconf 89' lang='lat' dir='ltr'><strong>de</strong></span> <span class='ocrx_word' id='word_1_337' title='bbox 1663 2754 1785 2809; x_wconf 88' lang='lat' dir='ltr'><strong>imis</strong></span> <span class='ocrx_word' id='word_1_338' title='bbox 1814 2753 1880 2809; x_wconf 89' lang='lat' dir='ltr'><strong>ad</strong></span> 
     </span>
    </p>
   </div>
   <div class='ocr_carea' id='block_1_45' title="bbox 284 2842 1882 2914">
    <p class='ocr_par' dir='ltr' id='par_1_45' title="bbox 284 2842 1882 2914">
     <span class='ocr_line' id='line_1_45' title="bbox 284 2842 1882 2914; baseline -0.006 -6"><span class='ocrx_word' id='word_1_339' title='bbox 284 2848 551 2908; x_wconf 76' lang='lat' dir='ltr'><strong>inferiora</strong></span> <span class='ocrx_word' id='word_1_340' title='bbox 591 2857 868 2906; x_wconf 78' lang='lat' dir='ltr'><strong>curvatur.</strong></span> <span class='ocrx_word' id='word_1_341' title='bbox 893 2846 1101 2903; x_wconf 89' lang='lat' dir='ltr'><strong>Dehinc</strong></span> <span class='ocrx_word' id='word_1_342' title='bbox 1129 2844 1271 2899; x_wconf 90' lang='lat' dir='ltr'><strong>illam</strong></span> <span class='ocrx_word' id='word_1_343' title='bbox 1299 2843 1454 2914; x_wconf 82' lang='lat' dir='ltr'><strong>cujus</strong></span> <span class='ocrx_word' id='word_1_344' title='bbox 1481 2843 1681 2900; x_wconf 90' lang='lat' dir='ltr'><strong>dudum</strong></span> <span class='ocrx_word' id='word_1_345' title='bbox 1709 2842 1882 2898; x_wconf 87' lang='lat' dir='ltr'><strong>collu-</strong></span> 
     </span>
    </p>
   </div>
   <div class='ocr_carea' id='block_1_46' title="bbox 283 2932 1881 3008">
    <p class='ocr_par' dir='ltr' id='par_1_46' title="bbox 283 2932 1881 3008">
     <span class='ocr_line' id='line_1_46' title="bbox 283 2932 1881 3008; baseline -0.009 -10"><span class='ocrx_word' id='word_1_346' title='bbox 283 2940 385 2998; x_wconf 74' lang='lat' dir='ltr'><strong>dio</strong></span> <span class='ocrx_word' id='word_1_347' title='bbox 423 2954 490 2996; x_wconf 88' lang='lat' dir='ltr'><strong>ac</strong></span> <span class='ocrx_word' id='word_1_348' title='bbox 534 2938 878 3008; x_wconf 80' lang='lat' dir='ltr'><strong>suggestione</strong></span> <span class='ocrx_word' id='word_1_349' title='bbox 921 2944 1082 2991; x_wconf 73' lang='lat' dir='ltr'><strong>tanta:</strong></span> <span class='ocrx_word' id='word_1_350' title='bbox 1127 2942 1256 2990; x_wconf 88' lang='lat' dir='ltr'><strong>sunt</strong></span> <span class='ocrx_word' id='word_1_351' title='bbox 1298 2939 1642 3004; x_wconf 72' lang='lat' dir='ltr'><strong>peccatorum</strong></span> <span class='ocrx_word' id='word_1_352' title='bbox 1688 2932 1881 2988; x_wconf 64' lang='lat' dir='ltr'><strong>subitae</strong></span> 
     </span>
    </p>
   </div>
   <div class='ocr_carea' id='block_1_47' title="bbox 285 3024 1882 3101">
    <p class='ocr_par' dir='ltr' id='par_1_47' title="bbox 285 3024 1882 3101">
     <span class='ocr_line' id='line_1_47' title="bbox 285 3024 1882 3101; baseline -0.008 -12"><span class='ocrx_word' id='word_1_353' title='bbox 285 3031 469 3089; x_wconf 68' lang='lat' dir='ltr'><strong>moles</strong></span> <span class='ocrx_word' id='word_1_354' title='bbox 490 3030 706 3101; x_wconf 89' lang='lat' dir='ltr'><strong>publico</strong></span> <span class='ocrx_word' id='word_1_355' title='bbox 727 3036 783 3083; x_wconf 90' lang='lat' dir='ltr'><strong>et</strong></span> <span class='ocrx_word' id='word_1_356' title='bbox 811 3029 894 3099; x_wconf 90' lang='lat' dir='ltr'><strong>(ut</strong></span> <span class='ocrx_word' id='word_1_357' title='bbox 923 3026 1139 3081; x_wconf 84' lang='lat' dir='ltr'><strong>fallaces</strong></span> <span class='ocrx_word' id='word_1_358' title='bbox 1162 3025 1521 3096; x_wconf 84' lang='lat' dir='ltr'><strong>parasitorum</strong></span> <span class='ocrx_word' id='word_1_359' title='bbox 1544 3024 1737 3091; x_wconf 67' lang='lat' dir='ltr'><strong>lingua!</strong></span> <span class='ocrx_word' id='word_1_360' title='bbox 1767 3030 1882 3077; x_wconf 86' lang='lat' dir='ltr'><strong>tuo-</strong></span> 
     </span>
    </p>
   </div>
   <div class='ocr_carea' id='block_1_48' title="bbox 1978 1834 3575 1913">
    <p class='ocr_par' dir='ltr' id='par_1_48' title="bbox 1978 1834 3575 1913">
     <span class='ocr_line' id='line_1_48' title="bbox 1978 1834 3575 1913; baseline 0.007 -28"><span class='ocrx_word' id='word_1_361' title='bbox 1978 1848 2039 1886; x_wconf 91' lang='lat' dir='ltr'><strong>ae</strong></span> <span class='ocrx_word' id='word_1_362' title='bbox 2069 1834 2345 1887; x_wconf 82' lang='lat' dir='ltr'><strong>novissima</strong></span> <span class='ocrx_word' id='word_1_363' title='bbox 2373 1835 2718 1904; x_wconf 78' lang='lat' dir='ltr'><strong>providerent.</strong></span> <span class='ocrx_word' id='word_1_364' title='bbox 2757 1839 3023 1904; x_wconf 83' lang='lat' dir='ltr'><strong>Quomodo</strong></span> <span class='ocrx_word' id='word_1_365' title='bbox 3072 1853 3409 1913; x_wconf 84' lang='lat' dir='ltr'><strong>persequatur</strong></span> <span class='ocrx_word' id='word_1_366' title='bbox 3435 1851 3575 1896; x_wconf 82' lang='lat' dir='ltr'><strong>unus</strong></span> 
     </span>
    </p>
   </div>
   <div class='ocr_carea' id='block_1_49' title="bbox 1976 1925 3569 2006">
    <p class='ocr_par' dir='ltr' id='par_1_49' title="bbox 1976 1925 3569 2006">
     <span class='ocr_line' id='line_1_49' title="bbox 1976 1925 3569 2006; baseline 0.006 -27"><span class='ocrx_word' id='word_1_367' title='bbox 1976 1925 2134 1991; x_wconf 86' lang='lat' dir='ltr'><strong>mille,</strong></span> <span class='ocrx_word' id='word_1_368' title='bbox 2161 1934 2209 1979; x_wconf 91' lang='lat' dir='ltr'><strong>et</strong></span> <span class='ocrx_word' id='word_1_369' title='bbox 2230 1925 2334 1980; x_wconf 87' lang='lat' dir='ltr'><strong>duo</strong></span> <span class='ocrx_word' id='word_1_370' title='bbox 2353 1927 2534 1998; x_wconf 80' lang='lat' dir='ltr'><strong>fugent</strong></span> <span class='ocrx_word' id='word_1_371' title='bbox 2554 1927 2727 1983; x_wconf 84' lang='lat' dir='ltr'><strong>decem</strong></span> <span class='ocrx_word' id='word_1_372' title='bbox 2747 1930 2914 1985; x_wconf 84' lang='lat' dir='ltr'><strong>millia</strong></span> <span class='ocrx_word' id='word_1_373' title='bbox 2933 1930 3109 2003; x_wconf 88' lang='lat' dir='ltr'><strong>(Deut.</strong></span> <span class='ocrx_word' id='word_1_374' title='bbox 3134 1949 3305 1998; x_wconf 82' lang='lat' dir='ltr'><strong>xxxn,</strong></span> <span class='ocrx_word' id='word_1_375' title='bbox 3325 1932 3569 2006; x_wconf 79' lang='lat'><strong>28-30)?</strong></span> 
     </span>
    </p>
   </div>
   <div class='ocr_carea' id='block_1_50' title="bbox 1976 2016 3565 2089">
    <p class='ocr_par' dir='ltr' id='par_1_50' title="bbox 1976 2016 3565 2089">
     <span class='ocr_line' id='line_1_50' title="bbox 1976 2016 3565 2089; baseline 0.006 -18"><span class='ocrx_word' id='word_1_376' title='bbox 1976 2016 2043 2072; x_wconf 85' lang='lat' dir='ltr'><strong>Et</strong></span> <span class='ocrx_word' id='word_1_377' title='bbox 2093 2017 2287 2072; x_wconf 88' lang='lat' dir='ltr'><strong>iterum</strong></span> <span class='ocrx_word' id='word_1_378' title='bbox 2335 2017 2391 2073; x_wconf 88' lang='lat' dir='ltr'><strong>in</strong></span> <span class='ocrx_word' id='word_1_379' title='bbox 2430 2018 2720 2089; x_wconf 78' lang='lat' dir='ltr'><strong>Evangelia</strong></span> <span class='ocrx_word' id='word_1_380' title='bbox 2769 2020 3075 2078; x_wconf 91' lang='lat' dir='ltr'><strong>Dominus:</strong></span> <span class='ocrx_word' id='word_1_381' title='bbox 3115 2022 3298 2078; x_wconf 83' lang='lat' dir='ltr'><strong>Venite</strong></span> <span class='ocrx_word' id='word_1_382' title='bbox 3347 2024 3418 2078; x_wconf 90' lang='lat' dir='ltr'><strong>ad</strong></span> <span class='ocrx_word' id='word_1_383' title='bbox 3463 2041 3565 2089; x_wconf 88' lang='lat' dir='ltr'><strong>me,</strong></span> 
     </span>
    </p>
   </div>
   <div class='ocr_carea' id='block_1_51' title="bbox 1979 2109 3571 2189">
    <p class='ocr_par' dir='ltr' id='par_1_51' title="bbox 1979 2109 3571 2189">
     <span class='ocr_line' id='line_1_51' title="bbox 1979 2109 3571 2189; baseline 0.004 -25"><span class='ocrx_word' id='word_1_384' title='bbox 1979 2125 2155 2164; x_wconf 90' lang='lat' dir='ltr'><strong>omnes</strong></span> <span class='ocrx_word' id='word_1_385' title='bbox 2183 2110 2271 2182; x_wconf 88' lang='lat' dir='ltr'><strong>qui</strong></span> <span class='ocrx_word' id='word_1_386' title='bbox 2293 2109 2546 2166; x_wconf 80' lang='lat' dir='ltr'><strong>laboratis</strong></span> <span class='ocrx_word' id='word_1_387' title='bbox 2572 2119 2620 2165; x_wconf 91' lang='lat' dir='ltr'><strong>et</strong></span> <span class='ocrx_word' id='word_1_388' title='bbox 2647 2113 2851 2167; x_wconf 87' lang='lat' dir='ltr'><strong>onerati</strong></span> <span class='ocrx_word' id='word_1_389' title='bbox 2871 2115 3014 2181; x_wconf 82' lang='lat' dir='ltr'><strong>estis,</strong></span> <span class='ocrx_word' id='word_1_390' title='bbox 3039 2124 3089 2169; x_wconf 89' lang='lat' dir='ltr'><strong>et</strong></span> <span class='ocrx_word' id='word_1_391' title='bbox 3117 2132 3211 2189; x_wconf 88' lang='lat' dir='ltr'><strong>ego</strong></span> <span class='ocrx_word' id='word_1_392' title='bbox 3245 2133 3337 2172; x_wconf 83' lang='lat' dir='ltr'><strong>uos</strong></span> <span class='ocrx_word' id='word_1_393' title='bbox 3372 2118 3571 2189; x_wconf 81' lang='lat' dir='ltr'><strong>requie-</strong></span> 
     </span>
    </p>
   </div>
   <div class='ocr_carea' id='block_1_52' title="bbox 1979 2190 3575 2274">
    <p class='ocr_par' dir='ltr' id='par_1_52' title="bbox 1979 2190 3575 2274">
     <span class='ocr_line' id='line_1_52' title="bbox 1979 2190 3575 2274; baseline 0.005 -22"><span class='ocrx_word' id='word_1_394' title='bbox 1979 2213 2120 2252; x_wconf 91' lang='lat' dir='ltr'><strong>scere</strong></span> <span class='ocrx_word' id='word_1_395' title='bbox 2149 2199 2359 2270; x_wconf 81' lang='lat' dir='ltr'><strong>faciam.</strong></span> <span class='ocrx_word' id='word_1_396' title='bbox 2395 2197 2582 2254; x_wconf 83' lang='lat' dir='ltr'><strong>Tollite</strong></span> <span class='ocrx_word' id='word_1_397' title='bbox 2600 2198 2786 2272; x_wconf 85' lang='lat' dir='ltr'><strong>jugum</strong></span> <span class='ocrx_word' id='word_1_398' title='bbox 2807 2217 2973 2256; x_wconf 88' lang='lat' dir='ltr'><strong>meum</strong></span> <span class='ocrx_word' id='word_1_399' title='bbox 3000 2219 3154 2274; x_wconf 87' lang='lat' dir='ltr'><strong>super</strong></span> <span class='ocrx_word' id='word_1_400' title='bbox 3182 2220 3290 2271; x_wconf 88' lang='lat' dir='ltr'><strong>vos,</strong></span> <span class='ocrx_word' id='word_1_401' title='bbox 3321 2190 3371 2259; x_wconf 64' lang='lat' dir='ltr'><strong>Et</strong></span> <span class='ocrx_word' id='word_1_402' title='bbox 3389 2206 3575 2260; x_wconf 85' lang='lat' dir='ltr'><strong>discite</strong></span> 
     </span>
    </p>
   </div>
   <div class='ocr_carea' id='block_1_53' title="bbox 1979 2287 3575 2360">
    <p class='ocr_par' dir='ltr' id='par_1_53' title="bbox 1979 2287 3575 2360">
     <span class='ocr_line' id='line_1_53' title="bbox 1979 2287 3575 2360; baseline 0.005 -20"><span class='ocrx_word' id='word_1_403' title='bbox 1979 2303 2013 2341; x_wconf 74' lang='grc' dir='ltr'><strong><em>η</em></strong></span> <span class='ocrx_word' id='word_1_404' title='bbox 2045 2303 2144 2351; x_wconf 89' lang='lat' dir='ltr'><strong>me,</strong></span> <span class='ocrx_word' id='word_1_405' title='bbox 2185 2289 2305 2360; x_wconf 90' lang='lat' dir='ltr'><strong>quia</strong></span> <span class='ocrx_word' id='word_1_406' title='bbox 2334 2287 2475 2343; x_wconf 85' lang='lat' dir='ltr'><strong>mitis</strong></span> <span class='ocrx_word' id='word_1_407' title='bbox 2510 2306 2624 2343; x_wconf 89' lang='lat' dir='ltr'><strong>sum</strong></span> <span class='ocrx_word' id='word_1_408' title='bbox 2656 2299 2707 2344; x_wconf 87' lang='lat' dir='ltr'><strong>et</strong></span> <span class='ocrx_word' id='word_1_409' title='bbox 2744 2290 2953 2347; x_wconf 80' lang='lat' dir='ltr'><strong>humilis</strong></span> <span class='ocrx_word' id='word_1_410' title='bbox 2993 2293 3150 2347; x_wconf 86' lang='lat' dir='ltr'><strong>corde</strong></span> <span class='ocrx_word' id='word_1_411' title='bbox 3172 2309 3192 2348; x_wconf 89' lang='lat'><strong><em>:</em></strong></span> <span class='ocrx_word' id='word_1_412' title='bbox 3220 2303 3271 2347; x_wconf 88' lang='lat' dir='ltr'><strong>et</strong></span> <span class='ocrx_word' id='word_1_413' title='bbox 3307 2295 3575 2351; x_wconf 77' lang='lat' dir='ltr'><strong>invenietis</strong></span> 
     </span>
    </p>
   </div>
   <div class='ocr_carea' id='block_1_54' title="bbox 1979 2381 3580 2461">
    <p class='ocr_par' dir='ltr' id='par_1_54' title="bbox 1979 2381 3580 2461">
     <span class='ocr_line' id='line_1_54' title="bbox 1979 2381 3580 2461; baseline 0.007 -25"><span class='ocrx_word' id='word_1_414' title='bbox 1979 2382 2207 2453; x_wconf 82' lang='lat' dir='ltr'><strong>requiem</strong></span> <span class='ocrx_word' id='word_1_415' title='bbox 2253 2381 2526 2438; x_wconf 81' lang='lat' dir='ltr'><strong>animabus</strong></span> <span class='ocrx_word' id='word_1_416' title='bbox 2571 2386 2752 2439; x_wconf 87' lang='lat' dir='ltr'><strong>vestris</strong></span> <span class='ocrx_word' id='word_1_417' title='bbox 2784 2385 2998 2457; x_wconf 77' lang='lat' dir='ltr'><strong>(Matth.</strong></span> <span class='ocrx_word' id='word_1_418' title='bbox 3054 2404 3129 2456; x_wconf 75' lang='grc' dir='ltr'><strong>ιι,</strong></span> <span class='ocrx_word' id='word_1_419' title='bbox 3158 2387 3250 2461; x_wconf 87' lang='lat'><strong>28,</strong></span> <span class='ocrx_word' id='word_1_420' title='bbox 3288 2389 3401 2460; x_wconf 86' lang='lat'><strong>29).</strong></span> <span class='ocrx_word' id='word_1_421' title='bbox 3434 2389 3580 2446; x_wconf 84' lang='lat' dir='ltr'><strong>Num</strong></span> 
     </span>
    </p>
   </div>
   <div class='ocr_carea' id='block_1_55' title="bbox 1980 2470 3574 2549">
    <p class='ocr_par' dir='ltr' id='par_1_55' title="bbox 1980 2470 3574 2549">
     <span class='ocr_line' id='line_1_55' title="bbox 1980 2470 3574 2549; baseline 0.008 -22"><span class='ocrx_word' id='word_1_422' title='bbox 1980 2470 2027 2527; x_wconf 88' lang='lat' dir='ltr'><strong>si</strong></span> <span class='ocrx_word' id='word_1_423' title='bbox 2056 2473 2170 2529; x_wconf 59' lang='lat' dir='ltr'><strong>haec</strong></span> <span class='ocrx_word' id='word_1_424' title='bbox 2196 2472 2371 2529; x_wconf 79' lang='lat' dir='ltr'><strong>surdis</strong></span> <span class='ocrx_word' id='word_1_425' title='bbox 2399 2474 2617 2541; x_wconf 88' lang='lat' dir='ltr'><strong>auribus</strong></span> <span class='ocrx_word' id='word_1_426' title='bbox 2642 2476 2860 2547; x_wconf 84' lang='lat' dir='ltr'><strong>audias,</strong></span> <span class='ocrx_word' id='word_1_427' title='bbox 2896 2479 3189 2549; x_wconf 84' lang='lat' dir='ltr'><strong>prophetas</strong></span> <span class='ocrx_word' id='word_1_428' title='bbox 3227 2490 3574 2547; x_wconf 78' lang='lat' dir='ltr'><strong>contemnas,</strong></span> 
     </span>
    </p>
   </div>
   <div class='ocr_carea' id='block_1_56' title="bbox 1982 2562 3583 2639">
    <p class='ocr_par' dir='ltr' id='par_1_56' title="bbox 1982 2562 3583 2639">
     <span class='ocr_line' id='line_1_56' title="bbox 1982 2562 3583 2639; baseline 0.005 -20"><span class='ocrx_word' id='word_1_429' title='bbox 1982 2562 2254 2620; x_wconf 83' lang='lat' dir='ltr'><strong>Christum</strong></span> <span class='ocrx_word' id='word_1_430' title='bbox 2285 2562 2572 2635; x_wconf 88' lang='lat' dir='ltr'><strong>despicias,</strong></span> <span class='ocrx_word' id='word_1_431' title='bbox 2601 2580 2809 2635; x_wconf 83' lang='lat' dir='ltr'><strong>nosque</strong></span> <span class='ocrx_word' id='word_1_432' title='bbox 2843 2567 2991 2638; x_wconf 88' lang='lat' dir='ltr'><strong>(licet</strong></span> <span class='ocrx_word' id='word_1_433' title='bbox 3012 2569 3282 2625; x_wconf 72' lang='lat' dir='ltr'><strong>vilissima:</strong></span> <span class='ocrx_word' id='word_1_434' title='bbox 3300 2571 3583 2639; x_wconf 82' lang='lat' dir='ltr'><strong>qualitatis</strong></span> 
     </span>
    </p>
   </div>
   <div class='ocr_carea' id='block_1_57' title="bbox 1983 2656 3583 2732">
    <p class='ocr_par' dir='ltr' id='par_1_57' title="bbox 1983 2656 3583 2732">
     <span class='ocr_line' id='line_1_57' title="bbox 1983 2656 3583 2732; baseline 0.004 -20"><span class='ocrx_word' id='word_1_435' title='bbox 1983 2656 2186 2727; x_wconf 84' lang='lat' dir='ltr'><strong>simus)</strong></span> <span class='ocrx_word' id='word_1_436' title='bbox 2232 2656 2428 2713; x_wconf 88' lang='lat' dir='ltr'><strong>nullius</strong></span> <span class='ocrx_word' id='word_1_437' title='bbox 2480 2658 2743 2715; x_wconf 79' lang='lat' dir='ltr'><strong>momenti</strong></span> <span class='ocrx_word' id='word_1_438' title='bbox 2797 2658 2968 2716; x_wconf 87' lang='lat' dir='ltr'><strong>ducas</strong></span> <span class='ocrx_word' id='word_1_439' title='bbox 3018 2661 3393 2732; x_wconf 82' lang='lat' dir='ltr'><strong>propheticum</strong></span> <span class='ocrx_word' id='word_1_440' title='bbox 3442 2662 3583 2719; x_wconf 28' lang='lat' dir='ltr'><strong>illud;</strong></span> 
     </span>
    </p>
   </div>
   <div class='ocr_carea' id='block_1_58' title="bbox 1984 2748 3580 2825">
    <p class='ocr_par' dir='ltr' id='par_1_58' title="bbox 1984 2748 3580 2825">
     <span class='ocr_line' id='line_1_58' title="bbox 1984 2748 3580 2825; baseline 0.004 -21"><span class='ocrx_word' id='word_1_441' title='bbox 1984 2748 2193 2804; x_wconf 84' lang='lat' dir='ltr'><strong>sincera</strong></span> <span class='ocrx_word' id='word_1_442' title='bbox 2224 2748 2388 2803; x_wconf 88' lang='lat' dir='ltr'><strong>animi</strong></span> <span class='ocrx_word' id='word_1_443' title='bbox 2412 2749 2615 2820; x_wconf 83' lang='lat' dir='ltr'><strong>pietate</strong></span> <span class='ocrx_word' id='word_1_444' title='bbox 2636 2758 2913 2815; x_wconf 80' lang='lat' dir='ltr'><strong>servantes</strong></span> <span class='ocrx_word' id='word_1_445' title='bbox 2943 2750 3240 2825; x_wconf 84' lang='lat' dir='ltr'><strong>[utcunque</strong></span> <span class='ocrx_word' id='word_1_446' title='bbox 3259 2753 3302 2809; x_wconf 90' lang='lat' dir='ltr'><strong>si</strong></span> <span class='ocrx_word' id='word_1_447' title='bbox 3332 2770 3441 2810; x_wconf 89' lang='lat' dir='ltr'><strong>non</strong></span> <span class='ocrx_word' id='word_1_448' title='bbox 3468 2768 3580 2824; x_wconf 80' lang='lat' dir='ltr'><strong>ego</strong></span> 
     </span>
    </p>
   </div>
   <div class='ocr_carea' id='block_1_59' title="bbox 1986 2840 3585 2916">
    <p class='ocr_par' dir='ltr' id='par_1_59' title="bbox 1986 2840 3585 2916">
     <span class='ocr_line' id='line_1_59' title="bbox 1986 2840 3585 2916; baseline 0.005 -22"><span class='ocrx_word' id='word_1_449' title='bbox 1986 2840 2279 2910; x_wconf 80' lang='lat' dir='ltr'><strong>implevero</strong></span> <span class='ocrx_word' id='word_1_450' title='bbox 2312 2841 2678 2897; x_wconf 85' lang='lat' dir='ltr'><strong>fortitudinem</strong></span> <span class='ocrx_word' id='word_1_451' title='bbox 2710 2842 2762 2897; x_wconf 92' lang='lat' dir='ltr'><strong>in</strong></span> <span class='ocrx_word' id='word_1_452' title='bbox 2799 2844 2991 2914; x_wconf 91' lang='lat' dir='ltr'><strong>spiritu</strong></span> <span class='ocrx_word' id='word_1_453' title='bbox 3029 2852 3085 2899; x_wconf 87' lang='lat' dir='ltr'><strong>et</strong></span> <span class='ocrx_word' id='word_1_454' title='bbox 3113 2844 3310 2901; x_wconf 91' lang='lat' dir='ltr'><strong>virtute</strong></span> <span class='ocrx_word' id='word_1_455' title='bbox 3338 2845 3585 2916; x_wconf 71' lang='lat' dir='ltr'><strong>Domini,</strong></span> 
     </span>
    </p>
   </div>
   <div class='ocr_carea' id='block_1_60' title="bbox 1986 2933 3582 2994">
    <p class='ocr_par' dir='ltr' id='par_1_60' title="bbox 1986 2933 3582 2994">
     <span class='ocr_line' id='line_1_60' title="bbox 1986 2933 3582 2994; baseline 0.004 -7"><span class='ocrx_word' id='word_1_456' title='bbox 1986 2941 2048 2987; x_wconf 86' lang='lat' dir='ltr'><strong>ut</strong></span> <span class='ocrx_word' id='word_1_457' title='bbox 2091 2933 2367 2988; x_wconf 86' lang='lat' dir='ltr'><strong>enuntiem</strong></span> <span class='ocrx_word' id='word_1_458' title='bbox 2410 2934 2586 2989; x_wconf 87' lang='lat' dir='ltr'><strong>domui</strong></span> <span class='ocrx_word' id='word_1_459' title='bbox 2632 2933 2794 2990; x_wconf 68' lang='lat' dir='ltr'><strong>Iacob</strong></span> <span class='ocrx_word' id='word_1_460' title='bbox 2837 2944 2888 2989; x_wconf 91' lang='lat' dir='ltr'><strong>et</strong></span> <span class='ocrx_word' id='word_1_461' title='bbox 2937 2935 3115 2991; x_wconf 76' lang='lat' dir='ltr'><strong>domui</strong></span> <span class='ocrx_word' id='word_1_462' title='bbox 3164 2936 3337 2993; x_wconf 83' lang='lat' dir='ltr'><strong>Israel</strong></span> <span class='ocrx_word' id='word_1_463' title='bbox 3380 2939 3582 2994; x_wconf 80' lang='lat' dir='ltr'><strong>scelera</strong></span> 
     </span>
    </p>
   </div>
   <div class='ocr_carea' id='block_1_61' title="bbox 1986 3022 3580 3099">
    <p class='ocr_par' dir='ltr' id='par_1_61' title="bbox 1986 3022 3580 3099">
     <span class='ocr_line' id='line_1_61' title="bbox 1986 3022 3580 3099; baseline 0.003 -19"><span class='ocrx_word' id='word_1_464' title='bbox 1986 3038 2165 3080; x_wconf 83' lang='lat' dir='ltr'><strong>eorum</strong></span> <span class='ocrx_word' id='word_1_465' title='bbox 2193 3022 2329 3095; x_wconf 87' lang='lat' dir='ltr'><strong>(Isa.</strong></span> <span class='ocrx_word' id='word_1_466' title='bbox 2362 3040 2508 3091; x_wconf 81' lang='lat' dir='ltr'><strong>Lvm,</strong></span> <span class='ocrx_word' id='word_1_467' title='bbox 2541 3023 2620 3097; x_wconf 93' lang='grc'><strong>1)]</strong></span> <span class='ocrx_word' id='word_1_468' title='bbox 2652 3041 2722 3082; x_wconf 89' lang='lat' dir='ltr'><strong>ne</strong></span> <span class='ocrx_word' id='word_1_469' title='bbox 2749 3027 2915 3082; x_wconf 88' lang='lat' dir='ltr'><strong>simus</strong></span> <span class='ocrx_word' id='word_1_470' title='bbox 2943 3044 3094 3083; x_wconf 84' lang='lat' dir='ltr'><strong>canes</strong></span> <span class='ocrx_word' id='word_1_471' title='bbox 3120 3030 3248 3083; x_wconf 90' lang='lat' dir='ltr'><strong>muti</strong></span> <span class='ocrx_word' id='word_1_472' title='bbox 3267 3046 3372 3084; x_wconf 92' lang='lat' dir='ltr'><strong>non</strong></span> <span class='ocrx_word' id='word_1_473' title='bbox 3400 3031 3580 3099; x_wconf 72' lang='lat' dir='ltr'><strong>valen-</strong></span> 
     </span>
    </p>
   </div>
   <div class='ocr_carea' id='block_1_62' title="bbox 286 3112 3581 3201">
    <p class='ocr_par' dir='ltr' id='par_1_62' title="bbox 286 3112 3581 3201">
     <span class='ocr_line' id='line_1_62' title="bbox 286 3112 3581 3201; baseline -0.001 -23"><span class='ocrx_word' id='word_1_474' title='bbox 286 3138 415 3178; x_wconf 79' lang='lat' dir='ltr'><strong>rlrn</strong></span> <span class='ocrx_word' id='word_1_475' title='bbox 464 3120 824 3185; x_wconf 86' lang='lat' dir='ltr'><strong>conclamant,</strong></span> <span class='ocrx_word' id='word_1_476' title='bbox 875 3117 1098 3175; x_wconf 87' lang='lat' dir='ltr'><strong>summis</strong></span> <span class='ocrx_word' id='word_1_477' title='bbox 1139 3128 1316 3173; x_wconf 86' lang='lat' dir='ltr'><strong>tamen</strong></span> <span class='ocrx_word' id='word_1_478' title='bbox 1357 3115 1536 3181; x_wconf 82' lang='lat' dir='ltr'><strong>labiis,</strong></span> <span class='ocrx_word' id='word_1_479' title='bbox 1564 3130 1672 3171; x_wconf 89' lang='lat' dir='ltr'><strong>non</strong></span> <span class='ocrx_word' id='word_1_480' title='bbox 1705 3129 1773 3170; x_wconf 86' lang='lat' dir='ltr'><strong>ex</strong></span> <span class='ocrx_word' id='word_1_481' title='bbox 1801 3114 1889 3170; x_wconf 75' lang='lat' dir='ltr'><strong>in—</strong></span> <span class='ocrx_word' id='word_1_482' title='bbox 1915 3139 1959 3201; x_wconf 65' lang='grc' dir='ltr'><strong>ρ</strong></span> <span class='ocrx_word' id='word_1_483' title='bbox 1990 3123 2065 3170; x_wconf 87' lang='lat' dir='ltr'><strong>tes</strong></span> <span class='ocrx_word' id='word_1_484' title='bbox 2093 3115 2291 3201; x_wconf 72' lang='lat' dir='ltr'><strong>latrare</strong></span> <span class='ocrx_word' id='word_1_485' title='bbox 2332 3112 2468 3185; x_wconf 89' lang='lat' dir='ltr'><strong>(Isa.</strong></span> <span class='ocrx_word' id='word_1_486' title='bbox 2499 3132 2605 3181; x_wconf 69' lang='lat' dir='ltr'><strong>va,</strong></span> <span class='ocrx_word' id='word_1_487' title='bbox 2639 3116 2755 3187; x_wconf 85' lang='grc'><strong>10).</strong></span> <span class='ocrx_word' id='word_1_488' title='bbox 2789 3114 2858 3171; x_wconf 85' lang='lat' dir='ltr'><strong>Et</strong></span> <span class='ocrx_word' id='word_1_489' title='bbox 2896 3117 3025 3173; x_wconf 91' lang='lat' dir='ltr'><strong>illud</strong></span> <span class='ocrx_word' id='word_1_490' title='bbox 3055 3117 3361 3175; x_wconf 88' lang='lat' dir='ltr'><strong>Salomonis</strong></span> <span class='ocrx_word' id='word_1_491' title='bbox 3390 3121 3464 3175; x_wconf 88' lang='lat' dir='ltr'><strong>ita</strong></span> <span class='ocrx_word' id='word_1_492' title='bbox 3498 3121 3581 3176; x_wconf 82' lang='lat' dir='ltr'><strong>di-</strong></span> 
     </span>
    </p>
   </div>
   <div class='ocr_carea' id='block_1_63' title="bbox 287 3206 1887 3281">
    <p class='ocr_par' dir='ltr' id='par_1_63' title="bbox 287 3206 1887 3281">
     <span class='ocr_line' id='line_1_63' title="bbox 287 3206 1887 3281; baseline -0.004 -14"><span class='ocrx_word' id='word_1_493' title='bbox 287 3212 433 3269; x_wconf 74' lang='lat' dir='ltr'><strong>timo</strong></span> <span class='ocrx_word' id='word_1_494' title='bbox 463 3212 664 3281; x_wconf 84' lang='lat' dir='ltr'><strong>cordis)</strong></span> <span class='ocrx_word' id='word_1_495' title='bbox 702 3210 959 3279; x_wconf 88' lang='lat' dir='ltr'><strong>legitimo,</strong></span> <span class='ocrx_word' id='word_1_496' title='bbox 996 3219 1055 3264; x_wconf 91' lang='lat' dir='ltr'><strong>ut</strong></span> <span class='ocrx_word' id='word_1_497' title='bbox 1091 3216 1221 3279; x_wconf 87' lang='lat' dir='ltr'><strong>pote</strong></span> <span class='ocrx_word' id='word_1_498' title='bbox 1266 3207 1560 3273; x_wconf 86' lang='lat' dir='ltr'><strong>viduatam,</strong></span> <span class='ocrx_word' id='word_1_499' title='bbox 1589 3206 1780 3274; x_wconf 88' lang='lat' dir='ltr'><strong>thoro;</strong></span> <span class='ocrx_word' id='word_1_500' title='bbox 1827 3214 1887 3260; x_wconf 93' lang='lat' dir='ltr'><strong>ut</strong></span> 
     </span>
    </p>
   </div>
   <div class='ocr_carea' id='block_1_64' title="bbox 288 3293 1886 3368">
    <p class='ocr_par' dir='ltr' id='par_1_64' title="bbox 288 3293 1886 3368">
     <span class='ocr_line' id='line_1_64' title="bbox 288 3293 1886 3368; baseline -0.006 -10"><span class='ocrx_word' id='word_1_501' title='bbox 288 3311 502 3358; x_wconf 70' lang='lat' dir='ltr'><strong>nostra:</strong></span> <span class='ocrx_word' id='word_1_502' title='bbox 552 3315 679 3356; x_wconf 79' lang='lat' dir='ltr'><strong>vero</strong></span> <span class='ocrx_word' id='word_1_503' title='bbox 719 3308 777 3368; x_wconf 71' lang='lat'><strong>‘,</strong></span> <span class='ocrx_word' id='word_1_504' title='bbox 809 3298 1230 3355; x_wconf 88' lang='lat' dir='ltr'><strong>sceleratissimo</strong></span> <span class='ocrx_word' id='word_1_505' title='bbox 1276 3295 1547 3352; x_wconf 89' lang='lat' dir='ltr'><strong>adscivisti</strong></span> <span class='ocrx_word' id='word_1_506' title='bbox 1594 3293 1886 3350; x_wconf 88' lang='lat' dir='ltr'><strong>connubio.</strong></span> 
     </span>
    </p>
   </div>
   <div class='ocr_carea' id='block_1_65' title="bbox 288 3383 1887 3463">
    <p class='ocr_par' dir='ltr' id='par_1_65' title="bbox 288 3383 1887 3463">
     <span class='ocr_line' id='line_1_65' title="bbox 288 3383 1887 3463; baseline -0.008 -12"><span class='ocrx_word' id='word_1_507' title='bbox 288 3392 465 3463; x_wconf 79' lang='lat' dir='ltr'><strong>Cujus</strong></span> <span class='ocrx_word' id='word_1_508' title='bbox 513 3391 677 3461; x_wconf 88' lang='lat' dir='ltr'><strong>igitur</strong></span> <span class='ocrx_word' id='word_1_509' title='bbox 729 3389 900 3445; x_wconf 84' lang='lat' dir='ltr'><strong>sancti</strong></span> <span class='ocrx_word' id='word_1_510' title='bbox 950 3389 1164 3444; x_wconf 86' lang='lat' dir='ltr'><strong>viscera</strong></span> <span class='ocrx_word' id='word_1_511' title='bbox 1213 3387 1305 3442; x_wconf 91' lang='lat' dir='ltr'><strong>tali</strong></span> <span class='ocrx_word' id='word_1_512' title='bbox 1351 3385 1621 3442; x_wconf 86' lang='lat' dir='ltr'><strong>stimulata</strong></span> <span class='ocrx_word' id='word_1_513' title='bbox 1660 3383 1887 3439; x_wconf 85' lang='lat' dir='ltr'><strong>historia</strong></span> 
     </span>
    </p>
   </div>
   <div class='ocr_carea' id='block_1_66' title="bbox 292 3474 1890 3550">
    <p class='ocr_par' dir='ltr' id='par_1_66' title="bbox 292 3474 1890 3550">
     <span class='ocr_line' id='line_1_66' title="bbox 292 3474 1890 3550; baseline -0.006 -10"><span class='ocrx_word' id='word_1_514' title='bbox 292 3501 406 3541; x_wconf 82' lang='lat' dir='ltr'><strong>non</strong></span> <span class='ocrx_word' id='word_1_515' title='bbox 431 3483 616 3539; x_wconf 85' lang='lat' dir='ltr'><strong>statim</strong></span> <span class='ocrx_word' id='word_1_516' title='bbox 647 3482 702 3537; x_wconf 90' lang='lat' dir='ltr'><strong>in</strong></span> <span class='ocrx_word' id='word_1_517' title='bbox 741 3480 898 3537; x_wconf 82' lang='lat' dir='ltr'><strong>ﬂetus</strong></span> <span class='ocrx_word' id='word_1_518' title='bbox 937 3480 1305 3550; x_wconf 76' lang='lat' dir='ltr'><strong>singultusque</strong></span> <span class='ocrx_word' id='word_1_519' title='bbox 1332 3476 1720 3549; x_wconf 77' lang='lat' dir='ltr'><strong>prorumpam?</strong></span> <span class='ocrx_word' id='word_1_520' title='bbox 1759 3474 1890 3542; x_wconf 83' lang='lat' dir='ltr'><strong>Quis</strong></span> 
     </span>
    </p>
   </div>
   <div class='ocr_carea' id='block_1_67' title="bbox 292 3566 1891 3644">
    <p class='ocr_par' dir='ltr' id='par_1_67' title="bbox 292 3566 1891 3644">
     <span class='ocr_line' id='line_1_67' title="bbox 292 3566 1891 3644; baseline -0.008 -11"><span class='ocrx_word' id='word_1_521' title='bbox 292 3576 558 3633; x_wconf 78' lang='lat' dir='ltr'><strong>sacerdos</strong></span> <span class='ocrx_word' id='word_1_522' title='bbox 600 3573 755 3644; x_wconf 87' lang='lat' dir='ltr'><strong>cujus</strong></span> <span class='ocrx_word' id='word_1_523' title='bbox 799 3588 896 3629; x_wconf 89' lang='lat' dir='ltr'><strong>cor</strong></span> <span class='ocrx_word' id='word_1_524' title='bbox 944 3582 1150 3630; x_wconf 88' lang='lat' dir='ltr'><strong>rectum</strong></span> <span class='ocrx_word' id='word_1_525' title='bbox 1191 3571 1304 3627; x_wconf 89' lang='lat' dir='ltr'><strong>Deo</strong></span> <span class='ocrx_word' id='word_1_526' title='bbox 1338 3576 1507 3642; x_wconf 87' lang='lat' dir='ltr'><strong>patet,</strong></span> <span class='ocrx_word' id='word_1_527' title='bbox 1554 3582 1669 3622; x_wconf 89' lang='lat' dir='ltr'><strong>non</strong></span> <span class='ocrx_word' id='word_1_528' title='bbox 1708 3566 1891 3622; x_wconf 88' lang='lat' dir='ltr'><strong>statim</strong></span> 
     </span>
    </p>
   </div>
   <div class='ocr_carea' id='block_1_68' title="bbox 293 3657 1889 3734">
    <p class='ocr_par' dir='ltr' id='par_1_68' title="bbox 293 3657 1889 3734">
     <span class='ocr_line' id='line_1_68' title="bbox 293 3657 1889 3734; baseline -0.007 -13"><span class='ocrx_word' id='word_1_529' title='bbox 293 3667 412 3721; x_wconf 63' lang='lat' dir='ltr'><strong>haec</strong></span> <span class='ocrx_word' id='word_1_530' title='bbox 442 3664 668 3720; x_wconf 75' lang='lat' dir='ltr'><strong>audiens</strong></span> <span class='ocrx_word' id='word_1_531' title='bbox 694 3677 890 3734; x_wconf 84' lang='lat' dir='ltr'><strong>magno</strong></span> <span class='ocrx_word' id='word_1_532' title='bbox 931 3678 1052 3719; x_wconf 91' lang='lat' dir='ltr'><strong>cum</strong></span> <span class='ocrx_word' id='word_1_533' title='bbox 1084 3662 1289 3718; x_wconf 89' lang='lat' dir='ltr'><strong>ululatu</strong></span> <span class='ocrx_word' id='word_1_534' title='bbox 1339 3658 1470 3715; x_wconf 83' lang='lat' dir='ltr'><strong>illud</strong></span> <span class='ocrx_word' id='word_1_535' title='bbox 1513 3657 1889 3729; x_wconf 87' lang='lat' dir='ltr'><strong>propheticum</strong></span> 
     </span>
    </p>
   </div>
   <div class='ocr_carea' id='block_1_69' title="bbox 295 3749 1892 3824">
    <p class='ocr_par' dir='ltr' id='par_1_69' title="bbox 295 3749 1892 3824">
     <span class='ocr_line' id='line_1_69' title="bbox 295 3749 1892 3824; baseline -0.005 -14"><span class='ocrx_word' id='word_1_536' title='bbox 295 3756 493 3812; x_wconf 81' lang='lat' dir='ltr'><strong>dicat:</strong></span> <span class='ocrx_word' id='word_1_537' title='bbox 530 3753 663 3819; x_wconf 80' lang='lat' dir='ltr'><strong>Quis</strong></span> <span class='ocrx_word' id='word_1_538' title='bbox 706 3753 850 3809; x_wconf 83' lang='lat' dir='ltr'><strong>dabit</strong></span> <span class='ocrx_word' id='word_1_539' title='bbox 895 3754 1053 3824; x_wconf 87' lang='lat' dir='ltr'><strong>capiti</strong></span> <span class='ocrx_word' id='word_1_540' title='bbox 1097 3769 1211 3807; x_wconf 84' lang='lat' dir='ltr'><strong>meo</strong></span> <span class='ocrx_word' id='word_1_541' title='bbox 1251 3767 1456 3824; x_wconf 88' lang='lat' dir='ltr'><strong>aquam,</strong></span> <span class='ocrx_word' id='word_1_542' title='bbox 1487 3760 1538 3804; x_wconf 89' lang='lat' dir='ltr'><strong>et</strong></span> <span class='ocrx_word' id='word_1_543' title='bbox 1566 3750 1727 3805; x_wconf 84' lang='lat' dir='ltr'><strong>oculis</strong></span> <span class='ocrx_word' id='word_1_544' title='bbox 1767 3749 1892 3802; x_wconf 88' lang='lat' dir='ltr'><strong>meis</strong></span> 
     </span>
    </p>
   </div>
   <div class='ocr_carea' id='block_1_70' title="bbox 298 3839 1895 3916">
    <p class='ocr_par' dir='ltr' id='par_1_70' title="bbox 298 3839 1895 3916">
     <span class='ocr_line' id='line_1_70' title="bbox 298 3839 1895 3916; baseline -0.003 -18"><span class='ocrx_word' id='word_1_545' title='bbox 298 3847 500 3916; x_wconf 70' lang='lat' dir='ltr'><strong>{autem</strong></span> <span class='ocrx_word' id='word_1_546' title='bbox 528 3844 897 3914; x_wconf 80' lang='lat' dir='ltr'><strong>lacrgmarum,</strong></span> <span class='ocrx_word' id='word_1_547' title='bbox 929 3852 980 3897; x_wconf 88' lang='lat' dir='ltr'><strong>et</strong></span> <span class='ocrx_word' id='word_1_548' title='bbox 1009 3841 1226 3914; x_wconf 84' lang='lat' dir='ltr'><strong>plorabo</strong></span> <span class='ocrx_word' id='word_1_549' title='bbox 1259 3844 1314 3897; x_wconf 88' lang='lat' dir='ltr'><strong>in</strong></span> <span class='ocrx_word' id='word_1_550' title='bbox 1347 3842 1433 3895; x_wconf 88' lang='lat' dir='ltr'><strong>die</strong></span> <span class='ocrx_word' id='word_1_551' title='bbox 1459 3848 1510 3895; x_wconf 89' lang='lat' dir='ltr'><strong>et</strong></span> <span class='ocrx_word' id='word_1_552' title='bbox 1547 3848 1698 3894; x_wconf 87' lang='lat' dir='ltr'><strong>nocte</strong></span> <span class='ocrx_word' id='word_1_553' title='bbox 1732 3839 1895 3893; x_wconf 87' lang='lat' dir='ltr'><strong>inter-</strong></span> 
     </span>
    </p>
   </div>
   <div class='ocr_carea' id='block_1_71' title="bbox 301 3930 1895 4005">
    <p class='ocr_par' dir='ltr' id='par_1_71' title="bbox 301 3930 1895 4005">
     <span class='ocr_line' id='line_1_71' title="bbox 301 3930 1895 4005; baseline -0.003 -17"><span class='ocrx_word' id='word_1_554' title='bbox 301 3936 467 4005; x_wconf 74' lang='lat' dir='ltr'><strong>{cetos</strong></span> <span class='ocrx_word' id='word_1_555' title='bbox 504 3933 683 4005; x_wconf 78' lang='lat' dir='ltr'><strong>populi</strong></span> <span class='ocrx_word' id='word_1_556' title='bbox 719 3934 819 3987; x_wconf 86' lang='lat' dir='ltr'><strong>mei</strong></span> <span class='ocrx_word' id='word_1_557' title='bbox 852 3933 984 4005; x_wconf 82' lang='lat' dir='ltr'><strong>(Jer.</strong></span> <span class='ocrx_word' id='word_1_558' title='bbox 1026 3933 1148 4005; x_wconf 75' lang='lat' dir='ltr'><strong>ix)?</strong></span> <span class='ocrx_word' id='word_1_559' title='bbox 1177 3930 1325 3988; x_wconf 81' lang='lat' dir='ltr'><strong>Heu!</strong></span> <span class='ocrx_word' id='word_1_560' title='bbox 1366 3932 1411 3988; x_wconf 86' lang='lat' dir='ltr'><strong>si</strong></span> <span class='ocrx_word' id='word_1_561' title='bbox 1450 3931 1666 4003; x_wconf 85' lang='lat' dir='ltr'><strong>quidem</strong></span> <span class='ocrx_word' id='word_1_562' title='bbox 1704 3944 1895 4001; x_wconf 88' lang='lat' dir='ltr'><strong>parum</strong></span> 
     </span>
    </p>
   </div>
   <div class='ocr_carea' id='block_1_72' title="bbox 303 4023 1896 4096">
    <p class='ocr_par' dir='ltr' id='par_1_72' title="bbox 303 4023 1896 4096">
     <span class='ocr_line' id='line_1_72' title="bbox 303 4023 1896 4096; baseline -0.001 -16"><span class='ocrx_word' id='word_1_563' title='bbox 303 4025 531 4081; x_wconf 84' lang='lat' dir='ltr'><strong>auribus</strong></span> <span class='ocrx_word' id='word_1_564' title='bbox 559 4026 788 4095; x_wconf 84' lang='lat' dir='ltr'><strong>captasti</strong></span> <span class='ocrx_word' id='word_1_565' title='bbox 819 4026 1201 4096; x_wconf 75' lang='lat' dir='ltr'><strong>propheticam‘</strong></span> <span class='ocrx_word' id='word_1_566' title='bbox 1234 4024 1664 4094; x_wconf 77' lang='lat' dir='ltr'><strong>obiurgationem</strong></span> <span class='ocrx_word' id='word_1_567' title='bbox 1700 4023 1774 4078; x_wconf 91' lang='lat' dir='ltr'><strong>ita</strong></span> <span class='ocrx_word' id='word_1_568' title='bbox 1811 4023 1896 4078; x_wconf 89' lang='lat' dir='ltr'><strong>di-</strong></span> 
     </span>
    </p>
   </div>
   <div class='ocr_carea' id='block_1_73' title="bbox 300 4116 1901 4190">
    <p class='ocr_par' dir='ltr' id='par_1_73' title="bbox 300 4116 1901 4190">
     <span class='ocr_line' id='line_1_73' title="bbox 300 4116 1901 4190; baseline -0.001 -18"><span class='ocrx_word' id='word_1_569' title='bbox 300 4125 565 4173; x_wconf 79' lang='lat' dir='ltr'><strong>centem:</strong></span> <span class='ocrx_word' id='word_1_570' title='bbox 622 4116 713 4172; x_wconf 68' lang='lat' dir='ltr'><strong>Vc</strong></span> <span class='ocrx_word' id='word_1_571' title='bbox 755 4116 919 4185; x_wconf 81' lang='lat' dir='ltr'><strong>vobis,</strong></span> <span class='ocrx_word' id='word_1_572' title='bbox 962 4119 1059 4172; x_wconf 72' lang='lat' dir='ltr'><strong>viri</strong></span> <span class='ocrx_word' id='word_1_573' title='bbox 1105 4119 1254 4188; x_wconf 83' lang='lat' dir='ltr'><strong>impii</strong></span> <span class='ocrx_word' id='word_1_574' title='bbox 1294 4134 1313 4173; x_wconf 89' lang='lat'><strong><em>:</em></strong></span> <span class='ocrx_word' id='word_1_575' title='bbox 1363 4117 1704 4189; x_wconf 87' lang='lat' dir='ltr'><strong>dereliquistis</strong></span> <span class='ocrx_word' id='word_1_576' title='bbox 1733 4117 1901 4190; x_wconf 87' lang='lat' dir='ltr'><strong>legem</strong></span> 
     </span>
    </p>
   </div>
   <div class='ocr_carea' id='block_1_74' title="bbox 303 4205 1901 4277">
    <p class='ocr_par' dir='ltr' id='par_1_74' title="bbox 303 4205 1901 4277">
     <span class='ocr_line' id='line_1_74' title="bbox 303 4205 1901 4277; baseline -0.001 -17"><span class='ocrx_word' id='word_1_577' title='bbox 303 4205 405 4260; x_wconf 68' lang='lat' dir='ltr'><strong>Dei</strong></span> <span class='ocrx_word' id='word_1_578' title='bbox 453 4206 749 4271; x_wconf 72' lang='lat' dir='ltr'><strong>altissimi;</strong></span> <span class='ocrx_word' id='word_1_579' title='bbox 780 4215 834 4260; x_wconf 86' lang='lat' dir='ltr'><strong>et</strong></span> <span class='ocrx_word' id='word_1_580' title='bbox 878 4208 923 4261; x_wconf 89' lang='lat' dir='ltr'><strong>si</strong></span> <span class='ocrx_word' id='word_1_581' title='bbox 970 4207 1083 4261; x_wconf 81' lang='lat' dir='ltr'><strong>nati</strong></span> <span class='ocrx_word' id='word_1_582' title='bbox 1126 4208 1347 4277; x_wconf 83' lang='lat' dir='ltr'><strong>fueritis,</strong></span> <span class='ocrx_word' id='word_1_583' title='bbox 1390 4208 1445 4261; x_wconf 84' lang='lat' dir='ltr'><strong>in</strong></span> <span class='ocrx_word' id='word_1_584' title='bbox 1487 4206 1901 4261; x_wconf 87' lang='lat' dir='ltr'><strong>maledictionem</strong></span> 
     </span>
    </p>
   </div>
   <div class='ocr_carea' id='block_1_75' title="bbox 300 4297 1901 4372">
    <p class='ocr_par' dir='ltr' id='par_1_75' title="bbox 300 4297 1901 4372">
     <span class='ocr_line' id='line_1_75' title="bbox 300 4297 1901 4372; baseline -0.002 -19"><span class='ocrx_word' id='word_1_585' title='bbox 300 4299 404 4353; x_wconf 74' lang='lat' dir='ltr'><strong>erit</strong></span> <span class='ocrx_word' id='word_1_586' title='bbox 431 4312 557 4369; x_wconf 81' lang='lat' dir='ltr'><strong>pars</strong></span> <span class='ocrx_word' id='word_1_587' title='bbox 585 4308 773 4353; x_wconf 79' lang='lat' dir='ltr'><strong>vestra.</strong></span> <span class='ocrx_word' id='word_1_588' title='bbox 810 4297 1003 4354; x_wconf 77' lang='lat' dir='ltr'><strong>Omnia</strong></span> <span class='ocrx_word' id='word_1_589' title='bbox 1039 4312 1155 4372; x_wconf 68' lang='lat' dir='ltr'><strong>qua:</strong></span> <span class='ocrx_word' id='word_1_590' title='bbox 1183 4299 1246 4354; x_wconf 87' lang='lat' dir='ltr'><strong>de</strong></span> <span class='ocrx_word' id='word_1_591' title='bbox 1273 4307 1412 4354; x_wconf 87' lang='lat' dir='ltr'><strong>terra</strong></span> <span class='ocrx_word' id='word_1_592' title='bbox 1444 4306 1585 4368; x_wconf 88' lang='lat' dir='ltr'><strong>sunt,</strong></span> <span class='ocrx_word' id='word_1_593' title='bbox 1621 4298 1675 4353; x_wconf 88' lang='lat' dir='ltr'><strong>in</strong></span> <span class='ocrx_word' id='word_1_594' title='bbox 1714 4309 1901 4352; x_wconf 88' lang='lat' dir='ltr'><strong>terram</strong></span> 
     </span>
    </p>
   </div>
   <div class='ocr_carea' id='block_1_76' title="bbox 300 4390 1902 4467">
    <p class='ocr_par' dir='ltr' id='par_1_76' title="bbox 300 4390 1902 4467">
     <span class='ocr_line' id='line_1_76' title="bbox 300 4390 1902 4467; baseline -0.001 -23"><span class='ocrx_word' id='word_1_595' title='bbox 300 4390 463 4444; x_wconf 61' lang='lat' dir='ltr'><strong>ibunt</strong></span> <span class='ocrx_word' id='word_1_596' title='bbox 506 4408 528 4445; x_wconf 89' lang='lat'><strong><em>:</em></strong></span> <span class='ocrx_word' id='word_1_597' title='bbox 572 4392 649 4445; x_wconf 89' lang='lat' dir='ltr'><strong>sic</strong></span> <span class='ocrx_word' id='word_1_598' title='bbox 693 4391 841 4460; x_wconf 88' lang='lat' dir='ltr'><strong>impii</strong></span> <span class='ocrx_word' id='word_1_599' title='bbox 891 4409 922 4445; x_wconf 89' lang='lat' dir='ltr'><strong>a</strong></span> <span class='ocrx_word' id='word_1_600' title='bbox 972 4393 1334 4467; x_wconf 78' lang='lat' dir='ltr'><strong>maledictione</strong></span> <span class='ocrx_word' id='word_1_601' title='bbox 1383 4394 1439 4447; x_wconf 88' lang='lat' dir='ltr'><strong>in</strong></span> <span class='ocrx_word' id='word_1_602' title='bbox 1489 4391 1902 4446; x_wconf 79' lang='lat' dir='ltr'><strong>maledictionem</strong></span> 
     </span>
    </p>
   </div>
   <div class='ocr_carea' id='block_1_77' title="bbox 305 4477 1902 4552">
    <p class='ocr_par' dir='ltr' id='par_1_77' title="bbox 305 4477 1902 4552">
     <span class='ocr_line' id='line_1_77' title="bbox 305 4477 1902 4552; baseline -0.001 -19"><span class='ocrx_word' id='word_1_603' title='bbox 305 4477 509 4548; x_wconf 74' lang='lat' dir='ltr'><strong>(Et-eli.</strong></span> <span class='ocrx_word' id='word_1_604' title='bbox 540 4495 646 4543; x_wconf 78' lang='lat' dir='ltr'><strong>xu,</strong></span> <span class='ocrx_word' id='word_1_605' title='bbox 688 4478 872 4549; x_wconf 74' lang='grc'><strong>11-15)</strong></span> <span class='ocrx_word' id='word_1_606' title='bbox 914 4480 1269 4552; x_wconf 87' lang='lat' dir='ltr'><strong>(subauditur,</strong></span> <span class='ocrx_word' id='word_1_607' title='bbox 1312 4479 1366 4534; x_wconf 88' lang='lat' dir='ltr'><strong>ib</strong></span> <span class='ocrx_word' id='word_1_608' title='bbox 1404 4489 1462 4533; x_wconf 90' lang='lat' dir='ltr'><strong>nt</strong></span> <span class='ocrx_word' id='word_1_609' title='bbox 1500 4480 1541 4548; x_wconf 76' lang='grc'><strong>⁸)</strong></span> <span class='ocrx_word' id='word_1_610' title='bbox 1577 4479 1622 4533; x_wconf 90' lang='lat' dir='ltr'><strong>si</strong></span> <span class='ocrx_word' id='word_1_611' title='bbox 1663 4495 1771 4532; x_wconf 88' lang='lat' dir='ltr'><strong>non</strong></span> <span class='ocrx_word' id='word_1_612' title='bbox 1816 4492 1902 4532; x_wconf 86' lang='lat' dir='ltr'><strong>rc-</strong></span> 
     </span>
    </p>
   </div>
   <div class='ocr_carea' id='block_1_78' title="bbox 302 4569 1901 4633">
    <p class='ocr_par' dir='ltr' id='par_1_78' title="bbox 302 4569 1901 4633">
     <span class='ocr_line' id='line_1_78' title="bbox 302 4569 1901 4633; baseline -0.003 -8"><span class='ocrx_word' id='word_1_613' title='bbox 302 4576 595 4625; x_wconf 68' lang='lat' dir='ltr'><strong>vertantur</strong></span> <span class='ocrx_word' id='word_1_614' title='bbox 632 4569 698 4624; x_wconf 86' lang='lat' dir='ltr'><strong>ad</strong></span> <span class='ocrx_word' id='word_1_615' title='bbox 728 4569 1032 4633; x_wconf 89' lang='lat' dir='ltr'><strong>Dominum,</strong></span> <span class='ocrx_word' id='word_1_616' title='bbox 1062 4570 1315 4625; x_wconf 88' lang='lat' dir='ltr'><strong>exaudita</strong></span> <span class='ocrx_word' id='word_1_617' title='bbox 1350 4571 1538 4625; x_wconf 89' lang='lat' dir='ltr'><strong>saltem</strong></span> <span class='ocrx_word' id='word_1_618' title='bbox 1577 4569 1670 4623; x_wconf 89' lang='lat' dir='ltr'><strong>tali</strong></span> <span class='ocrx_word' id='word_1_619' title='bbox 1715 4569 1901 4623; x_wconf 87' lang='lat' dir='ltr'><strong>admo-</strong></span> 
     </span>
    </p>
   </div>
   <div class='ocr_carea' id='block_1_79' title="bbox 307 4656 1901 4731">
    <p class='ocr_par' dir='ltr' id='par_1_79' title="bbox 307 4656 1901 4731">
     <span class='ocr_line' id='line_1_79' title="bbox 307 4656 1901 4731; baseline -0.001 -18"><span class='ocrx_word' id='word_1_620' title='bbox 307 4658 569 4715; x_wconf 75' lang='lat' dir='ltr'><strong>stitione:</strong></span> <span class='ocrx_word' id='word_1_621' title='bbox 600 4656 733 4722; x_wconf 75' lang='lat' dir='ltr'><strong>Fili.</strong></span> <span class='ocrx_word' id='word_1_622' title='bbox 757 4661 1004 4731; x_wconf 82' lang='lat' dir='ltr'><strong>peccasti,</strong></span> <span class='ocrx_word' id='word_1_623' title='bbox 1030 4676 1094 4714; x_wconf 88' lang='lat' dir='ltr'><strong>ne</strong></span> <span class='ocrx_word' id='word_1_624' title='bbox 1131 4660 1352 4730; x_wconf 85' lang='lat' dir='ltr'><strong>adjicias</strong></span> <span class='ocrx_word' id='word_1_625' title='bbox 1398 4661 1572 4723; x_wconf 85' lang='lat' dir='ltr'><strong>ultra&#39;;</strong></span> <span class='ocrx_word' id='word_1_626' title='bbox 1614 4660 1705 4713; x_wconf 73' lang='lat' dir='ltr'><strong>sed</strong></span> <span class='ocrx_word' id='word_1_627' title='bbox 1748 4667 1798 4712; x_wconf 90' lang='lat' dir='ltr'><strong>et</strong></span> <span class='ocrx_word' id='word_1_628' title='bbox 1839 4659 1901 4712; x_wconf 87' lang='lat' dir='ltr'><strong>de</strong></span> 
     </span>
    </p>
   </div>
   <div class='ocr_carea' id='block_1_80' title="bbox 305 4748 1898 4821">
    <p class='ocr_par' dir='ltr' id='par_1_80' title="bbox 305 4748 1898 4821">
     <span class='ocr_line' id='line_1_80' title="bbox 305 4748 1898 4821; baseline 0 -19"><span class='ocrx_word' id='word_1_629' title='bbox 305 4749 552 4819; x_wconf 69' lang='lat' dir='ltr'><strong>pristinis</strong></span> <span class='ocrx_word' id='word_1_630' title='bbox 593 4749 692 4804; x_wconf 81' lang='lat' dir='ltr'><strong>tuis</strong></span> <span class='ocrx_word' id='word_1_631' title='bbox 734 4752 1014 4818; x_wconf 80' lang='lat' dir='ltr'><strong>deprecare</strong></span> <span class='ocrx_word' id='word_1_632' title='bbox 1039 4748 1227 4821; x_wconf 84' lang='lat' dir='ltr'><strong>(Eccli.</strong></span> <span class='ocrx_word' id='word_1_633' title='bbox 1273 4766 1382 4816; x_wconf 71' lang='lat' dir='ltr'><strong>xxi,</strong></span> <span class='ocrx_word' id='word_1_634' title='bbox 1426 4751 1501 4819; x_wconf 84' lang='lat' dir='ltr'><strong>l).</strong></span> <span class='ocrx_word' id='word_1_635' title='bbox 1545 4748 1612 4802; x_wconf 86' lang='lat' dir='ltr'><strong>Et</strong></span> <span class='ocrx_word' id='word_1_636' title='bbox 1658 4750 1898 4804; x_wconf 90' lang='lat' dir='ltr'><strong>iterum:</strong></span> 
     </span>
    </p>
   </div>
   <div class='ocr_carea' id='block_1_81' title="bbox 307 4836 1904 4914">
    <p class='ocr_par' dir='ltr' id='par_1_81' title="bbox 307 4836 1904 4914">
     <span class='ocr_line' id='line_1_81' title="bbox 307 4836 1904 4914; baseline 0.001 -19"><span class='ocrx_word' id='word_1_637' title='bbox 307 4836 442 4895; x_wconf 61' lang='lat' dir='ltr'><strong>Eon</strong></span> <span class='ocrx_word' id='word_1_638' title='bbox 488 4840 667 4896; x_wconf 73' lang='lat' dir='ltr'><strong>tardes</strong></span> <span class='ocrx_word' id='word_1_639' title='bbox 699 4843 926 4897; x_wconf 73' lang='lat' dir='ltr'><strong>converti</strong></span> <span class='ocrx_word' id='word_1_640' title='bbox 965 4841 1035 4895; x_wconf 87' lang='lat' dir='ltr'><strong>ad</strong></span> <span class='ocrx_word' id='word_1_641' title='bbox 1062 4841 1361 4910; x_wconf 82' lang='lat' dir='ltr'><strong>Dominum,</strong></span> <span class='ocrx_word' id='word_1_642' title='bbox 1390 4852 1551 4914; x_wconf 88' lang='lat' dir='ltr'><strong>neque</strong></span> <span class='ocrx_word' id='word_1_643' title='bbox 1588 4842 1803 4912; x_wconf 68' lang='lat' dir='ltr'><strong>diﬂ‘eras</strong></span> <span class='ocrx_word' id='word_1_644' title='bbox 1838 4842 1904 4898; x_wconf 90' lang='lat' dir='ltr'><strong>de</strong></span> 
     </span>
    </p>
   </div>
   <div class='ocr_carea' id='block_1_82' title="bbox 319 4928 1893 5000">
    <p class='ocr_par' dir='ltr' id='par_1_82' title="bbox 319 4928 1893 5000">
     <span class='ocr_line' id='line_1_82' title="bbox 319 4928 1893 5000; baseline 0 -15"><span class='ocrx_word' id='word_1_645' title='bbox 319 4933 415 4985; x_wconf 69' lang='lat' dir='ltr'><strong>die</strong></span> <span class='ocrx_word' id='word_1_646' title='bbox 443 4932 501 4983; x_wconf 72' lang='lat' dir='ltr'><strong>in</strong></span> <span class='ocrx_word' id='word_1_647' title='bbox 524 4930 686 4987; x_wconf 83' lang='lat' dir='ltr'><strong>diem.</strong></span> <span class='ocrx_word' id='word_1_648' title='bbox 708 4928 894 4984; x_wconf 75' lang='lat' dir='ltr'><strong>Subito</strong></span> <span class='ocrx_word' id='word_1_649' title='bbox 929 4930 1066 4983; x_wconf 87' lang='lat' dir='ltr'><strong>enim</strong></span> <span class='ocrx_word' id='word_1_650' title='bbox 1090 4935 1231 4982; x_wconf 79' lang='lat' dir='ltr'><strong>venit</strong></span> <span class='ocrx_word' id='word_1_651' title='bbox 1279 4928 1362 4982; x_wconf 87' lang='lat' dir='ltr'><strong>ira</strong></span> <span class='ocrx_word' id='word_1_652' title='bbox 1382 4930 1508 4997; x_wconf 71' lang='lat' dir='ltr'><strong>eius</strong></span> <span class='ocrx_word' id='word_1_653' title='bbox 1534 4928 1725 5000; x_wconf 79' lang='lat' dir='ltr'><strong>(Eccli.</strong></span> <span class='ocrx_word' id='word_1_654' title='bbox 1751 4945 1807 4994; x_wconf 87' lang='lat' dir='ltr'><strong>v,</strong></span> <span class='ocrx_word' id='word_1_655' title='bbox 1835 4928 1893 4996; x_wconf 76' lang='grc' dir='ltr'><strong>εξ,</strong></span> 
     </span>
    </p>
   </div>
   <div class='ocr_carea' id='block_1_83' title="bbox 312 5016 1888 5088">
    <p class='ocr_par' dir='ltr' id='par_1_83' title="bbox 312 5016 1888 5088">
     <span class='ocr_line' id='line_1_83' title="bbox 312 5016 1888 5088; baseline 0.001 -13"><span class='ocrx_word' id='word_1_656' title='bbox 312 5021 426 5088; x_wconf 75' lang='lat'><strong>9);</strong></span> <span class='ocrx_word' id='word_1_657' title='bbox 456 5021 608 5087; x_wconf 78' lang='lat' dir='ltr'><strong>quia,</strong></span> <span class='ocrx_word' id='word_1_658' title='bbox 638 5028 699 5073; x_wconf 88' lang='lat' dir='ltr'><strong>ut</strong></span> <span class='ocrx_word' id='word_1_659' title='bbox 726 5018 1009 5086; x_wconf 80' lang='lat' dir='ltr'><strong>Scriptura</strong></span> <span class='ocrx_word' id='word_1_660' title='bbox 1057 5020 1133 5072; x_wconf 87' lang='lat' dir='ltr'><strong>ait</strong></span> <span class='ocrx_word' id='word_1_661' title='bbox 1171 5035 1186 5072; x_wconf 92' lang='lat'><strong>:</strong></span> <span class='ocrx_word' id='word_1_662' title='bbox 1218 5016 1351 5087; x_wconf 83' lang='lat' dir='ltr'><strong>Rege</strong></span> <span class='ocrx_word' id='word_1_663' title='bbox 1403 5023 1646 5075; x_wconf 82' lang='lat' dir='ltr'><strong>audiente</strong></span> <span class='ocrx_word' id='word_1_664' title='bbox 1680 5024 1888 5077; x_wconf 84' lang='lat' dir='ltr'><strong>verbum</strong></span> 
     </span>
    </p>
   </div>
   <div class='ocr_carea' id='block_1_84' title="bbox 310 5107 1904 5183">
    <p class='ocr_par' dir='ltr' id='par_1_84' title="bbox 310 5107 1904 5183">
     <span class='ocr_line' id='line_1_84' title="bbox 310 5107 1904 5183; baseline 0.002 -19"><span class='ocrx_word' id='word_1_665' title='bbox 310 5107 574 5176; x_wconf 55' lang='lat' dir='ltr'><strong>icium,</strong></span> <span class='ocrx_word' id='word_1_666' title='bbox 602 5126 782 5165; x_wconf 75' lang='lat' dir='ltr'><strong>omnes</strong></span> <span class='ocrx_word' id='word_1_667' title='bbox 808 5111 896 5183; x_wconf 86' lang='lat' dir='ltr'><strong>qui</strong></span> <span class='ocrx_word' id='word_1_668' title='bbox 923 5110 1018 5165; x_wconf 86' lang='lat' dir='ltr'><strong>sub</strong></span> <span class='ocrx_word' id='word_1_669' title='bbox 1057 5110 1150 5166; x_wconf 83' lang='lat' dir='ltr'><strong>illo</strong></span> <span class='ocrx_word' id='word_1_670' title='bbox 1176 5120 1317 5177; x_wconf 81' lang='lat' dir='ltr'><strong>sunt,</strong></span> <span class='ocrx_word' id='word_1_671' title='bbox 1348 5112 1550 5167; x_wconf 83' lang='lat' dir='ltr'><strong>scelesti</strong></span> <span class='ocrx_word' id='word_1_672' title='bbox 1576 5122 1697 5167; x_wconf 87' lang='lat' dir='ltr'><strong>sunt</strong></span> <span class='ocrx_word' id='word_1_673' title='bbox 1725 5111 1904 5180; x_wconf 82' lang='lat' dir='ltr'><strong>(Prov.</strong></span> 
     </span>
    </p>
   </div>
   <div class='ocr_carea' id='block_1_85' title="bbox 316 5197 1910 5275">
    <p class='ocr_par' dir='ltr' id='par_1_85' title="bbox 316 5197 1910 5275">
     <span class='ocr_line' id='line_1_85' title="bbox 316 5197 1910 5275; baseline 0.004 -22"><span class='ocrx_word' id='word_1_674' title='bbox 316 5214 470 5263; x_wconf 75' lang='lat' dir='ltr'><strong>nix,</strong></span> <span class='ocrx_word' id='word_1_675' title='bbox 513 5197 623 5270; x_wconf 79' lang='lat' dir='ltr'><strong>l2).</strong></span> <span class='ocrx_word' id='word_1_676' title='bbox 671 5199 934 5255; x_wconf 80' lang='lat' dir='ltr'><strong>Nimirum</strong></span> <span class='ocrx_word' id='word_1_677' title='bbox 979 5216 1096 5267; x_wconf 65' lang='lat' dir='ltr'><strong>res,</strong></span> <span class='ocrx_word' id='word_1_678' title='bbox 1138 5202 1487 5273; x_wconf 67' lang='lat' dir='ltr'><strong>utpraphéta</strong></span> <span class='ocrx_word' id='word_1_679' title='bbox 1528 5201 1693 5270; x_wconf 76' lang='lat' dir='ltr'><strong>dixit,</strong></span> <span class='ocrx_word' id='word_1_680' title='bbox 1734 5204 1910 5275; x_wconf 84' lang='lat' dir='ltr'><strong>justus</strong></span> 
     </span>
    </p>
   </div>
   <div class='ocr_carea' id='block_1_86' title="bbox 314 5290 1904 5364">
    <p class='ocr_par' dir='ltr' id='par_1_86' title="bbox 314 5290 1904 5364">
     <span class='ocr_line' id='line_1_86' title="bbox 314 5290 1904 5364; baseline 0.004 -21"><span class='ocrx_word' id='word_1_681' title='bbox 314 5291 537 5344; x_wconf 69' lang='lat' dir='ltr'><strong>suscitet</strong></span> <span class='ocrx_word' id='word_1_682' title='bbox 562 5291 825 5364; x_wconf 60' lang='lat' dir='ltr'><strong>regimina</strong></span> <span class='ocrx_word' id='word_1_683' title='bbox 850 5290 1045 5362; x_wconf 63' lang='grc' dir='ltr'><strong>(ιωάη</strong></span> <span class='ocrx_word' id='word_1_684' title='bbox 1074 5291 1154 5364; x_wconf 73' lang='grc'><strong>4).</strong></span> <span class='ocrx_word' id='word_1_685' title='bbox 1182 5291 1289 5349; x_wconf 89' lang='lat' dir='ltr'><strong>Sed</strong></span> <span class='ocrx_word' id='word_1_686' title='bbox 1316 5294 1518 5349; x_wconf 88' lang='lat' dir='ltr'><strong>monita</strong></span> <span class='ocrx_word' id='word_1_687' title='bbox 1542 5294 1637 5350; x_wconf 87' lang='lat' dir='ltr'><strong>tibi</strong></span> <span class='ocrx_word' id='word_1_688' title='bbox 1663 5294 1904 5364; x_wconf 87' lang='lat' dir='ltr'><strong>profecto</strong></span> 
     </span>
    </p>
   </div>
   <div class='ocr_carea' id='block_1_87' title="bbox 316 5381 1915 5457">
    <p class='ocr_par' dir='ltr' id='par_1_87' title="bbox 316 5381 1915 5457">
     <span class='ocr_line' id='line_1_87' title="bbox 316 5381 1915 5457; baseline 0.004 -22"><span class='ocrx_word' id='word_1_689' title='bbox 316 5394 430 5435; x_wconf 83' lang='lat' dir='ltr'><strong>non</strong></span> <span class='ocrx_word' id='word_1_690' title='bbox 458 5381 684 5445; x_wconf 82' lang='lat' dir='ltr'><strong>desunt,</strong></span> <span class='ocrx_word' id='word_1_691' title='bbox 714 5398 839 5440; x_wconf 87' lang='lat' dir='ltr'><strong>cum</strong></span> <span class='ocrx_word' id='word_1_692' title='bbox 867 5384 1122 5441; x_wconf 74' lang='lat' dir='ltr'><strong>habueris</strong></span> <span class='ocrx_word' id='word_1_693' title='bbox 1148 5394 1537 5456; x_wconf 70' lang='lat' dir='ltr'><strong>praeceptorum</strong></span> <span class='ocrx_word' id='word_1_694' title='bbox 1567 5402 1704 5457; x_wconf 85' lang='lat' dir='ltr'><strong>pene</strong></span> <span class='ocrx_word' id='word_1_695' title='bbox 1742 5388 1915 5442; x_wconf 72' lang='lat' dir='ltr'><strong>totius</strong></span> 
     </span>
    </p>
   </div>
   <div class='ocr_carea' id='block_1_88' title="bbox 319 5469 1590 5555">
    <p class='ocr_par' dir='ltr' id='par_1_88' title="bbox 319 5469 1590 5555">
     <span class='ocr_line' id='line_1_88' title="bbox 319 5469 1590 5555; baseline 0.006 -30"><span class='ocrx_word' id='word_1_696' title='bbox 319 5469 615 5527; x_wconf 72' lang='lat' dir='ltr'><strong>Britannia:</strong></span> <span class='ocrx_word' id='word_1_697' title='bbox 640 5473 952 5542; x_wconf 80' lang='lat' dir='ltr'><strong>magistrum</strong></span> <span class='ocrx_word' id='word_1_698' title='bbox 976 5474 1305 5544; x_wconf 84' lang='lat' dir='ltr'><strong>elegantem.</strong></span> <span class='ocrx_word' id='word_1_699' title='bbox 1579 5546 1590 5555; x_wconf 43' lang='lat'><strong><em>.</em></strong></span> 
     </span>
    </p>
   </div>
   <div class='ocr_carea' id='block_1_89' title="bbox 393 5558 1909 5635">
    <p class='ocr_par' dir='ltr' id='par_1_89' title="bbox 393 5558 1909 5635">
     <span class='ocr_line' id='line_1_89' title="bbox 393 5558 1909 5635; baseline 0.004 -20"><span class='ocrx_word' id='word_1_700' title='bbox 393 5558 451 5616; x_wconf 66' lang='lat'><strong>3:.</strong></span> <span class='ocrx_word' id='word_1_701' title='bbox 494 5560 695 5619; x_wconf 84' lang='lat' dir='ltr'><strong>Caveto</strong></span> <span class='ocrx_word' id='word_1_702' title='bbox 742 5564 904 5632; x_wconf 82' lang='lat' dir='ltr'><strong>igitur</strong></span> <span class='ocrx_word' id='word_1_703' title='bbox 940 5580 1009 5621; x_wconf 88' lang='lat' dir='ltr'><strong>ne</strong></span> <span class='ocrx_word' id='word_1_704' title='bbox 1043 5566 1171 5631; x_wconf 87' lang='lat' dir='ltr'><strong>tibi,</strong></span> <span class='ocrx_word' id='word_1_705' title='bbox 1206 5566 1350 5635; x_wconf 91' lang='lat' dir='ltr'><strong>quod</strong></span> <span class='ocrx_word' id='word_1_706' title='bbox 1378 5579 1409 5621; x_wconf 85' lang='lat' dir='ltr'><strong>a</strong></span> <span class='ocrx_word' id='word_1_707' title='bbox 1434 5566 1722 5622; x_wconf 77' lang='lat' dir='ltr'><strong>Salomone</strong></span> <span class='ocrx_word' id='word_1_708' title='bbox 1757 5575 1909 5621; x_wconf 87' lang='lat' dir='ltr'><strong>nota-</strong></span> 
     </span>
    </p>
   </div>
   <div class='ocr_carea' id='block_1_90' title="bbox 322 5652 1905 5730">
    <p class='ocr_par' dir='ltr' id='par_1_90' title="bbox 322 5652 1905 5730">
     <span class='ocr_line' id='line_1_90' title="bbox 322 5652 1905 5730; baseline 0.004 -24"><span class='ocrx_word' id='word_1_709' title='bbox 322 5659 432 5707; x_wconf 72' lang='lat' dir='ltr'><strong>tur.</strong></span> <span class='ocrx_word' id='word_1_710' title='bbox 465 5653 693 5709; x_wconf 83' lang='lat' dir='ltr'><strong>accidat.</strong></span> <span class='ocrx_word' id='word_1_711' title='bbox 725 5652 889 5718; x_wconf 78' lang='lat' dir='ltr'><strong>Quasi</strong></span> <span class='ocrx_word' id='word_1_712' title='bbox 927 5657 1012 5723; x_wconf 78' lang='lat' dir='ltr'><strong>qui</strong></span> <span class='ocrx_word' id='word_1_713' title='bbox 1054 5659 1251 5711; x_wconf 65' lang='lat' dir='ltr'><strong>escitat</strong></span> <span class='ocrx_word' id='word_1_714' title='bbox 1292 5657 1625 5712; x_wconf 76' lang='lat' dir='ltr'><strong>dormientem</strong></span> <span class='ocrx_word' id='word_1_715' title='bbox 1662 5658 1725 5715; x_wconf 85' lang='lat' dir='ltr'><strong>de</strong></span> <span class='ocrx_word' id='word_1_716' title='bbox 1761 5656 1905 5730; x_wconf 82' lang='lat' dir='ltr'><strong>gravi</strong></span> 
     </span>
    </p>
   </div>
   <div class='ocr_carea' id='block_1_91' title="bbox 400 5789 1533 5864">
    <p class='ocr_par' dir='ltr' id='par_1_91' title="bbox 400 5789 1533 5864">
     <span class='ocr_line' id='line_1_91' title="bbox 400 5789 1533 5864; baseline 0.017 -21"><span class='ocrx_word' id='word_1_717' title='bbox 400 5802 431 5831; x_wconf 73' lang='grc' dir='ltr'><strong>ο</strong></span> <span class='ocrx_word' id='word_1_718' title='bbox 460 5789 606 5857; x_wconf 66' lang='lat' dir='ltr'><strong>“me.</strong></span> <span class='ocrx_word' id='word_1_719' title='bbox 634 5800 692 5847; x_wconf 82' lang='lat' dir='ltr'><strong>ut</strong></span> <span class='ocrx_word' id='word_1_720' title='bbox 718 5800 909 5849; x_wconf 60' lang='lat' dir='ltr'><strong>nostra</strong></span> <span class='ocrx_word' id='word_1_721' title='bbox 935 5810 1076 5864; x_wconf 85' lang='lat' dir='ltr'><strong>vero,</strong></span> <span class='ocrx_word' id='word_1_722' title='bbox 1101 5794 1294 5852; x_wconf 87' lang='lat' dir='ltr'><strong>desunt</strong></span> <span class='ocrx_word' id='word_1_723' title='bbox 1319 5795 1370 5853; x_wconf 85' lang='lat' dir='ltr'><strong>in</strong></span> <span class='ocrx_word' id='word_1_724' title='bbox 1401 5801 1533 5862; x_wconf 86' lang='lat' dir='ltr'><strong>edit.</strong></span> 
     </span>
    </p>
   </div>
   <div class='ocr_carea' id='block_1_92' title="bbox 1989 3200 3585 3281">
    <p class='ocr_par' dir='ltr' id='par_1_92' title="bbox 1989 3200 3585 3281">
     <span class='ocr_line' id='line_1_92' title="bbox 1989 3200 3585 3281; baseline 0.001 -17"><span class='ocrx_word' id='word_1_725' title='bbox 1989 3200 2160 3264; x_wconf 82' lang='lat' dir='ltr'><strong>centis</strong></span> <span class='ocrx_word' id='word_1_726' title='bbox 2190 3225 2205 3261; x_wconf 89' lang='lat'><strong>:</strong></span> <span class='ocrx_word' id='word_1_727' title='bbox 2238 3206 2337 3273; x_wconf 79' lang='lat' dir='ltr'><strong>Qui</strong></span> <span class='ocrx_word' id='word_1_728' title='bbox 2366 3208 2493 3263; x_wconf 83' lang='lat' dir='ltr'><strong>dicit</strong></span> <span class='ocrx_word' id='word_1_729' title='bbox 2524 3206 2739 3277; x_wconf 88' lang='lat' dir='ltr'><strong>impium</strong></span> <span class='ocrx_word' id='word_1_730' title='bbox 2762 3206 2961 3279; x_wconf 77' lang='lat' dir='ltr'><strong>justum</strong></span> <span class='ocrx_word' id='word_1_731' title='bbox 2988 3225 3119 3275; x_wconf 88' lang='lat' dir='ltr'><strong>esse,</strong></span> <span class='ocrx_word' id='word_1_732' title='bbox 3150 3210 3455 3281; x_wconf 82' lang='lat' dir='ltr'><strong>maledictus</strong></span> <span class='ocrx_word' id='word_1_733' title='bbox 3481 3212 3585 3266; x_wconf 79' lang='lat' dir='ltr'><strong>erit</strong></span> 
     </span>
    </p>
   </div>
   <div class='ocr_carea' id='block_1_93' title="bbox 1990 3297 3586 3379">
    <p class='ocr_par' dir='ltr' id='par_1_93' title="bbox 1990 3297 3586 3379">
     <span class='ocr_line' id='line_1_93' title="bbox 1990 3297 3586 3379; baseline 0.002 -23"><span class='ocrx_word' id='word_1_734' title='bbox 1990 3301 2194 3372; x_wconf 82' lang='lat' dir='ltr'><strong>populis</strong></span> <span class='ocrx_word' id='word_1_735' title='bbox 2234 3310 2289 3355; x_wconf 81' lang='lat' dir='ltr'><strong>et</strong></span> <span class='ocrx_word' id='word_1_736' title='bbox 2324 3300 2532 3354; x_wconf 87' lang='lat' dir='ltr'><strong>odibilis</strong></span> <span class='ocrx_word' id='word_1_737' title='bbox 2571 3297 2851 3371; x_wconf 85' lang='lat' dir='ltr'><strong>gentibus:</strong></span> <span class='ocrx_word' id='word_1_738' title='bbox 2880 3318 3001 3356; x_wconf 89' lang='lat' dir='ltr'><strong>nam</strong></span> <span class='ocrx_word' id='word_1_739' title='bbox 3037 3303 3126 3372; x_wconf 85' lang='lat' dir='ltr'><strong>qui</strong></span> <span class='ocrx_word' id='word_1_740' title='bbox 3166 3312 3425 3379; x_wconf 78' lang='lat' dir='ltr'><strong>arguunt,</strong></span> <span class='ocrx_word' id='word_1_741' title='bbox 3472 3321 3586 3360; x_wconf 59' lang='lat' dir='ltr'><strong>mev</strong></span> 
     </span>
    </p>
   </div>
   <div class='ocr_carea' id='block_1_94' title="bbox 1990 3389 3587 3467">
    <p class='ocr_par' dir='ltr' id='par_1_94' title="bbox 1990 3389 3587 3467">
     <span class='ocr_line' id='line_1_94' title="bbox 1990 3389 3587 3467; baseline 0.004 -21"><span class='ocrx_word' id='word_1_742' title='bbox 1990 3391 2126 3461; x_wconf 64' lang='lat' dir='ltr'><strong>liora</strong></span> <span class='ocrx_word' id='word_1_743' title='bbox 2172 3389 2451 3456; x_wconf 88' lang='lat' dir='ltr'><strong>sperabunt</strong></span> <span class='ocrx_word' id='word_1_744' title='bbox 2497 3390 2679 3463; x_wconf 84' lang='lat' dir='ltr'><strong>(Prov.</strong></span> <span class='ocrx_word' id='word_1_745' title='bbox 2728 3408 2873 3456; x_wconf 77' lang='lat' dir='ltr'><strong>xxw,</strong></span> <span class='ocrx_word' id='word_1_746' title='bbox 2922 3393 3010 3461; x_wconf 61' lang='lat'><strong>24,</strong></span> <span class='ocrx_word' id='word_1_747' title='bbox 3055 3394 3177 3467; x_wconf 76' lang='lat'><strong>25).</strong></span> <span class='ocrx_word' id='word_1_748' title='bbox 3221 3394 3288 3451; x_wconf 82' lang='lat' dir='ltr'><strong>Et</strong></span> <span class='ocrx_word' id='word_1_749' title='bbox 3326 3396 3521 3454; x_wconf 83' lang='lat' dir='ltr'><strong>iterum</strong></span> <span class='ocrx_word' id='word_1_750' title='bbox 3563 3414 3587 3452; x_wconf 85' lang='lat'><strong>:</strong></span> 
     </span>
    </p>
   </div>
   <div class='ocr_carea' id='block_1_95' title="bbox 1992 3477 3592 3552">
    <p class='ocr_par' dir='ltr' id='par_1_95' title="bbox 1992 3477 3592 3552">
     <span class='ocr_line' id='line_1_95' title="bbox 1992 3477 3592 3552; baseline 0.004 -18"><span class='ocrx_word' id='word_1_751' title='bbox 1992 3477 2117 3534; x_wconf 86' lang='lat' dir='ltr'><strong>Non</strong></span> <span class='ocrx_word' id='word_1_752' title='bbox 2146 3480 2426 3533; x_wconf 84' lang='lat' dir='ltr'><strong>reverearis</strong></span> <span class='ocrx_word' id='word_1_753' title='bbox 2450 3479 2694 3550; x_wconf 86' lang='lat' dir='ltr'><strong>populum</strong></span> <span class='ocrx_word' id='word_1_754' title='bbox 2724 3482 2779 3534; x_wconf 89' lang='lat' dir='ltr'><strong>in</strong></span> <span class='ocrx_word' id='word_1_755' title='bbox 2809 3497 2987 3535; x_wconf 85' lang='lat' dir='ltr'><strong>casum</strong></span> <span class='ocrx_word' id='word_1_756' title='bbox 3012 3500 3194 3552; x_wconf 87' lang='lat' dir='ltr'><strong>suum,</strong></span> <span class='ocrx_word' id='word_1_757' title='bbox 3228 3502 3321 3545; x_wconf 88' lang='lat' dir='ltr'><strong>nec</strong></span> <span class='ocrx_word' id='word_1_758' title='bbox 3360 3486 3592 3542; x_wconf 80' lang='lat' dir='ltr'><strong>retineas</strong></span> 
     </span>
    </p>
   </div>
   <div class='ocr_carea' id='block_1_96' title="bbox 1991 3567 3590 3644">
    <p class='ocr_par' dir='ltr' id='par_1_96' title="bbox 1991 3567 3590 3644">
     <span class='ocr_line' id='line_1_96' title="bbox 1991 3567 3590 3644; baseline -0.001 -20"><span class='ocrx_word' id='word_1_759' title='bbox 1991 3567 2200 3624; x_wconf 79' lang='lat' dir='ltr'><strong>verbum</strong></span> <span class='ocrx_word' id='word_1_760' title='bbox 2229 3568 2282 3620; x_wconf 91' lang='lat' dir='ltr'><strong>in</strong></span> <span class='ocrx_word' id='word_1_761' title='bbox 2312 3574 2539 3636; x_wconf 85' lang='lat' dir='ltr'><strong>tempore</strong></span> <span class='ocrx_word' id='word_1_762' title='bbox 2565 3567 2750 3644; x_wconf 84' lang='lat' dir='ltr'><strong>salutis</strong></span> <span class='ocrx_word' id='word_1_763' title='bbox 2788 3567 2979 3640; x_wconf 85' lang='lat' dir='ltr'><strong>(Eccli.</strong></span> <span class='ocrx_word' id='word_1_764' title='bbox 3024 3586 3099 3637; x_wconf 86' lang='lat' dir='ltr'><strong>tv,</strong></span> <span class='ocrx_word' id='word_1_765' title='bbox 3139 3572 3251 3643; x_wconf 84' lang='lat'><strong>2&#39;7).</strong></span> <span class='ocrx_word' id='word_1_766' title='bbox 3294 3573 3537 3644; x_wconf 81' lang='lat' dir='ltr'><strong>itemque</strong></span> <span class='ocrx_word' id='word_1_767' title='bbox 3567 3593 3590 3630; x_wconf 70' lang='grc' dir='ltr'>ι</span> 
     </span>
    </p>
   </div>
   <div class='ocr_carea' id='block_1_97' title="bbox 1994 3659 3587 3738">
    <p class='ocr_par' dir='ltr' id='par_1_97' title="bbox 1994 3659 3587 3738">
     <span class='ocr_line' id='line_1_97' title="bbox 1994 3659 3587 3738; baseline 0.003 -23"><span class='ocrx_word' id='word_1_768' title='bbox 1994 3660 2136 3715; x_wconf 81' lang='lat' dir='ltr'><strong>Erue</strong></span> <span class='ocrx_word' id='word_1_769' title='bbox 2161 3677 2248 3715; x_wconf 87' lang='lat' dir='ltr'><strong>eos</strong></span> <span class='ocrx_word' id='word_1_770' title='bbox 2274 3659 2361 3733; x_wconf 86' lang='lat' dir='ltr'><strong>qui</strong></span> <span class='ocrx_word' id='word_1_771' title='bbox 2386 3659 2641 3714; x_wconf 88' lang='lat' dir='ltr'><strong>ducuntur</strong></span> <span class='ocrx_word' id='word_1_772' title='bbox 2668 3660 2739 3713; x_wconf 84' lang='lat' dir='ltr'><strong>ad</strong></span> <span class='ocrx_word' id='word_1_773' title='bbox 2762 3670 3007 3729; x_wconf 70' lang='lat' dir='ltr'><strong>inertem;</strong></span> <span class='ocrx_word' id='word_1_774' title='bbox 3036 3671 3085 3718; x_wconf 89' lang='lat' dir='ltr'><strong>et</strong></span> <span class='ocrx_word' id='word_1_775' title='bbox 3112 3664 3363 3719; x_wconf 88' lang='lat' dir='ltr'><strong>redimere</strong></span> <span class='ocrx_word' id='word_1_776' title='bbox 3380 3681 3468 3721; x_wconf 87' lang='lat' dir='ltr'><strong>eos</strong></span> <span class='ocrx_word' id='word_1_777' title='bbox 3495 3668 3587 3738; x_wconf 86' lang='lat' dir='ltr'><strong>qui</strong></span> 
     </span>
    </p>
   </div>
   <div class='ocr_carea' id='block_1_98' title="bbox 1993 3751 3589 3827">
    <p class='ocr_par' dir='ltr' id='par_1_98' title="bbox 1993 3751 3589 3827">
     <span class='ocr_line' id='line_1_98' title="bbox 1993 3751 3589 3827; baseline 0.001 -18"><span class='ocrx_word' id='word_1_778' title='bbox 1993 3753 2396 3822; x_wconf 79' lang='lat' dir='ltr'><strong>interﬁciuntur,</strong></span> <span class='ocrx_word' id='word_1_779' title='bbox 2428 3768 2493 3806; x_wconf 87' lang='lat' dir='ltr'><strong>ne</strong></span> <span class='ocrx_word' id='word_1_780' title='bbox 2519 3768 2707 3823; x_wconf 86' lang='lat' dir='ltr'><strong>parcas</strong></span> <span class='ocrx_word' id='word_1_781' title='bbox 2730 3751 2915 3821; x_wconf 90' lang='lat' dir='ltr'><strong>(Prov.</strong></span> <span class='ocrx_word' id='word_1_782' title='bbox 2949 3770 3104 3820; x_wconf 76' lang='lat' dir='ltr'><strong>xxiv,</strong></span> <span class='ocrx_word' id='word_1_783' title='bbox 3149 3754 3269 3825; x_wconf 85' lang='lat' dir='ltr'><strong>ll);</strong></span> <span class='ocrx_word' id='word_1_784' title='bbox 3309 3756 3589 3827; x_wconf 84' lang='lat' dir='ltr'><strong>quianon</strong></span> 
     </span>
    </p>
   </div>
   <div class='ocr_carea' id='block_1_99' title="bbox 1996 3840 3584 3914">
    <p class='ocr_par' dir='ltr' id='par_1_99' title="bbox 1996 3840 3584 3914">
     <span class='ocr_line' id='line_1_99' title="bbox 1996 3840 3584 3914; baseline 0.004 -17"><span class='ocrx_word' id='word_1_785' title='bbox 1996 3843 2300 3914; x_wconf 86' lang='lat' dir='ltr'><strong>proderunt,</strong></span> <span class='ocrx_word' id='word_1_786' title='bbox 2333 3853 2391 3897; x_wconf 92' lang='lat' dir='ltr'><strong>ut</strong></span> <span class='ocrx_word' id='word_1_787' title='bbox 2420 3841 2557 3896; x_wconf 83' lang='lat' dir='ltr'><strong>idem</strong></span> <span class='ocrx_word' id='word_1_788' title='bbox 2585 3840 2849 3913; x_wconf 82' lang='lat' dir='ltr'><strong>prOpheta</strong></span> <span class='ocrx_word' id='word_1_789' title='bbox 2887 3843 2986 3909; x_wconf 90' lang='lat' dir='ltr'><strong>ait,</strong></span> <span class='ocrx_word' id='word_1_790' title='bbox 3025 3844 3215 3904; x_wconf 72' lang='lat' dir='ltr'><strong>divitia:</strong></span> <span class='ocrx_word' id='word_1_791' title='bbox 3240 3846 3294 3901; x_wconf 87' lang='lat' dir='ltr'><strong>in</strong></span> <span class='ocrx_word' id='word_1_792' title='bbox 3334 3846 3418 3901; x_wconf 87' lang='lat' dir='ltr'><strong>die</strong></span> <span class='ocrx_word' id='word_1_793' title='bbox 3440 3845 3535 3903; x_wconf 77' lang='lat' dir='ltr'><strong>ira:</strong></span> <span class='ocrx_word' id='word_1_794' title='bbox 3564 3864 3584 3902; x_wconf 90' lang='lat'><strong><em>:</em></strong></span> 
     </span>
    </p>
   </div>
   <div class='ocr_carea' id='block_1_100' title="bbox 1990 3933 3594 4010">
    <p class='ocr_par' dir='ltr' id='par_1_100' title="bbox 1990 3933 3594 4010">
     <span class='ocr_line' id='line_1_100' title="bbox 1990 3933 3594 4010; baseline 0.002 -21"><span class='ocrx_word' id='word_1_795' title='bbox 1990 3935 2197 4008; x_wconf 82' lang='lat' dir='ltr'><strong>justitia</strong></span> <span class='ocrx_word' id='word_1_796' title='bbox 2228 3952 2260 3988; x_wconf 90' lang='lat' dir='ltr'><strong>a</strong></span> <span class='ocrx_word' id='word_1_797' title='bbox 2287 3944 2450 3989; x_wconf 90' lang='lat' dir='ltr'><strong>morte</strong></span> <span class='ocrx_word' id='word_1_798' title='bbox 2478 3933 2662 3988; x_wconf 87' lang='lat' dir='ltr'><strong>liberat</strong></span> <span class='ocrx_word' id='word_1_799' title='bbox 2695 3933 2873 4006; x_wconf 84' lang='lat' dir='ltr'><strong>(Prov.</strong></span> <span class='ocrx_word' id='word_1_800' title='bbox 2907 3951 2983 4002; x_wconf 70' lang='grc' dir='ltr'><strong>ιι,</strong></span> <span class='ocrx_word' id='word_1_801' title='bbox 3015 3935 3093 4008; x_wconf 71' lang='grc'><strong>4).</strong></span> <span class='ocrx_word' id='word_1_802' title='bbox 3118 3936 3179 3993; x_wconf 83' lang='lat' dir='ltr'><strong>Si</strong></span> <span class='ocrx_word' id='word_1_803' title='bbox 3191 3937 3365 4009; x_wconf 83' lang='lat' dir='ltr'><strong>justus</strong></span> <span class='ocrx_word' id='word_1_804' title='bbox 3384 3939 3594 4010; x_wconf 85' lang='lat' dir='ltr'><strong>quidem</strong></span> 
     </span>
    </p>
   </div>
   <div class='ocr_carea' id='block_1_101' title="bbox 1997 4027 3588 4101">
    <p class='ocr_par' dir='ltr' id='par_1_101' title="bbox 1997 4027 3588 4101">
     <span class='ocr_line' id='line_1_101' title="bbox 1997 4027 3588 4101; baseline 0.001 -20"><span class='ocrx_word' id='word_1_805' title='bbox 1997 4029 2084 4101; x_wconf 73' lang='lat' dir='ltr'><strong>vix</strong></span> <span class='ocrx_word' id='word_1_806' title='bbox 2111 4028 2284 4082; x_wconf 88' lang='lat' dir='ltr'><strong>salvus</strong></span> <span class='ocrx_word' id='word_1_807' title='bbox 2312 4027 2409 4092; x_wconf 83' lang='lat' dir='ltr'><strong>sit,</strong></span> <span class='ocrx_word' id='word_1_808' title='bbox 2448 4027 2634 4096; x_wconf 89' lang='lat' dir='ltr'><strong>impius</strong></span> <span class='ocrx_word' id='word_1_809' title='bbox 2664 4035 2713 4081; x_wconf 90' lang='lat' dir='ltr'><strong>et</strong></span> <span class='ocrx_word' id='word_1_810' title='bbox 2740 4040 2979 4096; x_wconf 87' lang='lat' dir='ltr'><strong>peccator</strong></span> <span class='ocrx_word' id='word_1_811' title='bbox 3006 4027 3094 4082; x_wconf 84' lang='lat' dir='ltr'><strong>ubi</strong></span> <span class='ocrx_word' id='word_1_812' title='bbox 3125 4028 3327 4098; x_wconf 89' lang='lat' dir='ltr'><strong>parebit</strong></span> <span class='ocrx_word' id='word_1_813' title='bbox 3357 4027 3407 4100; x_wconf 84' lang='lat'><strong>(1</strong></span> <span class='ocrx_word' id='word_1_814' title='bbox 3440 4027 3588 4083; x_wconf 88' lang='lat' dir='ltr'><strong>Petr.</strong></span> 
     </span>
    </p>
   </div>
   <div class='ocr_carea' id='block_1_102' title="bbox 1999 4115 3588 4191">
    <p class='ocr_par' dir='ltr' id='par_1_102' title="bbox 1999 4115 3588 4191">
     <span class='ocr_line' id='line_1_102' title="bbox 1999 4115 3588 4191; baseline 0.001 -19"><span class='ocrx_word' id='word_1_815' title='bbox 1999 4115 2203 4183; x_wconf 74' lang='lat' dir='ltr'><strong>rv,18;</strong></span> <span class='ocrx_word' id='word_1_816' title='bbox 2238 4116 2395 4172; x_wconf 84' lang='lat' dir='ltr'><strong>Prov.</strong></span> <span class='ocrx_word' id='word_1_817' title='bbox 2438 4134 2515 4183; x_wconf 81' lang='lat' dir='ltr'><strong>xr,</strong></span> <span class='ocrx_word' id='word_1_818' title='bbox 2562 4118 2694 4189; x_wconf 78' lang='lat' dir='ltr'><strong>5i)?</strong></span> <span class='ocrx_word' id='word_1_819' title='bbox 2730 4118 2825 4175; x_wconf 82' lang='lat' dir='ltr'><strong>Ille</strong></span> <span class='ocrx_word' id='word_1_820' title='bbox 2874 4118 3119 4191; x_wconf 89' lang='lat' dir='ltr'><strong>profecto</strong></span> <span class='ocrx_word' id='word_1_821' title='bbox 3166 4127 3221 4175; x_wconf 87' lang='lat' dir='ltr'><strong>te</strong></span> <span class='ocrx_word' id='word_1_822' title='bbox 3266 4120 3588 4176; x_wconf 82' lang='lat' dir='ltr'><strong>tenebrosus</strong></span> 
     </span>
    </p>
   </div>
   <div class='ocr_carea' id='block_1_103' title="bbox 2002 4207 3597 4280">
    <p class='ocr_par' dir='ltr' id='par_1_103' title="bbox 2002 4207 3597 4280">
     <span class='ocr_line' id='line_1_103' title="bbox 2002 4207 3597 4280; baseline 0.003 -18"><span class='ocrx_word' id='word_1_823' title='bbox 2002 4207 2193 4262; x_wconf 86' lang='lat' dir='ltr'><strong>tartari</strong></span> <span class='ocrx_word' id='word_1_824' title='bbox 2226 4215 2438 4264; x_wconf 88' lang='lat' dir='ltr'><strong>torrens</strong></span> <span class='ocrx_word' id='word_1_825' title='bbox 2468 4208 2619 4263; x_wconf 85' lang='lat' dir='ltr'><strong>ferali</strong></span> <span class='ocrx_word' id='word_1_826' title='bbox 2649 4217 2828 4264; x_wconf 83' lang='lat' dir='ltr'><strong>rotatu</strong></span> <span class='ocrx_word' id='word_1_827' title='bbox 2856 4210 3119 4280; x_wconf 83' lang='lat' dir='ltr'><strong>nudisque</strong></span> <span class='ocrx_word' id='word_1_828' title='bbox 3146 4225 3213 4267; x_wconf 88' lang='lat' dir='ltr'><strong>ac</strong></span> <span class='ocrx_word' id='word_1_829' title='bbox 3236 4211 3284 4266; x_wconf 89' lang='lat' dir='ltr'><strong>si</strong></span> <span class='ocrx_word' id='word_1_830' title='bbox 3312 4212 3597 4267; x_wconf 79' lang='lat' dir='ltr'><strong>acerrimis</strong></span> 
     </span>
    </p>
   </div>
   <div class='ocr_carea' id='block_1_104' title="bbox 2005 4296 3593 4370">
    <p class='ocr_par' dir='ltr' id='par_1_104' title="bbox 2005 4296 3593 4370">
     <span class='ocr_line' id='line_1_104' title="bbox 2005 4296 3593 4370; baseline 0.003 -19"><span class='ocrx_word' id='word_1_831' title='bbox 2005 4296 2242 4351; x_wconf 85' lang='lat' dir='ltr'><strong>involvet</strong></span> <span class='ocrx_word' id='word_1_832' title='bbox 2261 4311 2475 4368; x_wconf 88' lang='lat' dir='ltr'><strong>semper</strong></span> <span class='ocrx_word' id='word_1_833' title='bbox 2494 4299 2829 4354; x_wconf 89' lang='lat' dir='ltr'><strong>cruciaturus</strong></span> <span class='ocrx_word' id='word_1_834' title='bbox 2852 4307 2905 4354; x_wconf 92' lang='lat' dir='ltr'><strong>et</strong></span> <span class='ocrx_word' id='word_1_835' title='bbox 2927 4315 3202 4369; x_wconf 78' lang='lat' dir='ltr'><strong>nunquam</strong></span> <span class='ocrx_word' id='word_1_836' title='bbox 3241 4308 3593 4370; x_wconf 66' lang='lat' dir='ltr'><strong>consumptur</strong></span> 
     </span>
    </p>
   </div>
   <div class='ocr_carea' id='block_1_105' title="bbox 2005 4387 3592 4459">
    <p class='ocr_par' dir='ltr' id='par_1_105' title="bbox 2005 4387 3592 4459">
     <span class='ocr_line' id='line_1_105' title="bbox 2005 4387 3592 4459; baseline 0.003 -18"><span class='ocrx_word' id='word_1_837' title='bbox 2005 4401 2124 4451; x_wconf 88' lang='lat' dir='ltr'><strong>rus;</strong></span> <span class='ocrx_word' id='word_1_838' title='bbox 2156 4387 2242 4443; x_wconf 83' lang='lat' dir='ltr'><strong>eui</strong></span> <span class='ocrx_word' id='word_1_839' title='bbox 2276 4394 2401 4442; x_wconf 90' lang='lat' dir='ltr'><strong>tunc</strong></span> <span class='ocrx_word' id='word_1_840' title='bbox 2430 4388 2533 4444; x_wconf 86' lang='lat' dir='ltr'><strong>erit</strong></span> <span class='ocrx_word' id='word_1_841' title='bbox 2561 4405 2680 4445; x_wconf 89' lang='lat' dir='ltr'><strong>sera</strong></span> <span class='ocrx_word' id='word_1_842' title='bbox 2709 4390 3019 4459; x_wconf 87' lang='lat' dir='ltr'><strong>inutilisque</strong></span> <span class='ocrx_word' id='word_1_843' title='bbox 3049 4404 3221 4459; x_wconf 79' lang='lat' dir='ltr'><strong>poenae</strong></span> <span class='ocrx_word' id='word_1_844' title='bbox 3251 4390 3462 4446; x_wconf 86' lang='lat' dir='ltr'><strong>oculata</strong></span> <span class='ocrx_word' id='word_1_845' title='bbox 3491 4406 3592 4446; x_wconf 75' lang='lat' dir='ltr'><strong>eo—</strong></span> 
     </span>
    </p>
   </div>
   <div class='ocr_carea' id='block_1_106' title="bbox 1933 4476 3591 4570">
    <p class='ocr_par' dir='ltr' id='par_1_106' title="bbox 1933 4476 3591 4570">
     <span class='ocr_line' id='line_1_106' title="bbox 1933 4476 3591 4570; baseline 0.004 -42"><span class='ocrx_word' id='word_1_846' title='bbox 1933 4515 1977 4570; x_wconf 76' lang='lat' dir='ltr'>D</span> <span class='ocrx_word' id='word_1_847' title='bbox 2005 4476 2175 4545; x_wconf 82' lang='lat' dir='ltr'><strong>gnitio</strong></span> <span class='ocrx_word' id='word_1_848' title='bbox 2217 4490 2281 4531; x_wconf 91' lang='lat' dir='ltr'><strong>ac</strong></span> <span class='ocrx_word' id='word_1_849' title='bbox 2322 4476 2447 4532; x_wconf 87' lang='lat' dir='ltr'><strong>mali</strong></span> <span class='ocrx_word' id='word_1_850' title='bbox 2475 4477 2774 4548; x_wconf 76' lang='lat' dir='ltr'><strong>pmnitudo,</strong></span> <span class='ocrx_word' id='word_1_851' title='bbox 2806 4493 2836 4532; x_wconf 93' lang='lat' dir='ltr'><strong>a</strong></span> <span class='ocrx_word' id='word_1_852' title='bbox 2867 4493 2975 4547; x_wconf 87' lang='lat' dir='ltr'><strong>quo</strong></span> <span class='ocrx_word' id='word_1_853' title='bbox 3006 4480 3061 4534; x_wconf 90' lang='lat' dir='ltr'><strong>in</strong></span> <span class='ocrx_word' id='word_1_854' title='bbox 3090 4479 3193 4535; x_wconf 89' lang='lat' dir='ltr'><strong>hoc</strong></span> <span class='ocrx_word' id='word_1_855' title='bbox 3221 4488 3467 4550; x_wconf 90' lang='lat' dir='ltr'><strong>tempore</strong></span> <span class='ocrx_word' id='word_1_856' title='bbox 3493 4494 3591 4535; x_wconf 44' lang='lat' dir='ltr'><strong>ac‘</strong></span> 
     </span>
    </p>
   </div>
   <div class='ocr_carea' id='block_1_107' title="bbox 2007 4563 3596 4635">
    <p class='ocr_par' dir='ltr' id='par_1_107' title="bbox 2007 4563 3596 4635">
     <span class='ocr_line' id='line_1_107' title="bbox 2007 4563 3596 4635; baseline 0.002 -15"><span class='ocrx_word' id='word_1_857' title='bbox 2007 4572 2167 4635; x_wconf 88' lang='lat' dir='ltr'><strong>cepto</strong></span> <span class='ocrx_word' id='word_1_858' title='bbox 2214 4573 2269 4620; x_wconf 90' lang='lat' dir='ltr'><strong>et</strong></span> <span class='ocrx_word' id='word_1_859' title='bbox 2313 4563 2400 4620; x_wconf 88' lang='lat' dir='ltr'><strong>die</strong></span> <span class='ocrx_word' id='word_1_860' title='bbox 2444 4565 2632 4622; x_wconf 90' lang='lat' dir='ltr'><strong>salutis</strong></span> <span class='ocrx_word' id='word_1_861' title='bbox 2683 4566 2750 4619; x_wconf 86' lang='lat' dir='ltr'><strong>ad</strong></span> <span class='ocrx_word' id='word_1_862' title='bbox 2790 4575 2996 4621; x_wconf 89' lang='lat' dir='ltr'><strong>rectum</strong></span> <span class='ocrx_word' id='word_1_863' title='bbox 3037 4566 3163 4622; x_wconf 69' lang='lat' dir='ltr'><strong>vitae</strong></span> <span class='ocrx_word' id='word_1_864' title='bbox 3207 4566 3311 4622; x_wconf 88' lang='lat' dir='ltr'><strong>iter</strong></span> <span class='ocrx_word' id='word_1_865' title='bbox 3348 4565 3596 4623; x_wconf 77' lang='lat' dir='ltr'><strong>differtur</strong></span> 
     </span>
    </p>
   </div>
   <div class='ocr_carea' id='block_1_108' title="bbox 2007 4654 2766 4729">
    <p class='ocr_par' dir='ltr' id='par_1_108' title="bbox 2007 4654 2766 4729">
     <span class='ocr_line' id='line_1_108' title="bbox 2007 4654 2766 4729; baseline -0.003 -16"><span class='ocrx_word' id='word_1_866' title='bbox 2007 4657 2293 4713; x_wconf 89' lang='lat' dir='ltr'><strong>conversio</strong></span> <span class='ocrx_word' id='word_1_867' title='bbox 2326 4654 2414 4729; x_wconf 86' lang='lat' dir='ltr'><strong>(ll</strong></span> <span class='ocrx_word' id='word_1_868' title='bbox 2439 4655 2559 4712; x_wconf 88' lang='lat' dir='ltr'><strong>Cor.</strong></span> <span class='ocrx_word' id='word_1_869' title='bbox 2584 4674 2659 4724; x_wconf 75' lang='grc' dir='ltr'><strong>γι,</strong></span> <span class='ocrx_word' id='word_1_870' title='bbox 2689 4656 2766 4729; x_wconf 82' lang='lat'><strong>2).</strong></span> 
     </span>
    </p>
   </div>
   <div class='ocr_carea' id='block_1_109' title="bbox 2079 4745 3603 4823">
    <p class='ocr_par' dir='ltr' id='par_1_109' title="bbox 2079 4745 3603 4823">
     <span class='ocr_line' id='line_1_109' title="bbox 2079 4745 3603 4823; baseline 0.005 -24"><span class='ocrx_word' id='word_1_871' title='bbox 2079 4745 2133 4801; x_wconf 75' lang='grc'><strong>4.</strong></span> <span class='ocrx_word' id='word_1_872' title='bbox 2165 4745 2265 4802; x_wconf 84' lang='lat' dir='ltr'><strong>llic</strong></span> <span class='ocrx_word' id='word_1_873' title='bbox 2301 4762 2432 4804; x_wconf 85' lang='lat' dir='ltr'><strong>sane</strong></span> <span class='ocrx_word' id='word_1_874' title='bbox 2477 4746 2564 4803; x_wconf 90' lang='lat' dir='ltr'><strong>vel</strong></span> <span class='ocrx_word' id='word_1_875' title='bbox 2619 4758 2778 4805; x_wconf 88' lang='lat' dir='ltr'><strong>antea</strong></span> <span class='ocrx_word' id='word_1_876' title='bbox 2824 4748 3194 4806; x_wconf 87' lang='lat' dir='ltr'><strong>concludenda</strong></span> <span class='ocrx_word' id='word_1_877' title='bbox 3233 4760 3354 4808; x_wconf 87' lang='lat' dir='ltr'><strong>erat</strong></span> <span class='ocrx_word' id='word_1_878' title='bbox 3382 4752 3482 4823; x_wconf 90' lang='lat' dir='ltr'><strong>(uti</strong></span> <span class='ocrx_word' id='word_1_879' title='bbox 3522 4766 3603 4807; x_wconf 77' lang='lat' dir='ltr'><strong>ne:</strong></span> 
     </span>
    </p>
   </div>
   <div class='ocr_carea' id='block_1_110' title="bbox 2008 4836 3599 4912">
    <p class='ocr_par' dir='ltr' id='par_1_110' title="bbox 2008 4836 3599 4912">
     <span class='ocr_line' id='line_1_110' title="bbox 2008 4836 3599 4912; baseline 0.003 -20"><span class='ocrx_word' id='word_1_880' title='bbox 2008 4837 2238 4908; x_wconf 89' lang='lat' dir='ltr'><strong>amplius</strong></span> <span class='ocrx_word' id='word_1_881' title='bbox 2263 4854 2325 4893; x_wconf 91' lang='lat' dir='ltr'><strong>os</strong></span> <span class='ocrx_word' id='word_1_882' title='bbox 2352 4845 2596 4893; x_wconf 87' lang='lat' dir='ltr'><strong>nostrum</strong></span> <span class='ocrx_word' id='word_1_883' title='bbox 2620 4836 2932 4911; x_wconf 88' lang='lat' dir='ltr'><strong>loqueretur</strong></span> <span class='ocrx_word' id='word_1_884' title='bbox 2960 4856 3127 4912; x_wconf 85' lang='lat' dir='ltr'><strong>opera</strong></span> <span class='ocrx_word' id='word_1_885' title='bbox 3154 4841 3451 4912; x_wconf 85' lang='lat' dir='ltr'><strong>hominum)</strong></span> <span class='ocrx_word' id='word_1_886' title='bbox 3480 4848 3599 4896; x_wconf 80' lang='lat' dir='ltr'><strong>tam</strong></span> 
     </span>
    </p>
   </div>
   <div class='ocr_carea' id='block_1_111' title="bbox 2009 4927 3593 5000">
    <p class='ocr_par' dir='ltr' id='par_1_111' title="bbox 2009 4927 3593 5000">
     <span class='ocr_line' id='line_1_111' title="bbox 2009 4927 3593 5000; baseline 0.001 -16"><span class='ocrx_word' id='word_1_887' title='bbox 2009 4928 2202 4984; x_wconf 78' lang='lat' dir='ltr'><strong>ﬁebilis</strong></span> <span class='ocrx_word' id='word_1_888' title='bbox 2226 4927 2343 4984; x_wconf 56' lang='lat' dir='ltr'><strong>haec</strong></span> <span class='ocrx_word' id='word_1_889' title='bbox 2370 4927 2701 5000; x_wconf 88' lang='lat' dir='ltr'><strong>querulaque</strong></span> <span class='ocrx_word' id='word_1_890' title='bbox 2740 4932 3004 4987; x_wconf 78' lang='lat' dir='ltr'><strong>maiorum</strong></span> <span class='ocrx_word' id='word_1_891' title='bbox 3033 4931 3133 4986; x_wconf 79' lang='lat' dir='ltr'><strong>:evi</strong></span> <span class='ocrx_word' id='word_1_892' title='bbox 3164 4931 3320 4999; x_wconf 86' lang='lat' dir='ltr'><strong>hujus</strong></span> <span class='ocrx_word' id='word_1_893' title='bbox 3345 4929 3593 4987; x_wconf 87' lang='lat' dir='ltr'><strong>historia.</strong></span> 
     </span>
    </p>
   </div>
   <div class='ocr_carea' id='block_1_112' title="bbox 2008 5016 3604 5093">
    <p class='ocr_par' dir='ltr' id='par_1_112' title="bbox 2008 5016 3604 5093">
     <span class='ocr_line' id='line_1_112' title="bbox 2008 5016 3604 5093; baseline 0.004 -21"><span class='ocrx_word' id='word_1_894' title='bbox 2008 5016 2118 5073; x_wconf 88' lang='lat' dir='ltr'><strong>Sed</strong></span> <span class='ocrx_word' id='word_1_895' title='bbox 2145 5033 2213 5073; x_wconf 90' lang='lat' dir='ltr'><strong>ne</strong></span> <span class='ocrx_word' id='word_1_896' title='bbox 2237 5017 2616 5076; x_wconf 82' lang='lat' dir='ltr'><strong>formidolosus</strong></span> <span class='ocrx_word' id='word_1_897' title='bbox 2638 5037 2735 5077; x_wconf 91' lang='lat' dir='ltr'><strong>nos</strong></span> <span class='ocrx_word' id='word_1_898' title='bbox 2763 5032 2857 5077; x_wconf 87' lang='lat' dir='ltr'><strong>aut</strong></span> <span class='ocrx_word' id='word_1_899' title='bbox 2877 5022 3050 5079; x_wconf 87' lang='lat' dir='ltr'><strong>lassos</strong></span> <span class='ocrx_word' id='word_1_900' title='bbox 3071 5029 3280 5093; x_wconf 89' lang='lat' dir='ltr'><strong>putent,</strong></span> <span class='ocrx_word' id='word_1_901' title='bbox 3302 5021 3604 5091; x_wconf 68' lang='lat' dir='ltr'><strong>quominus</strong></span> 
     </span>
    </p>
   </div>
   <div class='ocr_carea' id='block_1_113' title="bbox 2008 5110 3593 5182">
    <p class='ocr_par' dir='ltr' id='par_1_113' title="bbox 2008 5110 3593 5182">
     <span class='ocr_line' id='line_1_113' title="bbox 2008 5110 3593 5182; baseline 0.002 -16"><span class='ocrx_word' id='word_1_902' title='bbox 2008 5110 2139 5166; x_wconf 89' lang='lat' dir='ltr'><strong>illud</strong></span> <span class='ocrx_word' id='word_1_903' title='bbox 2189 5110 2452 5167; x_wconf 86' lang='lat' dir='ltr'><strong>lsaianum</strong></span> <span class='ocrx_word' id='word_1_904' title='bbox 2504 5112 2903 5182; x_wconf 73' lang='lat' dir='ltr'><strong>infatigabiliter</strong></span> <span class='ocrx_word' id='word_1_905' title='bbox 2962 5129 3276 5182; x_wconf 82' lang='lat' dir='ltr'><strong>caveamus,</strong></span> <span class='ocrx_word' id='word_1_906' title='bbox 3330 5112 3454 5180; x_wconf 74' lang='grc' dir='ltr'><strong>γω,</strong></span> <span class='ocrx_word' id='word_1_907' title='bbox 3506 5114 3593 5170; x_wconf 61' lang='lat' dir='ltr'><strong>in-</strong></span> 
     </span>
    </p>
   </div>
   <div class='ocr_carea' id='block_1_114' title="bbox 2007 5202 3603 5274">
    <p class='ocr_par' dir='ltr' id='par_1_114' title="bbox 2007 5202 3603 5274">
     <span class='ocr_line' id='line_1_114' title="bbox 2007 5202 3603 5274; baseline 0.002 -19"><span class='ocrx_word' id='word_1_908' title='bbox 2007 5202 2217 5271; x_wconf 83' lang='lat' dir='ltr'><strong>quiens,</strong></span> <span class='ocrx_word' id='word_1_909' title='bbox 2249 5203 2335 5274; x_wconf 87' lang='lat' dir='ltr'><strong>qui</strong></span> <span class='ocrx_word' id='word_1_910' title='bbox 2357 5204 2482 5257; x_wconf 83' lang='lat' dir='ltr'><strong>dicit</strong></span> <span class='ocrx_word' id='word_1_911' title='bbox 2507 5205 2698 5258; x_wconf 84' lang='lat' dir='ltr'><strong>bonum</strong></span> <span class='ocrx_word' id='word_1_912' title='bbox 2729 5205 2921 5259; x_wconf 83' lang='lat' dir='ltr'><strong>malum</strong></span> <span class='ocrx_word' id='word_1_913' title='bbox 2947 5214 2997 5260; x_wconf 90' lang='lat' dir='ltr'><strong>et</strong></span> <span class='ocrx_word' id='word_1_914' title='bbox 3024 5205 3216 5258; x_wconf 88' lang='lat' dir='ltr'><strong>malum</strong></span> <span class='ocrx_word' id='word_1_915' title='bbox 3245 5203 3461 5268; x_wconf 86' lang='lat' dir='ltr'><strong>bonum,</strong></span> <span class='ocrx_word' id='word_1_916' title='bbox 3494 5221 3603 5272; x_wconf 64' lang='grc' dir='ltr'><strong>ρον</strong></span> 
     </span>
    </p>
   </div>
   <div class='ocr_carea' id='block_1_115' title="bbox 2018 5294 3602 5366">
    <p class='ocr_par' dir='ltr' id='par_1_115' title="bbox 2018 5294 3602 5366">
     <span class='ocr_line' id='line_1_115' title="bbox 2018 5294 3602 5366; baseline 0.002 -18"><span class='ocrx_word' id='word_1_917' title='bbox 2018 5304 2197 5348; x_wconf 82' lang='lat' dir='ltr'><strong>nentes</strong></span> <span class='ocrx_word' id='word_1_918' title='bbox 2219 5295 2450 5350; x_wconf 82' lang='lat' dir='ltr'><strong>tenebras</strong></span> <span class='ocrx_word' id='word_1_919' title='bbox 2479 5297 2532 5349; x_wconf 85' lang='lat' dir='ltr'><strong>in</strong></span> <span class='ocrx_word' id='word_1_920' title='bbox 2550 5296 2713 5351; x_wconf 80' lang='lat' dir='ltr'><strong>larem</strong></span> <span class='ocrx_word' id='word_1_921' title='bbox 2740 5306 2787 5351; x_wconf 87' lang='lat' dir='ltr'><strong>et</strong></span> <span class='ocrx_word' id='word_1_922' title='bbox 2817 5297 2976 5351; x_wconf 88' lang='lat' dir='ltr'><strong>lucem</strong></span> <span class='ocrx_word' id='word_1_923' title='bbox 3004 5297 3057 5350; x_wconf 88' lang='lat' dir='ltr'><strong>in</strong></span> <span class='ocrx_word' id='word_1_924' title='bbox 3082 5294 3339 5366; x_wconf 88' lang='lat' dir='ltr'><strong>tenebras,</strong></span> <span class='ocrx_word' id='word_1_925' title='bbox 3360 5312 3602 5351; x_wconf 78' lang='lat' dir='ltr'><strong>amarum</strong></span> 
     </span>
    </p>
   </div>
   <div class='ocr_carea' id='block_1_116' title="bbox 2009 5383 3595 5457">
    <p class='ocr_par' dir='ltr' id='par_1_116' title="bbox 2009 5383 3595 5457">
     <span class='ocr_line' id='line_1_116' title="bbox 2009 5383 3595 5457; baseline 0.001 -18"><span class='ocrx_word' id='word_1_926' title='bbox 2009 5387 2069 5439; x_wconf 81' lang='lat' dir='ltr'><strong>in</strong></span> <span class='ocrx_word' id='word_1_927' title='bbox 2096 5383 2242 5438; x_wconf 85' lang='lat' dir='ltr'><strong>dulce</strong></span> <span class='ocrx_word' id='word_1_928' title='bbox 2267 5395 2318 5437; x_wconf 90' lang='lat' dir='ltr'><strong>et</strong></span> <span class='ocrx_word' id='word_1_929' title='bbox 2347 5385 2493 5439; x_wconf 81' lang='lat' dir='ltr'><strong>dulce</strong></span> <span class='ocrx_word' id='word_1_930' title='bbox 2520 5388 2575 5440; x_wconf 92' lang='lat' dir='ltr'><strong>in</strong></span> <span class='ocrx_word' id='word_1_931' title='bbox 2601 5401 2837 5441; x_wconf 83' lang='lat' dir='ltr'><strong>amarum</strong></span> <span class='ocrx_word' id='word_1_932' title='bbox 2869 5384 3003 5457; x_wconf 71' lang='grc' dir='ltr'><strong>(ιω.</strong></span> <span class='ocrx_word' id='word_1_933' title='bbox 3038 5403 3089 5449; x_wconf 85' lang='lat' dir='ltr'><strong>v,</strong></span> <span class='ocrx_word' id='word_1_934' title='bbox 3118 5384 3210 5456; x_wconf 85' lang='lat'><strong>20)</strong></span> <span class='ocrx_word' id='word_1_935' title='bbox 3245 5404 3257 5438; x_wconf 94' lang='lat'>:</span> <span class='ocrx_word' id='word_1_936' title='bbox 3290 5386 3379 5455; x_wconf 87' lang='lat' dir='ltr'><strong>qui</strong></span> <span class='ocrx_word' id='word_1_937' title='bbox 3412 5387 3595 5442; x_wconf 81' lang='lat' dir='ltr'><strong>viden-</strong></span> 
     </span>
    </p>
   </div>
   <div class='ocr_carea' id='block_1_117' title="bbox 2011 5475 3596 5543">
    <p class='ocr_par' dir='ltr' id='par_1_117' title="bbox 2011 5475 3596 5543">
     <span class='ocr_line' id='line_1_117' title="bbox 2011 5475 3596 5543; baseline 0.001 -14"><span class='ocrx_word' id='word_1_938' title='bbox 2011 5485 2087 5530; x_wconf 86' lang='lat' dir='ltr'><strong>tes</strong></span> <span class='ocrx_word' id='word_1_939' title='bbox 2113 5492 2216 5529; x_wconf 87' lang='lat' dir='ltr'><strong>non</strong></span> <span class='ocrx_word' id='word_1_940' title='bbox 2254 5475 2445 5543; x_wconf 81' lang='lat' dir='ltr'><strong>vident,</strong></span> <span class='ocrx_word' id='word_1_941' title='bbox 2477 5486 2526 5531; x_wconf 90' lang='lat' dir='ltr'><strong>et</strong></span> <span class='ocrx_word' id='word_1_942' title='bbox 2553 5477 2818 5532; x_wconf 88' lang='lat' dir='ltr'><strong>audientes</strong></span> <span class='ocrx_word' id='word_1_943' title='bbox 2849 5494 2951 5532; x_wconf 90' lang='lat' dir='ltr'><strong>non</strong></span> <span class='ocrx_word' id='word_1_944' title='bbox 2981 5476 3197 5532; x_wconf 88' lang='lat' dir='ltr'><strong>audiunt</strong></span> <span class='ocrx_word' id='word_1_945' title='bbox 3226 5475 3441 5543; x_wconf 77' lang='lat' dir='ltr'><strong>(Matth.</strong></span> <span class='ocrx_word' id='word_1_946' title='bbox 3477 5494 3596 5541; x_wconf 78' lang='lat' dir='ltr'><strong>xm,</strong></span> 
     </span>
    </p>
   </div>
   <div class='ocr_carea' id='block_1_118' title="bbox 2012 5558 3595 5638">
    <p class='ocr_par' dir='ltr' id='par_1_118' title="bbox 2012 5558 3595 5638">
     <span class='ocr_line' id='line_1_118' title="bbox 2012 5558 3595 5638; baseline 0.003 -19"><span class='ocrx_word' id='word_1_947' title='bbox 2012 5566 2132 5636; x_wconf 78' lang='lat' dir='ltr'><strong>l3);</strong></span> <span class='ocrx_word' id='word_1_948' title='bbox 2166 5580 2394 5636; x_wconf 87' lang='lat' dir='ltr'><strong>quorum</strong></span> <span class='ocrx_word' id='word_1_949' title='bbox 2424 5582 2519 5624; x_wconf 90' lang='lat' dir='ltr'><strong>cor</strong></span> <span class='ocrx_word' id='word_1_950' title='bbox 2545 5583 2726 5624; x_wconf 67' lang='lat' dir='ltr'><strong>crassa</strong></span> <span class='ocrx_word' id='word_1_951' title='bbox 2752 5558 3024 5637; x_wconf 82' lang='lat' dir='ltr'><strong>obtegitur</strong></span> <span class='ocrx_word' id='word_1_952' title='bbox 3059 5568 3289 5638; x_wconf 88' lang='lat' dir='ltr'><strong>quadam</strong></span> <span class='ocrx_word' id='word_1_953' title='bbox 3337 5568 3595 5624; x_wconf 84' lang='lat' dir='ltr'><strong>vitiorum</strong></span> 
     </span>
    </p>
   </div>
   <div class='ocr_carea' id='block_1_119' title="bbox 2012 5655 3589 5733">
    <p class='ocr_par' dir='ltr' id='par_1_119' title="bbox 2012 5655 3589 5733">
     <span class='ocr_line' id='line_1_119' title="bbox 2012 5655 3589 5733; baseline -0.001 -20"><span class='ocrx_word' id='word_1_954' title='bbox 2012 5656 2196 5713; x_wconf 83' lang='lat' dir='ltr'><strong>nube:</strong></span> <span class='ocrx_word' id='word_1_955' title='bbox 2228 5655 2358 5712; x_wconf 89' lang='lat' dir='ltr'><strong>libet</strong></span> <span class='ocrx_word' id='word_1_956' title='bbox 2398 5657 2527 5727; x_wconf 90' lang='lat' dir='ltr'><strong>quid</strong></span> <span class='ocrx_word' id='word_1_957' title='bbox 2572 5666 2939 5729; x_wconf 88' lang='lat' dir='ltr'><strong>quantumque</strong></span> <span class='ocrx_word' id='word_1_958' title='bbox 2981 5660 3246 5716; x_wconf 86' lang='lat' dir='ltr'><strong>minarum</strong></span> <span class='ocrx_word' id='word_1_959' title='bbox 3275 5658 3379 5733; x_wconf 85' lang='lat' dir='ltr'><strong>[his</strong></span> <span class='ocrx_word' id='word_1_960' title='bbox 3406 5674 3589 5730; x_wconf 73' lang='lat' dir='ltr'><strong>supra-</strong></span> 
     </span>
    </p>
   </div>
   <div class='ocr_carea' id='block_1_120' title="bbox 2114 5795 3532 5861">
    <p class='ocr_par' dir='ltr' id='par_1_120' title="bbox 2114 5795 3532 5861">
     <span class='ocr_line' id='line_1_120' title="bbox 2114 5795 3532 5861; baseline -0.004 -9"><span class='ocrx_word' id='word_1_961' title='bbox 2114 5795 2229 5853; x_wconf 78' lang='lat' dir='ltr'><strong>’Sic</strong></span> <span class='ocrx_word' id='word_1_962' title='bbox 2251 5795 2389 5858; x_wconf 85' lang='lat' dir='ltr'><strong>Bibl.</strong></span> <span class='ocrx_word' id='word_1_963' title='bbox 2423 5799 2529 5859; x_wconf 81' lang='lat' dir='ltr'><strong>PP.</strong></span> <span class='ocrx_word' id='word_1_964' title='bbox 2559 5798 2728 5857; x_wconf 84' lang='lat' dir='ltr'><strong>Paris.</strong></span> <span class='ocrx_word' id='word_1_965' title='bbox 2754 5800 2916 5861; x_wconf 80' lang='lat' dir='ltr'><strong>Deest</strong></span> <span class='ocrx_word' id='word_1_966' title='bbox 2943 5804 3088 5861; x_wconf 78' lang='lat' dir='ltr'><strong>ibunt</strong></span> <span class='ocrx_word' id='word_1_967' title='bbox 3117 5801 3168 5856; x_wconf 84' lang='lat' dir='ltr'><strong>in</strong></span> <span class='ocrx_word' id='word_1_968' title='bbox 3190 5797 3316 5855; x_wconf 80' lang='lat' dir='ltr'><strong>edit.</strong></span> <span class='ocrx_word' id='word_1_969' title='bbox 3344 5796 3532 5852; x_wconf 84' lang='lat' dir='ltr'><strong>Oxon.</strong></span> 
     </span>
    </p>
   </div>
  </div>
