3954 6178
366 252 475 312 535

1260 242 1491 305 (ιιι,ῡῶ
1530 236 1880 306 sanemus
1918 245 2006 303 ne
2046 235 2317 303 metato
2353 230 2745 299 nmmum

3521 230 3629 292 333

367 369 524 427 dictis
550 369 568 401 ¹
626 363 1026 423 laseivientibus
1064 362 1352 419 satellitum
1394 362 1692 431 Pharaonis
1739 362 1954 436 (quibus
1982 365 2034 425 Δ
2061 360 2204 415 lator
2242 358 2308 413 ad
2349 355 2700 426 corrigendos
2727 353 2939 424 iniquos
2965 344 3176 408 abande
3203 342 3509 414 sufﬁceret;
3553 357 3634 404 ta-

369 462 485 533 ejus
502 461 776 533 periturus
797 459 933 514 mari
953 464 1287 528 provocatur
1304 455 1577 512 exercitus
1600 466 1819 512 strenue
1838 454 1953 513 liu-

370 532 500 624 bro)
540 567 838 622 eorumque
874 532 1137 605 similibus
1186 546 1653 619 quinque‘cquis]
1690 548 1955 604 minarum

370 643 688 718 prophetica
752 640 1089 697 inclamitent
1150 639 1381 697 strictim
1436 639 1652 696 edicere
1710 638 1951 708 oracula,

356 735 565 804 quibus
592 731 757 795 veluti
785 731 1017 801 pulchro
1046 729 1283 798 tegmine
1309 730 1555 800 epuscnli
1591 728 1763 784 nostri
1799 727 1956 784 moli-

371 842 495 882 men
524 826 624 897 (ita
651 833 713 879 ut
739 839 807 879 nc
837 823 1088 879 certatim
1118 822 1388 876 irruituris
1423 821 1726 877 invidorum
1768 820 1955 877 imbri-

372 920 471 975 bus
498 925 674 973 exstet
693 913 1052 987 penetrabile)
1078 913 1333 969 iidissime
1353 919 1686 983 contegatur.
1710 907 1958 983 Respon-

372 1010 538 1065 deant
565 1009 748 1076 itaque
776 1021 876 1077 pro
903 1005 1058 1061 nobis
1077 1005 1247 1060 sancti
1268 1013 1421 1060 vates
1447 1019 1591 1059 nunc
1619 1010 1677 1058 ut
1698 1011 1822 1059 ante
1846 1001 1959 1073 (qui
2000 1020 2005 1025 δ

373 1114 437 1155 os
480 1097 878 1170 quodammodo
930 1097 1026 1152 Dei
1083 1110 1455 1167 organumquc
1502 1096 1731 1167 Spiritus
1788 1096 1962 1153 sancti

378 1188 697 1245 mortalibus
737 1186 1089 1257 prohibentes
1129 1186 1293 1254 mala,
1336 1186 1493 1242 bonis
1521 1186 1764 1242 faventes
1791 1186 1961 1241 exsti-

375 1281 512 1355 tere)
540 1281 951 1338 contumacibus
986 1279 1343 1351 superbisque
1370 1279 1528 1350 hujus
1562 1281 1736 1334 aetatis
1763 1273 1963 1350 princi-

375 1374 556 1445 pibus,
583 1388 650 1428 ne
677 1372 858 1427 dicant
883 1385 983 1426 nos
1008 1371 1227 1441 propria
1257 1370 1637 1426 adinventione
1664 1377 1721 1425 et
1748 1367 1962 1439 loquaci

379 1474 587 1521 tantum
614 1465 920 1520 temeritate
947 1465 1080 1521 tales
1108 1448 1283 1520 minas
1308 1465 1386 1519 eis
1416 1473 1700 1535 tantosque
1729 1473 1966 1520 terrores

380 1558 643 1613 incutere.
685 1554 828 1612 Nulli
872 1568 1105 1626 namque
1144 1555 1467 1626 sapientium
1508 1555 1728 1611 dubium
1770 1563 1879 1623 est,
1912 1554 1964 1610 in

381 1649 599 1719 quantis
635 1649 879 1717 graviora
909 1655 1034 1702 sunt
1076 1654 1297 1718 peccata
1326 1646 1484 1716 hujus
1509 1647 1768 1718 temporis
1804 1661 1963 1715 quam

2055 466 2179 507 men
2208 458 2267 505 ut
2296 450 2349 504 in
2380 463 2476 504 ore
2504 446 2794 501 multorum
2823 443 3038 500 testium
3066 456 3227 501 omne
3251 439 3637 510 comprobetur

2054 540 2345 597 Britannia:
2374 536 2596 603 malum,
2626 541 2960 591 transeamus
2981 533 3287 590 admtera.

2126 648 2180 719 6,
2218 645 2360 714 Quid
2408 643 2574 699 David
2617 641 2946 698 numerando
2992 640 3249 712 populum
3293 636 3495 708 evenit,
3553 633 3638 694 di—

2056 749 2214 801 cente
2233 738 2301 795 ad
2324 738 2639 809 prophetam
2662 736 2813 795 Gad?
2836 733 2967 794 Παιο
2987 734 3113 789 dicit
3135 732 3387 788 Dominus
3413 748 3432 786 :
3460 730 3640 786 Trium

2059 824 2153 889 tibi
2180 834 2320 902 Optio
2351 821 2524 889 datur.
2562 830 2711 903 Elige
2734 846 2893 885 unum
2919 828 3056 901 quod
3089 826 3311 882 volueris
3335 842 3401 880 ea:
3427 825 3543 887 his,
3581 835 3643 880 ut

2060 924 2252 995 faciam
2281 923 2393 976 tibi.
2425 921 2525 975 Aut
2551 929 2748 990 septem
2774 921 2929 973 annis
2967 918 3132 973 veniet
3169 915 3259 970 tibi
3299 918 3463 986 fames
3491 930 3510 970 :
3549 922 3645 970 ut

2060 1006 2222 1065 tribus
2253 1009 2512 1066 mensibus
2538 1009 2705 1082 fugies
2733 1009 3060 1064 adversarios
3098 1017 3231 1070 tuos,
3263 1016 3312 1060 et
3340 1006 3416 1060 illi
3448 1015 3495 1059 te
3531 1021 3645 1072 per-

2060 1110 2336 1175 sequentur
2364 1118 2384 1157 :
2412 1109 2503 1155 uut
2532 1109 2667 1156 certe
2695 1098 2857 1154 tribus
2896 1098 3075 1153 diebus
3117 1099 3215 1153 erit
3255 1097 3548 1168 pestilentia
3585 1096 3643 1150 in

2065 1204 2202 1249 terra
2234 1202 2323 1247 tua
2355 1189 2442 1266 (II
2484 1191 2614 1264 Reg.
2646 1178 2795 1260 3m,
2828 1189 2912 1253 12,
2946 1179 3057 1256 15).
3106 1188 3239 1243 Nam
3274 1194 3511 1243 arctatus
3546 1184 3645 1240 tali

2064 1285 2391 1350 conditione,
2424 1291 2480 1338 et
2506 1282 2690 1338 volens
2721 1281 2889 1351 magis
2914 1272 3152 1337 incidere
3180 1280 3234 1334 in
3265 1294 3454 1334 manus
3479 1280 3645 1333 mise-

2064 1376 2291 1432 ricordis
2319 1375 2415 1430 Dei
2444 1390 2606 1446 quam
2635 1374 2912 1429 hominum
2933 1413 2949 1440 ,
2978 1371 3317 1442 septuaginta
3354 1369 3647 1426 milliorum

2063 1466 2251 1541 populi
2280 1468 2363 1524 sui
2392 1476 2576 1537 strage
2603 1466 2935 1537 humiliatur.
2966 1472 3021 1520 et
3046 1464 3101 1519 ni
3129 1479 3230 1534 pro
3259 1461 3651 1519 contribulibus

2066 1560 2377 1633 apostolicae
2403 1558 2684 1616 eharitatis
2709 1555 2927 1621 aii‘ectu,
2960 1564 3020 1611 ut
3045 1555 3168 1612 illos
3202 1553 3357 1626 plaga
3386 1569 3495 1609 non
3525 1560 3649 1607 tan-
3734 1580 3745 1585 -

2066 1660 2241 1723 geret,
2268 1651 2405 1708 mori
2433 1657 2694 1722 optasset,
2735 1646 2993 1715 dicendo,
3024 1646 3138 1720 Ego
3166 1663 3282 1703 sum
3308 1645 3394 1719 qui
3421 1644 3650 1716 peccavi,

382 1738 560 1808 primi,
594 1737 853 1807 Apostoio
881 1736 1100 1792 dicente
1129 1754 1142 1790 :
1174 1735 1362 1808 Legem
1405 1736 1518 1810 quis
1555 1736 1963 1807 transgrediens,
2000 1738 2041 1796 Β
2068 1759 2169 1815 ερο.
2196 1752 2374 1813 pauor
2410 1741 2584 1812 inique
2610 1740 2695 1812 egi
2722 1755 2741 1794 .-
2772 1739 2860 1794 isti
2885 1740 2974 1804 qui
3002 1754 3119 1794 om
3148 1746 3286 1800 sunt,
3318 1735 3440 1808 quid
3477 1750 3654 1809 pecca-

381 1827 581 1883 duabus
626 1827 809 1881 mediis
859 1829 938 1881 vel
983 1825 1145 1881 tribus
1196 1825 1404 1881 testibus
1452 1828 1699 1881 morietur
1727 1843 1746 1881 :
1774 1835 1964 1892 quanto

382 1919 576 1988 putatis
602 1918 862 1972 deteriora
884 1919 1070 1971 mereri
1099 1918 1375 1988 supplicia,
1391 1918 1476 1990 qui
1500 1915 1548 1970 F
1550 1917 1698 1971 ilium
1719 1916 1817 1972 Dei
1839 1933 1966 1971 cou-

384 2011 663 2067 cutCat‘erit
696 2008 881 2079 (Hebr.
914 2025 969 2072 x,
1002 2007 1134 2079 28)?
1428 2080 1431 2083 Δ
1640 2070 1649 2075 _

459 2101 515 2156 5.
555 2100 637 2156 En
678 2101 884 2172 primus
929 2100 1174 2155 occurrit
1221 2090 1375 2155 nobis
1420 2096 1635 2155 Samuel
1679 2099 1831 2169 jussu
1873 2098 1968 2155 Dei

385 2191 608 2261 legitimi
634 2191 787 2257 regni
825 2187 1124 2257 stabiliter,
1167 2184 1278 2244 Deo
1324 2193 1613 2259 antequam
1659 2197 1973 2243 nasceretur

386 2285 707 2348 dedicatus,
764 2299 793 2335 a
837 2282 955 2337 Dan
1008 2297 1176 2352 usque
1238 2280 1504 2337 Barsabee
1564 2281 1712 2337 omni
1772 2279 1971 2351 populo

387 2376 557 2431 Israel
591 2375 857 2430 veridicus
892 2373 1163 2443 propheta
1203 2372 1370 2442 signis
1407 2372 1775 2451 indubitanter
1801 2371 1973 2431 admi-

390 2467 570 2521 randis
601 2473 783 2531 notus,
813 2478 880 2519 ex
918 2464 1072 2532 cujus
1111 2478 1208 2519 ore
1246 2463 1478 2534 Spiritus
1514 2472 1731 2519 sanctus
1768 2461 1974 2518 cunctis

391 2559 572 2613 mundi
604 2556 964 2627 potestatibus
993 2554 1245 2624 intonuit,
1275 2555 1639 2611 denuntiando
1668 2555 1840 2626 primo
1859 2555 1973 2624 regi

388 2645 532 2717 apud
560 2644 818 2713 Hebraeos
845 2643 1108 2699 duntaxat
1122 2642 1277 2700 Sauli
1314 2656 1415 2715 pro
1454 2660 1520 2701 eo
1559 2646 1704 2715 quod
1729 2645 1972 2715 quaedam

390 2739 461 2794 de
488 2736 752 2792 mandatis
775 2735 987 2790 Domini
1017 2751 1125 2791 non
1147 2737 1531 2807 compleverat,
1554 2738 1736 2795 dicens
1762 2756 1777 2792 :
1804 2737 1975 2794 Stulte

392 2829 562 2901 egisti,
612 2844 708 2882 nec
752 2826 1025 2882 custodisti
1069 2828 1319 2883 mandata"
1361 2828 1575 2884 Domini
1621 2827 1722 2884 Dei
1752 2832 1825 2885 tui
1861 2846 1979 2899 qua

391 2924 634 2995 prmeepit
666 2922 779 2977 tibi.
815 2920 966 2985 Quod
1003 2924 1047 2976 si
1075 2936 1179 2977 non
1209 2924 1436 2995 fecisses,
1459 2921 1577 2994 jam
1606 2910 1740 2976 nunc
1762 2930 1976 2994 pararet

394 3014 532 3067 Deus
558 3029 773 3085 regnum
799 3023 939 3066 tuum
971 3029 1123 3085 super
1158 3011 1345 3068 Israel.
1385 3012 1492 3069 Sed
1530 3028 1852 3086 nequaquam
1889 3028 1973 3068 re-

2070 1832 2232 1889 rum?
2269 1832 2535 1898 Vertatur,
2557 1829 2786 1897 obsecro,
2817 1845 3005 1885 manus
3026 1836 3114 1885 tua
3141 1836 3323 1883 contra
3351 1842 3433 1881 me
3456 1824 3651 1899 '(Ibid.,

2070 1920 2192 1995 l7);
2226 1920 2677 1978 inconsideratam
2704 1918 2884 1975 cordis
2912 1918 3202 1985 elationem
3234 1914 3449 1991 propria
3477 1922 3655 1972 morte

2070 2013 2265 2083 piaret.
2297 2012 2431 2071 Nam
2480 2010 2609 2081 quid
2654 2010 2937 2083 Scriptura
2986 2010 3040 2066 in
3086 2007 3540 2078 consequentibus
3572 2005 3655 2065 de

2073 2101 2182 2159 lilio
2211 2100 2327 2173 ejus
2357 2104 2578 2159 narrat?
2597 2102 2769 2170 Fecit,
2799 2102 3069 2173 inquiens,
3101 2100 3354 2163 Salomon
3377 2098 3514 2172 quod
3549 2116 3656 2154 non

2071 2194 2338 2265 placuerat
2357 2210 2532 2249 coram
2560 2192 2805 2261 Domino,
2835 2204 2886 2248 et
2912 2210 3017 2249 non
3039 2192 3333 2264 adimplerit
3352 2201 3407 2245 ut
3427 2205 3657 2261 sequere

2076 2299 2157 2342 tur
2179 2287 2455 2344 Dominum
2475 2290 2605 2344 sicut
2622 2298 2777 2360 pater
2799 2288 2933 2360 ejus.
2957 2286 3105 2343 Dixit
3138 2286 3384 2342 Dominus
3407 2286 3477 2339 ad
3495 2301 3612 2339 eunt
3634 2302 3655 2339 :

2078 2378 2214 2445 Quia
2243 2380 2467 2435 habuisti
2497 2381 2593 2436 hoc
2631 2381 2771 2451 apud
2805 2391 2874 2448 te,
2909 2389 2960 2435 et
2999 2396 3103 2436 nou
3141 2378 3410 2434 custodisti
3448 2387 3675 2448 pactum.

2075 2488 2242 2526 meum
2266 2480 2315 2527 el
2339 2482 2597 2544 precepta
2625 2487 2743 2526 mea
2775 2487 2889 2543 qua:
2926 2469 3167 2525 mandaui
3198 2468 3307 2533 tibi,
3331 2468 3659 2537 disrumpens

2074 2560 2313 2617 scindam
2368 2577 2582 2633 regnum
2643 2570 2820 2625 tuum,
2886 2569 2937 2615 et
2989 2550 3125 2615 dabo
3187 2558 3317 2614 illud
3369 2573 3514 2613 servo
3569 2566 3659 2611 tuo

2078 2650 2202 2725 (III
2235 2651 2367 2724 Reg.
2402 2668 2477 2716 ιι,
2508 2650 2560 2716 6,
2595 2651 2704 2722 il).
2753 2650 2890 2718 Quid
2930 2651 3138 2707 duobus
3180 2648 3452 2717 sacrilegis
3481 2646 3659 2721 (mque

2076 2754 2139 2802 ut
2167 2746 2255 2803 isti
2281 2747 2429 2816 sunt)
2471 2744 2634 2801 lsrael
2661 2745 2877 2816 regibus
2906 2743 3191 2801 ilieroboa:
3221 2752 3275 2799 et
3303 2743 3486 2799 Baaste
3514 2739 3657 2797 acci-

2076 2824 2156 2894 dit
2203 2837 2416 2906 audite,
2469 2838 2665 2909 quibus
2709 2838 2975 2899 sententia
3022 2836 3232 2892 Domini
3279 2835 3524 2905 dirigitur
3556 2844 3660 2904 per

2076 2927 2400 2998 prophetam
2430 2926 2503 2983 ita
2530 2927 2757 2984 dicentis
2790 2944 2804 2982 :
2836 2926 3059 2998 Propter
3081 2926 3218 3000 quod
3244 2925 3574 2998 ntagniﬁcaoi
3603 2930 3656 2979 te

2079 3018 2367 3090 principem
2392 3034 2561 3089 super
2610 3016 2801 3083 Israel,
2845 3018 2966 3090 quia
3010 3016 3445 3072 exacerbarerunt
3481 3031 3563 3071 me
3602 3015 3661 3069 in

392 3120 550 3176 gnum
598 3112 741 3157 tuum
787 3103 928 3157 ultra
970 3112 1245 3176 consurget
1291 3102 1346 3175 (Ι
1394 3102 1523 3176 Reg.
1569 3119 1682 3171 xm,
1728 3093 1974 3177 15,14).
2005 3108 2049 3169 C
2081 3109 2228 3161 vanis
2254 3124 2432 3162 eorum
2460 3104 2580 3179 (III
2614 3106 2744 3179 Reg.
2777 3123 2885 3175 m,
2930 3106 3004 3174 7).
3038 3105 3173 3161 Ecce
3193 3122 3287 3177 ego
3326 3106 3517 3160 suscita
3544 3112 3662 3173 post

393 3188 528 3260 Quid
558 3206 688 3262 ergo
718 3193 894 3248 simile
924 3193 1085 3262 hujus
1108 3195 1368 3265 temporis
1396 3194 1689 3252 sceleribus
1710 3234 1725 3259 ,
1770 3193 1980 3250 adulte-

400 3287 610 3341 rinmne
657 3286 743 3340 vel
789 3286 1136 3356 parricidium
1186 3280 1347 3343 fecit?
1416 3285 1573 3344 Nullo
1614 3288 1800 3343 modo.
1871 3287 1980 3344 Sed

394 3376 643 3445 iussionis
669 3392 734 3430 ex
765 3385 919 3447 parte
944 3377 1326 3444 mutationem;
1349 3377 1498 3448 quia,
1519 3386 1577 3432 ut
1596 3377 1733 3447 bene
1757 3376 1978 3449 quidam

395 3474 636 3521 nostrum
667 3466 743 3521 ait
773 3484 788 3520 :
824 3463 947 3522 Non
977 3470 1151 3539 agitur
1179 3467 1242 3522 de
1268 3468 1515 3539 qualitate
1538 3470 1754 3539 peccati,
1785 3469 1877 3523 sed
1916 3469 1980 3523 de

393 3561 806 3631 transgressione
830 3561 1085 3615 mandati.
1112 3560 1355 3632 itemque
1382 3545 1531 3616 illum
1568 3560 1799 3631 objecta,
1832 3561 1981 3617 velut

394 3650 638 3720 putabat,
668 3659 1008 3721 purgantem,
1041 3665 1096 3706 et
1121 3652 1422 3727 apologias,
1453 3660 1511 3708 ut
1533 3653 1720 3721 generi
1743 3655 1978 3712 humano

393 3741 562 3797 moris
604 3749 709 3808 est,
759 3743 1027 3810 sagaciter
1066 3744 1169 3799 hoc
1212 3743 1377 3799 modo
1424 3752 1823 3810 atinectentem,
1871 3746 1978 3801 imo

393 3831 568 3885 audiri
590 3846 763 3887 uocem
793 3830 1028 3901 Domini,
1069 3842 1117 3886 et
1157 3832 1419 3889 ambulavi
1461 3834 1517 3888 in
1562 3835 1645 3889 via
1685 3852 1779 3905 per
1823 3852 1981 3907 quam

392 3922 530 3975 misit
552 3937 632 3975 me
659 3921 715 3994 (Ι
743 3920 872 3993 Reg.
897 3936 987 3986 xv,
1013 3922 1127 3991 ‘30),
1156 3921 1248 3977 tali
1271 3922 1735 3980 animadversione
1755 3926 1989 3982 mulcta-'

393 4011 468 4066 vit
509 4028 522 4063 :
567 4009 819 4080 Nunquid
845 4011 966 4075 mli,
1013 4012 1204 4081 inquit,
1249 4011 1505 4068 Dominus
1544 4013 1848 4068 holocausta
1889 4023 1980 4069 aut

394 4103 644 4168 victimas,
674 4114 724 4159 et
761 4120 865 4158 non
893 4105 1065 4171 potius
1085 4115 1140 4158 ut
1168 4106 1438 4161 obediatur
1458 4109 1566 4162 coci
1589 4105 1836 4165 Domini?
1863 4108 1979 4164 Me-

394 4193 494 4247 lior
517 4203 594 4247 est
622 4196 758 4248 enim
780 4194 1073 4249 obedientia
1101 4213 1254 4264 quam
1280 4199 1517 4264 victimae,
1538 4207 1591 4255 et
1609 4201 1797 4269 audire,
1811 4203 1977 4273 magis

392 4301 544 4353 quam
565 4284 752 4354 offerre
776 4285 981 4357 adipem
1007 4289 1245 4341 arietum.
1280 4286 1539 4353 Quoniam
1559 4290 1979 4365 sicutpeccatum

393 4373 656 4428 ariolandi
694 4385 772 4429 est
815 4389 1125 4447 repugnare,
1174 4387 1225 4431 et
1272 4379 1421 4449 quasi
1459 4379 1624 4435 scelus
1665 4380 1979 4437 idololatria!

2082 3194 2312 3251 Boasam
2337 3205 2388 3251 et
2414 3206 2531 3267 post
2560 3196 2766 3254 domum
2806 3196 2940 3267 ejus,
2983 3205 3033 3251 et
3071 3196 3274 3250 tradam
3311 3194 3522 3250 domum
3546 3192 3663 3263 ejus

2079 3287 2213 3340 sicut
2240 3286 2447 3343 domum
2474 3284 2754 3341 Hieroboce
2783 3283 2835 3338 Ν
2841 3283 3014 3347 abatli.
3032 3328 3033 3331 η
3049 3283 3153 3350 Qui
3172 3294 3402 3339 mortuus
3423 3282 3581 3354 fuerit
3594 3283 3664 3334 de

2079 3379 2187 3433 suis
2206 3379 2259 3432 in
2290 3378 2514 3442 civitate,
2549 3377 2812 3441 comedent
2832 3392 2949 3431 eum
2969 3391 3147 3441 canes,
3174 3384 3227 3439 et
3260 3384 3517 3429 mortuum
3543 3389 3665 3427 cor-

2081 3484 2176 3541 pus
2200 3467 2343 3522 illius
2370 3469 2426 3522 in
2453 3482 2635 3538 campo
2662 3466 2930 3522 comedent
2950 3465 3184 3522 volatilia
3225 3463 3343 3521 caeli
3372 3463 3493 3533 (III
3524 3462 3658 3534 Reg.

2078 3575 2193 3623 xw,
2216 3558 2277 3628 ὅ,
2296 3558 2385 3628 4).
2415 3557 2555 3626 Quid
2579 3558 2654 3613 illi
2681 3573 2899 3629 quoque
2919 3557 3183 3613 scelerato
3209 3554 3321 3626 regi
3347 3554 3511 3615 Israel
3535 3554 3667 3609 isto-

2081 3667 2201 3707 rum
2245 3649 2690 3721 commanipulari
2719 3651 2892 3726 (cujus
2935 3648 3172 3706 colludio
3212 3658 3268 3720 et
3311 3649 3497 3711 uxoris
3534 3647 3666 3703 dolo

2080 3742 2291 3815 Naboth
2322 3742 2584 3803 innocens
2608 3750 2836 3817 propter
2872 3749 3151 3814 paternam
3182 3741 3392 3796 vineam
3436 3754 3666 3811 oppres-

2080 3848 2173 3889 sus
2206 3835 2316 3901 est)
2347 3840 2537 3889 sancto
2586 3847 2682 3889 ore
2718 3831 2860 3887 illius
2896 3831 3063 3887 Heliae
3099 3839 3264 3903 atque
3301 3827 3526 3900 ignifero
3566 3829 3666 3885 Do-

2080 3922 2215 3979 mini
2263 3922 2501 3993 alloquio
2530 3922 2823 3989 instructi,
2851 3921 3088 3978 minatur
3124 3923 3201 3978 ita
3228 3921 3476 3980 dicente?
3505 3919 3665 3975 Occi-

2080 4014 2224 4080 disti,
2248 4017 2468 4083 insuper
2491 4023 2543 4071 et
2567 4016 2861 4087 possedisti.
2906 4013 2977 4069 Et
3001 4023 3121 4087 post
3146 4014 3256 4075 Ita'c
3293 4014 3455 4069 addes
3480 4028 3500 4070 :
3531 4011 3668 4069 "(ac

2082 4104 2209 4159 dicit
2248 4090 2500 4171 Dominus
2522 4125 2541 4160 :
2566 4104 2635 4160 In
2674 4106 2790 4165 loco
2834 4106 2931 4161 bos
2975 4107 3032 4160 in
3068 4121 3170 4176 quo
3209 4106 3471 4161 tinxerunt
3506 4118 3668 4159 canes

2081 4196 2386 4267 sanguinem
2427 4195 2659 4262 Nabotli,
2700 4197 2929 4252 lambent
2952 4213 3150 4269 quoque
3174 4205 3319 4251 tuum
3355 4196 3665 4267 sanguinein

2084 4282 2208 4356 (III
2235 4284 2362 4357 Reg.
2389 4301 2498 4353 ut,
2531 4284 2638 4361 i9).
2667 4286 2820 4354 Quod
2843 4286 2917 4341 ita
2945 4285 3143 4343 factum
3170 4286 3334 4342 fuisse
3363 4286 3665 4343 certissima

2082 4377 2293 4432 ratione
2321 4385 2553 4433 constat.
2576 4376 2683 4441 Sed
2714 4393 2780 4434 ne
2808 4377 2948 4433 forte
2966 4378 3260 4434 secundum
3286 4377 3665 4449 supradictum

395 4465 532 4518 nolle
575 4466 918 4536 acquiescere.
973 4465 1077 4521 Pro
1116 4484 1175 4522 eo
1203 4478 1325 4538 ergo
1354 4467 1491 4541 quod
1516 4468 1753 4541 abjecisti
1777 4488 1976 4528 sermo-
2007 4482 2059 4543 ι)
2084 4466 2264 4525 Achab
2292 4470 2505 4537 spiritus
2530 4469 2761 4524 mendas;
2782 4470 3008 4542 loquens
3035 4486 3170 4526 vana
3193 4473 3251 4526 in
3275 4487 3368 4527 ore
3394 4470 3667 4542 propheta-

395 4569 512 4608 nem
541 4552 772 4624 Domini,
801 4556 989 4626 abjecit
1018 4567 1069 4611 et
1098 4568 1164 4624 te,
1192 4576 1260 4615 ne
1292 4560 1367 4635 sis
1396 4576 1490 4614 rea:
1520 4559 1710 4634 (Ibid.,
1736 4559 1827 4630 22,
1855 4556 1970 4636 23);

394 4645 463 4699 Et
492 4653 614 4716 post
636 4662 804 4717 pauca
839 4667 851 4701 :
886 4648 1079 4717 Scidit,
1110 4650 1300 4719 inquit,
1343 4649 1480 4707 Deus
1502 4671 1715 4725 regnum
1746 4655 1916 4711 Israel
1943 4674 1977 4711 a

397 4747 445 4792 te
475 4739 648 4802 hodie,
680 4749 728 4792 et
758 4740 900 4794 dedit
926 4740 1058 4794 illud
1084 4745 1321 4819 proximo
1351 4754 1436 4799 tuo
1475 4747 1677 4802 meliori
1707 4758 1774 4802 te.
1806 4746 1975 4804 Porro

394 4831 740 4900 triumphator
769 4832 825 4885 in
869 4829 1039 4888 Israel
1073 4851 1176 4890 non
1211 4847 1417 4907 parcet,
1448 4848 1498 4893 et
1532 4840 1848 4913 paenitudine
1873 4858 1976 4897 non

398 4922 628 4981 ﬂectetur
656 4938 674 4975 :
705 4938 866 4994 neque
905 4926 1043 4978 enim
1083 4927 1234 4982 homo
1276 4938 1353 4982 est
1389 4939 1446 4983 ut
1477 4940 1600 5001 agat
1624 4933 1979 4999 panitentiam

399 5010 590 5082 (Ibid,
618 5012 710 5080 28,
759 5015 851 5086 29)
891 5015 1258 5087 (subauditur,
1311 5036 1474 5093 super
1520 5023 1668 5078 duris
1714 5024 1980 5079 malorum

399 5106 754 5176 praecordiis).
796 5106 1100 5164 Notandum
1149 5124 1280 5180 ergo
1326 5121 1428 5180 est,
1469 5113 1616 5182 quod
1653 5113 1788 5169 dixit
1813 5114 1980 5170 scelus

395 5194 710 5252 idololatria:
736 5215 868 5265 esse,
900 5198 1038 5255 nolle
1063 5200 1176 5257 Deo
1206 5200 1547 5273 acquiescere.
1577 5203 1695 5261 Non
1720 5217 1854 5274 ergo
1878 5205 1979 5261 sibi

397 5283 645 5340 scelerati
670 5288 776 5353 isti,
809 5289 934 5367 dum
966 5307 1075 5346 non
1101 5292 1343 5362 gentium
1373 5293 1475 5351 diis
1497 5294 1778 5365 perspicue
1802 5296 1976 5367 litant,

397 5373 755 5444 subplaudant
787 5396 799 5432 :
826 5381 1088 5450 siquidem
1117 5382 1495 5439 conculcantcs
1521 5398 1807 5454 porcorum
1828 5400 1981 5441 more

400 5466 813 5556 pretiosissimas
849 5470 1049 5529 Christi
1087 5475 1435 5544 margaritas,
1476 5473 1775 5532 idololatria
1826 5486 1985 5556 sunt.

400 5554 507 5612 Sed
533 5554 662 5613 licet
687 5558 794 5616 hoc
820 5575 983 5618 unum
1007 5564 1310 5636 exemplum
1339 5580 1404 5622 ac
1431 5564 1475 5622 si
1508 5560 1739 5625 invictus
1766 5567 1975 5639 astipu-

2084 4574 2198 4612 rum
2224 4557 2344 4631 (III
2370 4557 2505 4630 Reg.
2533 4575 2662 4625 χχιι,
2695 4557 2786 4632 2‘2)
2819 4568 3121 4619 vestrorum
3157 4560 3379 4616 seducet
3421 4575 3555 4627 vos,
3594 4574 3670 4616 no

2083 4665 2362 4707 sermones
2393 4652 2624 4707 Michma:
2652 4653 2928 4724 propheta:
2969 4652 3220 4718 audiatis,
3258 4651 3397 4709 Ecce
3431 4653 3681 4722 permisit-

2084 4741 2225 4797 Deus
2253 4743 2492 4812 spiritum
2519 4745 2778 4821 mendacii
2803 4746 2859 4799 in
2894 4761 2985 4800 ore
3018 4746 3252 4801 animum
3297 4746 3667 4817 prophetarum

2087 4843 2287 4890 tuorum
2305 4836 2395 4906 qui
2415 4835 2497 4889 hic
2523 4847 2675 4901 sunt;
2722 4846 2773 4890 et
2802 4835 3055 4892 Dominus
3085 4836 3284 4894 locutus
3310 4844 3385 4891 est
3414 4844 3595 4890 contra
3614 4846 3667 4891 te

2086 4927 2282 4981 malum
2309 4925 2494 4999 (Ibid.,
2527 4925 2641 5000 23).
2671 4926 2805 4985 Nam
2834 4936 2890 4983 et
2917 4943 3057 4983 nunc
3080 4935 3291 4983 certum
3319 4936 3422 4994 est,
3453 4926 3667 4995 aliquos

2082 5032 2203 5073 esse
2242 5018 2494 5074 doctores
2539 5020 2814 5077 contrario
2852 5019 3042 5089 spiritu
3087 5019 3343 5089 repletos,
3391 5025 3448 5073 et
3490 5017 3669 5086 magis

2081 5122 2303 5178 pravam
2331 5108 2665 5180 voluptatem
2687 5123 2846 5178 quam
2867 5110 3150 5166 veritatem
3175 5116 3503 5174 asserentes,
3525 5123 3667 5179 quo-

2082 5212 2221 5263 rum,
2254 5197 2407 5253 uerba
2421 5216 2577 5269 «(per
2596 5200 2765 5255 oleum
2785 5200 3107 5267 molliuntur,
3131 5210 3181 5254 et
3204 5201 3319 5271 ipsa
3345 5209 3466 5254 sunt
3480 5198 3667 5270 jacnla

2084 5290 2257 5363 (l’sal.
2291 5309 2399 5359 ιη’,
2439 5292 2560 5364 :2);
2593 5296 2678 5367 qui
2717 5294 2917 5363 dicunt,
2954 5311 3062 5364 pas:
3088 5309 3217 5367 pas,
3249 5304 3300 5349 et
3327 5309 3432 5348 non
3471 5294 3572 5347 erit
3607 5292 3665 5347 in

2081 5384 2318 5456 peccatis
2338 5386 2771 5454 permanantibus
2794 5402 2900 5456 paa:
2922 5385 3057 5458 (λιν.
3086 5401 3161 5454 vr,
3191 5383 3291 5452 ii;
3315 5399 3424 5451 uti,
3456 5382 3575 5455 il),
3601 5389 3666 5436 ut

2082 5477 2209 5534 alibi
2248 5479 2512 5549 propheta
2548 5478 2678 5536 dicit
2711 5497 2729 5533 :
2762 5476 2887 5534 Non
2918 5488 2996 5532 est
3034 5478 3260 5549 gaudere
3293 5478 3499 5553 impiis,
3533 5473 3665 5531 dicit

2084 5567 2336 5625 Dominus
2364 5567 2513 5640 (ιω.
2529 5585 2712 5635 una,
2739 5567 2839 5637 32;
2867 5584 2995 5639 cru,
3021 5566 3141 5641 ει).

473 5733 491 5768 ⁸
525 5732 648 5793 llaec
671 5745 728 5793 et
750 5739 1039 5808 sequentia
1067 5742 1373 5812 parenthesi
1411 5744 1661 5802 conclusa
1698 5746 2099 5831 omittuntur'in
2130 5745 2263 5803 Bibl.
2299 5746 2403 5802 PP.
2434 5744 2610 5806 Paris.
