3954 6178
272 285 376 340 557

1225 298 1427 355 LIBER
1463 297 1857 368 Qlll‘iRULUS.
1902 305 2078 362 PARS
2117 307 2178 362 ιι.
2221 307 2574 369 EPISTOLA.

3441 331 3549 391 558

340 401 398 457 7.
440 403 658 460 Azarias
687 421 904 478 quoque
935 409 1072 466 ﬁlius
1100 412 1250 468 Obed
1288 415 1355 469 ad
1382 431 1442 470 se
1471 419 1761 473 revertenti
1788 419 1858 473 de
1889 425 1930 481 Α
1963 419 2173 490 Manus,
2201 425 2472 495 inquiens,
2505 438 2687 487 vestra:
2705 436 2959 506 sanguine
2983 440 3152 509 plena!
3179 455 3317 501 sunt.
3348 445 3547 504 Simul-

264 495 420 549 cmde
446 495 629 552 decies
667 507 954 556 centenum
984 504 1210 560 millium
1240 509 1508 565 exercitus
1539 508 1854 581 Ethiopum

1960 528 2066 583 que
2095 517 2389 574 ostendens
2426 523 2699 589 quomodo
2726 526 3054 596 placaretur,
3093 534 3168 587 ait
3199 554 3212 589 :
3247 534 3546 607 Lavamini,

264 590 484 643 locutus
528 587 759 644 dicens:
806 591 1059 648 Dominus
1106 596 1364 652 vobiscum
1415 609 1512 667 est,
1564 600 1684 654 dum
1738 603 1861 656 estis
1959 603 2138 657 mundi
2165 616 2345 673 estote,
2390 587 2591 682 auferte
2627 617 2819 670 malum
2857 620 3223 690 cogitationum
3261 587 3545 684 vesti-aruit;

263 692 383 729 cum
411 678 562 746 ipso;
593 689 643 733 et
671 681 716 735 si
745 685 1092 755 exquisieritis
1118 703 1264 756 eum,
1296 689 1582 745 invenietur
1609 709 1641 745 a
1669 692 1808 748 vobis
1839 710 1857 748 :

261 779 312 818 et
359 768 407 821 si
453 767 831 842 dereliqueritis
878 791 1025 843 eum,
1078 777 1394 851 derelinquet
1441 797 1528 836 vos
1580 781 1676 853 (ΙΙ
1727 783 1852 838 Par.

260 878 354 928 xv,
387 861 474 933 9.).
521 864 657 920 Nam
705 866 750 920 si
795 864 1056 939 Josaphat
1101 871 1279 929 ferens
1319 875 1627 944 praesidium
1672 877 1855 948 iniquo

259 955 376 1024 regi
415 957 489 1009 ita
531 957 601 1012 ab
642 956 781 1014 Jeltu
807 961 1074 1032 prepheta
1104 964 1325 1020 Ananiae
1369 963 1478 1022 ﬁlio
1524 968 1851 1041 increpatur,

258 1045 473 1103 dicente
510 1066 524 1102 :
561 1048 624 1105 Si
654 1061 976 1122 peccatorem
1005 1061 1059 1108 tu
1087 1056 1334 1128 adjuvas,
1367 1067 1457 1112 aut
1481 1076 1628 1131 quem
1671 1060 1855 1117 Domi-

257 1155 356 1191 nus
393 1139 529 1208 odit,
573 1147 628 1194 tu
669 1141 888 1214 diligis?
909 1154 1183 1216 propterea
1211 1149 1294 1203 ira
1334 1147 1548 1204 Domini
1582 1161 1665 1206 est
1699 1170 1853 1224 super

256 1240 302 1282 te
336 1227 428 1302 (II
464 1228 593 1284 Par.
630 1246 739 1294 xxx,
768 1231 828 1303 2)
860 1251 872 1286 :
905 1234 1032 1304 quid
1063 1236 1169 1294 illis
1208 1239 1300 1307 qui
1327 1240 1561 1310 propriis
1587 1243 1848 1298 scelerum

253 1336 480 1374 suorum
510 1315 787 1378 criniculis
828 1327 1276 1400 compedinntur,
1306 1330 1426 1386 lict?
1469 1332 1704 1400 Quorum
1749 1351 1848 1392 nos

253 1426 482 1466 necesse
521 1420 604 1466 est
632 1413 698 1485 (si
732 1414 785 1468 in
814 1416 932 1470 acie
967 1417 1237 1475 dominica
1274 1421 1522 1478 volumus
1566 1423 1846 1496 dimicare)

253 1516 478 1574 peccata
511 1505 716 1571 odisse,
750 1523 855 1562 non
884 1503 1114 1576 animas,
1147 1511 1362 1568 dicente
1393 1513 1712 1581 Psalmista:
1747 1516 1847 1581 Qui

251 1596 470 1667 diligitis
503 1596 812 1667 Dominum,
853 1600 992 1655 adite
1034 1603 1228 1657 malum
1278 1603 1462 1676 (Psal.
1512 1623 1669 1672 xcvi,
1721 1605 1839 1679 10).

249 1688 386 1754 Quil
418 1689 492 1743 ad
514 1689 807 1758 supradicti
863 1689 1125 1762 Josaphat
1166 1694 1332 1751 lilium
1363 1712 1552 1755 currus
1579 1708 1634 1754 et
1657 1699 1841 1770 auriga

1959 695 2023 748 ab
2049 699 2211 752 oculis
2235 702 2362 754 meis
2393 718 2412 754 :
2442 705 2684 774 quiescite
2707 725 2861 779 agere
2885 729 3136 780 perverse.
3161 715 3360 773 Discite
3386 720 3542 778 bene—

1959 788 2149 858 facere,
2181 793 2394 861 quwrite
2414 793 2690 863 judicium,
2722 799 2980 856 subvenite
3013 795 3282 876 appresso,
3304 810 3543 880 judicats

1955 879 2152 948 pupillo
2181 877 2369 951 (Ibid.,
2403 884 2490 951 ιδ,
2523 886 2634 957 t7).
2667 888 2831 955 Quasi
2859 885 3090 962 placaris
3119 877 3537 960 vicissitudinem

1955 968 2270 1039 adjungens,
2293 973 2369 1027 ait
2392 992 2407 1028 :
2440 975 2503 1030 Si
2523 979 2717 1048 fuerint
2741 993 2953 1051 peccata
2982 996 3149 1041 vestra
3175 999 3233 1043 ut
3251 994 3534 1058 coccinum,

1953 1245 2016 1298 tis
2047 1261 2148 1308 me.
2172 1245 2308 1300 bona
2334 1256 2485 1304 term
2513 1251 2911 1310 manducabitis.
2945 1255 3101 1322 Quod
3121 1261 3168 1314 si
3188 1263 3455 1320 nolueritis
3485 1276 3540 1321 et

1951 1352 2031 1390 me
2074 1343 2474 1407 provocaveritis
2519 1345 2588 1397 ad
2629 1343 2976 1416 iracundiam,
3022 1349 3229 1422 gladius
3272 1354 3534 1414 devorabit

1949 1443 2036 1482 vos
2068 1427 2254 1500 (Ibid.,
2301 1430 2388 1500 18,
2426 1431 2540 1504 20).
2585 1435 2827 1508 Accipite
2863 1454 3111 1498 veracem
3153 1447 3534 1518 publicumque

1949 1518 2374 1589 astipulatorem,
2395 1523 2523 1579 boni
2543 1527 2778 1598 malique
2797 1532 2963 1586 vestri
2987 1535 3393 1595 retributionem
3410 1541 3532 1596 abs-

1947 1622 2053 1676 que
2082 1609 2191 1666 ullo
2219 1611 2542 1670 adulationis
2571 1616 2710 1686 fuco,
2740 1635 2848 1675 non
2880 1629 2937 1676 ut
2965 1627 3322 1694 parasitorum
3367 1646 3531 1686 vene-

1945 1707 2062 1754 rata
2091 1709 2393 1758 vestrorum
2424 1721 2626 1762 venena
2669 1710 2721 1764 in
2749 1726 2907 1769 aures
2933 1715 3152 1771 sibilant
3177 1733 3293 1786 ora,
3328 1728 3532 1776 testana

249 1781 417 1836 Israel
449 1783 716 1857 prOpheta
746 1781 909 1850 Elias,
932 1783 1113 1840 Joram
1141 1787 1346 1842 scilicet
1373 1787 1723 1872 parricidam,
1753 1791 1842 1858 qui
1878 1791 1921 1849 Β
1951 1795 2055 1842 lem
2090 1807 2103 1842 =
2135 1789 2406 1864 Principes
2430 1797 2502 1850 lui
2530 1799 2786 1878 iit/546198.
2809 1805 2938 1858 socii
2977 1808 3168 1876 furum.
3201 1781 3374 1864 omines
3402 1812 3529 1866 dili-

249 1876 502 1942 egregios
534 1876 729 1931 fratres
756 1891 905 1940 suos,
941 1886 999 1932 ut
1027 1894 1125 1948 pro
1156 1879 1284 1949 ipsis
1315 1889 1598 1950 regnaret,
1630 1884 1842 1952 spurius

249 1965 568 2031 trucidavit,
614 1966 804 2022 ell'atus
845 1969 966 2024 est?
1012 1969 1104 2025 Sic
1144 1970 1291 2038 dicit,
1341 1970 1539 2042 inquit,
1588 1971 1842 2029 Dominus

254 2053 390 2109 Deus
418 2058 591 2126 patris
621 2058 696 2110 tui
725 2056 897 2112 David
926 2075 944 2113 :
974 2057 1054 2114 Eo
1094 2060 1231 2128 quod
1266 2077 1370 2116 non
1415 2062 1756 2118 ambulaveris
1785 2066 1839 2119 in

250 2163 327 2199 ria
369 2146 637 2218 Josapltat
673 2151 840 2220 patris
884 2151 956 2204 tui
991 2160 1040 2204 et
1076 2152 1132 2205 in
1171 2154 1265 2207 viis
1293 2153 1412 2208 Asae
1439 2155 1574 2226 regis
1599 2153 1762 2223 Juda,
1789 2162 1840 2234 et

249 2236 530 2292 ambulasti
559 2239 613 2292 in
641 2239 736 2293 viis
764 2255 940 2311 regum
969 2239 1170 2311 Israel,
1204 2250 1254 2297 et
1282 2252 1515 2315 stuprose
1542 2246 1557 2276 ¹
1598 2255 1653 2299 ut
1681 2248 1839 2318 gessit

249 2330 435 2384 domus
461 2330 664 2398 Achab,
697 2339 748 2386 et
773 2335 965 2404 fratres
1000 2343 1114 2388 tuos
1150 2334 1291 2406 ﬁlios
1321 2333 1578 2404 Josapltat
1604 2337 1839 2394 meliores

248 2432 293 2476 te
320 2423 673 2494 interfecisti;
702 2441 819 2479 ecce
864 2425 1114 2481 Dominus
1157 2430 1408 2499 percutiet
1448 2429 1606 2502 plaga
1644 2449 1838 2505 magna

248 2526 292 2569 te
317 2526 369 2570 et
399 2517 544 2587 filios
574 2525 689 2572 tuos
720 2516 809 2589 (II
834 2517 966 2574 Par.
1000 2537 1109 2586 χιι,
1137 2521 1224 2589 12,
1254 2521 1363 2594 li).
1392 2521 1458 2577 Et
1478 2531 1602 2594 post
1623 2539 1792 2595 pauca
1817 2543 1833 2581 :

249 2605 313 2660 Et
357 2618 412 2660 tu
443 2609 549 2662 eris
576 2610 632 2663 in
661 2627 852 2682 ntagna
886 2612 1204 2677 valetudine,
1251 2616 1307 2669 in
1348 2615 1598 2686 languore
1643 2611 1832 2674 ventris

248 2700 339 2767 tui,
370 2699 541 2754 donec
569 2709 718 2755 exeat
739 2710 911 2758 venter
938 2710 1052 2760 tuus
1075 2720 1188 2759 cum
1209 2705 1323 2777 ipsa
1347 2705 1648 2776 infirmitate
1663 2706 1730 2772 de
1749 2707 1834 2764 die

245 2806 305 2843 ex
332 2791 420 2844 die
449 2789 645 2862 (Ibid.,
680 2792 792 2862 15).
820 2793 890 2848 Ει
916 2795 983 2850 ad
1009 2794 1164 2852 Joam
1194 2811 1376 2867 regem
1403 2785 1594 2864 Israel,
1627 2807 1685 2855 ut
1713 2816 1830 2868 vos,

245 2880 706 2953 derelinquentem
731 2885 1034 2952 Dominum,
1063 2887 1190 2957 quid
1216 2887 1503 2946 Zacharias
1527 2890 1661 2946 ﬁlius
1685 2888 1834 2947 Joia-

245 2972 320 3026 da:
349 2975 495 3029 vatis
539 2976 774 3032 minatus
796 2977 887 3044 sit,
911 2979 1208 3044 attendite;
1239 2981 1331 3050 qui
1369 2996 1592 3050 surgens
1628 2983 1829 3052 populo

245 3063 412 3120 dixit:
447 3065 581 3122 liazc
602 3067 728 3123 dicit
750 3068 1003 3126 Dominus
1033 3089 1051 3126 :
1095 3073 1235 3139 Quid
1270 3075 1546 3144 prseteritis
1569 3083 1827 3145 prmeepta

1945 1891 2072 1952 gunt
2113 1899 2354 1952 munera,
2403 1899 2670 1944 sectantur
2706 1895 3065 1952 retributiones
3111 1914 3132 1954 :
3175 1901 3370 1971 pupillo
3423 1919 3528 1958 non

1934 1973 2200 2045 judicent,
2229 1994 2386 2033 causa
2413 1982 2581 2038 viduae
2618 2001 2720 2040 non
2750 1987 3042 2058 ingreditur
3069 1991 3140 2045 ad
3165 2009 3272 2047 eos.
3305 1993 3526 2067 Pmpter

1941 2064 2038 2118 Itoc
2059 2068 2135 2120 ait
2163 2067 2416 2124 Dominus
2449 2076 2765 2130 exercituum
2804 2080 2955 2149 fortis
2986 2079 3156 2135 Israel
3183 2099 3201 2136 :
3231 2082 3382 2157 ﬂeui
3401 2103 3525 2141 con-

1940 2154 2150 2210 solabor
2176 2174 2332 2227 super
2353 2159 2581 2216 hostibus
2609 2166 2758 2230 meis,
2789 2175 2839 2220 et
2863 2169 3163 2225 vindicabor
3197 2172 3263 2226 de
3298 2154 3523 2230 inimicis

1940 2246 2065 2298 meis
2088 2262 2107 2300 :
2134 2279 2210 2290 —
2235 2258 2286 2302 et
2308 2260 2631 2306 conterentur
2653 2255 2889 2311 scelerati
2927 2266 2980 2310 et
3015 2270 3309 2328 peccatores
3344 2264 3521 2330 simul,

1937 2345 1988 2390 et
2040 2353 2216 2394 omnes
2273 2343 2360 2401 aui
2414 2342 2794 2415 dereliquerunt
2837 2346 3118 2404 Dominum
3161 2363 3522 2408 consumentur

1939 2425 2126 2500 (Ibid.,
2167 2428 2255 2495 23,
2290 2429 2378 2496 24,
2415 2430 2528 2503 28).
2563 2431 2628 2488 Et
2647 2432 2785 2490 infra
2815 2453 2827 2489 :
2857 2436 3006 2493 Oculi
3033 2440 3272 2496 sublimes
3297 2443 3522 2498 hominis

1936 2517 2360 2588 humiliabuntur,
2398 2532 2448 2576 et
2488 2524 2840 2580 incurvabitur
2877 2528 3096 2586 altitudo
3125 2533 3348 2588 virorum
3381 2529 3521 2605 (Isa.

1936 2625 1995 2676 ιι,
2028 2608 2138 2681 ﬂ).
2177 2611 2245 2666 Et
2287 2613 2480 2668 iterum
2514 2634 2527 2668 :
2570 2615 2661 2671 γω
2699 2620 2857 2687 impio
2896 2622 2951 2675 in
2989 2623 3183 2679 malum
3206 2641 3224 2678 :
3253 2627 3517 2684 retributio

1933 2703 2072 2758 enim
2098 2720 2341 2759 manuum
2361 2706 2473 2777 ejus
2493 2708 2585 2778 ﬁet
2603 2711 2651 2763 ei
2672 2709 2805 2779 (Isa.
2831 2727 2906 2777 ιιι,
2936 2712 3048 2785 11).
3073 2713 3142 2770 Ει
3161 2727 3284 2786 post
3305 2732 3473 2788 pauca
3501 2738 3513 2773 :

1943 2789 2036 2847 Va:
2059 2795 2144 2866 qui
2173 2797 2481 2868 consurgitis
2519 2816 2670 2854 mane
2695 2801 2766 2854 ad
2790 2801 3088 2863 ebrietatem
3115 2809 3433 2876 sectandam,
3467 2821 3515 2864 et

1932 2883 2004 2937 ad
2029 2886 2312 2954 potandum
2333 2904 2494 2958 usque
2514 2891 2585 2943 ad
2617 2907 2881 2962 vesperam
2910 2903 2966 2948 ut
2993 2897 3110 2952 vino
3137 2902 3381 2954 testuetis.
3425 2901 3514 2956 Ci-

1934 2973 2104 3042 tltara,
2128 2986 2179 3030 et
2205 2979 2340 3048 lyra,
2369 2989 2419 3033 et
2441 2988 2768 3053 tympanum,
2793 2996 2843 3038 et
2871 2985 3012 3051 tibia,
3038 2998 3088 3042 et
3113 2991 3284 3045 vinum
3305 2993 3356 3046 in
3385 3010 3511 3048 con-

1930 3065 2074 3120 viviis
2104 3069 2284 3123 vestris
2309 3085 2329 3122 :
2355 3078 2406 3123 et
2435 3088 2563 3142 opus
2590 3072 2804 3129 Domini
2837 3093 2941 3132 non
2974 3078 3245 3150 respicitis,
3277 3093 3326 3137 et
3353 3101 3513 3155 Opera

249 3154 481 3224 Domini,
513 3165 561 3210 et
588 3174 690 3226 non
721 3159 1136 3230 prosperamini?
1170 3142 1306 3225 Quia
1334 3162 1671 3234 dereliquistis
1710 3162 1823 3218 Do-

1936 3173 2178 3213 manuunt
2225 3160 2337 3232 ejus
2379 3179 2484 3218 non
2530 3166 2887 3222 consideratis.
2942 3168 3226 3242 Propterea
3280 3179 3513 3247 captivus

243 3247 456 3312 minam,
489 3258 540 3301 et
565 3247 882 3322 derelinquet
911 3266 996 3305 vos
1029 3249 1120 3322 (II
1141 3250 1270 3306 Par.
1295 3268 1439 3324 mv,
1462 3251 1574 3323 20).
1602 3251 1737 3319 Quid
1759 3251 1826 3308 de

243 3349 463 3394 auctore
511 3339 891 3409 prapbetarum
942 3340 1075 3396 lsaia
1121 3341 1318 3408 dicam,
1366 3342 1455 3411 qui
1506 3342 1822 3412 prommium

243 3429 538 3499 prophetia:
565 3444 672 3483 sua:
703 3429 785 3484 vel
821 3431 1079 3485 visionem
1112 3431 1182 3504 ita
1214 3447 1439 3488 exorsus
1469 3441 1576 3500 est,
1603 3432 1825 3490 dicens?

244 3522 441 3582 Audite,
477 3521 610 3585 caeli,
643 3521 857 3574 auribus
885 3533 934 3576 et
956 3525 1160 3594 percipe
1186 3531 1347 3589 terra,
1371 3525 1618 3596 quoniam
1645 3523 1824 3580 Domi-

243 3628 330 3665 nus
355 3613 559 3667 locutus
585 3622 660 3666 est
689 3628 706 3666 :
742 3611 907 3667 Filios
937 3613 1154 3668 enutrivi
1182 3622 1230 3668 et
1253 3614 1474 3668 exaltavi
1490 3631 1508 3679 ;
1533 3615 1631 3682 ipsi
1652 3625 1823 3680 autem

243 3711 536 3768 spreverunt
587 3719 687 3758 me.
741 3701 987 3773 Cognovit
1034 3702 1122 3758 bos
1164 3721 1508 3775 possessorem
1556 3721 1730 3770 suum,
1772 3716 1822 3760 et

244 3793 409 3848 asinus
439 3809 673 3864 pra'sepe
705 3794 902 3847 domini
931 3795 1013 3849 sui
1035 3812 1052 3849 :
1082 3794 1249 3850 Israel
1287 3807 1457 3851 autem
1483 3813 1564 3852 me
1593 3815 1694 3852 non
1733 3815 1816 3854 co-

244 3886 421 3951 gnovit,
456 3893 507 3937 et
535 3885 754 3954 populus
785 3903 924 3940 meus
963 3903 1065 3940 non
1096 3888 1351 3942 intellexit
1380 3887 1516 3960 (lsa.
1559 3905 1606 3956 ι,
1643 3889 1705 3955 2,
1738 3888 1816 3960 4).

245 3972 304 4026 Et
361 3984 486 4046 post
551 3991 721 4046 pauca
782 3977 954 4032 minas
1009 3973 1230 4033 meritas
1287 3987 1447 4032 tanta:
1502 3980 1818 4049 insipientia

242 4076 424 4134 aptans
459 4085 472 4119 :
506 4065 924 4140 Derelinquetur,
959 4067 1161 4138 inquit,
1188 4068 1304 4140 filia
1335 4068 1464 4123 Sion
1492 4080 1547 4123 ut
1574 4069 1818 4124 taberna-

242 4158 402 4210 culum
431 4159 482 4212 in
512 4161 681 4222 vinea,
711 4169 760 4212 et
783 4161 913 4213 sicut
935 4161 1196 4232 tugurium
1217 4161 1270 4213 in
1293 4161 1660 4225 cucumerario,
1686 4163 1816 4214 sicut

241 4249 406 4302 ciritas
437 4265 552 4319 qum
582 4260 811 4304 vastatur
847 4249 1010 4320 (Ibid.
1031 4291 1046 4313 ,
1079 4250 1156 4319 8).
1190 4250 1254 4306 Et
1278 4253 1544 4322 principes
1569 4253 1816 4322 speciali-

243 4347 319 4390 tt-r
341 4341 670 4395 conveniens
698 4341 773 4394 ait
803 4359 814 4393 :
844 4341 1032 4394 Audite
1060 4341 1262 4396 verbum
1295 4341 1522 4404 Domini,
1551 4341 1814 4412 principes

241 4428 610 4496 Sodomorum,
655 4432 906 4502 perci'pite
949 4433 1113 4503 legem
1160 4430 1402 4497 Domini,
1451 4431 1668 4504 populus
1709 4430 1815 4486 Co-

241 4520 451 4574 ntorrltte
477 4520 638 4592 (Ibid.
651 4563 668 4588 ,
702 4521 814 4591 11]).

304 4611 354 4662 8.
395 4610 700 4666 Notandum
750 4628 916 4677 sane,
957 4613 1103 4683 quod
1153 4614 1317 4683 iniqui
1359 4628 1514 4683 reges
1555 4614 1811 4683 principes

1930 3248 2111 3304 ductus
2130 3261 2208 3304 est
2233 3253 2450 3322 populus
2470 3271 2632 3322 meus,
2659 3259 2778 3328 quia
2802 3249 2905 3314 non
2935 3260 3107 3316 habuit
3145 3265 3438 3333 scientiam,
3464 3278 3511 3322 et

1929 3339 2126 3395 nobiles
2171 3341 2284 3413 ejus
2324 3345 2631 3400 interierunt
2664 3349 2827 3419 fame,
2868 3360 2920 3405 et
2961 3353 3230 3410 multitudo
3271 3358 3384 3428 ejus
3423 3361 3516 3414 sitt

1925 3424 2149 3486 exaruit.
2179 3433 2462 3504 Propterea
2492 3439 2727 3494 dilatavit
2753 3443 2988 3514 infernus
3016 3447 3241 3502 anintam
3269 3424 3438 3518 suam,
3461 3463 3514 3506 et

1925 3523 2130 3592 aperuit
2157 3540 2216 3578 os
2243 3542 2391 3603 suum
2431 3528 2622 3601 absque
2659 3531 2765 3586 ullo
2807 3536 3024 3590 termino
3059 3553 3079 3591 :
3112 3547 3162 3591 et
3205 3539 3509 3598 descendent

1925 3614 2084 3684 fortes
2122 3616 2261 3685 ejus,
2305 3630 2354 3671 et
2391 3621 2610 3692 papulas
2651 3623 2781 3694 ejus,
2823 3635 2873 3679 et
2911 3626 3154 3683 sublimes
3196 3632 3517 3705 gloriosique

1921 3705 2033 3774 ejus
2071 3707 2140 3760 ad
2166 3724 2281 3762 eum
2322 3708 2457 3780 (Isa.
2488 3727 2542 3778 ν,
2581 3711 2670 3782 11,
2702 3713 2814 3785 14).
2843 3714 2912 3771 Et
2949 3717 3126 3774 infra:
3169 3719 3262 3776 Ve
3287 3723 3375 3795 qui
3410 3741 3514 3793 ρον

1924 3802 2085 3851 tentes
2112 3800 2235 3852 estis
2256 3799 2325 3852 ad
2347 3798 2616 3856 bibendum
2645 3805 2835 3869 vinum,
2876 3815 2927 3862 et
2963 3809 3060 3864 viri
3095 3812 3260 3883 fortes
3297 3814 3368 3877 ad
3407 3817 3504 3870 mi-

1920 3886 2166 3941 scendam
2203 3885 2500 3944 ebrietatem
2527 3907 2547 3944 :
2568 3893 2656 3964 qui
2688 3894 2989 3966 justiﬁcatis
3016 3900 3227 3970 impium
3261 3917 3354 3973 pro
3385 3919 3512 3958 mur

1920 3979 2146 4048 net-ibus,
2174 3991 2222 4034 et
2242 3981 2505 4052 justitiam
2525 3984 2656 4054 justi
2688 3989 2906 4059 aufertis
2931 3988 2997 4043 ab
3036 4008 3116 4046 eo.
3148 3991 3371 4065 Propter
3409 3995 3515 4051 Ito:

1917 4073 2049 4126 sicut
2076 4072 2288 4130 devorat
2326 4075 2570 4146 stipulam
2611 4075 2791 4150 lingua
2832 4080 2987 4152 ignis,
3020 4092 3071 4137 et
3105 4083 3250 4140 calor
3275 4085 3513 4156 ﬂammea

1915 4164 2122 4216 exurit:
2147 4164 2221 4216 sic
2258 4164 2416 4218 radix
2440 4181 2616 4220 eorum
2648 4169 2795 4239 quasi
2835 4171 3017 4241 favilla
3043 4173 3162 4239 erit,
3204 4181 3254 4228 et
3294 4191 3509 4248 germen

1914 4269 2092 4308 eorum
2119 4262 2174 4308 ut
2203 4255 2367 4325 pulvis
2393 4257 2657 4312 ascendet.
2685 4258 2994 4332 Abjecerunt
3027 4265 3164 4318 enim
3198 4265 3360 4336 legem
3395 4266 3507 4323 ι)οο

1913 4343 2040 4398 ntini
2066 4345 2412 4414 exercituum,
2442 4356 2491 4400 et
2528 4347 2784 4419 eloquium
2819 4351 3004 4406 Sancti
3040 4351 3213 4408 Israel
3251 4355 3498 4426 despexe-

1913 4441 2051 4487 runt.
2101 4431 2168 4488 In
2201 4434 2437 4489 omnibus
2469 4435 2550 4490 Itis
2587 4453 2690 4492 non
2727 4447 2806 4493 est
2841 4456 3048 4496 aversus
3077 4444 3223 4514 furor
3260 4442 3507 4512 Domini,

1839 4529 1886 4589 ι)
1911 4523 2002 4577 sed
2025 4523 2194 4577 adhuc
2220 4541 2406 4580 manus
2425 4527 2539 4599 ejus
2567 4536 2775 4583 extenta
2805 4528 2991 4602 (Ibid.,
3016 4531 3234 4604 22-25).

1984 4611 2037 4669 9.
2077 4612 2143 4668 Et
2171 4621 2294 4685 post
2324 4615 2598 4688 aliquanta
2627 4617 2696 4674 de
2724 4619 2810 4674 die
2832 4619 3022 4690 judicii
3056 4631 3113 4679 et
3147 4633 3507 4696 peccatorum

240 4700 575 4759 Sodomorum
616 4717 909 4762 vocentur.
943 4707 1239 4762 PI'OltiitcnS
1284 4725 1512 4778 namque
1556 4709 1811 4764 Dominus
1913 4703 2168 4760 ineﬂ‘abili
2189 4715 2336 4762 metu
2357 4707 2664 4779 disceptans
2692 4711 2769 4766 ait
2799 4729 2812 4764 :
2850 4708 3056 4768 Ululate
3083 4717 3204 4787 quia
3230 4733 3390 4787 prope
3417 4726 3506 4771 es:

236 4792 485 4850 sacriﬁcia
518 4806 572 4851 et
597 4796 737 4852 dona
764 4798 864 4854 sibi
887 4814 916 4851 a
950 4799 1142 4852 talibus
1167 4798 1342 4872 ulTet'ri
1377 4798 1452 4871 (et
1476 4813 1576 4852 nos
1601 4798 1810 4851 inhian-
1912 4798 2020 4852 dies
2048 4797 2261 4854 Domini
2316 4800 2383 4872 (si
2411 4797 2540 4857 tunc
2569 4817 2741 4874 prope
2779 4812 2915 4870 erat,
2948 4805 3075 4876 quid
3103 4822 3245 4863 nunc
3272 4809 3500 4878 putava

237 4890 313 4935 lcs
339 4887 656 4956 suscipimus
698 4903 816 4958 qua:
861 4887 970 4942 Deo
1001 4889 1068 4942 ab
1109 4889 1254 4942 omni
1295 4888 1515 4943 natione
1550 4896 1674 4941 sunt
1703 4902 1808 4940 non
1915 4890 2081 4959 tur?),
2107 4890 2230 4958 quia
2257 4893 2474 4947 vastitas
2507 4909 2540 4947 a
2580 4890 2691 4949 Deo
2728 4895 2920 4974 veniet.
2943 4895 3166 4968 Propter
3193 4897 3288 4952 hoc
3317 4912 3503 4953 omnes

233 4974 439 5040 placita,
471 4977 768 5046 eademque
813 4979 997 5046 egenis
1035 4987 1088 5035 et
1127 4975 1266 5048 pene
1309 4979 1441 5032 nihil
1485 4978 1804 5034 habentibus
1911 4997 2094 5035 ntanus
2124 4982 2490 5048 dissolventur,
2510 4992 2560 5038 et
2593 5001 2742 5040 omne
2788 5002 2879 5042 cor
2920 4987 3141 5042 hominis
3182 4987 3403 5042 tabescet
3443 5000 3503 5042 es

231 5057 566 5124 distribui-in
616 5071 910 5142 perniciem
963 5080 1201 5140 nostram
1252 5085 1355 5124 non
1403 5069 1646 5138 sinimus)
1677 5086 1798 5124 cum
1904 5077 2512 5132 conteretur:torsiones
2539 5088 2588 5132 et
2608 5077 2810 5134 dolores
2831 5077 3106 5145 tenebunt;
3136 5081 3284 5151 quasi
3307 5087 3502 5151 portuv

233 5155 346 5211 latis
378 5159 572 5215 divitiis
615 5159 855 5215 oneratis
898 5161 1145 5215 sordibus
1199 5170 1537 5230 peccatorum
1587 5160 1804 5217 intentis
1903 5168 2042 5221 riens
2071 5166 2332 5222 dolebant.
2370 5168 2731 5241 Unusquisque
2758 5169 2827 5223 ad
2851 5172 3147 5240 proximum
3183 5187 3337 5226 suum
3374 5182 3496 5226 stuv

229 5249 299 5299 ait
330 5266 342 5300 :
376 5247 457 5304 Ne
495 5251 731 5322 oﬁ'eratis
757 5251 894 5304 ultra
923 5251 1234 5321 sacriﬁcium
1265 5249 1457 5324 frustra
1489 5269 1505 5305 :
1537 5253 1800 5306 incensum
1898 5257 2072 5326 prbit:
2103 5259 2263 5330 facies
2285 5261 2560 5314 combusta:
2588 5262 2751 5315 vultus
2789 5261 3016 5315 illorum.
3058 5259 3194 5316 Ecce
3223 5261 3335 5318 dies
3375 5263 3494 5319 Do»

228 5338 534 5396 abominalio
572 5353 649 5397 est
686 5344 813 5396 nti/ti
846 5341 1032 5408 .Ibid.,
1066 5344 1173 5411 15).
1205 5342 1441 5414 Itemque
1473 5343 1748 5398 denuntiat
1779 5363 1793 5398 :
1903 5350 2026 5402 mini
2073 5351 2236 5403 veniet
2281 5349 2522 5414 crudelis,
2565 5359 2620 5404 et
2659 5350 3038 5422 indignationis
3079 5352 3260 5421 plenus
3299 5363 3349 5408 et
3393 5356 3502 5411 ira!

227 5424 294 5479 Et
340 5446 450 5486 cunt
496 5434 833 5488 extenderitis
873 5450 1057 5489 manus
1101 5445 1314 5499 vestras,
1358 5446 1582 5489 avertam
1620 5436 1797 5492 oculos
1904 5440 2213 5511 furorisque,
2256 5440 2326 5492 ad
2363 5441 2658 5511 ponendam
2697 5450 2891 5495 terram
2934 5444 2990 5497 in
3032 5444 3397 5516 solitudinem,
3437 5459 3498 5504 el

228 5533 358 5573 suos
382 5539 412 5573 ιι
441 5523 615 5588 vobis;
645 5534 696 5576 et
724 5540 837 5577 cum
866 5524 1325 5595 multiplicat-eritis
1355 5527 1659 5591 orationem,
1692 5543 1794 5581 non
1901 5538 2192 5594 peccatores
2239 5529 2350 5601 ejus
2394 5531 2730 5594 conterendos
2773 5531 2837 5585 de
2883 5549 2965 5588 ea.
3019 5531 3275 5600 Quoniam
3323 5540 3495 5594 stella:

227 5611 491 5667 audiam
521 5611 709 5684 (Ibid.,
743 5613 853 5686 15).
888 5613 954 5668 Et
980 5615 1083 5670 ltoc
1111 5631 1278 5686 quare
1321 5615 1478 5686 facit,
1511 5617 1745 5674 ostendit
1777 5636 1790 5672 :
1899 5619 2012 5672 ρατιὲ
2039 5627 2089 5672 et
2126 5620 2372 5689 splendor
2399 5638 2574 5676 earum
2604 5639 2707 5678 non
2744 5627 3041 5696 expandent
3073 5629 3245 5684 lumen
3279 5647 3428 5688 suum
3461 5647 3485 5688 ε

293 5773 314 5802 ⁸
341 5765 423 5824 Sic
451 5768 586 5827 Bibl.
617 5765 722 5824 PP.
754 5767 921 5825 Paris.
956 5769 1022 5824 At
1050 5769 1174 5827 edit.
1206 5767 1378 5827 Oxon.
1405 5779 1455 5824 ct
1474 5780 1680 5840 smpore
1699 5789 1752 5826 se
1775 5789 1796 5827 :
1832 5773 1977 5829 nullo
1999 5789 2174 5831 sensu.
