3954 6178
427 265 534 325 ἷ59

1290 256 1518 318 suos;
1555 256 1911 315 summus
1950 256 2038 311 ma
2077 242 2349 314 EXClDlO
2388 240 2781 311 uuln-xum:

3595 250 3697 310 300

426 373 842 433 obtenebrabitur
867 374 947 429 sol
973 373 1027 427 in
1061 379 1177 425 ortu
1206 385 1322 437 suo,
1350 377 1400 423 et
1426 371 1552 423 luna
1597 384 1700 427 non
1727 365 2015 438 splendebit
2041 371 2089 431 Λ
2116 374 2483 438 cognoverunt,
2509 375 2559 420 et
2590 382 2696 421 non
2731 373 2808 421 est
2824 365 3080 437 judicium
3115 367 3171 423 in
3200 362 3699 438 gressibuseorum.

431 470 486 522 in
513 476 738 535 ιεηιροτε
757 481 870 519 suo.
901 460 970 516 Et
998 457 1212 515 visitabo
1240 475 1393 529 super
1413 458 1552 512 orbis
1579 458 1739 519 mala,
1765 465 1815 511 et
1835 465 2015 510 contra

432 556 616 628 impios
636 555 958 627 iniquitatem
981 552 1230 621 ipsorum,
1264 558 1313 600 et
1340 547 1597 619 quiescere
1622 546 1813 618 faciam
1839 560 2020 615 super-

431 645 567 701 biam
613 643 936 715 infidelium,
986 650 1036 695 et
1076 640 1432 712 arrogantiam
1479 640 1691 711 fortium
1718 634 2018 715 humiliabo

433 734 569 805 (Isa.
601 714 719 801 xm,
752 732 803 798 6,
839 732 947 803 ii).
980 729 1047 785 Et
1075 730 1271 786 iterum
1306 748 1319 782 :
1350 728 1485 784 Ecce
1514 714 1767 785 Dominus
1796 728 2021 798 dissipa-

432 829 504 883 bit
536 837 750 895 terram,
790 835 841 879 et
869 824 1083 879 nudabit
1110 839 1258 903 eam,
1288 832 1338 877 et
1364 820 1555 892 affliget
1580 822 1765 892 faciem
1802 819 1932 891 ejus,
1972 827 2023 872 et

437 919 703 989 disperdet
732 917 1048 971 habitatores
1075 919 1207 986 ejus.
1252 913 1323 968 Et
1366 914 1464 968 erit
1507 914 1639 968 sicut
1684 913 1905 984 populus
1947 911 2022 965 sic

430 1010 696 1075 sacerdos,
722 1018 772 1063 et
799 1009 930 1062 sicut
956 1023 1131 1062 servus
1158 1007 1234 1063 sic
1273 1005 1512 1060 dominus
1549 1004 1660 1074 ejus
1681 1045 1696 1071 ,
1727 1003 1802 1056 sic
1830 1002 2023 1056 ancilla

432 1104 507 1156 sic
536 1101 746 1156 domina
774 1100 906 1170 ejus.
940 1100 1072 1154 sicut
1098 1114 1270 1152 emens
1305 1099 1379 1151 sic
1406 1096 1495 1151 ille
1532 1097 1617 1167 qui
1650 1094 1849 1162 vendit,
1891 1095 2024 1148 sicut

436 1195 698 1266 fenerator
726 1192 800 1245 sic
829 1191 916 1244 ille
943 1191 1029 1259 qui
1056 1197 1287 1243 mutuum
1316 1187 1524 1257 accipit,
1554 1185 1687 1240 sicut
1714 1184 1803 1254 qui
1841 1182 2025 1255 repetit

426 1284 514 1336 «sic
539 1283 623 1355 qui
655 1280 819 1336 debet.
852 1279 1206 1350 Dissipatione
1245 1275 1580 1348 dissipabitur
1613 1284 1771 1340 terra,
1803 1284 1853 1328 et
1885 1272 2024 1327 dire-

434 1373 610 1434 ptione
639 1369 957 1443 prwdabitur
986 1386 1004 1423 :
1037 1369 1288 1423 Dominus
1327 1368 1462 1422 enim
1489 1367 1687 1422 locutus
1716 1374 1793 1423 est
1819 1365 2027 1420 verbum

436 1464 552 1517 hoc.
584 1459 741 1515 Luxit
777 1469 825 1514 et
860 1459 1077 1526 defluxit
1111 1465 1270 1526 terra,
1313 1454 1528 1528 defluxit
1561 1452 1722 1523 orbis,
1759 1452 2027 1523 inﬁrmata

437 1559 514 1605 est
543 1550 606 1603 ab
634 1547 1007 1626 habitatoribus
1036 1548 1144 1602 suis
1171 1563 1188 1601 :
1214 1545 1335 1619 quia
1363 1545 1681 1617 transgressi
1712 1551 1832 1598 sunt
1867 1543 2024 1615 leges,

441 1648 764 1695 mutaverunt
816 1640 935 1710 jus,
996 1638 1377 1710 dissipat-erunt
1420 1635 1586 1708 [tedas
1641 1634 2023 1705 sempiternum.

2118 454 2331 514 Semita:
2359 473 2532 512 eorum
2556 457 2839 517 incurvata:
2856 464 2975 511 sunt
3003 456 3077 510 eis
3099 471 3116 508 :
3143 456 3309 510 omnis
3337 453 3426 526 qui
3452 454 3621 510 calcat
3646 455 3701 511 in

2117 548 2214 614 eis,
2244 547 2451 618 ignorat
2475 562 2674 621 pacem.
2711 546 2931 616 Propter
2974 547 3069 602 hoc
3107 547 3403 617 elongatum
3449 555 3528 601 est
3561 545 3706 618 judi-

2117 652 2254 690 cium
2281 652 2314 689 a
2348 636 2509 702 vobis,
2541 645 2592 690 et
2628 651 2736 701 non
2778 636 3124 708 apprehendet
3159 652 3243 690 vos
3277 636 3488 707 justitia
3518 634 3698 707 (Ibid.,

2120 727 2173 794 6,
2204 726 2281 798 9).
2314 726 2381 780 Et
2417 734 2543 797 post
2578 741 2750 797 pauca
2790 744 2804 780 :
2847 724 2917 781 Et
2959 742 3258 792 conversum
3298 735 3375 780 est
3427 734 3705 781 retrorsum

2113 816 2393 889 judicium,
2422 825 2472 870 et
2494 818 2703 887 justitia
2731 819 2881 887 longe
2900 819 3039 872 stetit
3067 819 3226 888 :quia
3249 820 3439 875 corruit
3460 817 3514 869 in
3536 816 3707 887 platea

2120 909 2327 973 veritas,
2360 916 2409 961 et
2437 909 2650 979 a'quitas
2671 924 2775 962 non
2800 910 2964 978 potuit
2990 907 3212 979 ingredi.
3248 904 3318 960 Et
3355 909 3495 977 facta
3523 915 3600 961 est
3626 923 3708 961 ve-

2123 998 2251 1051 ritas
2271 998 2324 1051 in
2346 995 2599 1051 oblivione
2618 1013 2637 1051 :
2660 1005 2710 1051 et
2735 998 2822 1052 oui
2839 1000 3051 1052 recessit
3071 1014 3102 1050 a
3122 998 3279 1064 malo,
3308 998 3499 1065 prlPdtB
3518 999 3705 1068 patuit.

2124 1084 2195 1139 Et
2224 1077 2347 1140 vidit
2380 1085 2652 1152 Dominus,
2693 1096 2742 1140 et
2770 1103 2874 1141 non
2902 1087 3097 1156 placuit
3122 1086 3180 1139 in
3208 1088 3373 1141 oculis
3405 1089 3547 1158 ejus,
3590 1086 3710 1157 quia

2124 1191 2229 1229 non
2269 1187 2346 1230 est
2382 1176 2639 1247 judicium
2685 1175 2872 1249 (Ibid.,
2920 1174 3019 1242 Η,
3069 1175 3182 1246 15).
3223 1175 3513 1245 Hucusque
3560 1176 3712 1232 lsaize

2126 1268 2402 1339 prOphetre
2431 1284 2604 1338 pauca
2626 1268 2696 1323 de
2728 1268 2911 1323 multis
2935 1267 3134 1323 dixisse
3161 1267 3413 1322 sumciat.
3618 1325 3626 1333 ,

2198 1357 2285 1412 10.
2325 1357 2478 1415 Nunc
2504 1374 2634 1414 vero
2664 1358 2846 1425 illum,
2894 1359 2985 1428 qui
3031 1359 3344 1430 priusquam
3390 1355 3714 1413 formaretur

2127 1447 2184 1504 in
2232 1459 2387 1506 utero
2424 1452 2723 1521 prmscitus,
2777 1461 2833 1506 et
2877 1451 3185 1522 priusquam
3232 1451 3408 1506 exiret
3443 1448 3511 1505 de
3554 1451 3712 1504 vulva

2127 1540 2513 1608 sanctiﬁcatus,
2544 1551 2601 1597 et
2626 1543 2681 1598 in
2709 1544 2921 1599 cunctis
2949 1543 3195 1614 gentibus
3222 1543 3484 1614 propheta
3511 1543 3715 1613 positus

2131 1641 2234 1700 est,
2264 1631 2553 1689 Jeremiam
2577 1634 2801 1697 scilicet,
2830 1636 2959 1705 quid
2987 1636 3054 1690 de
3083 1635 3283 1707 populo
3328 1634 3614 1713 insipiente
3642 1632 3716 1688 ri-

443 1731 666 1801 Propter
713 1736 807 1784 hoc
858 1730 1153 1785 maledictio
1202 1727 1402 1783 vorabit
1448 1735 1642 1782 terram
1672 1725 1823 1811 ‘(Isa.
1871 1741 2022 1790 XXIV,
2060 1743 2102 1801 Β
2128 1725 2372 1797 gi‘disque
2399 1725 2615 1795 regibus
2644 1726 3088 1811 pronuntiaverit,
3113 1740 3404 1798 parumper
3431 1724 3717 1780 attenden-

440 1818 491 1883 1,
525 1818 604 1889 6).
637 1817 701 1871 Ει
732 1818 867 1873 inira
901 1838 913 1872 :
951 1817 1294 1889 Ingemiscent
1322 1832 1497 1872 omnes
1527 1818 1612 1889 qui
1640 1817 1885 1871 laztantur
1913 1832 2030 1871 cor-

442 1907 524 1974 de,
576 1908 797 1963 cessabit
838 1908 1086 1979 gaudium
1135 1918 1525 1978 tympanorum,
1567 1907 1789 1975 quiescet
1830 1907 2028 1960 sonitus

2130 1825 2214 1872 tes
2260 1815 2462 1882 audite,
2512 1815 2616 1873 hoc
2658 1816 2820 1889 modo
2864 1806 3056 1870 leniter
3083 1815 3248 1871 verba
3297 1815 3614 1871 initiantem.
3648 1814 3717 1868 Et

2128 1911 2323 1982 factum
2363 1919 2441 1965 est
2484 1910 2691 1964 verbum
2734 1907 2943 1964 Domini
2987 1909 3058 1963 ad
3094 1926 3195 1975 me,
3227 1908 3403 1964 dicens
3424 1924 3443 1963 :
3484 1907 3629 1962 Vade
3662 1917 3720 1962 et

440 1999 754 2066 lattentium,
796 2001 1099 2054 conticescet
1132 1998 1347 2054 dulcedo
1385 1997 1632 2068 citharae,
1672 2015 1787 2054 cum
1824 1999 2029 2055 cantico
2125 2003 2296 2058 clama
2322 2004 2378 2058 in
2402 2002 2610 2057 auribus
2640 2001 2991 2065 Hierusalem,
3016 2012 3066 2056 et
3087 2001 3226 2075 dices
3249 2019 3267 2056 :
3288 2002 3476 2075 Audite
3500 2004 3715 2057 verbum

440 2107 543 2147 non
582 2089 754 2145 bibent
793 2091 989 2158 vinum,
1029 2108 1211 2145 amara
1238 2092 1337 2145 erit
1364 2084 1507 2161 potio
1538 2088 1822 2145 bibentibus
1859 2090 2025 2149 illaut.

444 2182 636 2236 Attrita
678 2191 756 2237 est
791 2182 969 2236 civitas
997 2184 1262 2247 vanitatis,
1300 2181 1481 2236 clausa
1524 2188 1600 2237 est
1637 2182 1806 2236 omnis
1847 2181 2033 2236 domus

442 2273 585 2328 nullo
622 2266 939 2330 introeunte.
989 2272 1199 2329 Clamor
1239 2275 1339 2328 erit
1372 2278 1526 2342 super
1564 2273 1779 2338 vinoin
1820 2270 2026 2344 plateis,

442 2367 648 2423 deserta
673 2376 750 2423 est
776 2370 944 2424 omnis
972 2368 1172 2434 lwtitia,
1207 2368 1516 2423 translatum
1542 2376 1620 2422 est
1646 2366 1894 2440 gaudium
1922 2374 2029 2420 ter-

442 2476 536 2527 re,
570 2461 748 2515 relicta
775 2468 850 2515 est
878 2460 933 2514 in
967 2459 1092 2513 urbe
1119 2458 1362 2524 solitudo,
1391 2468 1441 2514 et
1474 2458 1747 2514 calamitas
1775 2455 2029 2529 opprimet

439 2557 620 2622 portas
651 2546 815 2620 :quia
854 2550 965 2603 hwc
991 2552 1140 2603 e'runt
1174 2549 1226 2602 in
1267 2549 1436 2604 medio
1467 2559 1637 2616 teme,
1680 2557 1730 2603 et
1765 2549 1821 2602 in
1859 2547 2029 2603 medio

443 2628 747 2711 populorum
787 2640 976 2713 (Ibid.,
1005 2642 1059 2706 7,
1093 2640 1202 2710 15).
1234 2640 1302 2695 Ει
1339 2650 1465 2712 post
1506 2656 1677 2713 pauca
1711 2659 1723 2695 :
1764 2640 2029 2696 Prwvari-

438 2741 619 2787 cantes
647 2732 975 2800 prcevaricati
1004 2741 1151 2795 sunt,
1184 2741 1235 2785 et
1270 2733 1697 2801 praevaricatione
1739 2740 2030 2803 transgres-

442 2838 618 2878 sos-um
643 2821 971 2892 prwvaricati
997 2828 1134 2876 sunt.
1167 2818 1438 2888 Formido,
1465 2831 1515 2876 et
1537 2823 1706 2894 fovea,
1740 2829 1788 2874 et
1815 2822 2030 2890 laqueus

446 2928 598 2986 super
619 2924 665 2967 te
691 2914 778 2986 qui
804 2912 1065 2969 habitator
1084 2929 1137 2968 es
1161 2922 1333 2969 terrce.
1367 2911 1435 2966 Et
1472 2914 1610 2967 erit:
1642 2911 1742 2977 Qui
1772 2910 1966 2983 fugerit
1997 2927 2033 2965 at

447 3022 566 3062 voce
585 3006 902 3078 formidinis,
931 3006 1081 3061 cadet
1100 3008 1155 3061 in
1177 3008 1413 3079 foveam;
1432 3002 1482 3060 el
1509 3005 1593 3077 qui
1614 3021 1670 3060 se
1698 3005 2031 3076 explicaverit

446 3096 512 3151 de
532 3097 699 3169 fovea,
724 3096 975 3152 tenebitur
994 3099 1177 3170 laqueo
1205 3113 1224 3152 :
1252 3098 1374 3172 quia
1411 3104 1693 3155 cataracta:
1727 3095 1789 3150 de
1815 3095 2031 3150 excelsis

446 3196 640 3259 apertae
665 3196 839 3258 erant,
869 3192 918 3243 et
956 3178 1311 3244 concutientur
1331 3187 1674 3261 fundamenta
1704 3195 1874 3242 teme.
1901 3186 2037 3242 Con-

449 3276 707 3349 fractione
734 3278 1091 3350 confringelur
1115 3285 1278 3347 terra,
1320 3279 1658 3332 commotione
1696 3276 2036 3332 commovebi-

446 3373 565 3433 tur,
608 3367 893 3439 agitatione
932 3366 1215 3438 agitabitur
1253 3367 1385 3421 sicut
1430 3364 1635 3435 ebrius,
1679 3376 1730 3421 et
1775 3368 2039 3439 auferetur

444 3461 598 3534 quasi
628 3460 1014 3515 tabernaculum
1033 3459 1183 3514 unius
1213 3459 1411 3524 noctis;
1439 3470 1488 3514 et
1520 3452 1754 3530 gravabit
1785 3474 1900 3512 eam
1936 3458 2040 3512 ini-

448 3553 621 3625 quitas
658 3568 777 3620 sua,
808 3558 857 3606 et
886 3559 1107 3617 corruet,
1140 3560 1191 3605 et
1228 3567 1333 3606 non
1360 3548 1571 3622 adjiciet
1598 3559 1654 3604 ut
1682 3556 1937 3621 resurgat.
1972 3546 2041 3603 Et

450 3644 552 3699 erit
576 3658 595 3699 :
625 3641 691 3697 In
713 3642 795 3698 die
816 3643 911 3697 illa
935 3642 1161 3698 visitabit
1190 3639 1438 3698 Dominus
1466 3659 1618 3712 super
1646 3643 1886 3698 militiam
1925 3643 2040 3698 cmli

450 3738 504 3792 in
533 3737 758 3802 excelso,
788 3745 837 3791 et
856 3754 1011 3807 super
1040 3752 1183 3807 reges
1213 3744 1364 3789 terrm
1385 3734 1471 3805 qui
1498 3744 1619 3787 sunt
1643 3751 1796 3807 super
1825 3743 2036 3799 terram,

448 3834 500 3879 et
527 3824 974 3897 congregabantur
998 3825 1057 3879 in
1102 3824 1552 3896 congregationem
1590 3825 1743 3878 unius
1785 3825 1947 3895 fascis
1984 3818 2041 3880 in

450 3916 646 3983 locum,
674 3924 723 3968 et
748 3915 1054 3979 claudentur
1093 3912 1163 3968 ibi
1203 3913 1254 3967 in
1299 3930 1576 3980 carcerem,
1608 3900 1666 3985 et
1703 3925 1817 3984 post
1854 3914 2042 3969 multos

455 4007 565 4061 dies
606 4004 967 4060 visitabuntar.
1017 4001 1085 4058 Et
1123 4004 1378 4059 erubescet
1416 4005 1564 4074 luna,
1608 4014 1655 4058 et
1701 4004 2043 4076 confundetur

455 4096 555 4162 sol,
584 4106 699 4149 cum
720 4095 1006 4166 regnaverit
1027 4093 1280 4148 Dominus
1302 4096 1621 4151 exercituum
1642 4097 1696 4150 in
1718 4105 1890 4151 monte
1911 4094 2043 4150 Sion

455 4198 506 4242 et
533 4188 587 4241 in
620 4184 969 4249 Hierusalem,
995 4196 1045 4240 et
1068 4186 1122 4239 in
1154 4196 1426 4265 conspectu
1446 4202 1625 4241 senum
1653 4203 1862 4242 suorum
1889 4186 2045 4258 fuerit

459 4279 780 4353 gloriﬁcatas
814 4277 1003 4350 (Ibid.,
1036 4278 1120 4346 16,
1144 4278 1260 4351 25).
1303 4278 1369 4334 Et
1402 4290 1532 4353 post
1563 4280 1837 4352 aliquanta
1876 4281 2045 4336 ratio-

459 4385 580 4425 nem
611 4369 867 4446 reddens,
900 4370 1252 4439 quamobrem
1287 4369 1413 4424 talia
1442 4360 1776 4435 minaretur,
1800 4354 1880 4424 ita
1919 4370 1994 4425 ait
2025 4387 2040 4424 :

2134 2093 2341 2150 Domini
2385 2093 2568 2148 domus
2606 2092 2792 2159 Iacob,
2840 2103 2892 2148 et
2933 2111 3109 2149 omnes
3164 2099 3492 2166 cognationes
3535 2096 3723 2151 domu:

2130 2182 2338 2239 Israel:
2371 2182 2504 2238 Hinc
2544 2184 2671 2239 dicit
2703 2183 2987 2239 Dominus:
3020 2182 3158 2250 Quid
3196 2185 3496 2240 invenerunt
3534 2187 3591 2240 in
3636 2200 3723 2242 me

2128 2286 2303 2347 patres
2332 2268 2484 2333 vestri
2505 2274 2812 2347 iniquitatis,
2837 2276 2924 2347 qui
2951 2276 3179 2347 elongati
3207 2285 3326 2330 sunt
3351 2292 3383 2330 a
3408 2292 3511 2347 me,
3529 2285 3578 2330 et
3600 2292 3723 2330 am-

2130 2363 2430 2419 bulaverunt
2457 2372 2574 2435 post
2610 2365 2910 2427 vanitatem,
2941 2373 2992 2419 et
3033 2366 3152 2419 vani
3203 2365 3331 2437 facti
3359 2375 3508 2428 sunt;
3534 2372 3583 2420 et
3612 2381 3724 2421 non

2128 2450 2411 2509 dixerunt:
2463 2452 2562 2509 Ubi
2613 2455 2802 2527 estqui
2848 2454 3127 2510 ascendere
3171 2470 3266 2510 nos
3311 2454 3432 2526 fecit
3478 2455 3541 2510 de
3584 2465 3726 2509 terra

2130 2543 2355 2617 eEgypti
2384 2543 2515 2619 (Jer.
2545 2560 2601 2611 ll,
2634 2543 2683 2611 ι,
2707 2545 2761 2611 2,
2794 2545 2847 2609 4,
2878 2543 2932 2611 5,
2962 2543 3056 2615 6)?
3078 2542 3144 2598 Et
3168 2554 3290 2617 post
3315 2560 3485 2615 pauca
3512 2562 3525 2597 :
3549 2545 3589 2597 Α
3613 2561 3724 2600 sa:-

2129 2636 2244 2691 culo
2290 2637 2599 2708 confregisti
2627 2634 2815 2708 jngum
2867 2652 3069 2701 meum,
3111 2636 3295 2706 rupisti
3334 2636 3539 2690 vincula
3576 2652 3719 2697 mea,

2130 2727 2311 2782 dixisti
2334 2744 2352 2782 :
2379 2724 2504 2782 Non
2525 2726 2766 2782 serviam.
2793 2724 2906 2798 Ego
2925 2727 3159 2795 plantavi
3182 2736 3228 2781 te
3254 2726 3454 2782 vineam
3480 2726 3723 2793 electam,

2131 2836 2281 2877 omne
2304 2836 2475 2875 semen
2504 2833 2677 2874 verum
2699 2835 2718 2874 :
2738 2818 2993 2890 quomodo
3021 2834 3145 2890 ergo
3167 2834 3411 2872 conversa
3435 2832 3489 2872 es
3509 2818 3562 2871 in
3592 2834 3725 2886 pra-

2130 2910 2423 2964 vum‘vinea
2440 2908 2650 2964 aliena?
2675 2908 2738 2963 Si
2765 2907 2948 2962 laveris
2972 2916 3018 2961 te
3044 2908 3202 2975 nitro,
3224 2916 3279 2962 et
3303 2906 3727 2978 multiplicaveris

2134 3000 2225 3055 tibi
2264 3000 2475 3055 herbam
2502 2999 2692 3069 borith,
2741 3003 3004 3055 maculata
3045 3017 3100 3055 es
3126 3000 3399 3072 iniquitate
3430 3010 3518 3054 tua
3545 3017 3729 3055 coram

2059 3105 2102 3165 ο
2134 3109 2232 3159 me,
2259 3093 2382 3148 dicit
2412 3090 2664 3147 Dominus
2693 3089 2878 3165 (Ibid.,
2908 3089 3116 3161 20-22).
3145 3089 3213 3145 Et
3242 3089 3377 3145 infra
3403 3108 3416 3144 :
3451 3088 3586 3155 Quid
3606 3092 3728 3145 vul-

2138 3186 2203 3240 tis
2226 3201 2423 3242 mecum
2440 3184 2639 3256 judicio
2666 3183 3018 3237 contendere?
3038 3180 3232 3237 Omnes
3258 3178 3338 3236 me
3358 3182 3727 3255 dereliquistis,

2137 3272 2261 3332 dicit
2296 3274 2570 3331 Dominus.
2605 3273 2824 3330 Frustra
2862 3276 3091 3347 percussi
3128 3272 3268 3346 filios
3302 3282 3499 3330 vestros
3521 3291 3539 3329 :
3560 3270 3732 3331 disci-

2136 3367 2337 3438 plinam
2365 3378 2470 3420 non
2494 3373 2809 3436 receperunt.
2842 3365 3029 3419 Audite
3046 3365 3251 3420 verbum
3279 3363 3489 3420 Domini
3511 3382 3530 3419 :
3565 3363 3735 3420 Nun-

2136 3457 2260 3529 quid
2294 3456 2525 3512 solitudo
2555 3459 2724 3529 factus
2760 3473 2874 3511 sum
2914 3455 3106 3523 Israel,
3147 3466 3237 3510 aut
3274 3458 3415 3511 terra
3457 3458 3736 3513 serotina?

2140 3545 2394 3621 Nunquid
2436 3546 2757 3603 obliviscetur
2799 3548 2941 3619 virgo
2968 3547 3258 3601 ornamenti
3288 3548 3388 3613 sui,
3417 3557 3505 3600 aut
3533 3564 3736 3618 sponsa

2140 3644 2320 3715 fascia:
2336 3643 2615 3713 pectoralis
2641 3642 2788 3696 suae?
2826 3640 3057 3712 Populus
3092 3658 3209 3697 vero
3251 3658 3392 3696 meus
3433 3642 3620 3697 oblitus
3647 3650 3737 3697 est

2141 3735 2241 3790 mei
2271 3733 2449 3788 diebus
2476 3716 2759 3790 innumeris
2781 3731 2973 3804 (Ibid.,
3002 3732 3214 3806 29-55).
3248 3733 3383 3798 Quia
3431 3736 3620 3790 stultus
3648 3749 3738 3791 est

2140 3825 2357 3895 papulas
2385 3841 2547 3890 meus,
2572 3840 2655 3878 me
2682 3841 2784 3880 non
2823 3825 3095 3895 cognovit:
3125 3825 3226 3895 ﬁlii
3267 3827 3571 3898 insipientes
3603 3837 3736 3882 sunt

2139 3925 2188 3971 et
2215 3917 2455 3971 vecordes
2479 3917 2779 3986 :‘sapientes
2815 3925 2936 3971 sunt
2969 3927 3026 3971 ut
3058 3918 3255 3990 faciant
3284 3920 3443 3984 mala,
3477 3920 3605 3975 bene
3631 3939 3737 3974 au-

2143 4014 2243 4059 lem
2273 4007 2444 4077 facere
2471 3994 2763 4060 nescierunt
2788 4005 2921 4079 (Jer.
2959 4023 3033 4074 tv,
3060 3996 3173 4082 2‘2).
3207 4008 3340 4063 Tum
3369 4010 3631 4081 propheta
3659 4028 3737 4067 ex

2142 4112 2236 4152 sua
2265 4110 2496 4166 persona
2526 4092 2763 4166 loquitur
2782 4095 2965 4152 dicens
2997 4115 3010 4150 :
3043 4097 3284 4165 Domine,
3312 4101 3545 4171 oculitui
3565 4101 3741 4172 respi-

2142 4189 2281 4242 ciunt
2308 4187 2507 4257 ﬁdem:
2545 4188 2841 4256 percussisti
2875 4204 2982 4254 eos,
3014 4196 3065 4242 et
3102 4205 3206 4243 non
3235 4189 3544 4244 doluerunt:
3574 4193 3742 4244 αἰτή-

2141 4266 2258 4333 visti
2285 4294 2391 4341 eos,
2422 4287 2472 4331 et
2500 4278 2774 4333 noluerunt
2802 4279 3037 4349 accipere
3058 4279 3385 4351 disciplinam
3409 4279 3539 4347 ('Jer.
3570 4296 3623 4343 ν,
3650 4280 3747 4352 ’5)τ

2142 4370 2384 4439 itemque
2412 4369 2708 4425 Dominus:
2752 4356 3070 4426 Adnuntiate
3110 4372 3205 4427 hoc
3252 4372 3428 4428 domui
3471 4372 3656 4441 Jacob,
3692 4378 3749 4428 et

460 4457 594 4514 Ecce
628 4472 730 4513 non
769 4468 846 4515 est
884 4458 1182 4537 abbreviata
1228 4474 1410 4513 manus
1458 4457 1706 4524 Domini,
1748 4468 1806 4512 ut
1841 4459 2042 4514 salvere
2072 4483 2117 4541 ο
2145 4462 2377 4516 auditam
2407 4462 2562 4532 facite
2589 4460 2644 4515 in
2683 4458 2825 4515 Juda
2852 4460 3118 4516 dicentes:
3147 4462 3302 4527 Audi,
3337 4464 3521 4539 popule
3556 4464 3748 4531 stulte,

460 4558 705 4621 nequeat;
727 4565 886 4621 neque
906 4559 1193 4622 aggravata
1219 4557 1294 4603 est
1324 4548 1465 4602 auris
1494 4549 1628 4620 ejus,
1658 4559 1716 4602 ut
1746 4565 1851 4604 non
1878 4565 2043 4604 exau-

456 4643 593 4697 diat.
645 4642 752 4698 Sed
796 4644 1090 4715 iniquitates
1138 4652 1320 4697 vestra:
1360 4642 1642 4698 diviserunt
1688 4645 1821 4697 inter
1863 4659 1950 4698 vos
1997 4651 2047 4696 et

461 4731 630 4787 Deum
661 4743 903 4798 vestrum,
935 4740 985 4785 et
1022 4742 1235 4801 peccata
1264 4742 1430 4808 vestra
1453 4731 1831 4786 absconderant
1859 4731 2047 4803 faciem

462 4822 575 4896 ejus
600 4839 634 4876 a
654 4821 793 4877 vobis
822 4836 887 4875 ne
917 4822 1209 4876 exaudiret.
1247 4818 1436 4877 Manus
1463 4824 1600 4876 enim
1633 4829 1814 4897 vestra:
1839 4821 2048 4890 polluta:

460 4924 583 4969 sunt
609 4915 881 4986 sanguine,
914 4923 963 4967 et
1002 4912 1152 4982 digiti
1184 4912 1339 4966 vestri
1376 4912 1650 4982 iniquitate
1671 4928 1689 4965 :
1713 4909 1853 4965 labia
1878 4919 2048 4966 vestra

464 5005 637 5062 locuta
674 5015 797 5060 sunt
832 5003 1178 5071 mendacium,
1212 5013 1261 5058 et
1298 5003 1476 5077 lingua
1516 5012 1684 5059 vestra
1725 5003 2047 5077 iniquitatem

466 5096 627 5171 fatur.
660 5093 784 5152 Non
806 5104 882 5150 est
910 5096 996 5167 qui
1025 5102 1166 5149 vocet
1183 5096 1462 5167 justitiam,
1491 5111 1652 5167 neque
1684 5103 1759 5149 est
1786 5095 1872 5167 qui
1898 5094 2048 5165 judi-

462 5196 544 5244 cet
572 5205 724 5244 vere:
747 5180 839 5244 sed
857 5187 1124 5258 conﬁdunt
1144 5187 1199 5242 in
1231 5187 1380 5254 nihil,
1403 5198 1451 5242 et
1479 5188 1757 5261 loquuntur
1776 5189 2046 5253 vanitates,

464 5285 514 5334 el
557 5285 896 5350 conceperant
951 5278 1217 5347 dolerent,
1271 5288 1319 5332 et
1369 5286 1671 5349 pepererunt
1718 5278 2047 5348 iniquitatem

472 5367 609 5441 (Isa.
651 5385 759 5434 ιιι,
794 5369 847 5438 1,
885 5368 963 5440 4).
997 5368 1061 5425 Et
1099 5369 1234 5424 infra
1263 5388 1275 5421 :
1309 5366 1482 5439 Opera
1516 5384 1694 5423 eorum
1734 5369 1961 5430 inutilia,
2002 5377 2052 5422 et

470 5478 598 5533 opus
630 5463 915 5532 iniquitatis
961 5464 1016 5516 in
1062 5461 1299 5517 manibus
1339 5456 1534 5515 eorum.
1584 5459 1749 5514 Pedes
1784 5458 1970 5514 eorum
1996 5460 2052 5513 in

469 5553 661 5607 malum
701 5555 944 5621 currunt,
974 5561 1024 5606 et
1060 5550 1309 5624 festinant
1348 5561 1405 5606 ut
1443 5549 1714 5621 effundant
1749 5551 2053 5621 sanguinem

470 5637 812 5699 innocentem.
839 5643 1188 5714 Cogitationes
1226 5660 1401 5700 eorum
1429 5643 1766 5715 cogitationes
1796 5641 2006 5696 inutiles
2032 5657 2051 5697 :

470 5740 683 5793 vastitas
731 5746 781 5792 et
822 5738 1061 5792 contritio
1098 5738 1150 5791 in
1182 5738 1274 5792 viis
1303 5753 1500 5805 eorum,
1535 5746 1583 5792 ct
1612 5738 1746 5792 viam
1773 5734 1919 5805 pacis
1947 5748 2050 5789 non

2148 4553 2233 4624 qui
2276 4564 2379 4605 non
2424 4550 2580 4605 habes
2620 4567 2741 4615 cor;
2787 4552 2871 4622 qui
2902 4550 3142 4606 habentes
3168 4553 3342 4607 oculos
3381 4570 3484 4608 non
3531 4552 3750 4621 videtis,

2148 4654 2199 4698 et
2220 4636 2390 4707 nuces,
2416 4638 2464 4697 et
2485 4660 2587 4699 non
2618 4640 2832 4700 auditis.
2860 4643 2946 4698 Me
2972 4652 3093 4716 ergo
3115 4661 3218 4699 non
3250 4638 3511 4711 timebitis,
3533 4645 3609 4697 ait
3630 4640 3755 4698 Da-

2150 4735 2337 4794 minus.
2369 4743 2419 4788 et
2446 4751 2477 4787 a
2504 4733 2639 4804 facie
2663 4750 2713 4787 m
2733 4750 2779 4786 'a
2807 4744 2910 4789 non
2944 4734 3217 4813 delebilis?
3235 4733 3325 4806 qui
3348 4733 3496 4806 posui
3523 4728 3754 4789 arenam

2154 4826 2425 4879 terminum
2471 4825 2636 4889 mari,
2689 4834 2995 4897 prmeeptum
3041 4824 3408 4894 sempiternum
3456 4825 3595 4896 quod
3634 4843 3757 4882 non

2153 4917 2468 4987 praeteribit:
2501 4924 2549 4969 et
2576 4915 3042 4982 commovebuntur,
3082 4925 3132 4970 et
3160 4931 3262 4972 non
3292 4927 3562 4988 poterunt:
3596 4918 3761 4972 intu-

2148 5007 2580 5075 mescentﬂuctus
2614 5008 2746 5078 ejus,
2793 5016 2843 5062 et
2888 5023 2993 5062 non
3036 5007 3327 5061 transibunt
3356 5006 3505 5062 illud.
3538 5008 3762 5080 Populo

2150 5109 2320 5153 autem
2348 5099 2466 5152 huic
2502 5100 2694 5169 factum
2723 5105 2800 5151 est
2828 5114 2917 5152 cor
2944 5097 3268 5153 incredulum
3308 5107 3358 5152 et
3402 5115 3762 5170 exasperatis,

2151 5197 2470 5244 recesserunt
2497 5198 2548 5242 et
2570 5188 2812 5242 abierunt
2836 5205 2855 5243 :
2877 5198 2926 5243 et
2947 5205 3048 5243 non
3078 5188 3323 5243 dixerunt
3350 5190 3404 5264 in
3425 5188 3581 5243 corde
3607 5204 3713 5244 suo
3744 5207 3766 5246 :

2152 5280 2441 5336 Hetuamus
2472 5278 2749 5334 Dominum
2777 5279 2940 5335 Deum
2970 5275 3203 5335 nostrum
3235 5279 3421 5354 (Ibid.,
3445 5277 3657 5346 20-93).
3683 5279 3773 5338 Et

2159 5373 2391 5426 iterum:
2427 5369 2560 5435 Quia
2587 5372 2775 5425 inventi
2801 5382 2920 5446 sunt
2959 5372 3012 5426 in
3057 5373 3247 5444 papula
3291 5389 3403 5427 meo
3429 5354 3575 5442 impii
3616 5370 3777 5428 insi-

2158 5463 2359 5516 diantes
2379 5462 2527 5533 quasi
2555 5479 2777 5535 aucupes
2796 5505 2810 5528 ,
2845 5463 3052 5536 laqueos
3081 5460 3326 5534 ponentes
3360 5472 3411 5518 et
3441 5462 3653 5531 pedicas
3680 5465 3777 5518 ad

2157 5552 2433 5624 capiendos
2453 5553 2603 5611 viros.
2632 5551 2780 5607 Sicut
2800 5552 3040 5625 decipula
3058 5553 3213 5623 plena
3240 5551 3438 5617 avibus,
3459 5552 3535 5606 sic
3561 5551 3779 5609 domus

2156 5659 2332 5698 eorum
2352 5644 2518 5712 plente
2546 5643 2705 5699 dolo:
2736 5643 2852 5699 ideo
2880 5643 3201 5716 magniﬁcati
3225 5652 3346 5699 sunt
3370 5652 3420 5697 et
3444 5643 3599 5697 diluti
3618 5658 3637 5696 :
3658 5643 3739 5698 in
3754 5682 3783 5691 -

2156 5734 2375 5790 crassati
2405 5742 2523 5790 sunt
2554 5743 2605 5790 et
2632 5736 2959 5808 impinguati,
2991 5747 3040 5792 et
3077 5738 3437 5810 prater-ierunt
3480 5751 3773 5791 sermones
