3954 6178
210 240 286 295 ἴθι
1122 235 1320 292 LIBER
1357 238 1752 307 QUERL‘LUS.
1804 237 1980 294 PARS
2017 236 2060 292 Il
2124 234 2471 290 El’lSTOLA.
3323 232 3423 285 3M

206 374 317 413 neos
342 354 554 426 pessime
574 371 593 408 :
615 370 826 409 causam
856 356 1037 424 pupilli
1067 371 1169 409 non
1195 355 1512 416 direxerant.
1537 365 1585 408 et
1605 355 1751 424 judi-
1785 367 1822 414 Α
1856 356 2027 417 Quare
2049 361 2293 405 venerunt
2320 350 2459 403 mala
2485 349 2634 402 ha’c?
2674 346 2890 416 Ργοῃιο·
2918 346 3290 402 multitudinem
3334 350 3431 401 ini-

205 464 316 502 rutnt
342 462 619 515 pauperum
650 462 754 500 non
771 446 1152 516 judicaverunt.
1186 442 1435 513 Nunquid
1473 461 1625 512 super
1671 445 1751 497 his
1853 444 2060 514 quitatis
2088 452 2206 495 luat.
2247 441 2308 495 Si
2346 449 2544 493 mutare
2572 447 2737 509 potest
2764 436 3010 507 [Ethiops
3053 439 3233 508 pellem
3259 455 3429 505 suam,

203 551 288 593 non
312 535 539 601 visitabo,
563 535 690 589 dicit
721 534 1013 590 Dominus?
1035 549 1122 589 aut
1150 551 1302 605 super
1339 544 1541 606 gentem
1582 535 1757 606 hujus-
1853 543 1942 586 aut
1969 532 2163 603 pardus
2182 532 2454 585 varietates
2483 546 2604 584 suas
2623 571 2638 597 ,
2669 538 2718 582 et
2739 545 2824 582 vos
2851 531 3083 597 poteritis
3111 530 3429 604 benefacere,

204 628 319 684 modi
342 644 445 682 non
465 627 743 681 ulciscetur
762 628 940 681 anima
968 643 1081 681 mea
1105 625 1320 699 (Ierem.
1355 641 1407 687 v,
1437 623 1675 695 εει-29η
1852 640 1965 677 cum
1997 618 2279 676 didiceritis
2326 622 2520 675 malum
2551 620 2683 692 (Jer.
2727 636 2838 685 xm,
2869 619 2957 684 9.2,
2991 621 3080 694 23')
3106 640 3118 675 :
3154 624 3431 694 (subaudi-

262 716 336 772 11.
373 715 481 772 Sed
510 716 651 771 absit
676 724 735 771 ut
758 717 911 772 vobis
932 718 1145 771 eveniat
1171 715 1317 785 quod
1344 714 1620 784 sequitur:
1649 712 1755 768 Lo-
1854 716 1963 779 tur)
1991 713 2117 781 quia
2155 728 2263 767 non
2308 712 2486 766 vultis.
2533 711 2606 765 Et
2635 711 2770 766 infra
2796 730 2808 764 :
2839 710 2968 766 Hazc
3007 714 3131 767 dicit
3177 713 3433 769 Dominus

207 826 327 882 gnere
346 808 419 863 ad
436 824 524 863 eos
552 809 730 863 omnia
768 809 922 864 verba
956 809 1082 874 hac,
1126 819 1175 862 et
1213 825 1317 862 non
1343 807 1554 875 audient
1595 815 1682 859 te:
1708 813 1758 858 et
1852 805 2040 873 populo
2070 803 2204 868 huic,
2228 805 2313 874 qui
2339 804 2518 858 dilexit
2539 821 2737 858 movere
2760 804 2913 871 pedes
2932 821 3069 870 suos,
3101 812 3150 859 et
3172 823 3275 860 non
3288 808 3433 878 quie—

186 900 372 957 vocabis
402 916 510 963 eos,
541 908 590 953 et
612 915 717 953 non
738 900 1116 970 respondebunt
1143 900 1252 954 tibi.
1290 898 1358 952 Et
1385 898 1521 952 dices
1546 899 1614 951 ad
1635 913 1753 952 eos:
1855 894 1946 961 vit,
1983 903 2032 947 et
2064 895 2285 948 Domino
2325 911 2428 947 non
2466 895 2658 963 placuit
2692 911 2710 948 :
2750 910 2886 947 nunc
2929 895 3285 949 recordabitur
3333 898 3435 950 ini—

206 992 310 1048 Hoc
341 1000 421 1046 est
451 1007 575 1063 gens
598 1007 712 1061 quc
737 1006 840 1045 non
870 991 1066 1045 audivit
1091 1007 1262 1045 vocem
1283 990 1496 1045 Domini
1528 989 1625 1044 Dei
1651 991 1753 1054 sui,
1855 986 2104 1057 quitatum
2135 1003 2330 1050 eorum,
2362 997 2410 1040 et
2440 986 2664 1040 visitabit
2710 991 2919 1055 peccata
2947 1002 3141 1039 eorum.
3179 985 3250 1040 Et
3301 987 3435 1041 dixit

205 1082 476 1152 secrecepit
496 1082 831 1152 disciplinam
854 1097 872 1135 :
914 1083 1067 1152 periit
1110 1082 1260 1152 fides,
1301 1091 1350 1136 et
1386 1081 1562 1134 ablata
1583 1089 1660 1134 est
1695 1080 1758 1133 de
1857 1076 2111 1129 Dominus
2137 1076 2205 1128 ad
2232 1093 2343 1130 me:
2373 1075 2500 1130 Noli
2522 1092 2673 1130 orare
2696 1094 2789 1146 pro
2810 1077 2997 1147 populo
3024 1078 3123 1131 isto
3150 1078 3204 1130 in
3225 1075 3427 1132 bonum.

204 1190 273 1229 ore
287 1190 457 1229 eorum
479 1172 612 1246 (δον.
638 1188 707 1227 vu
734 1214 749 1240 ,
771 1170 862 1239 9.7,
884 1171 1000 1242 28).
1022 1170 1088 1225 Et
1110 1179 1229 1241 post
1263 1171 1534 1241 aliquanta
1557 1187 1570 1222 :
1603 1166 1759 1222 Nun-
1859 1165 1983 1220 Cum
2004 1168 2373 1237 jejunaverint,
2421 1183 2525 1220 non
2554 1166 2832 1221 exaudiam
2872 1184 3044 1237 preces
3078 1184 3253 1222 eorum
3274 1184 3292 1221 :
3320 1170 3435 1222 etsi

201 1264 406 1336 quidqui
435 1264 597 1330 cadit,
628 1280 734 1317 non
762 1269 1023 1333 resurget;
1062 1271 1113 1316 et
1142 1263 1229 1334 qui
1269 1277 1474 1315 aversus
1507 1269 1603 1326 est,
1652 1274 1757 1312 non
1858 1254 2135 1312 obtulerint
2173 1256 2469 1312 holocausta
2509 1266 2558 1311 et
2590 1258 2841 1322 victimas,
2893 1274 2996 1311 non
3053 1259 3330 1328 suscipiam
3373 1274 3438 1312 ea

203 1359 490 1412 revertetur?
520 1354 693 1421 Quare
711 1373 833 1427 ergo
862 1371 1070 1410 aversus
1098 1362 1174 1409 est
1208 1355 1423 1425 papulas
1446 1354 1542 1407 iste
1571 1354 1625 1406 in
1664 1351 1756 1405 Je-

203 1448 393 1503 rusalem
429 1449 697 1502 aversione
721 1446 1081 1501 contentiosa?
1117 1444 1577 1516 Apprehendcrunt
1613 1458 1757 1495 men-

202 1540 399 1607 dacium,
435 1548 486 1593 et
514 1540 790 1592 noluerunt
843 1538 1046 1590 reverti.
1094 1535 1301 1589 Attendi
1339 1543 1388 1589 et
1434 1532 1756 1587 auscultavi:

199 1645 321 1685 nemo
360 1630 505 1701 quod
541 1627 728 1682 bonum
770 1635 847 1682 est
876 1628 1122 1699 loquitur.
1166 1624 1360 1680 Nullus
1393 1633 1471 1679 est
1509 1626 1595 1693 qui
1636 1629 1759 1694 agat

1861 1346 1991 1417 (Ier.
2025 1365 2133 1410 xw,
2164 1348 2362 1419 10-12).
2412 1348 2478 1402 Et
2506 1348 2696 1404 iterum
2729 1369 2741 1402 :
2792 1347 2860 1402 Et
2903 1350 3036 1403 dixit
3073 1350 3329 1406 Dominus
3367 1354 3436 1406 ad

1860 1454 1974 1491 me:
2000 1437 2059 1492 Si
2081 1437 2275 1492 steterit
2300 1437 2507 1507 Moyses
2529 1447 2578 1491 et
2623 1438 2839 1492 Samuel
2875 1455 3050 1493 coram
3088 1458 3188 1507 me,
3229 1459 3331 1497 non
3361 1453 3439 1497 est

1860 1529 2037 1582 anima
2066 1545 2180 1582 mea
2206 1529 2276 1582 ad
2296 1529 2537 1599 papalum
2566 1531 2736 1582 istum.
2769 1529 2916 1600 Ejice
2942 1531 3060 1587 illos
3089 1550 3121 1585 a
3149 1536 3282 1603 facie
3301 1552 3435 1601 mea,

1859 1630 1909 1674 et
1935 1620 2263 1691 egrediantur
2288 1618 2421 1689 (Jer.
2459 1636 2545 1686 xv,
2580 1619 2653 1688 1).
2687 1619 2754 1673 Ει
2789 1630 2912 1690 post
2942 1638 3108 1691 pauca
3136 1642 3148 1676 :
3184 1623 3310 1688 Quis
3339 1628 3440 1680 mi-

198 1720 529 1789 pcnitentiam
571 1733 727 1788 super
763 1726 972 1788 peccato
1023 1733 1137 1781 suo,
1193 1717 1407 1771 dicens:
1443 1715 1580 1783 Quid
1623 1714 1758 1786 feci?
1790 1728 1830 1786 Β
1859 1710 2105 1764 serebitur
2137 1711 2238 1776 tui,
2286 1708 2609 1764 Jerusalem?
2639 1721 2727 1764 aut
2763 1714 2876 1784 quis
2920 1715 3310 1769 contristabitur
3344 1734 3439 1789 pro

200 1806 362 1863 limes
391 1809 626 1863 conversi
665 1817 785 1862 sunt
826 1807 899 1861 ad
936 1823 1142 1861 cursum
1188 1823 1358 1875 suum,
1405 1807 1552 1879 quasi
1601 1821 1756 1876 equus

194 1897 357 1966 mpetu
391 1897 587 1952 vadens
617 1897 686 1951 ad
722 1898 980 1966 pretium.
1022 1897 1212 1951 Milvus
1256 1899 1312 1951 in
1357 1898 1483 1952 ccelo
1523 1895 1760 1968 cognovit

197 1996 366 2059 tempus
395 2005 550 2042 mm
564 2004 584 2042 :
607 1996 776 2042 turtur
802 1997 853 2042 et
876 1987 1094 2042 hirundo
1114 1996 1164 2042 et
1188 1987 1386 2042 ciconia
1408 1987 1760 2041 custodierunt

194 2085 364 2148 tempus
384 2079 641 2133 adventus
669 2079 751 2133 sui
772 2094 792 2132 :
821 2077 1037 2150 populus
1065 2085 1237 2132 autem
1263 2093 1404 2131 meus
1434 2093 1536 2132 non
1564 2093 1760 2149 cogno-

194 2171 252 2225 rit
274 2171 531 2241 judicium
576 2169 676 2226 Dei
721 2170 853 2243 (Jer.
883 2186 998 2236 vm,
1028 2168 1168 2238 4—7;.
1212 2167 1280 2225 Et
1311 2178 1419 2224 tam
1454 2164 1763 2224 vehementi

193 2263 577 2333 stu-ilegiorum
596 2263 841 2319 caecitate
860 2269 918 2317 et
937 2259 1192 2317 ineli‘abili
1214 2260 1475 2316 ebrietate
1501 2261 1762 2331 propheta

194 2357 524 2422 conterritus,
546 2366 604 2411 et
622 2353 829 2412 deﬂens
856 2368 953 2411 eos
971 2354 1063 2425 qui
1083 2369 1143 2410 se
1169 2354 1312 2424 ipsos
1340 2368 1449 2409 non
1472 2351 1762 2421 deﬂebant,

195 2448 263 2517 (ut
277 2458 329 2506 et
350 2465 506 2505 nunc
534 2446 776 2504 infelices
796 2447 1009 2520 tyranni
1028 2446 1215 2517 agunt)
1243 2448 1398 2516 optat
1425 2445 1527 2501 sibi
1555 2444 1764 2500 auctio-

193 2553 297 2595 nem
320 2537 549 2597 ﬂetuum
571 2555 603 2595 a
636 2538 864 2596 Domino
892 2539 1140 2604 concedi,
1183 2538 1288 2594 hoc
1325 2537 1488 2594 modo
1533 2536 1718 2593 dicens
1746 2555 1760 2591 :

194 2627 342 2698 δορα
365 2630 687 2685 contritione
714 2629 840 2699 filia:
868 2629 1043 2699 populi
1072 2628 1170 2682 nisi
1212 2628 1460 2681 contritus
1486 2643 1634 2682 sum:
1662 2635 1767 2681 stu-

193 2735 274 2785 por
294 2720 524 2775 obtinuit
560 2736 663 2775 me.
696 2716 945 2785 Nunquid
972 2721 1146 2773 resina
1189 2735 1292 2773 non
1335 2727 1412 2773 est
1449 2720 1504 2773 in
1538 2717 1761 2785 Galaad,

1860 1801 1942 1855 te?
1968 1808 2056 1853 aut
2076 1801 2189 1871 quis
2224 1800 2317 1855 ibit
2347 1802 2416 1854 ad
2442 1803 2732 1873 rogandum
2777 1821 2871 1874 pro
2905 1823 3033 1876 pace
3059 1808 3182 1860 tua?
3220 1807 3295 1862 Tu
3325 1810 3440 1864 reli-

1860 1891 2016 1963 quisti
2037 1907 2135 1957 me,
2165 1890 2291 1945 dicit
2318 1889 2594 1956 Dominus,
2632 1900 2679 1946 et
2718 1904 2999 1949 retrorsum
3021 1895 3237 1952 abiisti:
3273 1907 3323 1952 et
3349 1915 3443 1953 ea:-

1861 1980 2069 2034 tendam
2090 1997 2299 2041 manum
2326 1997 2492 2034 meam
2512 1999 2665 2050 super
2693 1992 2760 2046 te,
2786 1996 2835 2037 et
2855 1987 3163 2057 interﬁciam
3187 2000 3234 2044 te
3256 1989 3441 2060 (Ibid.,

1863 2068 1914 2135 5,
1947 2071 2025 2139 6).
2049 2070 2117 2125 Et
2154 2078 2277 2141 post
2304 2072 2575 2141 aliquanta
2606 2090 2618 2127 :
2668 2073 2799 2128 Hinc
2827 2075 2954 2130 dicit
2993 2077 3283 2134 Dominus:
3307 2079 3446 2137 Ecce

1861 2179 1954 2232 ego
1981 2163 2122 2234 ﬁngo
2152 2172 2334 2217 contra
2374 2180 2461 2217 vos
2499 2165 2860 2236 cogitationem
2901 2183 2919 2221 :
2961 2179 3247 2225 revertatur
3291 2189 3448 2229 unus-

1861 2254 2073 2325 quisque
2093 2270 2125 2307 a
2151 2254 2232 2307 via
2261 2270 2354 2306 sua
2382 2255 2541 2318 mala,
2578 2264 2627 2309 et
2662 2255 2872 2326 dirigite
2898 2258 3007 2311 vias
3038 2269 3229 2315 vestras
3255 2272 3305 2316 et
3331 2274 3444 2318 stu-

1863 2344 1951 2397 dia
1969 2353 2156 2397 vestra.
2188 2340 2288 2407 Qui
2309 2343 2585 2398 dixerunt:
2607 2343 3020 2414 Desperavtmus:
3030 2358 3150 2420 post
3173 2353 3439 2423 cogitatio~

1865 2451 1954 2489 nes
1995 2442 2202 2489 nostras
2233 2433 2439 2501 ibimus,
2470 2443 2520 2487 et
2547 2438 2892 2507 unusquisque
2925 2440 3229 2507 pravitatem
3274 2447 3445 2500 cordis

1864 2529 1943 2585 sui
1969 2527 2091 2580 mali
2117 2529 2385 2598 faciemus.
2421 2525 2546 2581 Ideo
2578 2527 2685 2582 lucc
2711 2528 2835 2582 dicit
2881 2528 3129 2586 Dominus
3151 2550 3169 2586 :
3210 2532 3445 2592 Interro-

1866 2628 1983 2690 gate
2011 2626 2224 2690 gentes:
2255 2616 2381 2683 Quis
2411 2618 2606 2672 audivit
2641 2620 2771 2673 talia
2816 2621 3106 2689 horribilia,
3160 2643 3274 2697 qua:
3328 2632 3447 2701 fecit

1868 2712 2021 2763 nimis
2058 2713 2200 2782 virgo
2228 2708 2432 2763 Israel?
2459 2709 2712 2783 Nunquid
2742 2714 2942 2784 deficiet
2968 2716 3030 2769 de
3048 2726 3194 2786 petra
3220 2721 3333 2792 agri
3355 2724 3447 2777 nia:

193 2817 269 2861 aut
292 2813 524 2866 medicus
562 2826 669 2866 non
697 2819 776 2865 est
802 2809 910 2865 ibi?
941 2806 1115 2873 Quare
1150 2825 1274 2880 ergo
1302 2824 1405 2862 non
1440 2807 1661 2862 obducta
1689 2815 1766 2861 est
1848 2800 2115 2867 Libui,aut
2181 2801 2326 2855 evelli
2353 2814 2569 2872 possunt
2596 2820 2743 2875 aqua:
2771 2818 3092 2877 erumpentes
3120 2810 3482 2882 frigidwetde-

192 2902 389 2957 cicatrix
416 2903 552 2974 ﬁlia
591 2902 769 2972 populi
813 2902 912 2956 mei
943 2898 1130 2971 (Ibid.,
1168 2898 1414 2969 21,22)?
1461 2897 1587 2964 Quis
1626 2897 1769 2952 dabit

194 2993 334 3060 capiti
359 3008 480 3047 meo
503 3008 694 3062 aquam
720 3000 771 3046 et
794 2990 957 3046 oculis
1001 2991 1127 3045 meis
1174 2992 1369 3062 fontem
1396 2989 1763 3060 lacrymarum,

1868 2892 2121 2959 ﬂuentes?
2152 2882 2287 2958 Quia
2312 2894 2497 2950 oblitus
2525 2906 2601 2950 est
2627 2913 2707 2950 me
2732 2899 2949 2968 populus
2971 2917 3109 2955 meus
3141 2901 3273 2974 (Jer.
3299 2919 3444 2970 xvut,

1871 2982 2082 3054 41—15).
2114 2980 2182 3037 Et
2215 2992 2338 3054 post
2365 2985 2660 3063 aliquanta,
2687 2989 2906 3057 optione
2953 2992 3228 3061 proposita
3276 2993 3450 3063 loqui-

190 3078 465 3149 αριστώο
494 3081 582 3136 die
608 3097 672 3135 ac
721 3090 869 3135 nocte
905 3081 1200 3152 interfectos
1240 3080 1368 3150 ﬁlia:
1405 3080 1582 3149 populi
1635 3077 1770 3133 mei?
1795 3099 1840 3161 ο
1873 3084 1958 3131 tur
1984 3076 2205 3131 dicens:
2243 3075 2373 3131 Haec
2403 3079 2526 3132 dicit
2561 3077 2854 3134 Dominus:
2886 3079 3069 3137 Facite
3096 3083 3357 3154 judicium
3400 3096 3450 3141 et

196 3168 311 3234 Quis
336 3173 488 3228 dabit
516 3172 645 3227 mihi
666 3173 719 3226 in
748 3171 1028 3226 solitudine
1054 3171 1389 3226 diversorium
1415 3171 1689 3236 viatorum,
1718 3179 1768 3225 et

193 3260 542 3334 derelinquam
568 3262 811 3333 papulum
837 3277 1024 3327 meum,
1056 3271 1106 3315 et
1138 3261 1375 3314 recedam
1414 3260 1480 3314 ab
1513 3260 1623 3314 eis?
1648 3261 1770 3332 quia

194 3366 355 3407 antes
372 3353 609 3407 adulteri
636 3361 774 3419 sunt,
800 3363 956 3407 catus
984 3354 1458 3422 prcevaricatorum.
1493 3351 1561 3405 Et
1593 3363 1743 3407 esten

193 3439 367 3495 deum
410 3443 652 3514 linguam
691 3458 839 3497 suam
891 3444 1039 3513 quasi
1083 3459 1260 3496 arcum
1302 3441 1559 3497 mendacii
1586 3452 1636 3496 et
1667 3458 1771 3496 non

192 3534 448 3599 veritatis;
475 3534 760 3605 confortati
810 3541 932 3587 sunt
984 3536 1039 3588 in
1082 3543 1240 3599 terra,
1279 3535 1402 3605 quia
1426 3533 1491 3588 de
1523 3533 1662 3588 malo
1703 3533 1774 3588 ad

192 3626 375 3681 malim
402 3628 604 3699 egressi
625 3635 766 3693 sunt,
797 3636 846 3681 et
883 3643 965 3680 me
994 3643 1098 3681 non
1126 3616 1490 3697 cognoverunt,
1514 3627 1642 3681 dicit
1668 3625 1776 3681 Do-

193 3717 353 3770 Iliam
386 3716 528 3789 (λετ.
563 3731 639 3780 ιι,
672 3716 815 3787 1-5).
860 3714 929 3771 Et
966 3716 1201 3772 iterum:
1231 3714 1305 3773 Et
1331 3717 1463 3772 dixit
1488 3717 1774 3773 Dominus:

197 3800 321 3867 Quia
344 3807 732 3877 dereliquerunt
768 3807 928 3879 legem
961 3822 1128 3862 meam
1152 3822 1305 3880 quam
1328 3808 1448 3862 dedi
1481 3810 1573 3875 eis,
1597 3818 1646 3865 et
1674 3824 1779 3865 non

196 3898 465 3954 adierunt
493 3913 665 3953 vocem
696 3915 882 3963 meam,
912 3905 961 3953 et
986 3915 1089 3954 non
1123 3898 1509 3954 ambulaverunt
1536 3901 1591 3955 in
1620 3917 1702 3966 ea,
1730 3913 1779 3956 et

195 3986 427 4044 abierunt
453 4000 573 4062 post
600 3993 908 4061 pravitatem
943 3991 1113 4046 cordis
1142 3994 1253 4057 sui;
1280 3991 1474 4046 idcirco
1508 3993 1617 4048 haec
1656 3994 1781 4048 dicit

194 4078 449 4139 Dominus
481 4085 804 4139 exercituum
844 4083 985 4139 Deus
1014 4082 1183 4140 Israel
1214 4101 1232 4140 :
1272 4084 1410 4140 Ecce
1435 4103 1558 4156 ergo
1601 4084 1780 4141 cibabo

190 4176 434 4244 malum
483 4175 640 4230 istum
688 4175 983 4247 absynthio,
1021 4185 1071 4231 et
1110 4186 1287 4248 potum
1317 4176 1450 4231 dabo
1488 4178 1563 4231 eis
1592 4192 1779 4247 aquam

192 4266 324 4334 {etiis
371 4266 512 4339 (Jer.
544 4284 620 4331 Is,
657 4265 870 4339 13-15).
921 4266 989 4322 Et
1017 4277 1140 4339 post
1184 4282 1356 4339 pauca
1402 4266 1571 4338 (quod
1616 4268 1781 4323 etiam

190 4355 435 4413 crebrius
462 4358 609 4430 stylo
635 4358 902 4429 propheta
930 4358 1174 4428 adjunxit
1211 4357 1394 4415 dicens
1440 4373 1508 4413 ex
1550 4373 1783 4429 persona

1864 3170 2143 3241 justitiam,
2166 3180 2216 3224 et
2241 3171 2454 3225 liberate
2480 3172 2526 3224 vi
2560 3186 2860 3242 Oppressum
2890 3173 2952 3226 de
2981 3190 3137 3237 manu
3165 3176 3451 3230 calumnia-

1874 3265 1999 3316 toris
2025 3278 2043 3316 :
2073 3272 2122 3316 et
2150 3262 2417 3327 advenam,
2450 3273 2499 3315 et
2533 3264 2806 3334 pupillum,
2837 3275 2884 3318 et
2913 3267 3120 3319 viduam
3148 3267 3308 3321 nolite
3329 3284 3452 3323 cono

1875 3354 2099 3416 tristare,
2129 3369 2288 3423 neque
2316 3356 2618 3423 opprimatis
2646 3355 2858 3425 inique:
2885 3363 2935 3409 et
2962 3359 3263 3428 sanguinem
3295 3360 3452 3415 inno-

1874 3454 2066 3499 centem
2093 3461 2158 3498 ne
2183 3445 2482 3514 eﬂ‘undatis.
2517 3445 2579 3501 Si
2606 3447 2742 3500 enim
2773 3449 3022 3518 facientes
3071 3451 3298 3521 feceritis
3341 3468 3455 3506 ver-

1876 3537 1992 3590 bum
2021 3536 2180 3602 istud,
2210 3537 2564 3608 ingredientur
2585 3555 2676 3608 per
2705 3549 2885 3607 portas
2923 3539 3103 3594 domus
3128 3540 3280 3612 hujus
3309 3559 3455 3615 reges

1876 3629 2106 3683 sedentes
2134 3629 2198 3683 de
2226 3646 2409 3700 genere
2432 3628 2602 3684 David
2623 3647 2775 3701 super
2795 3632 3033 3687 thronum
3066 3634 3197 3704 ejus.
3233 3632 3384 3699 Quod
3409 3640 3453 3691 si

1877 3737 1981 3775 non
2009 3721 2280 3775 audieritis
2302 3720 2453 3775 verba
2480 3722 2607 3788 haec,
2648 3725 2703 3776 in
2758 3726 3050 3794 memetipso
3088 3726 3283 3796 juravi,
3333 3728 3457 3781 dicit

1880 3808 2153 3877 Dominus,
2200 3812 2318 3882 quia
2346 3812 2401 3865 in
2429 3812 2759 3867 solitudinem
2794 3815 2890 3868 erit
2935 3815 3116 3871 domus
3163 3817 3273 3871 hinc
3321 3818 3453 3889 (Jer.

1880 3899 2158 3972 xxn,5-5).
2190 3900 2258 3955 Et
2286 3903 2478 3957 iterum
2510 3903 2601 3970 (de
2654 3920 2780 3975 rege
2806 3903 2947 3959 enim
2994 3907 3225 3962 scelesto
3267 3908 3458 3980 loque-

1882 3992 2058 4061 batur)
2086 4010 2098 4046 :
2140 3992 2265 4047 Vivo
2286 4008 2399 4063 ego,
2417 3993 2543 4046 dicit
2574 3992 2856 4049 Dominus:
2878 3997 2998 4066 quia
3027 3998 3073 4051 si
3102 4000 3259 4070 fuerit
3276 3998 3462 4056 Ischo-

1882 4085 1999 4138 nias
2023 4085 2243 4138 annulus
2264 4086 2315 4137 in
2340 4101 2495 4138 manu
2524 4085 2735 4139 dextera
2766 4104 2902 4154 mea,
2926 4088 3055 4159 inde
3073 4091 3285 4144 evellam
3305 4109 3419 4147 eum
3442 4111 3460 4149 :

1881 4182 1932 4226 et
1973 4171 2106 4226 dabo
2153 4173 2207 4226 in
2254 4190 2411 4227 manu
2459 4177 2793 4245 quatrentium
2828 4178 3058 4231 animum
3102 4180 3213 4250 ejus
3258 4180 3463 4251 (Ibid.,

1880 4265 1970 4333 et,
1999 4264 2121 4335 25).

1956 4356 2043 4411 i5.
2083 4355 2313 4412 Sanctus
2338 4371 2553 4426 quoque
2598 4355 2851 4413 Habacuc
2896 4360 3196 4428 proclamat
3236 4361 3461 4418 dicens:

191 4444 307 4516 Dei)
334 4466 350 4501 :
383 4447 465 4503 Tu
494 4465 618 4521 ergo
642 4451 750 4503 noli
775 4465 928 4504 orare
954 4466 1049 4520 pro
1078 4451 1265 4520 populo
1301 4450 1416 4518 hoc,
1446 4461 1496 4504 et
1542 4466 1606 4504 ne
1634 4466 1787 4504 assu-
1813 4468 1858 4526 υ
1896 4448 1984 4504 Vae
2011 4450 2096 4520 qui
2119 4448 2381 4518 aediﬁcant
2417 4451 2672 4503 civitatem
2692 4450 2747 4503 in
2787 4452 3057 4521 sanguine,
3085 4462 3135 4505 et
3168 4464 3467 4524 preparant

190 4554 301 4592 nos
325 4558 429 4610 pro
456 4543 532 4596 eis
561 4540 769 4596 laudem
791 4551 842 4596 et
861 4542 1183 4596 orationem:
1213 4543 1334 4614 quia
1362 4557 1464 4596 non
1504 4542 1781 4595 exaudiam

185 4630 241 4682 in
270 4639 512 4701 tmpore
555 4630 797 4686 clamoris
840 4647 1017 4687 eorum
1047 4632 1117 4687 ad
1143 4648 1254 4702 me,
1282 4641 1331 4686 et
1365 4631 1659 4702 aﬂlictionis
1703 4647 1785 4686 eo-

192 4738 301 4776 rum
325 4723 471 4793 (Jer.
496 4739 573 4791 si,
603 4722 716 4792 14).

258 4813 351 4871 12.
394 4815 543 4882 Quid
591 4828 720 4886 ergo
764 4829 910 4871 nunc
954 4814 1170 4872 infausti
1210 4814 1376 4872 duces
1422 4813 1658 4872 facient?
1702 4812 1781 4869 Illi

185 4904 351 4971 pauci
397 4904 743 4960 invenientes
780 4904 923 4959 viam
956 4913 1266 4974 angustam,
1296 4914 1475 4961 amota
1521 4905 1780 4975 spatiosa,

184 4995 512 5065 prohibitis
539 4994 653 5051 Deo
673 5010 743 5052 ne
770 5009 962 5067 preces
987 5011 1087 5067 pro
1110 4995 1265 5052 vobis
1291 4994 1516 5051 fundant
1541 5011 1785 5066 perseve-

184 5088 447 5157 rantibus
474 5087 528 5141 in
578 5085 755 5155 malis,
798 5094 857 5142 et
882 5095 1166 5157 tantOpere
1211 5086 1582 5152 incitantibus;
1632 5087 1786 5156 queis

178 5154 514 5231 econtisrio
539 5190 609 5231 es
634 5154 799 5231 corde
823 5174 893 5230 ad
917 5154 1085 5231 Deum
1111 5174 1510 5245 repedantibus,
1540 5154 1664 5232 Deo
1689 5191 1789 5232 no-

178 5266 337 5322 lente
384 5256 630 5322 animam
674 5266 908 5322 hominis
935 5266 1174 5332 interire,
1221 5266 1316 5321 sed
1344 5273 1690 5333 retractante,
1722 5282 1811 5322 ne.

175 5356 415 5427 penitus
443 5362 636 5425 pereat
658 5355 752 5425 qui
786 5354 1031 5425 abiectus
1057 5363 1161 5419 est,
1202 5354 1492 5410 vindictam
1539 5371 1646 5411 non
1684 5371 1785 5426 p0-

175 5448 433 5504 tuissent
474 5445 767 5502 inducere:
807 5447 934 5516 quia
962 5461 1065 5502 nec
1098 5444 1284 5513 Jonas,
1325 5446 1621 5516 etquidem
1664 5461 1787 5502 cum

176 5539 431 5594 mltum
465 5537 831 5608 concupiverit
851 5536 1098 5593 Ninivitis
1132 5538 1415 5610 propheta.
1445 5536 1551 5593 Sed
1578 5538 1791 5594 omissis

173 5630 416 5686 interim
440 5627 665 5697 nostris,
687 5628 965 5684 audiamus
983 5629 1160 5700 potius
1180 5628 1308 5699 quid
1329 5629 1642 5700 prophetica
1665 5628 1791 5684 tuba

170 5719 513 5798 panitet:
542 5715 695 5785 Quod
732 5719 778 5773 si
809 5719 1027 5788 dixeris,
1080 5720 1347 5792 inquiens,
1377 5721 1433 5776 in
1470 5719 1626 5777 corde
1655 5727 1740 5778 tuo
1769 5736 1787 5778 :

652 5812 924 5874 Ρλτιιοι..
960 5813 1183 5878 LXIX.

1883 4541 2134 4592 civitatem
2163 4539 2216 4591 in
2242 4537 2616 4610 iniquitatibus,
2646 4538 2909 4594 dicentes:
2938 4537 3128 4595 Nonne
3148 4543 3257 4597 hinc
3284 4553 3404 4598 sunt
3433 4562 3466 4599 a

1884 4628 2108 4683 Domino
2142 4628 2527 4699 omnipotente?
2559 4628 2629 4682 Et
2668 4630 2963 4702 defecerunt
3006 4634 3182 4704 pepuli
3226 4637 3374 4689 multi
3412 4636 3465 4689 in

1884 4720 2021 4792 igne,
2053 4727 2101 4772 et
2141 4729 2314 4791 gentes
2343 4719 2518 4775 multa:
2544 4720 2818 4777 minorata:
2846 4732 2964 4777 sunt
3003 4723 3234 4794 (Hebae.
3286 4742 3341 4791 ιι,
3376 4726 3464 4791 1Ξ,

1882 4808 1997 4882 15).
2023 4809 2089 4865 Et
2131 4812 2203 4866 ita
2250 4810 2582 4882 prrohetiam
2627 4815 2882 4884 querulus
2922 4816 3151 4888 incipit:
3200 4818 3468 4891 Usquequo

1885 4901 2140 4968 clamabo,
2161 4910 2209 4955 et
2239 4919 2342 4955 non
2365 4903 2649 4957 exaudies?
2677 4907 3000 4978 vociferabor
3024 4908 3093 4961 ad
3134 4909 3219 4962 te?
3249 4908 3317 4963 Ut
3344 4913 3467 4978 quid

1886 4992 2013 5045 mihi
2039 4991 2225 5046 dedisti
2254 4991 2454 5046 labores
2496 5003 2547 5046 et
2583 4995 2788 5049 dolores
2827 4998 3097 5069 inspicere,
3128 4999 3390 5052 miseriam
3417 5010 3468 5053 et

1887 5080 2201 5152 impietatem
2221 5092 2399 5138 contra
2421 5086 2538 5139 me?
2560 5084 2624 5137 Et
2647 5088 2837 5157 factum
2861 5098 2936 5141 est
2948 5088 3220 5157 judicium,
3243 5097 3292 5142 et
3304 5090 3470 5160 judes:

1892 5176 2107 5246 accepit.
2142 5174 2363 5247 Propter
2383 5177 2478 5229 hoc
2507 5177 2760 5248 dissipata
2789 5188 2864 5233 est
2895 5181 3001 5243 lex,
3032 5190 3081 5233 et
3110 5196 3213 5234 non
3240 5189 3474 5250 perduct-

1894 5275 1978 5321 tur
2002 5266 2073 5321 ad
2098 5269 2253 5337 linem
2273 5267 2530 5338 judicium
2557 5269 2785 5339 (llabac.
2819 5286 2854 5334 ι,
2886 5269 3029 5342 2-4).
3063 5270 3167 5325 Sed
3188 5279 3245 5326 et
3282 5272 3473 5330 beatus

1890 5356 2027 5414 Osee
2058 5361 2337 5429 prOpheta,
2359 5361 2618 5415 attendite
2640 5362 2765 5432 quid
2790 5363 3040 5431 loquatur
3058 5363 3125 5418 de
3144 5364 3471 5436 principibus

1892 5448 2075 5506 dicens
2103 5468 2115 5503 :
2154 5449 2257 5505 l’ro
2286 5468 2344 5505 eo
2374 5452 2509 5523 quod
2537 5455 2848 5525 transgressi
2877 5462 2996 5507 sunt
3035 5465 3240 5527 pactum
3285 5474 3470 5525 meum,

1892 5551 1942 5596 et
1994 5542 2234 5595 adversus
2282 5542 2441 5613 legem
2486 5560 2649 5597 meam
2690 5543 2934 5610 tulerunt,
2990 5556 3040 5600 et
3077 5548 3472 5602 exclamabant:

1895 5630 2232 5702 Cognovimus
2281 5642 2346 5695 te,
2390 5635 2509 5705 quia
2554 5635 2824 5689 adversum
2860 5653 2933 5692 sts
2967 5636 3153 5693 Israel.
3186 5638 3387 5694 Bonum
3422 5651 3477 5695 ut

1894 5723 2126 5793 iniquum
2152 5724 2405 5794 persecuti
2446 5736 2595 5807 sunt.
2613 5724 2727 5782 Sibi
2757 5740 3118 5799 regnaverunt,
3159 5738 3208 5785 et
3244 5746 3347 5785 non
3386 5737 3484 5792 Par

2973 5820 3046 5881 12
