3954 6178
548 265 673 321 Τὸϐὗ

1430 250 1658 309 01ιοᾹύ
1699 249 2050 308 SAPIENTIS
2088 248 2176 302 DE
2214 246 2486 302 EXCIDIO
2522 243 2915 301 BRITANNUE

3705 239 3807 298 δσι

480 444 485 447 ¹
552 394 668 435 me:
690 383 959 434 tenuerunt
987 373 1348 444 principatum,
1380 388 1472 426 nec
1513 388 1595 425 me
1642 378 1953 442 agnoverunt
1983 366 2131 438 (Ose.
2163 369 2209 427 Α
2238 380 2340 417 non
2371 365 2555 434 poterit
2580 363 2805 417 eximere
2832 377 2918 417 eos
2939 361 2994 415 in
3018 361 3104 415 die
3133 359 3227 414 ira:
3269 356 3495 414 Domini.
3523 356 3592 412 Et
3611 358 3666 413 in
3695 358 3813 430 igne

549 487 665 535 νιιι,
724 469 858 541 14).
908 464 1013 521 Sed
1055 473 1109 517 et
1148 472 1392 518 sanctum
1448 463 1612 517 Amos
1658 462 1974 533 prophetam
2028 460 2134 514 hoc

552 561 715 619 modo
749 563 1036 615 minantem
1073 555 1284 612 audite:
1332 554 1397 609 In
1436 555 1594 609 tribus
1620 552 1967 625 impietatibus
1994 552 2134 623 ﬁlio-

552 671 668 710 rum
694 652 856 718 Juda,
895 659 944 705 et
984 651 1036 704 in
1074 657 1293 720 quatuor
1332 663 1435 701 non
1473 655 1702 700 avertam
1743 661 1876 699 eos:
1926 653 2135 714 prepter

550 748 686 817 quod
713 739 1005 813 repulerunt
1032 738 1194 808 legem
1219 735 1451 798 Domini,
1482 743 1531 788 et
1553 743 1807 804 prazcepta
1838 750 1941 787 non
1962 740 2133 785 custo-

553 835 792 895 dierunt;
823 829 914 884 sed
952 827 1267 882 seduxerunt
1296 841 1384 879 eos
1420 839 1552 877 vana
1582 839 1758 876 eorum
1812 820 1881 874 Et
1902 822 2134 874 emittam

551 932 723 1001 ignem
752 941 907 994 super
928 922 1124 976 Judan:
1148 963 1163 989 ,
1192 927 1243 975 et
1270 917 1496 974 comedet
1551 915 1884 987 fundamenta
1919 911 2135 965 Jerusa-

546 1020 673 1073 lem.
700 1017 746 1070 Η
755 1033 828 1071 ατε
847 1015 973 1069 dicit
998 1012 1245 1067 Dominus
1263 1028 1280 1063 :
1306 1009 1370 1063 In
1393 1006 1554 1063 tribus
1575 1003 1921 1076 impietatibus
1944 1000 2134 1066 Israel,

552 1119 603 1164 et
630 1112 683 1162 in
705 1116 923 1172 quatuor
948 1121 1049 1159 non
1076 1113 1300 1157 avertam
1327 1117 1412 1155 eos
1439 1116 1456 1154 :
1497 1106 1707 1170 propter
1743 1094 1879 1167 quod
1907 1092 2136 1147 tradide-

550 1208 673 1253 runt
703 1214 795 1270 pro
824 1197 1041 1266 pecunia
1058 1195 1274 1265 justum,
1298 1201 1348 1246 et
1369 1204 1644 1262 pauperem
1664 1203 1756 1258 pro
1784 1184 2135 1239 calciamentis

554 1308 668 1361 qua:
693 1289 918 1344 calciant
944 1303 1097 1358 super
1122 1286 1377 1356 pulverem
1406 1289 1596 1336 teme:
1634 1287 1683 1332 et
1713 1275 1942 1346 colaphis
1972 1273 2138 1328 caede-

555 1382 680 1435 bant
731 1380 903 1451 capita
942 1391 1245 1448 pauperum,
1277 1381 1325 1427 et
1356 1372 1489 1426 viam
1532 1369 1800 1423 humilium
1849 1365 2138 1419 declinave-

556 1483 675 1527 runt
704 1472 881 1544 (Amos
922 1485 976 1533 ιι,
1008 1467 1149 1538 4-7).
1191 1464 1255 1520 Et
1299 1474 1421 1534 post
1454 1476 1662 1534 pauca:
1698 1456 1928 1523 Qucerite
1954 1455 2139 1510 Domi—

555 1580 700 1629 num,
741 1570 790 1615 et
826 1560 998 1614 vivetis
1023 1574 1039 1611 :
1067 1565 1123 1610 ut
1163 1572 1267 1610 non
1317 1553 1541 1607 reluceat
1597 1550 1728 1604 sicut
1773 1547 1906 1618 ignis
1955 1544 2135 1598 domus

538 1654 765 1725 ‘Joseph,
794 1663 842 1706 et
867 1650 1099 1707 comedat
1124 1663 1256 1711 eam,
1283 1661 1377 1699 nec
1396 1643 1494 1697 erit
1514 1641 1599 1714 qui
1619 1639 1915 1709 exstinguat
1956 1635 2135 1705 (Amos

2233 452 2332 506 zeli
2352 451 2462 522 ejus
2481 458 2807 505 consumetur
2843 449 3011 505 omnis
3041 459 3198 515 terra,
3246 444 3453 518 quando
3480 462 3811 501 consumma-

2232 546 2421 599 tionem
2461 551 2512 597 et
2556 540 2885 597 solitudinem
2931 541 3094 612 faciet
3142 538 3398 592 Dominus
3444 553 3599 608 super
3636 552 3813 593 omnes

2231 642 2608 691 commorantes
2638 634 2690 687 in
2721 640 2909 685 terram
2934 629 3190 703 (Sophon.
3222 644 3262 695 ι,
3287 624 3504 698 14-18).
3537 624 3815 681 Conuenite

2230 736 2281 780 et
2307 722 2683 795 conjungimini
2704 737 2828 793 gens
2870 718 3277 785 indisciplinata,
3303 718 3602 788 priusquam
3628 717 3816 787 eﬁicia-

2234 818 2362 870 mini
2391 819 2522 870 sicut
2561 816 2658 884 [los
2686 813 3006 884 praeteriens,
3034 813 3330 881 priusquam
3351 811 3523 864 veniat
3555 825 3814 874 supervos

2235 910 2314 964 ira
2342 891 2554 962 Domitii
2585 905 2841 976 (Sophon.
2891 919 2949 971 ιι,
2985 903 3035 969 ι,
3064 901 3141 973 2).
3172 899 3392 970 ELquid
3430 902 3659 969 Aggaeus
3685 914 3818 955 san-

2234 1008 2352 1055 ctus
2377 1000 2639 1069 propheta
2668 997 2831 1060 dicat,
2862 994 3160 1050 attendite:
3194 991 3323 1047 Haec
3357 992 3484 1046 dicit
3519 990 3775 1046 Dominus
3797 1005 3819 1046 :

2237 1089 2408 1146 Semel
2426 1106 2519 1160 ego
2540 1088 2745 1142 movebo
2768 1086 2948 1140 caelum
2967 1094 3013 1138 et
3036 1094 3246 1149 terram,
3270 1091 3319 1137 et
3342 1098 3484 1136 mare
3502 1091 3553 1135 et
3571 1082 3777 1136 aridam
3797 1096 3819 1137 :

2234 1191 2283 1236 et
2311 1189 2539 1235 avertam
2564 1195 2799 1251 regnum,
2825 1187 2873 1232 et
2900 1174 3251 1231 exterminabo
3276 1176 3515 1230 virtutem
3541 1191 3822 1246 regnorum

2232 1275 2478 1345 gentium,
2503 1281 2552 1325 et
2578 1281 2817 1325 avertam
2830 1268 3111 1339 quadrigas
3151 1275 3202 1321 et
3243 1282 3541 1321 ascensores
3570 1265 3728 1338 (Agg.
3758 1281 3820 1331 ιι,

2232 1366 2321 1432 22,
2365 1364 2479 1436 25).
2518 1363 2671 1419 Nunc
2707 1375 2924 1434 quoque
2973 1360 3101 1431 quid
3141 1359 3428 1415 Zacharias
3470 1359 3610 1414 lilius
3660 1358 3827 1416 Addo

2233 1457 2499 1527 propheta
2529 1454 2734 1510 electus
2768 1452 2983 1518 dixerit,
3034 1450 3336 1515 intuemini,
3363 1452 3469 1506 hoc
3509 1450 3671 1506 modo
3700 1465 3830 1520 pro-

2234 1546 2472 1619 phetiam
2499 1560 2652 1600 suam
2680 1544 2966 1599 exordiens
2992 1561 3004 1595 :
3041 1541 3374 1596 Revertimini
3413 1541 3484 1594 ad
3511 1557 3608 1605 me,
3640 1549 3693 1594 et
3735 1557 3829 1594 re-

2235 1645 2409 1693 vertar
2435 1636 2503 1690 ad
2530 1652 2637 1700 vos,
2669 1635 2794 1687 dicit
2822 1632 3107 1688 Dominus:
3138 1641 3189 1687 et
3216 1631 3376 1685 nolite
3399 1630 3528 1684 tales
3548 1646 3659 1684 esse
3684 1631 3830 1685 sicut

554 1763 607 1809 ν,
633 1722 711 1813 6).
736 1743 837 1809 Qui
859 1741 1022 1795 Amos
1051 1736 1351 1809 prohibitus
1390 1748 1460 1789 ne
1487 1731 1837 1803 prophetaret
1866 1728 1918 1781 in
1947 1723 2133 1787 Israel,
2170 1739 2214 1799 Β
2238 1738 2413 1802 patres
2446 1729 2620 1793 vestri,
2665 1724 2847 1797 quibus
2887 1725 3270 1795 imputaverunt
3305 1722 3569 1793 prophetia
3616 1723 3829 1792 priores

556 1837 757 1903 absque
785 1830 1106 1886 adulatimiis
1126 1836 1370 1896 tempore
1398 1821 1731 1893 respondens
1756 1837 1769 1872 :
1817 1816 1942 1872 Non
1971 1831 2133 1881 eram,

554 1928 744 1997 inquit,
794 1941 885 1996 ego
923 1921 1194 1993 propheta,
1247 1934 1341 1972 nec
1369 1916 1507 1987 ﬁlius
1548 1913 1849 1985 prophetae:
1880 1908 1972 1964 sed
1997 1923 2139 1961 erum

492 2042 497 2047 -
553 2027 731 2086 pastor
759 2015 1027 2086 caprarius
1058 2011 1301 2065 vellicans
1341 2020 1653 2078 sycomoros.
1702 2000 1770 2055 Et
1797 2000 2020 2069 suscepit
2059 2013 2140 2051 me

556 2108 806 2163 Dominus
834 2102 898 2157 ab
922 2101 1115 2165 ovibus,
1142 2108 1190 2154 et
1228 2099 1360 2152 dixit
1388 2095 1643 2149 Dominus
1670 2091 1739 2146 ad
1763 2105 1882 2144 me:
1920 2088 2063 2142 Vade
2090 2094 2140 2140 et

555 2196 853 2270 propltetisa
874 2194 928 2247 in
952 2191 1145 2263 plebem
1174 2203 1341 2242 meum
1370 2183 1558 2239 Israel.
1602 2180 1672 2235 Et
1701 2195 1837 2234 nunc
1864 2177 1985 2231 audi
2029 2192 2141 2230 ver-

556 2267 673 2343 bum
704 2285 915 2342 Domini
957 2286 1158 2356 (regem
1207 2290 1441 2346 namque
1469 2271 1864 2342 alloquebatur)
1892 2287 1905 2322 :
1940 2267 2016 2322 Tu
2054 2267 2139 2321 di-

554 2386 628 2440 cis
651 2401 668 2439 :
702 2381 827 2438 Noli
848 2378 1154 2451 prapltetare
1182 2375 1233 2428 in
1260 2369 1447 2437 Israel,
1469 2378 1519 2424 et
1543 2384 1646 2423 non
1669 2379 1942 2444 congreges
1964 2362 2141 2416 turbas

555 2480 608 2531 in
632 2475 838 2529 domum
875 2469 1059 2524 Jacab.
1089 2466 1314 2534 Propter
1342 2461 1479 2534 quod
1518 2460 1629 2513 lues
1672 2457 1798 2511 dicit
1843 2453 2097 2509 Dominus
2120 2466 2140 2505 :

562 2564 707 2621 Uxor
734 2573 820 2615 tua
849 2577 901 2614 tn
928 2559 1132 2612 civitate
1160 2551 1588 2614 meretricabitur,
1619 2557 1666 2602 et
1695 2548 1794 2618 ﬁlii
1824 2547 1896 2599 tui
1936 2554 1985 2599 et
2013 2544 2141 2615 ﬁlia:

558 2666 662 2710 tua?
692 2652 867 2725 gladio
896 2649 1100 2713 cadent,
1149 2655 1198 2699 et
1225 2654 1361 2698 terra
1401 2653 1487 2695 tua
1530 2640 1759 2713 funiculo
1793 2640 2065 2692 metietur:
2092 2644 2141 2690 et

550 2756 613 2800 .tu
641 2747 858 2799 interra
892 2736 1156 2794 immunda
1191 2734 1456 2797 morien's;
1484 2730 1654 2786 Israel
1696 2738 1867 2784 autem
1912 2728 2139 2797 captivus

561 2835 773 2888 ducetur
792 2848 823 2883 a
845 2839 982 2884 terra
1004 2843 1096 2881 sua
1119 2824 1297 2897 (Amos
1318 2838 1411 2890 vn,
1443 2820 1641 2891 ιιι-Π).
1666 2817 1733 2873 Et
1758 2818 1891 2873 infra
1917 2835 1931 2871 :
1954 2817 2141 2870 Audite

557 2927 729 2994 itaque
751 2923 882 2984 Ιιωσ,
913 2920 1000 2992 qui
1030 2915 1385 2971 contribulatis
1406 2914 1632 2967 immane
1650 2926 1942 2983 pauperem,
1970 2917 2020 2964 et
2046 2906 2143 2963 da-

557 3015 892 3070 miuatiouem
923 3008 1167 3064 exercetis
1206 3007 1260 3059 in
1288 3006 1467 3074 inopes
1493 3020 1645 3073 super
1677 3012 1897 3068 terram,
1932 3001 2017 3072 qui
2057 3000 2140 3053 di-

563 3107 678 3160 citis
705 3121 721 3158 :
753 3101 973 3168 Quando
1002 3096 1242 3153 transibit
1269 3099 1459 3150 mensis
1478 3102 1535 3149 ut
1567 3094 1911 3165 acquiramus,
1934 3099 1984 3145 et
2028 3091 2149 3145 sab-
2175 3100 2218 3159 (ς

553 3197 686 3250 bata
709 3205 767 3249 ut
794 3194 1087 3264 aperiamus
1112 3190 1375 3243 thesauros
1397 3186 1577 3258 (Amos
1598 3201 1712 3252 vnt,
1735 3184 1787 3248 4,
1821 3183 1914 3254 5)?
1935 3182 1999 3236 Et
2018 3190 2142 3253 post

563 3302 776 3359 pauca:
821 3282 977 3338 Iurat
1014 3280 1266 3336 Dominus
1311 3286 1491 3332 contra
1536 3274 1825 3347 superbiam
1866 3273 2051 3338 Iacob,
2096 3273 2142 3327 si

562 3378 890 3432 obliviscetur
910 3374 963 3426 in
984 3370 1357 3440 contemptione
1379 3384 1535 3439 opera
1560 3376 1755 3431 vestra;
1785 3374 1836 3419 et
1854 3365 1909 3418 in
1937 3366 2015 3418 his
2039 3379 2142 3418 non

564 3466 953 3523 conturbabitur
982 3473 1141 3525 terra,
1173 3469 1222 3515 et
1248 3459 1438 3531 lugebit
1480 3459 1647 3513 omnis
1675 3457 1762 3529 qui
1809 3455 2145 3512 commorabi-

568 3570 648 3613 tur
675 3560 730 3613 in
766 3574 847 3622 ea,
886 3564 936 3610 et
960 3553 1199 3609 ascendet
1239 3553 1367 3606 sicut
1413 3550 1603 3619 ﬂumen
1640 3547 2049 3603 consummatio?
2076 3544 2146 3599 Et

565 3657 856 3704 convertam
883 3646 991 3700 dies
1018 3648 1175 3717 festos
1197 3651 1389 3697 vestros
1418 3643 1472 3695 in
1502 3641 1714 3706 luctum,
1744 3648 1796 3693 et
1825 3640 2059 3710 injiciam
2088 3638 2143 3691 in

565 3755 765 3795 omnem
794 3736 1020 3790 lumbum
1048 3733 1291 3796 cilicium,
1316 3740 1364 3784 et
1388 3732 1441 3784 in
1463 3747 1612 3784 omne
1640 3736 1795 3798 caput
1827 3728 2142 3787 decalvatio-

556 3842 681 3884 nem
704 3845 721 3883 :
746 3836 795 3882 et
822 3841 1011 3897 ponam
1038 3823 1323 3878 eumsicut
1363 3823 1553 3874 luctum
1595 3818 1789 3882 dilecti,
1837 3826 1888 3872 et
1932 3833 2019 3872 eos
2057 3818 2143 3888 qui

565 3935 680 3972 cum
708 3934 766 3970 eo
795 3923 934 3979 sunt,
961 3915 1096 3967 sicut
1115 3912 1249 3964 diem
1279 3910 1508 3964 maeroris
1538 3907 1726 3977 (Ibid.,
1776 3906 1826 3973 7,
1850 3906 1904 3968 8,
1938 3906 2048 3978 10).
2078 3905 2146 3960 Ει

567 4008 799 4060 iterum:
849 4002 1040 4058 Gladio
1090 4000 1378 4053 morientur
1413 4012 1589 4052 omnes
1628 4005 1924 4065 peccatores
1968 3996 2146 4066 populi

564 4097 687 4158 mei,
721 4095 802 4165 qui
832 4092 1050 4146 dicunt:
1083 4087 1204 4142 Non
1236 4085 1719 4157 appropinquabant
1756 4101 1919 4156 neque
1946 4087 2145 4140 venient

556 4202 719 4256 super
746 4199 836 4237 nos
861 4182 997 4236 mala
1019 4181 1199 4249 (Amos
1227 4194 1299 4233 Ix.
1335 4178 1443 4247 10).

641 4275 725 4328 Μ.
767 4271 875 4329 Sed
903 4281 958 4327 et
985 4279 1204 4325 sanctus
1242 4266 1492 4321 Michaeas
1528 4273 1697 4333 vates,
1728 4262 1988 4319 attendite
2017 4262 2143 4333 quid

569 4372 639 4424 sit
668 4365 858 4422 eﬂatus
881 4381 895 4417 :
921 4362 1075 4427 Audi,
1108 4359 1376 4430 inquiens,
1406 4358 1584 4412 tribus.
1617 4356 1687 4409 Et
1724 4355 1846 4427 quid
1873 4356 2145 4410 exornabit

2241 1820 2500 1874 dicentes:
2527 1817 2656 1873 litec
2683 1818 2807 1871 dicit
2836 1815 3091 1870 Dominus
3119 1814 3441 1883 omnipotens
3476 1811 3661 1885 (Zach.
3690 1827 3730 1877 ι,
3760 1812 3829 1877 5,

2237 1912 2317 1984 4).
2347 1910 2411 1965 Et
2439 1910 2574 1967 mira
2600 1929 2612 1963 :
2645 1908 2689 1962 Ε
2695 1919 2713 1963 ι
2740 1909 2875 1963 dixit
2902 1905 2972 1962 ad
2999 1923 3081 1961 me
3105 1907 3321 1977 angelus
3343 1921 3362 1959 :
3393 1903 3531 1969 Quid
3560 1912 3613 1959 tu
3633 1903 3775 1957 vides
3801 1901 3833 1957 2

2236 2002 2309 2057 Et
2336 2002 2449 2056 dixi
2471 2018 2488 2056 :
2522 2000 2736 2055 Falcem
2764 2015 2857 2070 ego
2885 1998 3031 2053 video
3076 1996 3332 2051 volantem
3361 1994 3699 2066 longitudinis
3734 2008 3836 2046 cu-

2239 2095 2464 2150 bitorum
2487 2093 2705 2164 viginti:
2729 2090 3023 2146 maledictio
3044 2103 3157 2160 quia
3180 2086 3410 2158 procedit
3453 2101 3606 2155 super
3631 2084 3834 2155 faciem

2238 2188 2391 2243 totius
2421 2195 2608 2250 terrea;
2628 2184 2871 2256 quoniam
2901 2183 3069 2235 omnis
3093 2181 3178 2251 {ur
3202 2193 3268 2233 ea:
3299 2193 3361 2232 ea
3386 2192 3545 2249 usque
3572 2175 3642 2228 ad
3680 2190 3835 2229 mor-

2238 2283 2339 2332 tem
2360 2278 2617 2348 punietur.
2643 2272 2712 2326 Et
2736 2272 3010 2343 projiciam
3028 2285 3168 2335 eum,
3214 2267 3341 2321 dicit
3372 2265 3625 2320 Dominus
3651 2264 3839 2319 omni-

2238 2378 2448 2442 potens;
2476 2376 2525 2421 et
2553 2364 2763 2419 intrabit
2782 2365 2838 2417 in
2861 2361 3066 2416 domum
3087 2359 3277 2431 furoris
3297 2365 3347 2411 et
3368 2357 3422 2410 in
3446 2356 3652 2409 domum
3665 2355 3836 2425 jura-

2241 2464 2399 2518 tionis
2425 2462 2478 2515 in
2501 2459 2708 2514 nomine
2734 2471 2847 2510 meo
2874 2452 3197 2507 mendacium
3221 2447 3407 2521 (Zach.
3440 2462 3494 2512 γ,
3521 2445 3660 2515 2-4).
3684 2444 3839 2500 San-

2240 2563 2359 2609 ctus
2408 2565 2623 2622 quoque
2671 2545 2959 2601 Malacbias
2999 2543 3261 2613 propheta
3306 2539 3487 2594 dicit:
3535 2536 3672 2592 Ecce
3711 2537 3837 2591 dies

2244 2645 2453 2700 Domini
2474 2644 2639 2697 veniet
2658 2653 2903 2693 succensa
2928 2635 3073 2705 quasi
3099 2632 3362 2687 caminus:
3392 2639 3442 2684 et
3460 2639 3611 2684 erunt
3643 2644 3836 2683 omnes

2241 2732 2447 2803 superbi
2475 2741 2523 2785 et
2550 2746 2725 2785 omnes
2752 2729 3009 2800 facientes.
3028 2724 3350 2796 iniquitatem
3395 2731 3452 2774 ut
3492 2719 3686 2788 stipula
3719 2735 3739 2773 :
3778 2727 3839 2772 et

2241 2822 2588 2894 inﬁammabit
2615 2836 2701 2875 eos
2727 2819 2837 2872 dies
2859 2817 3155 2881 adveniens,
3180 2814 3304 2867 dicit
3334 2810 3588 2865 Dominus
3623 2810 3842 2864 exerci-

2242 2922 2406 2977 tuum,
2447 2926 2560 2983 quae
2608 2926 2714 2964 non
2754 2907 3011 2977 relinquet
3047 2922 3113 2961 ea:
3157 2904 3231 2958 eis
3271 2901 3496 2957 radicem
3516 2908 3567 2955 et
3616 2913 3843 2970 germen

2244 3004 2404 3077 (Μαι.
2439 3019 2512 3067 ιν,
2545 3003 2617 3073 ι).

2328 3095 2416 3149 15.
2447 3095 2678 3149 Sanctus
2701 3104 2918 3162 quoque
2943 3087 3074 3153 Job,
3103 3084 3395 3151 attendite;
3426 3080 3554 3150 quid
3579 3079 3649 3134 de
3673 3077 3845 3149 prin-

2242 3187 2384 3258 cipio
2404 3185 2691 3239 imoiorum
2711 3191 2766 3237 et
2791 3181 2897 3235 line
2923 3177 3321 3248 disceptaverit,
3344 3174 3527 3228 dicens
3556 3186 3572 3224 :
3604 3167 3848 3238 Propter

2241 3276 2364 3349 quid
2385 3276 2531 3346 impii
2558 3275 2729 3328 vivunt
2755 3314 2771 3341 ,
2798 3281 2848 3327 et
2874 3278 3150 3326 senuerunt
3182 3263 3498 3322 inhoneste?
3540 3260 3613 3315 Et
3652 3276 3846 3315 semen

2242 3375 2418 3422 eorum
2445 3363 2723 3419 secundum
2750 3361 3058 3416 desiderium
3079 3373 3276 3424 eorum,
3301 3364 3350 3410 et
3378 3354 3476 3424 ﬁlii
3503 3367 3682 3406 eorum
3709 3360 3850 3407 ants

2244 3462 2568 3527 conspectum
2595 3469 2791 3508 eorum.
2817 3450 2884 3505 Et
2914 3450 3094 3504 domus
3121 3463 3297 3504 eorum
3317 3448 3593 3517 fructuosa!
3611 3451 3759 3508 sunt,
3790 3450 3850 3497 et

2245 3550 2398 3603 timor
2423 3562 2680 3618 nunquam
2709 3560 2802 3598 nec
2821 3544 2976 3615 plaga
2996 3540 3205 3596 Domini
3233 3547 3309 3593 est
3334 3555 3487 3607 super
3509 3552 3615 3593 eos.
3657 3535 3849 3590 Vacca

2246 3652 2423 3693 eorum
2450 3651 2553 3690 non
2587 3633 2855 3696 abortivit,
2888 3639 2937 3685 et
2965 3643 3240 3700 prazgnans
3266 3643 3441 3682 eorum
3466 3626 3676 3696 pertulit
3700 3640 3848 3694 por-

2248 3736 2354 3782 tum
2377 3769 2393 3795 ,
2423 3734 2473 3781 et
2500 3741 2604 3779 non
2630 3723 2857 3788 erravit,
2889 3720 2979 3775 sed
3006 3724 3269 3791 permanet
3296 3717 3429 3771 sicut
3453 3732 3569 3770 oves
3596 3721 3843 3770 rem.

2247 3817 2316 3872 Et
2343 3818 2487 3888 pueri
2516 3830 2692 3871 eorum
2719 3812 2965 3885 gaudent,
2993 3819 3043 3864 et
3068 3808 3369 3879 psalterium
3395 3814 3650 3859 sumentes
3678 3812 3731 3859 et
3759 3805 3849 3857 ci-

2248 3909 2451 3963 tharam
2476 3908 2721 3979 ﬁnierunt
2744 3906 2795 3957 in
2818 3902 2965 3957 bonis
2992 3902 3150 3955 vitam
3170 3915 3336 3963 suam,
3359 3900 3412 3951 in
3443 3898 3668 3969 requiem
3695 3897 3848 3967 infe.

2251 4016 2429 4055 rarum
2472 3999 2792 4053 dormierunt
2851 3993 2970 4065 (Job
3000 4010 3122 4058 xxx,
3173 3991 3338 4062 7-15).
3387 3988 3638 4060 Nunquid
3689 3988 3846 4045 Deus

2245 4088 2388 4143 facta
2417 4087 2701 4157 impiorum
2732 4100 2839 4140 non
2868 4084 3122 4155 respicit?
3161 4080 3278 4137 Non
3305 4095 3433 4150 ergo
3452 4121 3469 4147 ,
3494 4078 3589 4134 sed
3616 4078 3849 4133 lucerna

2246 4179 2522 4249 impiorum
2557 4176 2913 4246 exstinguetur
2940 4191 2958 4227 :
2988 4181 3036 4228 et
3073 4178 3385 4242 superveniet
3418 4170 3493 4224 eis
3521 4169 3757 4236 eversio,
3787 4174 3849 4223 et

2247 4271 2451 4326 dolores
2489 4278 2734 4341 tanquam
2771 4266 3105 4340 parturientis
3144 4281 3230 4318 eos
3257 4262 3322 4316 ab
3349 4262 3430 4316 ira
3459 4258 3719 4315 tenebunt.
3765 4258 3853 4315 Et

2245 4372 2395 4417 erunt
2421 4365 2551 4417 sicut
2578 4362 2741 4431 palea:
2769 4378 2803 4415 a
2830 4369 2998 4426 vento,
3028 4367 3076 4412 et
3101 4359 3231 4412 sicut
3257 4355 3419 4425 pulvis
3445 4370 3590 4425 quem
3616 4352 3852 4408 abstulit

566 4457 866 4514 civitatem?
898 4451 1150 4523 Nunquid
1186 4451 1364 4523 ignis?
1396 4447 1462 4502 Et
1494 4450 1674 4502 domus
1703 4448 1992 4519 iniquorum
2038 4447 2141 4501 the-
2173 4466 2224 4527 ι)
2250 4451 2415 4508 turbo.
2455 4452 2717 4522 Deﬁciunt
2738 4451 2864 4521 ﬁliis
2889 4450 3001 4521 ejus
3029 4448 3182 4512 bona,
3213 4447 3416 4501 videant
3443 4444 3577 4499 oculi
3600 4444 3716 4513 ejus
3740 4460 3853 4499 oc-

571 4558 841 4611 saurizans
862 4553 916 4605 in
948 4549 1208 4602 thesauros
1235 4548 1459 4617 iniquos,
1488 4554 1537 4598 et
1576 4561 1690 4597 cum
1717 4544 1914 4615 injuria
1938 4542 2146 4612 injusti-

573 4648 717 4701 tiam.
753 4643 810 4699 Si
833 4638 1203 4714 justiﬁcabitur
1227 4640 1279 4692 in
1305 4646 1500 4692 statera
1527 4636 1753 4708 iniquus,
1784 4646 1833 4689 et
1859 4637 1915 4689 in
1953 4635 2142 4689 sacello

569 4738 799 4810 pondera
827 4735 1027 4792 dolosa.
1051 4748 1115 4786 ea:
1143 4731 1323 4803 quibus
1353 4728 1560 4783 divitias
1599 4729 1653 4781 in
1687 4728 1950 4796 impietate
1986 4724 2147 4795 reple-

2250 4544 2496 4598 cisionem
2522 4560 2670 4598 suam
2690 4585 2706 4612 ,
2735 4560 2828 4598 nec
2856 4560 2887 4596 a
2917 4541 3140 4597 Domino
3167 4539 3446 4593 resolvetur
3499 4536 3661 4597 (Ibid.
3689 4576 3706 4602 ,
3740 4536 3848 4602 l7,

2252 4632 2350 4700 18,
2380 4632 2495 4702 20).
2542 4632 2610 4687 Et
2636 4641 2760 4703 post
2794 4633 3064 4701 aliquanta
3100 4629 3167 4683 de
3203 4627 3387 4682 iisdem
3422 4644 3436 4679 :
3473 4625 3571 4688 Qui
3597 4642 3852 4696 gregem,

2251 4723 2440 4792 inquit,
2469 4740 2583 4778 cum
2611 4733 2818 4794 pastore
2853 4728 3152 4793 rapuerunt,
3182 4728 3233 4773 et
3252 4719 3539 4787 jumentum
3569 4714 3858 4784 orphano-

2248 4834 2361 4872 rum
2391 4816 2734 4878 abduxerunt,
2757 4821 2805 4868 et
2828 4813 3001 4867 bovem
3026 4810 3192 4865 vidua:
3218 4811 3635 4879 pigucraverunt,
3661 4813 3711 4858 et
3739 4804 3857 4858 de-

2249 4909 2565 4965 clinaverunt
2594 4908 2896 4977 impotentes
2924 4920 2956 4957 a
2984 4904 3065 4955 via
3100 4899 3440 4955 necessitatis.
3484 4898 3683 4967 Agrum
3711 4904 3862 4950 ante

2250 5008 2444 5068 tempus
2473 5013 2578 5051 non
2614 5011 2761 5050 suum
2809 4992 3024 5047 demessi
3059 4997 3177 5044 sunt
3208 5006 3225 5043 :
3249 5002 3501 5059 pauperes
3544 4984 3862 5055 potentium

2247 5090 2419 5144 vincas
2446 5090 2558 5144 sine
2585 5086 2814 5141 mercede
2861 5092 2917 5137 et
2954 5083 3065 5136 sine
3091 5079 3203 5135 cibo
3232 5080 3430 5151 operati
3468 5086 3585 5132 sunt
3616 5093 3637 5131 :
3665 5080 3860 5133 nudos

2246 5181 2434 5236 multos
2460 5181 2683 5234 dormire
2712 5180 2937 5249 fecerunt
2964 5175 3076 5228 sine
3102 5172 3414 5226 vestimentis
3440 5186 3459 5223 :
3489 5177 3688 5239 tegmen
3715 5168 3866 5222 arsi-

2247 5288 2346 5326 ma:
2373 5287 2547 5326 eorum
2576 5267 2893 5322 abstulerunt
2934 5261 3054 5332 (Job
3084 5276 3231 5327 xxtv,
3258 5258 3365 5324 2-4,
3397 5258 3451 5325 6,
3481 5257 3560 5325 7).
3613 5254 3679 5308 Et
3707 5267 3865 5325 post

2247 5380 2420 5437 pauca
2452 5380 2465 5415 :
2500 5376 2621 5416 cum
2649 5372 2778 5428 ergo
2804 5356 2970 5409 sciret
2992 5366 3157 5422 opera
3184 5364 3392 5414 eorum,
3419 5346 3636 5401 tradidit
3660 5361 3760 5401 eos
3790 5347 3867 5401 in

2248 5457 2498 5513 tenebras
2523 5471 2534 5505 :
2559 5449 2904 5506 Maledicatur
2930 5460 3050 5515 ergo
3078 5459 3201 5512 pars
3225 5441 3336 5511 ejus
3360 5457 3391 5493 a
3423 5448 3558 5492 terra
3579 5454 3598 5490 :
3622 5439 3875 5505 pariant

2247 5546 2591 5619 plantationes
2632 5541 2743 5610 ejus
2792 5536 2977 5591 aridae.
3031 5531 3366 5587 Iietribuatur
3407 5544 3530 5600 ergo
3574 5528 3654 5582 illi
3701 5529 3873 5583 sicut

2247 5616 2346 5704 egit
2376 5649 2392 5687 :
2423 5627 2791 5686 contrib‘uletur
2837 5622 3003 5679 omnis
3050 5619 3255 5688 iniquus
3301 5618 3432 5671 sicut
3475 5616 3677 5687 lignum
3725 5617 3877 5673 sine

2247 5729 2486 5782 sanitate.
2514 5720 2579 5777 In
2599 5715 2869 5774 iracundia
2889 5715 3023 5770 enim
3043 5724 3258 5787 surgens
3278 5710 3604 5779 impotentem
3626 5704 3865 5763 eversis.

570 4837 748 4883 verunt
777 4824 960 4897 (Mich.
996 4839 1066 4890 v1,
1095 4820 1295 4887 10-12).
1321 4819 1427 4874 Sed
1456 4827 1510 4874 et
1552 4816 1854 4888 SOphonias
1882 4817 2144 4886 prOpheta

570 4921 765 4984 clarus,
807 4930 941 4985 quas
987 4914 1157 4967 minas
1193 4918 1497 4978 exaggerat,
1553 4908 1776 4961 audite:
1825 4905 1997 4975 Prope
2043 4913 2139 4971 est,

570 5016 761 5085 inquit,
790 5013 897 5065 dies
920 5008 1128 5062 Domini
1156 5021 1392 5076 magnus,
1411 5020 1567 5074 prope
1594 5011 1641 5056 et
1664 5003 1807 5056 velox
1832 5002 1994 5054 valde.
2028 4999 2144 5052 Vua:

571 5108 671 5162 diei
704 5102 911 5157 Domini
942 5113 1121 5152 amara
1151 5096 1426 5150 constituta
1474 5100 1549 5147 est
1587 5102 1637 5146 et
1678 5103 1878 5162 potens,
1916 5091 2022 5145 dies
2049 5092 2144 5146 ira:

571 5199 680 5251 dies
700 5195 806 5255 ille,
839 5191 947 5245 dies
977 5186 1321 5241 tribulationis
1345 5193 1393 5237 et
1418 5183 1757 5242 necessitatis,
1790 5181 1897 5236 dies
1929 5183 2074 5235 nubis
2092 5192 2143 5234 et

573 5287 791 5352 nebulis,
815 5285 923 5337 dies
953 5278 1085 5332 tubw
1105 5286 1154 5331 et
1179 5276 1458 5346 clangoris,
1485 5274 1591 5326 dies
1618 5274 1838 5326 miseria:
1883 5280 1931 5325 et
1972 5281 2142 5325 erter~

573 5376 890 5435 minationis,
924 5373 1030 5424 dies
1060 5365 1381 5423 tenebrarum
1407 5375 1453 5417 et
1481 5364 1716 5435 caliginis
1735 5380 1887 5433 super
1922 5364 2148 5416 ctvitates

576 5469 756 5540 ﬁrmas
784 5472 831 5516 et
858 5475 1009 5530 super
1042 5455 1259 5527 angulos
1287 5453 1535 5508 excelsos.
1581 5451 1651 5506 Et
1678 5449 2030 5505 contribulabo
2055 5451 2148 5503 Ιιοο

574 5556 762 5620 minss,
789 5562 838 5606 et
862 5552 1004 5605 ibunt
1032 5551 1163 5603 sicut
1181 5548 1325 5611 eieci,
1367 5545 1487 5618 quia
1512 5543 1735 5616 Domino
1771 5549 2102 5614 peccaverunt
2127 5557 2144 5595 :

574 5656 627 5702 et
655 5643 916 5713 effundam
945 5641 1245 5709 sanguinem
1290 5639 1419 5692 sicut
1457 5637 1731 5706 pulverem,
1764 5645 1813 5689 et
1841 5649 2023 5688 carnes
2060 5650 2147 5687 eo-

573 5754 695 5796 rum
723 5734 853 5833 sicut
877 5728 1052 5797 [imum
1076 5727 1224 5785 boum
1249 5747 1265 5787 :
1296 5741 1343 5786 et
1363 5738 1625 5797 argentum
1655 5744 1830 5785 eorum
1873 5736 1922 5780 et
1961 5741 2143 5779 aurum
