3954 6178
169 225 286 278 ῗ65

1128 227 1330 283 LIBER
1368 225 1752 294 QUERULUS.
1799 226 1972 281 PARS
2013 227 2065 281 ll.
2108 225 2452 282 EPISTULA.

3332 227 3434 284 διςσ

172 341 469 408 Propterea
491 356 624 394 enim
646 356 748 394 non
775 341 944 394 credet
971 343 1032 393 de
1060 343 1157 396 vita
1185 359 1278 395 sua
1308 358 1325 395 :
1353 359 1465 395 cum
1489 345 1754 412 inﬁrmare
1790 351 1834 406 Α
1868 357 1970 395 non
2002 343 2262 394 morietur.
2298 340 2486 393 Omnia
2512 340 2696 392 delicta
2717 340 2827 409 ejus
2848 354 3153 410 qua’cunque
3173 341 3313 410 fecit,
3335 359 3438 397 non

169 433 407 501 ccperit,
437 447 540 485 non
566 441 732 501 speret
760 433 1053 495 sanitatem,
1077 433 1167 486 sed
1190 433 1337 486 cadet
1355 434 1409 486 in
1440 433 1752 503 languorem.

169 519 378 577 Iullos
405 521 544 572 enim
571 521 703 573 ltesit
729 520 968 589 superbia
985 521 1126 589 ejus;
1153 528 1199 574 et
1219 521 1473 574 marcidus
1493 524 1657 590 factus
1685 532 1760 574 est

170 612 311 664 sicut
337 610 510 662 malva
545 611 598 662 in
641 619 768 663 testu
793 649 807 673 ,
855 611 986 662 velut
1035 613 1174 680 spica
1223 627 1336 664 cum
1366 612 1428 664 de
1455 612 1642 680 stipula
1669 629 1762 665 sua

173 700 371 752 decidit
406 697 527 756 (Job
557 715 701 764 xxiv,
736 699 824 764 18,
844 699 943 767 20,
974 699 1074 762 22,
1105 700 1216 770 24).
1249 700 1314 754 Et
1336 703 1470 754 infra
1499 721 1510 754 :
1547 701 1692 764 Quod
1719 704 1762 755 si

171 790 326 842 multi
373 791 568 860 fuerint
597 789 695 858 ﬁlii
725 791 855 859 ejus,
887 791 940 842 in
970 791 1276 843 occisionem
1314 801 1481 844 erunt.
1535 791 1681 854 Quod
1719 794 1765 844 si

172 883 441 951 collegerit
479 891 535 933 ut
578 891 766 933 terram
807 890 1070 949 argentum
1095 921 1109 945 ,
1151 891 1197 934 et
1236 883 1474 935 similiter
1513 893 1565 934 ut
1604 883 1764 936 lutum

172 971 552 1039 pra'paravcrit
599 987 818 1033 aurum,
859 971 966 1023 lucc
1010 973 1184 1024 omnia
1223 971 1352 1041 justi
1396 981 1766 1040 consequentur

180 1059 310 1127 (Job
344 1075 530 1121 xxv“,
565 1058 780 1130 14-17).
831 1059 966 1126 Quid
1011 1071 1268 1130 prieterea
1317 1063 1502 1116 beatus
1549 1061 1763 1130 Esdras,

177 1149 445 1218 pmpheta
480 1149 569 1204 ille
597 1149 916 1204 bibliotheca
951 1151 1101 1217 legis,
1133 1151 1366 1204 minatus
1392 1153 1459 1204 sit
1488 1153 1762 1216 attendite,

179 1240 278 1294 hoc
303 1239 472 1293 modo
495 1239 799 1308 disceptans
824 1257 838 1292 :
865 1238 913 1291 11
920 1256 993 1293 cec
1019 1241 1140 1292 dicit
1169 1239 1420 1294 Dominus
1444 1240 1578 1293 Deus
1603 1258 1618 1292 :
1642 1240 1764 1294 Non

179 1337 358 1396 parcet
407 1329 623 1381 dextera
666 1343 779 1381 mea
835 1344 986 1395 super
1034 1339 1322 1397 peccatores
1345 1369 1358 1393 ,
1409 1345 1501 1382 nec
1549 1329 1767 1382 cessabit

180 1419 498 1486 rhomphaza
544 1433 698 1488 super
742 1417 1085 1485 effundentem
1136 1420 1766 1490 sanguineminnocuum

180 1527 335 1579 super
376 1519 590 1562 terram.
639 1506 816 1561 Exibit
858 1509 993 1578 ignis
1043 1509 1106 1562 ab
1136 1510 1216 1562 ira
1243 1525 1357 1562 mea
1379 1550 1392 1573 ,
1425 1519 1473 1562 et
1508 1510 1768 1563 dei-orabit

179 1601 524 1670 fundamenta
557 1609 735 1663 terra',
766 1607 814 1651 et
841 1610 1130 1668 peccatores
1161 1601 1309 1668 quasi
1337 1611 1560 1654 stramen
1591 1602 1765 1654 incen-

175 1708 314 1745 sum.
365 1689 456 1743 Vir
481 1691 551 1742 eis
580 1690 666 1760 qui
693 1698 946 1758 peccant,
985 1699 1033 1742 et
1070 1707 1171 1744 non
1215 1691 1483 1746 observant
1519 1693 1766 1746 mandata
1806 1709 1844 1765 ις

177 1801 318 1848 mea,
358 1785 482 1837 dicit
514 1783 763 1837 Dominus
793 1799 810 1836 :
842 1799 942 1836 non
973 1799 1182 1852 parcam
1210 1783 1335 1836 illis.
1369 1782 1647 1848 Discedite,
1671 1784 1770 1853 ﬁlii

174 1885 461 1943 apostatte,
483 1884 529 1928 et
552 1877 710 1929 nolite
729 1877 1080 1929 contaminare
1101 1875 1561 1945 sanctiﬁcationem
1583 1893 1766 1930 meam.

177 1964 355 2019 Novit
384 1964 519 2019 Deus
554 1967 637 2036 qui
675 1976 884 2032 peccant
912 1966 964 2018 in
1003 1981 1148 2030 eum;
1189 1975 1461 2043 propterea
1490 1966 1657 2020 tradet
1685 1984 1772 2021 eos
1810 2011 1813 2014 .

177 2061 232 2113 in
265 2068 490 2112 mortem
519 2068 568 2112 et
591 2060 643 2112 in
673 2061 997 2113 occisionem.
1039 2057 1159 2111 1am
1187 2059 1322 2111 enim
1354 2067 1593 2111 venerunt
1619 2075 1773 2130 super

180 2151 372 2204 orbem
419 2157 665 2202 terrarum
707 2151 845 2203 mala
887 2151 1050 2204 multa
1099 2147 1216 2220 (IV
1250 2149 1404 2204 Esdr.
1438 2165 1536 2214 xv,
1565 2149 1768 2219 21-27).

183 2241 471 2296 Inmissus
498 2251 573 2296 est
599 2243 801 2313 gladius
831 2245 963 2298 velut
991 2247 1157 2315 ignis;
1192 2252 1242 2298 et
1270 2245 1382 2316 quis
1409 2253 1483 2298 cst
1511 2245 1596 2314 qui
1626 2261 1772 2298 recu-

183 2336 276 2386 tiet
304 2334 457 2387 eum?
510 2331 756 2388 Nunquid
785 2337 993 2388 recutiet
1025 2335 1208 2406 aliquis
1249 2338 1443 2387 leonem
1470 2335 1774 2388 esurientem

182 2429 239 2479 in
269 2427 444 2479 silva?
478 2443 567 2478 aut
593 2426 824 2497 nunquid
851 2427 1139 2495 exstinguet
1165 2425 1334 2494 ignem
1353 2465 1370 2490 ,
1399 2440 1513 2477 cum
1547 2433 1774 2477 stramen

192 2518 470 2569 incensum
499 2516 691 2586 fuerit?
728 2515 977 2584 Dominth
1020 2515 1151 2568 Deus
1191 2515 1354 2567 mittet
1390 2518 1564 2577 mala;
1593 2522 1642 2566 et
1664 2515 1775 2583 quis

185 2616 268 2660 est
301 2608 388 2675 qui
418 2607 625 2659 recutiet
651 2607 750 2659 ea?
786 2604 854 2658 Et
881 2604 1043 2658 exibit
1072 2605 1205 2675 ignis
1234 2621 1300 2658 ex
1328 2605 1600 2658 iracundia
1628 2605 1774 2674 ejus;

184 2705 238 2748 et
268 2697 386 2764 quis
414 2693 700 2763 exstinguet
729 2693 877 2746 eum?
921 2691 1253 2755 Coruscabit;
1280 2701 1329 2745 et
1356 2691 1470 2762 quis
1497 2707 1601 2750 non
1630 2692 1778 2745 time-

187 2789 268 2841 bit
286 2786 315 2838 2’
342 2786 566 2850 tonabit;
593 2793 643 2840 et
670 2787 782 2856 quis
809 2801 910 2838 non
939 2783 1203 2838 horrebit?
1224 2781 1362 2836 Deus
1393 2792 1575 2836 cuncta
1605 2783 1776 2836 mina-

188 2879 365 2940 bitur;
394 2885 444 2930 et
461 2879 573 2949 quis
598 2893 702 2930 non
726 2875 1035 2930 terrebitur?
1061 2875 1104 2928 Α
1129 2876 1262 2946 facie
1281 2875 1392 2944 ejus
1419 2884 1594 2948 tremet
1617 2884 1773 2937 terra,

186 2980 240 3024 et
259 2970 595 3041 fundamenta
634 2969 796 3022 maris
810 2969 1188 3038 ﬂuctuanturin
1209 2966 1468 3038 profundo
1492 2965 1546 3040 (ι
1560 2965 1598 3020 γ
1615 2964 1772 3019 Esdr.

191 3079 310 3128 ιη,
339 3062 421 3116 54
431 3061 507 3132 2).

266 3155 356 3209 i6.
373 3152 620 3207 Ezechiel
645 3165 856 3221 quoque
877 3150 1137 3220 propheta
1158 3151 1420 3220 egregius,
1435 3157 1775 3220 quatuorque

191 3245 631 3314 evangelicorum
667 3241 974 3295 animalium
1015 3241 1286 3296 mirandus
1323 3241 1616 3310 inspector,
1647 3239 1776 3309 quid

191 3335 262 3391 de
283 3333 562 3390 sceleratis
581 3333 825 3397 edixerit,
851 3331 1138 3396 attendite;
1161 3331 1245 3385 cui
1266 3331 1496 3400 primum
1525 3330 1777 3385 Dominus

196 3423 579 3479 miserabiliter
623 3421 831 3490 plagam
881 3419 1041 3476 Israel
1087 3419 1303 3475 dellenti
1349 3421 1426 3473 ait
1467 3437 1479 3472 :
1522 3419 1779 3489 Iniquitas

196 3517 378 3570 domus
411 3512 580 3568 Israel
605 3521 654 3566 et
679 3511 820 3566 Iuda
845 3513 1060 3565 invaluit
1087 3512 1241 3565 nimis
1267 3553 1282 3579 ,
1319 3513 1439 3582 quia
1463 3513 1674 3581 impleta
1705 3520 1781 3564 est

198 3620 332 3662 terra
359 3607 634 3677 iniquitate
657 3614 705 3659 et
730 3605 1055 3658 immunditia
1083 3603 1294 3675 (Ezech.
1321 3619 1396 3667 Ix,
1421 3603 1496 3675 9).
1529 3602 1662 3656 Ecce
1685 3619 1779 3672 ego

197 3716 307 3753 sunt
357 3715 378 3751 :
425 3714 530 3752 non
586 3707 763 3767 parcet
811 3696 986 3749 oculus
1040 3711 1180 3748 meus
1213 3733 1228 3758 ,
1284 3710 1446 3765 neque
1505 3693 1781 3748 miserebor

201 3789 413 3857 (Exech.
441 3805 495 3851 ν,
518 3787 571 3851 8,
599 3786 708 3857 Η).
751 3785 819 3840 Ει
847 3785 979 3840 infra
1015 3804 1026 3838 :
1058 3783 1316 3848 Quoniam
1344 3795 1482 3839 terra
1509 3790 1661 3855 plena
1688 3803 1781 3856 po-

199 3882 356 3948 pulis,
384 3889 433 3934 et
461 3880 644 3932 civitas
671 3878 824 3948 plena
853 3877 1124 3948 iniquitate
1150 3887 1225 3930 est
1247 3891 1268 3932 :
1291 3887 1341 3930 et
1360 3887 1588 3931 avertam
1615 3879 1778 3947 impe-

202 3980 302 4021 tum
332 3968 537 4022 virtutis
561 3983 764 4034 eorum,
795 3978 842 4020 et
870 3966 1158 4037 polluentur
1185 3976 1366 4020 sancta
1396 3984 1590 4021 eorum.
1631 3967 1778 4022 Exo-

201 4059 332 4111 ratio
361 4059 554 4122 veniet,
582 4066 632 4110 et
659 4070 850 4128 qureret
874 4073 1078 4126 pacem,
1107 4065 1157 4110 et
1185 4073 1285 4110 non
1312 4059 1409 4110 erit
1445 4056 1654 4127 (Ezech.
1686 4075 1779 4127 Vl,

201 4147 402 4216 25-25).
444 4146 513 4200 Et
541 4157 664 4217 post
703 4149 971 4216 aliquanta
1004 4165 1016 4199 :
1049 4146 1243 4200 Factus
1274 4157 1368 4213 est,
1398 4148 1584 4218 inquit,
1615 4167 1780 4204 sermo

201 4233 410 4289 Domini
440 4236 511 4288 ad
537 4252 646 4300 me,
678 4237 854 4289 dicens
881 4252 898 4288 :
932 4234 1039 4288 Fili
1068 4236 1318 4302 hominis,
1352 4246 1490 4291 terra
1519 4256 1632 4310 quin
1659 4257 1782 4310 pec-

199 4337 384 4388 caverit
412 4334 540 4387 mihi
569 4341 625 4386 ut
663 4333 931 4404 delinquat
960 4332 1199 4385 delictum
1223 4372 1236 4394 ,
1269 4334 1543 4387 extendam
1573 4351 1782 4388 manum

201 4429 254 4480 in
278 4443 415 4492 eam,
447 4434 496 4480 et
526 4435 787 4480 conteram
813 4425 922 4495 ejus
952 4425 1333 4494 ﬁrmamentum
1359 4427 1530 4494 panis,
1560 4433 1606 4479 et
1634 4429 1783 4480 emit-
1817 4459 1859 4517 ο

202 4525 308 4569 tam
328 4518 381 4569 in
401 4533 516 4570 eam
537 4518 745 4587 famem,
769 4524 816 4568 et
839 4516 1016 4569 tollam
1036 4515 1100 4568 de
1131 4531 1192 4568 ea
1231 4516 1485 4568 hominem
1505 4525 1554 4568 et
1574 4533 1776 4585 pecora.

202 4606 274 4661 Et
298 4610 342 4662 si
373 4609 475 4661 sint
501 4617 607 4660 tres
634 4609 726 4660 viri
756 4607 839 4661 isti
869 4608 921 4660 in
959 4607 1125 4659 medio
1153 4607 1294 4676 ejus,
1326 4603 1471 4671 Noe,
1514 4605 1704 4660 Daniel
1731 4616 1779 4661 et

205 4697 326 4762 Job,
360 4715 462 4751 non
493 4695 778 4750 liberabant
799 4712 913 4749 eam
942 4713 960 4749 :
988 4696 1079 4749 sed
1106 4699 1203 4767 ipsi
1226 4698 1278 4749 in
1308 4715 1400 4751 sua
1423 4697 1628 4768 justitia
1654 4699 1782 4752 salvi

199 4799 374 4855 erunt,
403 4790 530 4842 dicit
559 4787 830 4842 Dominus.
858 4786 1008 4852 Quod
1037 4790 1082 4842 si
1111 4791 1264 4842 etiam
1293 4788 1477 4842 bestias
1506 4789 1671 4842 malas
1697 4791 1781 4842 in-

199 4883 388 4934 ducam
415 4897 570 4950 super
595 4891 784 4934 terram
813 4890 860 4934 et
887 4883 1096 4950 puniant
1127 4883 1294 4947 illam,
1327 4891 1374 4935 et
1403 4884 1497 4935 erit
1525 4884 1580 4935 in
1609 4890 1781 4935 exter-

199 4977 455 5038 minium;
485 4983 534 5027 et
565 4990 666 5028 non
698 4975 795 5028 erit
821 4975 906 5044 qui
937 4977 1034 5028 iter
1075 4976 1236 5045 faciat
1263 4991 1295 5026 a
1320 4976 1452 5045 facie
1480 4973 1779 5027 bestiarum.

202 5063 272 5118 Et
302 5074 402 5118 tres
430 5067 526 5119 viri
552 5067 636 5120 isti
664 5068 716 5120 in
744 5068 909 5120 medio
937 5067 1068 5136 ejus,
1099 5067 1206 5121 vivo
1234 5083 1328 5138 ego
1357 5067 1481 5119 dicit
1511 5065 1781 5128 Dominus,

197 5155 244 5207 si
282 5155 382 5222 ﬁlii
427 5165 476 5207 et
511 5156 640 5225 ﬁliae
681 5158 790 5228 ejus
841 5156 1214 5210 miserebantur
1243 5174 1260 5210 :
1291 5157 1382 5210 sed
1407 5157 1507 5227 ipsi
1531 5157 1628 5211 soli
1656 5157 1783 5234 salvi

194 5253 372 5308 erunt,
397 5255 534 5298 terra
559 5255 727 5299 autem
744 5247 841 5300 erit
863 5247 916 5300 in
935 5246 1196 5299 interitum
1220 5245 1432 5316 (Ezech.
1451 5261 1558 5309 xiv,
1578 5244 1777 5311 12-16).

197 5331 269 5386 Et
303 5335 495 5387 iterum
528 5352 541 5387 :
573 5332 621 5387 F
623 5335 743 5388 ilius
764 5351 867 5388 non
898 5337 1115 5405 accipiet
1143 5335 1449 5404 injustitiam
1474 5337 1655 5406 patris,
1687 5351 1780 5388 ne-

195 5439 300 5492 que
331 5434 477 5493 pater
502 5425 719 5495 accipiet
744 5426 1056 5496 injustitiam
1084 5427 1203 5495 ﬁlii.
1241 5425 1452 5480 Iustitia
1477 5427 1606 5496 justi
1631 5442 1784 5495 super

197 5515 370 5581 ipsum
395 5517 513 5569 erit.
543 5514 612 5569 Et
631 5517 833 5588 iniquus
859 5519 903 5571 si
927 5527 1122 5571 avertat
1154 5535 1209 5573 se
1237 5518 1300 5572 ab
1328 5518 1562 5572 omnibus
1592 5520 1784 5588 iniqui-

202 5605 396 5659 tatibus
426 5624 554 5676 quas
583 5609 722 5677 fecit,
751 5617 799 5662 et
820 5610 1074 5664 custodiat
1101 5613 1272 5666 omnia
1303 5611 1548 5665 mandata
1577 5627 1710 5675 mea,
1737 5621 1784 5664 et

202 5697 371 5769 [adat
384 5698 644 5769 justitiam
671 5707 720 5754 et
745 5701 1146 5757 misericordiam
1183 5705 1420 5769 multam,
1453 5701 1553 5756 vita
1582 5701 1708 5756 vivet
1735 5710 1783 5754 et

1862 444 2010 484 erunt
2032 447 2050 484 :
2073 432 2122 484 in
2157 447 2250 483 sua
2276 431 2482 500 justitia
2508 446 2659 499 quam
2696 431 2831 500 fecit,
2861 430 2962 481 vita
2999 430 3144 482 vivet.
3189 427 3436 500 Nunquid

1863 523 2121 574 voluntate
2142 522 2254 574 volo
2278 530 2493 574 mortem
2513 522 2721 591 injusti,
2758 520 2882 572 dicit
2907 519 3184 584 Dominus,
3215 538 3366 589 quam
3384 531 3441 576 ut

1865 623 2060 667 avertat
2095 630 2150 666 se
2186 630 2216 665 α
2251 614 2331 666 via
2361 612 2500 665 mala
2531 621 2580 666 et
2609 613 2776 665 vivat?
2810 628 2921 663 cum
2952 621 3122 664 autem
3150 628 3205 665 se
3227 629 3441 667 conver-

1865 705 1978 756 terit
2009 705 2178 774 justus
2209 722 2237 754 a
2255 703 2459 772 justitia
2493 719 2608 765 sua,
2634 711 2680 754 et
2710 702 2882 772 fecerit
2908 702 3223 772 iniquitatem
3257 719 3440 756 secun-

1867 795 1982 845 dum
2007 810 2177 846 omnes
2200 794 2491 863 iniquitates
2513 809 2638 862 quas
2660 793 2778 862 fecit
2798 793 3021 862 iniquus,
3037 809 3211 846 omnes
3225 793 3443 863 justitite

1866 898 1992 952 quas
2031 885 2168 952 fecit,
2205 898 2305 935 non
2348 892 2495 934 erunt
2529 883 2580 934 in
2610 883 2877 934 memoria.
2922 880 2985 933 In
3013 882 3199 936 delicto
3226 899 3317 936 suo
3345 900 3443 953 quo

1865 973 2089 1040 excidit,
2121 982 2168 1026 et
2206 975 2260 1026 in
2301 975 2520 1043 peccatis
2563 975 2667 1026 suis
2709 973 2885 1045 quibus
2923 975 3165 1043 peccavit,
3199 977 3446 1030 morietur

1869 1058 2079 1130 (Ezech.
2114 1077 2274 1127 xvtn,
2307 1060 2509 1128 190-24).
2555 1060 2620 1113 Et
2662 1070 2781 1130 post
2819 1061 3090 1128 aliquanta
3128 1080 3140 1114 :
3175 1061 3242 1116 Et
3279 1067 3445 1117 scient

1867 1167 2039 1204 onmes
2079 1165 2268 1219 gemes,
2303 1153 2422 1221 quia
2462 1161 2669 1220 propter
2707 1160 2913 1220 peccata
2952 1168 3045 1204 sua
3083 1153 3270 1222 captivi
3307 1154 3444 1208 ducti

1865 1253 1984 1296 sunt
2013 1244 2192 1296 domus
2230 1242 2412 1308 Israel,
2439 1260 2496 1296 eo
2522 1243 2656 1313 quod
2697 1243 3004 1312 reliquerunt
3037 1261 3134 1297 me.
3179 1243 3248 1298 Et
3287 1247 3445 1298 averti

1869 1339 2057 1407 faciant
2079 1354 2242 1390 meam
2265 1337 2326 1389 ab
2349 1340 2439 1398 eis,
2457 1348 2503 1390 et
2525 1337 2718 1390 tradidi
2738 1355 2823 1390 eos
2847 1338 2898 1390 in
2922 1355 3102 1391 manus
3125 1339 3443 1393 inimicorum

1867 1426 2000 1496 ejus,
2025 1436 2073 1479 et
2103 1444 2278 1480 omnes
2303 1427 2476 1497 gladio
2508 1427 2816 1479 ceciderunt.
2846 1427 3138 1481 Secundum
3165 1429 3445 1482 immundi-

1871 1519 1970 1570 tias
1992 1534 2113 1570 suas
2135 1526 2182 1570 et
2203 1518 2478 1571 secundum
2502 1519 2795 1588 iniquitates
2817 1535 2937 1571 suos
2959 1521 3056 1588 feci
3078 1519 3202 1583 illis,
3221 1529 3265 1573 et
3289 1522 3445 1573 averti
3513 1567 3519 1572 .

1871 1610 2052 1679 faciem
2075 1625 2238 1662 meam
2260 1610 2322 1662 ab
2344 1611 2417 1663 eis
2454 1609 2664 1678 (Ezech.
2697 1626 2877 1674 XXXIX,
2903 1609 2991 1674 25,
3012 1609 3124 1678 24).

1943 1701 2027 1754 i7.
2063 1701 2186 1755 Hmc
2215 1702 2281 1756 de
2316 1711 2622 1756 sanctorum
2654 1702 3033 1773 prophetarum
3067 1702 3224 1756 minis
3249 1700 3447 1756 dixisse

1871 1793 2093 1847 sufﬁciat
2127 1812 2138 1846 :
2164 1809 2334 1863 pauca
2357 1802 2558 1847 tantum
2589 1793 2656 1846 de
2684 1793 2955 1863 Sapientia
2983 1793 3302 1858 Salomonis,
3329 1809 3448 1863 quae

1873 1885 2296 1938 adhortationem
2340 1884 2424 1936 vel
2463 1883 2922 1937 denuntiationem
2965 1884 3268 1953 exprimant
3304 1884 3446 1950 regi-

1873 1976 1992 2043 bus,
2022 1991 2128 2029 non
2157 1976 2330 2029 minus
2359 1990 2517 2043 quam
2548 1975 2739 2040 minas,
2768 1975 2891 2029 huic
2920 1976 3178 2045 opusculo
3209 1975 3446 2030 inserere

1873 2067 2233 2120 necessarium
2264 2066 2425 2129 duxi,
2457 2079 2525 2119 ne
2551 2064 2731 2119 dicant
2767 2080 2853 2118 me
2895 2065 3074 2132 gravia
3103 2072 3159 2120 et
3188 2065 3445 2136 importa-

1874 2155 1998 2209 bilia
2050 2157 2102 2209 in
2151 2155 2401 2209 humeros
2449 2154 2728 2208 hominum
2776 2155 3060 2208 verborum
3103 2169 3266 2208 onera
3313 2156 3449 2208 velle

1874 2247 2152 2314 imponere
2178 2285 2192 2308 ,
2225 2245 2388 2313 digito
2417 2253 2594 2298 autem
2621 2260 2742 2298 meo
2771 2260 2830 2298 ea
2857 2286 2872 2312 ,
2901 2245 2952 2298 id
2979 2255 3060 2300 est
3085 2245 3449 2302 consolatorie

1874 2336 2056 2400 affatu,
2086 2337 2227 2390 nolle
2260 2351 2476 2390 movere
2506 2334 2716 2402 (Matth.
2749 2351 2900 2402 χχιιι,
2930 2335 3004 2402 tl).
3039 2335 3327 2394 Audiamus
3348 2338 3450 2392 ita-

1874 2446 1979 2499 que
2023 2427 2148 2496 quid
2179 2429 2436 2495 propheta
2466 2426 2598 2480 dixit
2629 2444 2642 2479 :
2679 2425 2916 2498 Diligite,
2950 2427 3150 2495 inquit,
3187 2429 3448 2499 justitiam

1875 2518 1960 2588 qui
1984 2516 2233 2587 judicatis
2264 2525 2452 2568 terram
2495 2514 2648 2585 (Sap.
2673 2531 2708 2580 ι,
2739 2515 2811 2584 1).
2863 2514 2975 2570 lloc
3014 2531 3174 2569 unum
3206 2519 3450 2572 testimo-

1877 2613 2041 2674 nium,
2074 2611 2117 2664 si
2149 2619 2262 2663 toto
2300 2609 2460 2664 corde
2489 2617 2810 2674 servaretur,
2841 2609 3050 2666 abunde
3080 2611 3148 2666 ad
3174 2612 3449 2684 corrigen-

1875 2702 1972 2757 dos
1999 2702 2185 2771 patrize
2213 2702 2374 2756 duces
2402 2699 2689 2757 sufﬁceret.
2717 2701 2849 2758 Nam
2881 2703 2925 2758 si
2959 2703 3269 2761 dilexissem
3292 2705 3451 2774 justi-

1877 2795 2004 2848 tiam
2037 2835 2052 2860 ,
2113 2793 2400 2862 diligerent
2459 2795 2644 2863 utique
2699 2793 2901 2850 fontem
2953 2796 3346 2864 quodammodo
3400 2807 3455 2851 et

1877 2887 2134 2956 Originem
2165 2889 2329 2942 totius
2362 2885 2580 2956 iustitiae
2605 2925 2620 2950 ,
2652 2887 2837 2942 Deum.
2891 2887 3089 2942 Servite
3137 2888 3359 2943 Domino
3395 2894 3451 2944 in

1879 2979 2122 3044 bonitate,
2153 2987 2203 3032 et
2227 2981 2281 3032 in
2309 2979 2636 3048 simplicitate
2666 2979 2837 3032 cordis
2862 2980 3072 3048 quaerite
3100 2995 3215 3032 eum
3239 2978 3449 3050 (Ibid).

1803 3075 1847 3137 C
1880 3070 2030 3126 Heu!
2085 3070 2204 3140 quis
2251 3070 2485 3127 victurus
2528 3078 2628 3134 est,
2679 3078 2737 3124 ut
2775 3070 2990 3138 quidam
3039 3079 3164 3125 ante
3207 3087 3306 3126 nos
3354 3072 3447 3137 ait,

1881 3160 2096 3229 quando
2124 3161 2224 3214 ista
2254 3175 2283 3213 a
2313 3159 2518 3214 civibus
2547 3159 2910 3228 perﬁciantur,
2943 3160 2988 3215 si
3018 3167 3195 3215 tamen
3227 3175 3451 3228 usquam

1880 3251 2062 3322 perlici
2106 3251 2368 3320 possunt?
2425 3246 2680 3313 Quoniam
2717 3251 2974 3302 invenitur
3015 3249 3078 3302 ab
3105 3251 3184 3303 his
3221 3251 3306 3321 qui
3349 3267 3452 3304 non

1883 3352 2080 3396 tentant
2107 3342 2252 3395 illum
2283 3358 2302 3395 :
2330 3351 2542 3410 apparet
2569 3351 2738 3394 autem
2779 3343 2850 3394 e's
2891 3341 2975 3411 qui
3006 3341 3162 3410 ﬁdem
3188 3339 3372 3394 habent
3399 3342 3452 3394 in

1880 3448 1994 3484 eum
2024 3429 2206 3501 (Ibid.,
2229 3430 2306 3498 2).
2339 3431 2470 3483 Nam
2502 3430 2587 3483 isti
2618 3429 2732 3483 sine
2762 3439 3006 3498 respectu
3026 3437 3234 3484 tentant
3261 3429 3448 3492 Deum,

1881 3521 2037 3590 cujus
2066 3527 2328 3589 prmoepta
2372 3517 2674 3573 contumaci
2703 3517 3048 3585 despcctione
3076 3525 3447 3583 contemnunt,

1884 3626 1984 3665 nec
2014 3607 2171 3664 ﬁdem
2201 3615 2415 3664 servant
2444 3606 2540 3674 illi,
2571 3605 2722 3674 cujus
2749 3606 2979 3659 oraculis
3004 3605 3210 3660 blandis
3237 3606 3320 3660 vel
3349 3606 3451 3660 ali-

1881 3700 2195 3770 quantulum
2239 3698 2441 3754 severis
2487 3697 2700 3752 dorsum
2751 3705 2965 3750 versant
2991 3705 3047 3750 et
3077 3712 3183 3750 non
3239 3696 3448 3751 (aciem.

1881 3790 2144 3844 Perversa:
2167 3790 2302 3843 enim
2323 3789 2657 3859 cogitationes
2691 3796 2934 3857 separant
2968 3803 3000 3839 a
3033 3785 3139 3840 Deo
3165 3785 3350 3857 (Ibid.,
3370 3786 3446 3855 '5).

1882 3879 1950 3934 Et
1975 3880 2077 3934 hoc
2107 3880 2160 3933 in
2190 3879 2429 3950 tyrannis
2458 3878 2627 3932 nostri
2660 3877 2915 3946 temporis
2947 3877 3231 3947 perspicue
3255 3877 3450 3947 depre-

1881 3969 2151 4024 henditur.
2168 3968 2272 4023 Sed
2291 3967 2416 4036 quid
2434 3977 2613 4022 nostra
2634 3967 2973 4020 mediocritas
2993 3967 3115 4022 huic
3139 3975 3243 4021 tam
3267 3977 3453 4037 aperto

1881 4061 2062 4116 sensui
2113 4060 2402 4115 miscetur?
2453 4059 2728 4130 Loquatur
2770 4074 3000 4128 namque
3052 4075 3149 4129 pro
3191 4059 3361 4123 nobis,
3396 4068 3456 4112 ut

1882 4151 2113 4207 diximus
2136 4193 2152 4218 ,
2195 4152 2285 4220 qui
2314 4151 2459 4205 solus
2500 4165 2659 4205 verax
2690 4159 2773 4204 est
2798 4192 2812 4216 ,
2841 4150 3072 4219 Spiritus
3098 4150 3308 4204 scilicet
3333 4165 3457 4203 san-

1883 4250 2003 4296 ctus
2027 4281 2042 4305 ,
2091 4241 2157 4296 de
2193 4255 2301 4309 quo
2341 4257 2484 4295 nunc
2528 4240 2724 4294 dicitur
2757 4258 2768 4292 :
2804 4240 3030 4308 Spiritus
3055 4250 3223 4292 autem
3247 4253 3458 4293 sinicius

1882 4331 2172 4400 disciplina:
2199 4331 2406 4401 eﬁ'ugiet
2433 4331 2609 4399 ﬁctum
2642 4327 2828 4398 (Ibid.,
2853 4326 2927 4399 5).
2959 4327 3027 4380 Et
3056 4328 3244 4382 iterum
3273 4345 3285 4379 :
3313 4325 3455 4390 Quo-

1885 4424 2025 4476 niam
2051 4422 2276 4490 Spiritus
2309 4421 2399 4474 Dei
2424 4420 2632 4487 replevit
2657 4418 2827 4472 orbem
2858 4427 3113 4471 terrarum
3160 4417 3346 4486 (Ibid.,
3379 4418 3454 4483 ἵ).

1887 4511 1953 4566 Ει
1980 4511 2112 4566 infra
2137 4550 2151 4572 .
2194 4509 2352 4565 ﬁnem
2381 4510 2639 4563 malorum
2679 4511 3048 4576 bonorumque
3075 4509 3290 4562 oculato
3313 4508 3459 4576 judi-

1887 4601 1973 4656 cio
2003 4599 2339 4671 prattendens
2363 4639 2378 4664 ,
2407 4599 2483 4653 ait
2511 4616 2523 4650 :
2557 4596 2823 4661 Quomodo
2851 4613 2966 4668 spes
3024 4600 3167 4668 impii
3215 4607 3460 4670 tanquam

1887 4696 2078 4768 lanugo
2107 4706 2181 4750 est
2209 4712 2320 4767 qum
2346 4713 2377 4748 a
2406 4705 2552 4749 vento
2578 4694 2792 4753 tollitur,
2825 4703 2874 4746 et
2899 4702 3143 4765 tanquam
3177 4695 3346 4764 fumus
3374 4694 3461 4761 qui

1888 4809 1920 4844 a
1942 4801 2087 4844 vento
2117 4790 2332 4858 diffusus
2367 4799 2464 4856 est,
2495 4798 2542 4842 et
2571 4796 2817 4858 tanquam
2847 4802 3028 4855 spuma
3057 4787 3266 4856 gracilis
3289 4801 3400 4854 qua:
3428 4801 3463 4835 ιι

1890 4883 2114 4952 procella
2163 4882 2514 4951 dispergitur,
2565 4888 2612 4932 et
2662 4889 2904 4947 tanquam
2949 4878 3196 4930 memoria
3247 4876 3460 4944 hospitis

1885 4977 2037 5029 unius
2065 4975 2168 5028 diei
2199 4974 2568 5044 prceterenntis.
2619 4970 2756 5024 Iusti
2781 4979 2949 5022 autem
2979 4971 3031 5022 in
3062 4977 3354 5038 perpetuum
3384 4968 3459 5017 vi-

1885 5074 2000 5119 vent
2028 5083 2044 5118 :
2073 5074 2122 5118 et
2147 5064 2282 5133 apud
2312 5063 2474 5116 Deum
2503 5071 2579 5114 est
2608 5078 2800 5114 merces
2845 5059 3050 5112 illorum
3072 5098 3085 5119 ,
3131 5067 3180 5110 et
3219 5057 3460 5125 cogitatio

1885 5172 2059 5209 eorum
2085 5155 2221 5225 apud
2250 5154 2587 5206 Altissimum.
2637 5150 2762 5204 Ideo
2793 5149 3040 5216 accipient
3071 5162 3281 5216 regnum
3309 5145 3463 5198 decos

1884 5249 1997 5313 ris,
2042 5258 2091 5300 et
2128 5246 2368 5299 diadema
2407 5245 2590 5312 speciei
2631 5243 2694 5294 de
2732 5257 2885 5294 manu
2932 5239 3156 5292 Domini.
3207 5233 3464 5300 Quoniam

1889 5337 2100 5390 dextera
2129 5353 2222 5388 sua
2253 5342 2475 5402 proteget
2505 5349 2608 5394 eos,
2649 5340 2699 5383 et
2727 5329 2936 5382 brachio
2965 5336 3142 5380 sancto
3167 5343 3259 5382 suo
3288 5327 3464 5396 defen-

1890 5427 1974 5480 det
2003 5426 2118 5479 illos
2147 5425 2302 5493 (Sap.
2333 5439 2380 5486 v,
2410 5420 2494 5485 15,
2523 5421 2632 5487 i7).
2687 5418 2974 5472 Dissimiles
3020 5417 3162 5471 enim
3207 5417 3465 5486 qualitate

1889 5525 2012 5570 sunt
2039 5515 2190 5568 valde
2223 5512 2351 5581 justi
2400 5519 2452 5565 et
2500 5509 2645 5579 impii
2677 5526 2690 5560 :
2728 5507 3012 5570 nimirum,
3042 5515 3098 5561 ut
3128 5504 3263 5560 dixit
3295 5505 3465 5558 Domi-

1890 5622 1990 5662 nus
2025 5625 2037 5659 :
2077 5605 2182 5660 Eos
2214 5606 2298 5671 qui
2331 5606 2616 5665 honorant,
2656 5598 2933 5668 inquiens,
2965 5616 3064 5662 me,
3093 5597 3386 5659 honorabo;
3418 5604 3466 5646 et

1889 5698 1974 5769 qui
2006 5713 2084 5753 me
2110 5707 2381 5770 spernunt,
2427 5704 2574 5750 erunt
2615 5689 2866 5763 ignobiles
2897 5688 2946 5756 (I
2979 5689 3102 5763 Reg.
3131 5707 3186 5760 ιι,
3209 5690 3320 5761 50).
3363 5685 3470 5744 Sed
