3954 6178
551 209 670 262 aer

1448 203 1676 260 GlLD/E
1717 203 2062 258 SAPlENTlS
2100 204 2188 258 DE
2228 203 2496 260 EXCIDIO
2536 203 2923 258 BRITANleE

3709 198 3810 254 368

574 332 906 375 transeamus
936 315 1000 370 ad
1029 324 1241 370 caetera.
1273 313 1478 381 Audite,
1507 313 1698 382 inquit,
1725 331 1900 367 omnes
1926 330 2068 384 reges
2097 323 2145 368 et
2177 320 2226 379 Α
2249 332 2356 370 non
2378 316 2633 370 habemus
2654 315 2706 369 in
2736 315 2889 368 nobis
2911 311 3037 368 illud
3067 310 3436 382 apostolicum,
3459 319 3518 363 ut
3535 308 3772 364 dicamus
3797 327 3811 364 :

570 412 874 481 iutelligite;
906 408 1086 460 discite
1108 405 1308 474 judices
1331 404 1514 473 finium
1543 412 1694 457 terra:
1717 420 1732 457 :
1759 404 1978 473 prazbete
1997 420 2147 458 aures

574 519 661 555 ros
700 501 784 570 qui
832 497 1102 550 continetis
1142 494 1555 562 multitudinem,
1585 502 1634 548 et
1661 496 1874 563 placetis
1916 494 2056 548 vobis
2093 495 2147 548 in

574 592 732 644 turbis
760 591 1044 643 nationum.
1081 584 1334 649 Quoniam
1363 586 1488 638 data
1517 594 1590 639 est
1617 602 1646 638 a
1677 584 1784 639 Deo
1813 594 2037 655 potestas
2065 603 2148 639 vo-

573 685 650 737 bis
671 691 717 734 et
745 681 904 734 virtus
928 676 990 730 ab
1013 677 1295 738 Altissimo,
1320 677 1402 745 qui
1423 673 1754 744 interrogabit
1785 691 1941 744 opera
1962 685 2146 737 vestra,

572 781 619 826 et
633 770 967 841 cogitationes
982 765 1311 818 scrutabitur.
1329 760 1582 825 Quoniam
1597 779 1711 814 cum
1732 765 1907 816 essetis
1929 763 2152 816 ministri

578 861 722 931 regni
752 859 918 920 illius,
951 872 1050 908 non
1083 863 1216 907 recte
1231 853 1508 922 judicastis
1531 892 1546 916 ,
1579 867 1737 922 neque
1765 851 2059 905 custodistis
2086 851 2153 902 le-

578 967 693 1021 gem
710 949 933 1020 justitia:
952 986 966 1008 ,
998 960 1157 1015 neque
1185 941 1464 996 secundum
1491 940 1800 994 voluntatem
1834 941 1946 1010 ejus
1975 937 2152 991 ambu-

577 1043 745 1093 lastis.
780 1035 1054 1092 Horrende
1079 1041 1126 1086 et
1156 1033 1386 1086 celeriter
1415 1029 1680 1101 apparebit
1709 1031 1878 1093 vobis;
1909 1030 2153 1100 quoniam

573 1130 825 1199 judicium
882 1116 1212 1179 durissimum
1255 1123 1335 1175 his
1375 1123 1460 1192 qui
1521 1131 1748 1191 prwsunt
1789 1122 1896 1190 fiet.
1950 1119 2153 1190 Exiguo

576 1221 711 1272 enim
731 1217 1025 1271 conceditur
1046 1213 1401 1267 misericordia
1425 1228 1441 1264 :
1469 1221 1696 1280 potentes
1726 1221 1892 1264 autem
1922 1220 2156 1281 potenter

579 1318 830 1364 tormenta
857 1308 1134 1377 patientur.
1180 1302 1305 1356 Non
1340 1305 1475 1356 enim
1504 1319 1750 1372 personas
1779 1301 2042 1356 subtrahet
2069 1303 2154 1371 qui

578 1410 653 1453 est
681 1398 907 1452 omnium
930 1395 1254 1456 dominator;
1285 1409 1374 1446 nec
1407 1394 1711 1446 reverebitur
1751 1391 2156 1462 magnitudinem

585 1491 904 1559 cujusquam,
930 1486 1170 1557 quoniam
1192 1483 1432 1552 pusillum
1462 1491 1508 1535 et
1533 1498 1778 1550 magnum
1804 1483 1913 1552 ipse
1941 1483 2078 1552 fecit,
2108 1489 2158 1535 et

579 1580 845 1649 azquaiiter
871 1593 996 1630 cura
1019 1583 1094 1629 est
1123 1575 1198 1629 illi
1227 1592 1320 1645 pro
1349 1573 1605 1628 omnibus.
1635 1572 1958 1628 Fortioribus
1988 1582 2156 1626 autem

2251 407 2504 477 Optabam
2533 409 2668 460 enim
2707 406 2985 459 anathema
3020 420 3130 457 esse
3156 420 3189 456 a
3220 401 3422 456 Christo
3449 417 3542 471 pro
3573 400 3818 471 fratribus

2248 500 2372 552 meis
2422 497 2597 568 (Rom.
2623 512 2696 562 ιι,
2722 494 2824 566 5);
2878 503 3057 549 tamen
3106 493 3234 546 illud
3286 491 3657 561 prepbeticum
3703 498 3818 546 toto

2249 589 2411 643 corde
2440 589 2706 657 possimus
2734 587 2914 640 dicere
2946 603 2958 638 :
2992 585 3139 638 Heu!
3182 585 3300 654 quia
3342 585 3518 636 anima
3555 584 3708 652 perit.
3757 582 3821 635 Et

2251 680 2444 734 iterum
2477 697 2491 732 ε
2523 678 2824 732 Scrutemur
2851 679 2960 731 vias
2987 688 3218 738 nostras,
3251 686 3298 729 et
3325 692 3641 746 quan-anius,
3669 683 3714 729 et
3741 694 3823 730 re-

2250 781 2507 826 vertantur
2527 771 2595 823 ad
2619 770 2888 824 Dominum
2913 769 3126 841 (Thren.
3149 785 3222 833 tu,
3247 767 3334 834 40,
3359 766 3472 838 41).
3497 767 3602 823 Sed
3624 777 3676 823 et
3696 767 3822 821 illud

2254 862 2494 932 Apostoli
2516 881 2526 913 :
2553 861 2794 932 Cupimus
2814 877 3218 932 unumquemque
3237 867 3456 913 vestrum
3476 861 3530 912 in
3550 859 3826 912 uisceribus

2253 951 2444 1005 Christi
2471 967 2580 1004 esse
2629 950 2846 1022 (Philip.
2874 966 2910 1012 ι,
2937 949 3016 1020 8).
3065 949 3195 1003 Cum
3223 951 3367 1003 enim
3397 949 3624 1003 libenter
3646 949 3750 1003 hoc
3775 949 3827 1002 in

2254 1039 2372 1095 loco
2398 1079 2412 1103 ,
2459 1055 2523 1094 ac
2570 1041 2616 1094 si
2645 1039 2865 1094 marinis
2894 1040 3137 1094 [luctibus
3175 1039 3409 1108 jactatus
3433 1081 3449 1107 ,
3479 1048 3535 1094 et
3561 1041 3615 1093 in
3643 1049 3829 1109 optato

2254 1138 2474 1184 evectus
2501 1137 2660 1198 portu
2687 1129 2850 1184 remis
2902 1129 2969 1202 (si
2997 1144 3104 1183 non
3134 1137 3310 1184 tantos
3340 1129 3580 1198 talesque
3608 1130 3830 1183 malitia:

2256 1219 2630 1288 epiSCOporum
2657 1218 2743 1272 vel
2772 1227 3085 1273 ceterorum
3112 1218 3468 1284 sacerdotum,
3493 1227 3585 1273 aut
3610 1220 3834 1274 clerico-

2255 1323 2375 1361 rum
2405 1308 2458 1361 in
2489 1315 2673 1362 nostro
2703 1322 2917 1377 quoque
2963 1307 3151 1362 ordine
3195 1308 3329 1376 erigi
3376 1309 3631 1364 adversus
3659 1309 3832 1363 Deum

2258 1398 2506 1452 vidissem
2529 1406 2758 1462 montes,
2778 1412 2912 1465 quos
2935 1412 3020 1452 me
3039 1398 3333 1452 secundum
3353 1399 3521 1468 legem
3544 1415 3642 1454 ceu
3665 1406 3837 1454 testes

2258 1489 2488 1557 primum
2518 1488 2663 1542 (luris
2689 1488 2973 1542 verborum
3003 1488 3249 1543 cantibus
3271 1529 3286 1555 ,
3327 1489 3447 1544 dein
3478 1491 3760 1560 populum,
3792 1493 3838 1547 si

2261 1587 2439 1633 tamen
2455 1579 2819 1632 sanctionibus
2841 1578 3080 1647 inhteret,
3097 1596 3204 1634 non
3225 1590 3284 1635 ut
3299 1582 3648 1651 corporaliter
3673 1585 3842 1638 inter-

581 1669 764 1740 fortior
779 1668 936 1720 instat
963 1664 1226 1718 cruciatio.
1255 1665 1334 1716 Ad
1355 1681 1438 1718 vos
1465 1681 1603 1735 ergo,
1634 1680 1799 1735 reges,
1818 1663 1867 1716 hi
1899 1671 2016 1716 sunt
2038 1679 2146 1716 ser-
2181 1679 2230 1738 Β
2257 1669 2522 1732 ticiantur,
2540 1667 2634 1722 sed
2661 1669 2857 1722 mortui
2880 1669 3021 1724 vitiis
3044 1669 3224 1723 vivant
3239 1668 3367 1734 Deo,
3385 1685 3453 1725 ne
3479 1685 3838 1740 personarum

581 1775 755 1813 mones
787 1759 922 1822 mei,
953 1765 1007 1809 ut
1038 1756 1250 1810 discatis
1286 1757 1593 1826 sapientiam
1617 1797 1631 1821 ,
1664 1765 1714 1809 et
1753 1773 1856 1809 non
1884 1755 2153 1809 decidatis.

582 1850 682 1912 Qui
709 1848 843 1901 enim
873 1844 1384 1914 custodierintjusta,
1399 1844 1858 1914 justiﬁcabuntur;
1893 1853 1942 1898 et
1968 1845 2054 1916 qui
2085 1844 2160 1898 di-

511 1985 522 1996 .
585 1939 804 1993 dicerint
833 1946 1036 2006 sancta,
1064 1935 1524 2005 sanctiﬁcabuntur
1562 1936 1713 2007 (Sap.
1745 1952 1824 2003 γι,
1856 1936 2024 2006 2-H).

656 2029 742 2084 l8.
788 2027 1060 2082 Hactenus
1088 2043 1209 2081 eum
1246 2027 1462 2096 regibus
1492 2029 1676 2098 patria:
1704 2044 1811 2083 non
1840 2029 2016 2084 minus
2043 2043 2165 2098 pro-

583 2123 867 2193 phetarum
897 2120 1127 2175 oraculis
1156 2135 1315 2190 quam
1364 2121 1562 2175 nostris
1607 2121 1944 2176 sermonibus
1995 2121 2164 2176 disce-

582 2210 879 2281 ptavimus,
910 2209 1148 2264 volentes
1175 2224 1269 2262 eos
1297 2208 1435 2263 scire
1471 2224 1588 2278 qua:
1616 2211 1876 2280 propheta
1905 2209 2114 2263 dixerat
2145 2226 2159 2262 :

584 2301 765 2366 Quasi,
791 2300 1055 2370 inquiens,
1080 2317 1110 2352 a
1137 2301 1270 2371 facie
1289 2298 1481 2353 colubri
1506 2302 1624 2370 fuge
1643 2310 1872 2370 peccata.
1901 2299 1961 2355 Si
1987 2315 2161 2353 acces-

581 2397 710 2449 seris
741 2394 808 2447 ad
835 2394 927 2447 illa
945 2433 959 2459 ,
988 2393 1266 2461 suscipient
1290 2400 1338 2446 te
1363 2393 1540 2446 dentes
1569 2392 1730 2446 leonis
1753 2408 1770 2445 :
1793 2391 1966 2445 dentes
1987 2407 2161 2445 eorum

585 2484 950 2553 interﬁcientes
995 2483 1198 2536 animas
1239 2483 1499 2536 hominum
1541 2482 1727 2552 (Eccli.
1758 2498 1870 2546 1x1,
1901 2481 1954 2546 2,
1987 2481 2064 2551 '5).
2096 2480 2162 2535 Et

587 2577 776 2629 iterum
811 2593 822 2627 :
855 2572 1022 2637 Quam
1050 2590 1239 2644 magna
1269 2575 1628 2629 misericordia
1657 2574 1886 2638 Domini,
1919 2583 1969 2627 et
1992 2575 2161 2644 propi-

585 2667 727 2718 tiatio
755 2665 864 2734 ejus
894 2661 1295 2718 convertentibus
1325 2663 1393 2716 ad
1417 2679 1472 2717 se
1503 2662 1692 2734 (Eceli.
1715 2679 1840 2727 xvu,
1866 2663 1984 2733 Ωδμ
2020 2663 2085 2716 Ει
2113 2663 2158 2718 si

2257 1773 2450 1828 arguar
2469 1759 2819 1828 exceptionis,
2835 1761 2962 1814 totis
2985 1775 3206 1816 necesse
3226 1767 3308 1816 est
3328 1761 3530 1817 viribus
3548 1762 3840 1833 lapidare),

2256 1849 2576 1905 verecundia
2643 1851 3031 1906 interveniente
3101 1853 3454 1922 quiescerem.
3525 1853 3629 1909 Sed
3705 1855 3842 1909 mihi

2260 1956 2443 2012 quaeso
2467 1981 2482 2005 ,
2531 1949 2590 1995 ut
2610 1941 2722 2010 jam
2751 1942 2802 1998 in
2832 1943 3194 2012 superioribus
3221 1944 3330 1998 dixi
3356 1985 3372 2012 ,
3416 1946 3485 2000 ab
3512 1946 3594 2000 his
3621 1946 3842 2000 veniam

2264 2031 2548 2100 impertiri,
2578 2046 2806 2102 quorum
2834 2033 2999 2088 vitam
3042 2049 3150 2088 non
3201 2034 3374 2088 solum
3421 2034 3604 2102 laudo,
3645 2050 3845 2088 verum

2263 2123 2424 2177 etiam
2451 2123 2656 2179 cunctis
2685 2125 2869 2179 mundi
2905 2125 3094 2194 opibus
3123 2123 3348 2196 praefero
3371 2166 3387 2192 ,
3436 2125 3695 2194 cujusque
3735 2141 3842 2189 nte,

2263 2211 2309 2267 si
2340 2212 2449 2267 ﬁeri
2490 2214 2698 2283 possit,
2746 2224 2870 2270 ante
2895 2225 3121 2270 mortem
3153 2231 3270 2272 esse
3296 2216 3600 2285 aliquandiu
3628 2217 3848 2286 partici-

2263 2319 2384 2373 pem
2416 2312 2544 2373 opto
2570 2312 2625 2358 et
2653 2305 2777 2360 sitio
2801 2346 2816 2368 ,
2848 2307 3048 2360 nostris
3089 2305 3199 2375 jam
3246 2323 3388 2362 nunc
3416 2307 3702 2362 obvallatis
3731 2323 3848 2362 san—

2263 2406 2473 2450 ctorum
2502 2395 2710 2452 duobus
2733 2397 2930 2468 clypeis
2956 2397 3213 2453 lateribus
3236 2398 3450 2453 invictis
3475 2397 3635 2452 dorso
3659 2397 3858 2452 adver-

2264 2483 2440 2540 sit’atis
2485 2487 2682 2541 moenia
2706 2527 2720 2551 ,
2753 2472 2986 2543 stabilit'o
3013 2488 3189 2558 capite
3211 2527 3225 2553 ,
3257 2503 3354 2558 pro
3382 2487 3533 2556 galea
3566 2487 3846 2556 adjutorio

2261 2575 2476 2630 Domini
2507 2575 2758 2631 ﬁdissime
2785 2586 3036 2633 contecto
3059 2619 3074 2644 ,
3117 2578 3306 2634 crebro
3351 2579 3623 2634 veracium
3651 2578 3846 2634 volatu

2267 2666 2354 2718 vel
2382 2665 2571 2720 alitent
2598 2667 2963 2722 conviciorum
2992 2676 3195 2722 cautes.

595 2827 3766 2857 Μ

1834 2969 2122 3044 PARS
2176 2973 2623 3049 TERTIA.

1161 3144 1575 3248 G—ILDAE
1655 3137 2430 3248 INCBEPATIO
2486 3148 2618 3251 IN
2693 3149 3259 3256 CLERUM.

657 3416 836 3471 Cum
875 3427 1090 3468 pntuuu.
1122 3410 1414 3479 Increpatio
1442 3413 1493 3465 in
1523 3411 1808 3466 clerum.—
1835 3413 2161 3470 Sacerdotes
2187 3418 2232 3478 C
2265 3417 2462 3480 dicam,
2496 3419 2621 3473 licet
2647 3420 2823 3488 inepta
2855 3434 2963 3473 non
2991 3427 3099 3472 tam
3127 3417 3254 3472 mihi
3284 3432 3445 3486 quam
3475 3417 3599 3472 talia
3631 3420 3850 3487 agenti-

593 3505 757 3560 habet
783 3502 1084 3565 Britannia,
1115 3499 1208 3555 sed
1239 3498 1582 3568 insipientes;
1613 3502 2033 3570 quamplurimos
2061 3505 2165 3558 mi-

589 3597 810 3658 nistros,
842 3592 938 3649 sed
968 3590 1359 3660 imprudentes;
1387 3589 1636 3652 clericos,
1660 3589 1754 3644 sed
1780 3600 2024 3660 raptores
2043 3593 2170 3648 sub-

589 3689 780 3752 dolos;
810 3694 1074 3755 pastores,
1103 3692 1160 3735 ut
1180 3681 1448 3745 dicuntur,
1470 3680 1565 3735 sed
1593 3682 1850 3736 occisioni
1871 3684 2168 3740 animarum

591 3781 746 3852 lopos
774 3785 1019 3848 paratos;
1049 3773 1246 3841 quippe
1268 3787 1374 3825 non
1403 3771 1682 3826 commoda
1712 3771 1852 3842 plebi
1882 3775 2165 3844 providen-

591 3881 710 3933 tes,
757 3865 854 3920 sed
901 3862 1101 3933 proprii
1140 3858 1528 3929 plenitudinem
1575 3861 1775 3915 ventris
1819 3871 2163 3931 quaerentes:

595 3957 835 4015 ecclesia:
859 3946 1050 4009 domus
1077 3952 1338 4005 habentes
1357 3991 1373 4017 ,
1403 3950 1495 4004 sed
1525 3950 1694 4020 turpis
1724 3951 1854 4006 lucri
1879 3953 2048 4021 gratia
2076 3969 2170 4010 eas

595 4051 883 4112 adeuntes;
921 4043 1150 4114 populos
1188 4041 1474 4106 docentes,
1502 4041 1597 4096 sed
1625 4042 1911 4111 praebendo
1939 4045 2168 4114 pessima

593 4135 872 4206 exempla,
902 4134 1031 4188 vitia
1059 4121 1335 4198 malosque
1371 4145 1581 4196 mores;
1620 4146 1745 4187 raro
1784 4133 2167 4202 sacrilicantes,

591 4238 647 4283 et
675 4241 946 4296 nunquam
971 4239 1108 4295 puro
1130 4223 1292 4277 corde
1319 4224 1457 4277 inter
1485 4221 1670 4276 altaria
1695 4231 1930 4290 stantes;
1960 4225 2169 4294 plebem

596 4319 666 4375 ob
693 4325 917 4391 peccata
946 4330 1054 4370 non
1082 4314 1438 4382 corripientes
1455 4353 1470 4380 ,
1511 4313 1758 4368 nimirum
1783 4313 1976 4370 eadem
2004 4328 2168 4384 agen-

594 4421 704 4474 tes;
748 4416 1011 4479 prtecepta
1057 4405 1254 4460 Christi
1303 4413 1644 4474 spernentes,
1675 4412 1730 4460 et
1761 4420 1888 4460 suas
1924 4405 2171 4463 libidines

597 4499 764 4552 modis
781 4498 1024 4550 omnibus
1047 4495 1267 4565 implere
1289 4501 1562 4559 curantes;
1586 4494 1766 4549 sedem
1784 4494 1926 4550 Petri
1942 4497 2168 4565 apostoli

593 4587 880 4644 immundis
907 4587 1130 4656 pedibus
1160 4592 1496 4654 usurpantes,
1521 4584 1612 4639 sed
1644 4585 1835 4639 merito
1865 4585 2169 4654 cupiditatis

595 4683 648 4736 in
667 4679 818 4735 Judte
839 4678 1111 4732 traditoris
1131 4675 1467 4746 pestilentem
1497 4675 1803 4730 cathedram
1827 4674 2166 4741 decidentes;

2270 3507 2391 3579 bus)
2441 3509 2821 3574 humiliantes;
2877 3508 3266 3563 ecclesiasticos
3310 3515 3430 3578 post
3482 3509 3595 3563 haec
3641 3509 3848 3576 gradus

2269 3601 2586 3670 propensius
2622 3615 2779 3670 quam
2827 3614 2988 3668 regna
3031 3598 3290 3655 cmiorum
3333 3598 3652 3662 ambientes,
3685 3608 3740 3653 et
3771 3608 3850 3670 ty-

2268 3691 2488 3746 rannico
2518 3691 2622 3744 ritu
2668 3699 2919 3759 acceptos
2960 3687 3304 3744 defendentes
3329 3728 3343 3753 ,
3383 3704 3480 3744 nec
3509 3697 3690 3743 tamen
3723 3691 3851 3758 legi-

2269 3777 2413 3833 timis
2442 3779 2682 3833 moribus
2710 3777 3078 3844 illustrantes;
3130 3778 3194 3832 ad
3227 3786 3488 3847 praecepta
3527 3787 3847 3833 sanctorum

2270 3867 2336 3936 (si
2363 3867 2648 3935 aliquando
2695 3867 2956 3922 duntaxat
3002 3868 3265 3922 audierint
3289 3883 3407 3936 qua:
3437 3867 3504 3921 ab
3535 3867 3637 3921 illis
3669 3870 3849 3938 saapis-

2267 3957 2403 4012 sime
2428 3957 2687 4012 audienda
2717 3957 2905 4028 erant)
2952 3959 3240 4012 oscitantes
3291 3973 3356 4013 ac
3402 3959 3663 4028 stupidos,
3695 3967 3753 4014 et
3781 3959 3849 4013 ad

2268 4047 2470 4102 ludicra
2500 4057 2554 4101 et
2581 4048 2790 4118 ineptas
2817 4048 3148 4103 Siccul‘arium
3187 4048 3461 4102 hominum
3494 4047 3702 4104 fabulas
3725 4090 3741 4114 ,
3785 4063 3851 4103 ac

2269 4136 2313 4190 si
2336 4137 2440 4191 iter
2462 4137 2560 4190 via:
2583 4151 2700 4205 qua:
2728 4137 2914 4191 mortis
2943 4137 3200 4207 pandunt,
3225 4145 3469 4192 strenuos
3497 4147 3552 4191 et
3573 4139 3851 4203 intentos;

2271 4224 2607 4294 pinguedinis
2634 4227 2804 4294 gratia
2834 4233 3109 4279 taurorum
3151 4240 3301 4280 more
3325 4241 3533 4293 raucos,
3566 4235 3622 4280 et
3646 4226 3714 4280 ad
3747 4227 3855 4281 illi-

2270 4315 2376 4368 cita
2408 4312 2692 4369 infeliciter
2717 4324 3024 4385 promptos;
3055 4315 3231 4368 vultus
3257 4325 3570 4382 arroganter
3596 4314 3650 4368 in
3681 4314 3854 4368 altum

2271 4405 2532 4462 habentes
2555 4448 2572 4475 ,
2604 4417 2659 4462 et
2685 4422 2875 4479 sensus
2920 4408 3244 4461 conscientia
3273 4406 3610 4461 remordente
3640 4407 3709 4461 ad
3740 4409 3853 4462 ima

2270 4497 2355 4551 vel
2401 4505 2659 4552 tartarum
2704 4497 3017 4552 demersos:
3051 4513 3157 4552 uno
3203 4511 3331 4552 sane
3368 4497 3576 4566 perdito
3619 4498 3853 4551 denario

2271 4595 2514 4651 mmstos,
2539 4595 2593 4641 et
2619 4587 2684 4641 ad
2710 4603 2873 4641 unum
2902 4587 3208 4656 inquisitum
3235 4587 3387 4641 laetos
3414 4607 3426 4639 :
3452 4588 3502 4640 in
3532 4588 3856 4656 apostolicis

2273 4677 2638 4732 sanctionibus
2683 4678 2751 4732 ob
2804 4678 3066 4732 inscitiam
3112 4676 3196 4732 vel
3238 4686 3581 4746 peccatorum
3635 4677 3859 4746 pondus

595 4773 876 4830 veritatem
905 4786 1005 4841 pro
1041 4770 1254 4824 inimico
1295 4769 1540 4823 odientes
1562 4807 1578 4832 ,
1620 4775 1674 4822 et
1713 4769 2003 4823 mendaciis
2028 4783 2093 4824 ac
2121 4770 2169 4825 si
2198 4773 2248 4832 D
2275 4767 2392 4838 (ora
2421 4767 2580 4821 etiam
2610 4767 2891 4822 scientiam
2919 4769 3264 4840 obturantes)
3302 4771 3521 4825 hebetes
3549 4785 3612 4823 ac
3641 4778 3858 4835 mutos,

596 4863 922 4920 eharissimis
947 4861 1197 4916 fratribus
1218 4859 1485 4925 faventes;
1508 4859 1682 4927 justos
1705 4859 1890 4928 inopes
1909 4859 2168 4914 immanes

595 4954 746 5024 quasi
773 4965 973 5020 angues
1016 4951 1185 5005 torvis
1237 4949 1469 5005 vultibus
1500 4949 1894 5019 conspicantes,
1925 4961 1981 5005 et
2007 4951 2170 5007 scele-

595 5053 743 5099 ratos
770 5041 960 5097 divites
1001 5041 1202 5110 absque
1246 5040 1354 5094 ullo
1397 5040 1731 5095 verecundiae
1759 5051 2003 5112 respectu
2031 5042 2171 5099 sicut

594 5137 841 5192 «mlestes
877 5133 1096 5202 angelos
1142 5139 1490 5198 venerantes;
1539 5133 1722 5201 egenis
1773 5133 2166 5205 eleemosynam

595 5241 714 5281 esse
740 5225 967 5280 dandam
996 5223 1218 5278 summis
1247 5237 1277 5276 e
1316 5222 1470 5277 labiis
1515 5224 1870 5293 praedicantes
1893 5265 1908 5291 ,
1935 5226 2028 5280 sed
2063 5225 2167 5296 ipsi

601 5316 684 5370 vel
724 5315 939 5371 obolum
986 5329 1092 5368 non
1140 5312 1360 5377 dantes;
1395 5313 1621 5367 nefanda
1654 5314 1838 5384 populi
1866 5314 2071 5370 scelera
2096 5324 2169 5370 ta-

598 5414 787 5460 centes
807 5445 824 5472 ,
853 5415 908 5460 et
949 5419 1074 5460 suas
1115 5401 1333 5472 injurias
1356 5404 1506 5472 quasi
1532 5402 1744 5458 Christo
1775 5407 2034 5474 irrogatas
2063 5421 2170 5460 am-

595 5493 923 5566 pliﬁcantes;
944 5493 1251 5562 religiosam
1267 5491 1405 5547 forte
1420 5502 1645 5549 matrem
1660 5510 1759 5550 seu
1779 5510 1994 5551 sorores
2007 5495 2168 5552 domo

593 5584 884 5655 pollentes,
914 5592 968 5639 et
995 5592 1248 5638 externas
1271 5583 1437 5638 veluti
1465 5587 1737 5640 secretiori
1765 5585 2061 5642 ministerio
2090 5586 2168 5640 fa-

593 5677 828 5739 miliares
875 5674 1183 5732 indecenter
1226 5675 1501 5745 levantes,
1552 5676 1632 5733 vel
1675 5677 1853 5746 potius
1905 5677 2002 5748 (ut
2040 5691 2167 5734 vera

2273 4864 2330 4912 et
2367 4857 2421 4912 in
2459 4855 2684 4912 ﬂexibus
2725 4859 3070 4914 mundialium
3121 4861 3454 4927 negotiorum
3497 4859 3862 4914 mendacibus

2272 4946 2612 5002 doctissimos
2661 4964 2674 5001 :
2724 4963 2948 5018 quorum
3008 4949 3076 5003 de
3130 4948 3390 5006 scelerata
3438 4949 3862 5004 conversation

2272 5037 2470 5092 multos
2515 5037 2819 5093 sacerdotio
2864 5038 3125 5093 irruentes
3148 5077 3163 5102 ,
3195 5039 3374 5109 potius
3421 5038 3503 5091 vel
3543 5036 3670 5090 illud
3710 5051 3865 5105 pene

2273 5127 2418 5182 omni
2443 5128 2664 5197 pecunia
2691 5128 3039 5194 redimenles,
3061 5143 3223 5198 quam
3253 5136 3474 5194 tractos,
3496 5135 3552 5181 et
3579 5126 3632 5180 in
3657 5126 3869 5180 eodem

2276 5219 2442 5275 veteri
2471 5218 2806 5287 infaustoque
2848 5220 3265 5278 intolerabilium
3312 5219 3644 5289 piaculorum
3690 5231 3868 5271 emno

2271 5319 2396 5380 post
2423 5311 2809 5366 sacerdotalem
2837 5313 3178 5382 episeOpatus
3211 5312 3295 5366 vel
3323 5307 3638 5381 presbyterii
3665 5309 3871 5363 sedem

2274 5402 2405 5474 (qui
2449 5419 2550 5459 nec
2579 5404 2758 5459 itidem
2789 5419 3010 5474 usquam
3039 5405 3331 5475 sederunt)
3379 5410 3438 5458 ut
3465 5409 3592 5472 pote
3632 5399 3875 5470 indigne

2270 5480 2558 5564 porcorum
2587 5509 2737 5550 more
2766 5496 3088 5561 volutantes,
3114 5503 3270 5564 rapto
3295 5501 3498 5548 tantum
3528 5490 3872 5556 Sacerdotali

2271 5587 2508 5652 nomine,
2547 5603 2648 5643 nec
2692 5595 2872 5642 tamen
2917 5595 3107 5642 tenore
3150 5586 3234 5640 vel
3269 5584 3562 5655 apostolica
3590 5581 3872 5649 dignitate

2273 5686 2526 5750 accepta;
2557 5677 2649 5735 sed
2671 5678 2761 5748 qui
2783 5679 3016 5734 nondum
3041 5676 3107 5732 ad
3134 5677 3394 5745 integram
3424 5671 3585 5730 ﬁdem
3615 5679 3750 5727 sunt
3775 5668 3868 5730 vel
