3954 6178
91 405 164 459 569
764 392 963 449 LIBER
1000 386 1388 459 QUERULUS.
1430 389 1606 446 PARS
1643 388 1728 443 Ill.
1768 385 2177 442 lNCliEPATlO
2214 386 2280 440 IN
2319 383 2621 440 CLERUM.

3224 385 3333 438 570

90 514 322 569 malorum
350 503 667 578 pmnitcntia
696 501 872 559 idonei
902 543 919 569 ,
959 501 1231 571 quomodo
1258 500 1327 556 ad
1353 500 1649 570 quemlibet
1677 503 1722 558 Α
1750 498 1918 563 libus,
1951 505 2007 551 ut
2035 497 2170 552 dixit
2198 484 2488 566 Apostoliis
2515 495 2641 566 (Tit.
2674 512 2717 561 ι,
2750 494 2838 565 12)
2864 536 2878 561 ,
2911 486 3099 553 bestiis
3125 500 3329 553 ventris

90 600 484 660 aﬂesiasticum
533 598 615 666 (ιιι
641 610 751 649 non
779 593 953 647 dicam
980 591 1269 662 summum)
1316 592 1641 647 convenien-

90 701 267 760 ta,et
308 687 489 758 adepti
530 684 755 754 gradum
803 697 967 755 quem
1016 682 1228 738 nonnisi
1271 683 1444 737 sancti
1484 689 1645 750 atque

92 784 286 859 perfecti
317 790 376 838 et
403 778 768 852 apostolorum
817 776 1134 837 imitatores,
1181 782 1236 828 et
1282 774 1382 846 (ut
1408 773 1647 863 magistri

92 880 303 949 gentium
334 875 513 932 verbis
540 870 751 943 loquar)
801 869 1297 940 irreprehensibilcs
1329 868 1567 937 legitime
1594 874 1651 922 et

96 971 261 1039 absque
291 982 492 1037 magno
520 963 787 1031 sacrilegii
814 961 1040 1017 crimine
1066 959 1399 1030 suscipiunt?

144 1062 260 1117 Car.
295 1074 353 1115 ιι.
406 1056 486 1111 De
524 1054 705 1110 eadem
733 1070 808 1108 re.
849 1080 922 1092 -—
947 1050 1084 1118 Quid
1115 1051 1258 1107 enim
1288 1058 1398 1105 tam
1427 1050 1651 1120 impium

96 1163 281 1225 tamque
304 1151 601 1207 scelestum
630 1156 743 1217 est,
770 1163 931 1219 quam
958 1146 1025 1202 ad
1053 1146 1451 1202 similitudinem
1476 1144 1655 1200 Simo-

98 1245 160 1299 nis
191 1242 332 1313 Magi
388 1241 528 1311 (Act.
558 1256 672 1303 vin,
704 1238 794 1307 18)
821 1280 839 1307 ,
886 1253 995 1294 non
1022 1236 1500 1293 intervenientibus
1527 1236 1655 1290 licet

101 1335 267 1390 interea
299 1331 627 1404 promiscuis
651 1329 996 1396 criminibus,
1046 1328 1384 1399 episcopatus
1420 1327 1654 1383 cilicium

100 1426 391 1497 presbyterii
422 1433 639 1481 terreno
664 1423 840 1494 pretio
858 1464 875 1490 ,
904 1420 1049 1492 quod
1073 1421 1360 1475 sanctitate
1386 1420 1656 1488 rectisque

100 1517 305 1570 moribus
330 1514 618 1569 decentius
645 1512 968 1583 acquiritur,
1005 1511 1311 1581 quempiam
1347 1510 1485 1566 velle
1514 1525 1656 1564 mer-

100 1603 218 1658 cari?
243 1602 359 1659 Sed
384 1604 439 1658 in
459 1618 527 1659 eo
548 1602 633 1658 isti
653 1602 974 1673 propensius
994 1601 1077 1657 vel
1098 1601 1433 1673 desperatius
1452 1607 1653 1667 errant,

99 1710 179 1763 quo
199 1711 309 1749 non
340 1696 415 1749 ab
438 1694 697 1764 apostolis
723 1693 808 1748 vel
837 1693 1205 1764 apostolorum
1234 1692 1655 1756 successoribus,

102 1782 218 1838 teda
247 1783 501 1856 tyrannis
539 1791 595 1838 et
623 1799 653 1837 a
684 1792 839 1854 patre
887 1798 1074 1838 eorum
1115 1782 1331 1839 diabolo
1375 1782 1556 1837 fucata
1601 1791 1657 1838 et

1748 587 2111 658 pmstolaris?
2141 585 2303 642 Hisne
2353 586 2653 655 corrigeris,
2685 586 2776 655 qui
2805 587 3009 657 seipsos
3036 603 3145 643 non
3167 588 3329 644 modo

1748 680 1815 736 ad
1857 681 2000 735 bona
2038 696 2145 735 non
2176 680 2437 744 incitant,
2468 678 2563 734 sed
2600 679 2893 735 secundum
2930 682 3206 751 prophetae
3232 697 3329 738 ex.

1749 769 2149 839 probratiouem
2183 786 2195 821 :
2227 767 2491 822 Laborant
2517 774 2573 821 ut
2596 770 2768 840 inique
2792 778 2952 840 agant
2983 771 3113 841 (Jer.
3139 785 3213 839 lx,
3241 769 3325 842 5)?

1749 860 2035 915 Talibusne
2064 858 2233 913 oculis
2261 857 2633 920 illustraberis,
2664 858 2754 926 qui
2805 858 2919 914 haec
2944 867 3148 915 tantum
3175 861 3331 916 avide

1749 950 2114 1021 speculantur,
2148 964 2268 1019 qua:
2296 949 2533 1019 proclive
2562 950 2723 1014 vitiis,
2757 948 2807 1004 id
2837 961 2921 1005 est
2950 952 3134 1007 tartari
3160 955 3333 1022 portis

1751 1043 1997 1099 ducant?
2066 1042 2165 1097 Vel
2230 1052 2376 1097 certe
2428 1042 2721 1097 secundum
2785 1042 3077 1099 Salvatoris
3132 1046 3329 1101 dictum

1754 1132 1969 1204 (Matth.
2000 1149 2088 1197 xv,
2122 1132 2233 1203 14),
2260 1133 2304 1187 si
2335 1148 2440 1187 non
2470 1133 2602 1188 istos
2630 1134 3007 1204 rapacissimos
3034 1143 3094 1190 ut
3123 1136 3332 1193 Arabia:

1753 1225 1931 1295 lupos,
1963 1238 2027 1278 ac
2068 1223 2115 1279 si
2160 1221 2299 1278 Loth
2346 1222 2411 1279 ad
2458 1232 2696 1278 montem
2736 1224 2946 1293 igneum
2976 1224 3333 1282 Sodomorum

1754 1316 1979 1372 imbrem
2007 1313 2282 1384 fugeritis,
2313 1315 2440 1371 caeci
2471 1314 2649 1371 educti
2676 1331 2707 1370 a
2735 1318 2890 1373 cmcis
2939 1316 2991 1371 in
3040 1317 3227 1375 inferni
3254 1317 3336 1374 fo-

1754 1422 1909 1463 veam
1931 1406 2152 1464 cadetis.
2181 1406 2288 1462 Sed
2307 1406 2530 1461 forsitan
2553 1407 2744 1477 aliquis
2764 1407 2907 1464 dicat
2926 1425 3034 1464 non
3056 1412 3130 1464 ita
3150 1426 3337 1466 omnes

1757 1496 1994 1568 episcopi
2016 1497 2099 1553 vel
2119 1497 2417 1569 presbyteri
2441 1504 2499 1552 ut
2523 1499 2767 1567 superius
2792 1501 3185 1570 comprehensi,
3213 1504 3357 1572 quia.

1756 1604 1867 1644 non
1895 1589 2200 1646 schismatis
2221 1628 2236 1654 ,
2268 1605 2377 1645 non
2405 1589 2669 1660 superbia:
2690 1631 2705 1657 ,
2737 1607 2848 1646 non
2877 1593 3223 1649 immunditiae
3253 1594 3339 1649 in-

1758 1678 1918 1734 famia
1948 1679 2309 1748 maculantur,
2339 1680 2467 1735 mali
2496 1690 2623 1736 sunt
2654 1698 2667 1734 :
2696 1682 2842 1751 quod
2869 1698 2971 1739 nec
2992 1685 3343 1742 vehementer

1760 1779 1817 1826 et
1844 1786 1943 1827 nos
1979 1770 2288 1826 diffitemur.
2331 1770 2441 1827 Sed
2471 1770 2596 1827 licet
2619 1771 2853 1828 sciamus
2880 1788 2975 1829 eos
3002 1782 3181 1831 castos
3223 1791 3344 1831 esse

101 1889 344 1945 umquam
375 1872 657 1944 profutura
703 1880 891 1928 emunt.
936 1871 1239 1949 sacerdotia
1269 1890 1283 1925 :
1313 1871 1441 1943 quin
1480 1871 1659 1942 potius
1689 1858 1735 1920 Β
1761 1873 1818 1919 et
1839 1864 2031 1931 honos,
2061 1863 2298 1919 breviter
2324 1872 2503 1918 tamen
2532 1864 2979 1933 respondebimus
3009 1884 3023 1920 :
3054 1866 3191 1934 Quid
3218 1884 3347 1938 pro:-

99 1962 214 2018 velut
231 1964 454 2019 culmen
482 1971 791 2033 tectumque
815 1963 1079 2019 malorum
1101 1963 1342 2018 omnium
1362 1962 1655 2032 quoddam,

99 2066 183 2120 quo
199 2071 310 2110 non
330 2053 493 2109 facile
519 2055 598 2110 eis
622 2053 1053 2124 improperentur
1080 2069 1111 2108 a
1132 2069 1400 2123 quoquam
1426 2054 1657 2109 admissa

104 2143 242 2212 prisca
276 2144 366 2199 vel
397 2158 564 2209 nova,
599 2151 652 2198 et
681 2143 988 2214 cupiditatis
1015 2144 1258 2216 gulteque
1285 2144 1566 2212 desideria,
1599 2151 1661 2199 ut

100 2243 201 2303 pote
224 2234 508 2303 prmpositi
535 2234 830 2290 multorum
867 2234 1076 2291 facilius
1121 2236 1371 2306 rapiant,
1418 2236 1660 2292 scelesta:

100 2323 194 2376 uta:
216 2331 511 2379 structum
555 2335 946 2396 superponunt.
993 2326 1127 2381 Nam
1176 2327 1220 2383 si
1269 2327 1391 2383 talis
1418 2329 1660 2399 profecto

96 2415 437 2485 coemptionis
466 2415 704 2471 conditio
731 2416 798 2471 ab
828 2417 1224 2488 impudentibus
1252 2418 1366 2474 istis
1390 2458 1406 2485 ,
1445 2436 1552 2474 non
1581 2420 1662 2475 di-

97 2518 193 2558 cam
218 2505 473 2575 apostolo
524 2503 686 2560 Petro
715 2546 731 2573 ,
763 2506 856 2561 sed
899 2506 1118 2563 cuilibet
1162 2516 1352 2566 sancto
1396 2509 1662 2565 sacerdoti

96 2594 279 2666 pioque
305 2597 421 2667 regi
451 2597 658 2667 ingesta
685 2599 889 2667 fuisset,
917 2600 1106 2656 eadem
1134 2616 1392 2673 responsa
1419 2604 1663 2675 accepis-

93 2694 199 2739 sent
222 2701 345 2756 qua:
396 2688 465 2743 ab
518 2687 789 2758 apostolo
813 2697 1002 2745 auctor
1028 2691 1339 2748 earumdem
1371 2691 1556 2761 Magus
1580 2693 1666 2749 Si-

92 2791 223 2844 mon,
254 2778 476 2833 dicente
505 2776 668 2834 Petro
701 2796 715 2833 :
747 2778 983 2835 Pecunia
1011 2790 1100 2836 tua
1130 2790 1291 2836 tecum
1319 2785 1386 2838 sit
1414 2785 1466 2838 in
1494 2785 1666 2857 perdi-

92 2866 263 2921 tionem
279 2865 474 2940 (Ibid,
489 2865 601 2939 20).
620 2865 731 2924 Sed
752 2867 911 2937 forte,
935 2870 1071 2925 heu!
1102 2872 1192 2941 qui
1217 2872 1509 2929 ambitores
1535 2875 1668 2931 istos

93 2957 366 3025 ordinant,
401 2960 511 3015 imo
537 2961 717 3031 potius
745 2962 1026 3019 humiliant
1046 3003 1062 3029 ,
1105 2973 1270 3036 atque
1296 2981 1398 3037 pro
1448 2962 1670 3023 benedi-

91 3047 254 3105 ctione
292 3050 632 3107 maledicunt
653 3092 669 3118 ,
707 3053 833 3108 dum
863 3068 930 3109 ex
960 3057 1332 3125 peccatoribus
1361 3072 1469 3113 non
1497 3058 1670 3129 ι)ωηὶ-

96 3142 279 3209 tentes,
311 3140 466 3210 quod
495 3143 698 3198 rectius
727 3144 920 3214 fuerat,
951 3146 1046 3202 sed
1074 3148 1363 3219 sacrilegos
1391 3155 1447 3206 et
1472 3149 1668 3222 despe-

1758 1954 1860 2010 fuit
1885 1954 2005 2011 Heli
2032 1955 2300 2012 sacerdoti
2319 1954 2373 2026 (I
2400 1954 2530 2026 Reg.
2555 1970 2613 2023 ιι,
2636 1954 2721 2022 ll,
2750 1955 2844 2022 12;
2878 1973 2952 2021 ur,
2982 1957 3073 2029 12)
3097 1959 3241 2029 quod
3257 1964 3345 2015 s'o-

1761 2047 1846 2103 lus
1875 2063 1982 2102 non
2009 2047 2292 2103 violaverit
2320 2054 2591 2117 prmeepta
2620 2047 2857 2113 Domini,
2890 2049 3150 2119 rapiendo
3178 2050 3230 2105 in
3262 2051 3347 2105 fu-

1765 2140 2006 2204 scinulis,
2037 2147 2328 2213 antequam
2354 2139 2520 2209 adeps
2549 2139 2776 2195 Domino
2802 2138 3104 2209 offerretur,
3134 2157 3202 2199 ex
3225 2143 3347 2199 ollis
3393 2177 3404 2188 -

1763 2247 1954 2288 carnes
1972 2274 1987 2299 ,
2018 2231 2143 2286 dum
2173 2230 2360 2286 eadem
2389 2230 2577 2286 mortis
2603 2230 2683 2286 ira
2712 2246 2817 2301 qua
2850 2231 2942 2288 filii
2966 2242 3093 2289 sunt
3119 2237 3346 2306 mulcta-

1762 2326 1852 2374 tur
1900 2320 1950 2392 (ι
1980 2319 2106 2392 Reg.
2139 2336 2213 2389 ιν,
2243 2319 2367 2389 ll)?
2415 2318 2545 2387 Quis
2589 2335 2724 2390 rogo
2765 2338 2952 2378 eorum
2991 2326 3062 2381 ob
3091 2326 3346 2383 invidiam

1762 2411 2000 2467 melioris
2028 2412 2216 2467 hostia:
2244 2411 2583 2481 cmlestisque
2610 2412 2732 2483 igne
2759 2414 2813 2470 in
2843 2415 3011 2471 cmlos
3039 2426 3260 2485 evectae,
3293 2429 3351 2474 ut

1764 2502 1921 2569 Abel,
1943 2502 2150 2559 occisus
2180 2500 2334 2574 (Gen.
2360 2517 2433 2569 tv,
2458 2500 2548 2573 8);
2582 2503 2859 2572 quietiam
2885 2506 3173 2564 mediocris
3201 2510 3348 2564 verbi

1765 2600 2124 2663 aspernantur
2167 2594 2508 2649 convicium?
2551 2594 2683 2661 Quis
2718 2613 2929 2667 perosus
2956 2607 3038 2654 cst
3076 2603 3349 2656 consilium

1766 2683 2192 2755 malignantium,
2224 2694 2273 2737 et
2312 2701 2426 2740 cum
2453 2685 2626 2757 impiis
2654 2703 2758 2742 non
2786 2688 2920 2743 sedit
2965 2688 3189 2762 (Psalm.
3222 2709 3351 2759 xxv,

1766 2774 1846 2844 5),
1875 2776 1951 2830 ita
1971 2783 2030 2830 ut
2053 2775 2121 2830 de
2149 2791 2216 2831 eo
2251 2774 2486 2833 veridice
2513 2779 2668 2849 quasi
2695 2778 2762 2835 de
2789 2777 3012 2837 Henoch
3041 2782 3313 2839 diceretur
3337 2804 3349 2837 :

1768 2852 2286 2920 Ambulattitllenoch
2314 2881 2430 2921 cum
2456 2865 2589 2936 Deo,
2618 2876 2795 2923 etnon
2819 2871 3169 2926 inveniebatur
3196 2872 3351 2944 (Gen.

1769 2970 1821 3021 v,
1854 2954 1986 3025 22),
2029 2956 2082 3011 in
2122 2957 2309 3012 mundi
2357 2959 2568 3014 scilicet
2597 2961 2834 3016 vanitate
2862 2962 3037 3018 omnis
3063 2972 3185 3032 post
3213 2964 3353 3021 idola

1770 3045 2006 3116 proclive
2027 3044 2081 3100 id
2106 3047 2366 3116 temporis
2384 3046 2707 3116 claudicare,
2728 3051 2917 3106 relicto
2936 3050 3065 3119 Deo,
3094 3053 3356 3124 incipien-

1773 3136 1883 3192 tis?
1934 3137 2065 3204 Quis
2094 3152 2282 3193 eorum
2310 3138 2534 3195 salutari
2569 3139 2623 3195 in
2651 3155 2777 3196 arca
2830 3142 2955 3213 (hoc
2981 3151 3227 3200 estnunc
3256 3143 3355 3201 Ec—

91 3240 228 3284 mos
290 3231 540 3297 factum,
591 3242 647 3289 ει
709 3233 898 3290 Judam
966 3236 1366 3306 quodammodo
1417 3239 1475 3296 in
1524 3226 1745 3297 pen-1C
1776 3226 2004 3298 clesia),
2055 3228 2255 3283 nullum
2304 3229 2417 3286 Deo
2462 3230 2835 3287 adversantem
2863 3274 2880 3301 ,
2927 3240 2986 3287 ut
3024 3233 3136 3290 Noe
3173 3233 3357 3291 diluvii

92 3323 335 3379 cathedra
382 3323 602 3381 Domini
648 3327 964 3385 traditorem
988 3370 1005 3396 ,
1037 3346 1101 3386 ac
1140 3329 1421 3387 Nicolaum
1467 3333 1522 3389 in
1549 3334 1671 3390 loco

88 3407 339 3479 Stephani
367 3414 623 3486 martyris
644 3423 888 3471 statuunt
912 3417 1196 3474 immunda:
1222 3404 1490 3478 haereseos
1517 3421 1672 3477 adin-
1712 3408 1715 3409 ν

89 3510 383 3569 vectorem,
401 3503 597 3558 eodem
619 3505 780 3561 modo
798 3507 1099 3564 sacerdotio
1120 3510 1272 3567 asciti
1295 3522 1451 3579 sunt;
1475 3522 1530 3568 et
1551 3512 1673 3569 ideo

87 3606 187 3647 non
215 3608 551 3666 magnopere
585 3595 924 3654 detestantur
948 3599 1002 3654 in
1049 3599 1172 3656 filiis
1194 3640 1211 3667 ,
1242 3602 1483 3672 quinimo
1511 3619 1675 3661 vene-

88 3692 295 3753 rantur,
323 3687 473 3755 quod
509 3685 758 3743 similiter
803 3697 863 3744 ut
906 3692 1146 3761 patribus
1190 3693 1416 3749 subinde
1461 3694 1675 3752 venisse

86 3775 445 3832 certissimum
476 3785 581 3831 est.
612 3776 825 3834 Etenim
853 3796 970 3851 eos,
997 3782 1045 3837 si
1075 3783 1130 3837 in
1154 3785 1464 3854 parochiam
1482 3826 1498 3851 ,
1538 3787 1677 3842 resi-

86 3868 352 3922 stentibus
377 3866 480 3923 sibi
513 3877 570 3923 et
598 3878 707 3922 tam
746 3870 1049 3938 pretiosum
1066 3881 1328 3941 quaestum
1357 3873 1671 3945 deneganti—

83 3955 185 4013 has
228 3974 424 4014 severe
481 3960 916 4030 comessoribus,
967 3962 1270 4033 hujusmodi
1330 3967 1676 4035 margaritam

82 4050 331 4106 invenire
351 4067 461 4107 non
483 4053 719 4121 possint;
749 4053 1179 4123 praemissis-ante
1198 4056 1428 4131 sollicite
1454 4059 1675 4126 nuntiis,

82 4143 497 4211 transnavigare
523 4141 714 4206 maria,
748 4150 1026 4215 lenesque
1055 4146 1318 4217 spatiosas
1346 4154 1679 4206 transmeare

79 4246 187 4285 non
222 4241 339 4287 tam
377 4234 531 4303 piget
556 4246 717 4302 quam
751 4233 1019 4303 delectat;
1060 4244 1120 4292 ut
1157 4240 1378 4295 omnino
1407 4240 1529 4296 talis
1554 4256 1681 4312 spe-

80 4324 190 4377 cLes
218 4323 790 4395 hmquiparabilisque
815 4325 1174 4397 pulchritudo,
1200 4338 1276 4398 et,
1307 4340 1365 4386 ut
1393 4333 1571 4389 verius
1596 4332 1682 4389 di-

76 4425 196 4465 cam
224 4450 247 4477 ,
280 4411 555 4468 diabolica
583 4413 761 4469 illusio
781 4454 798 4481 ,
831 4415 919 4471 vel
961 4417 1194 4475 venditis
1235 4421 1484 4478 omnibus
1510 4423 1681 4494 copiis

74 4510 454 4571 comparetur.
504 4500 636 4558 Dein
662 4518 785 4559 cum
831 4518 1027 4574 magno
1074 4519 1336 4579 apparatu
1381 4525 1682 4583 magnaque

1777 3324 2020 3389 tempore
2068 3316 2222 3388 (Gen.
2249 3334 2344 3384 vu,
2374 3318 2459 3391 7),
2511 3336 2619 3375 non
2666 3320 2921 3389 admisit;
2972 3329 3032 3377 ut
3078 3325 3359 3395 perspicue

1774 3418 2169 3466 monstraretur
2215 3411 2428 3466 nonnisi
2466 3412 2714 3469 innoxios
2741 3414 2826 3469 vel
2856 3415 3177 3485 pmnitentes
3206 3432 3358 3486 egre-

1775 3503 1893 3574 gios
1922 3504 1976 3558 in
2003 3503 2273 3559 dominica
2302 3503 2466 3559 domo
2496 3520 2615 3560 esse
2644 3503 2878 3561 debere?
2909 3506 3040 3573 Quis
3065 3509 3359 3565 victoribus

1777 3595 1952 3652 solum
1973 3635 1989 3663 ,
2018 3602 2075 3651 et
2102 3594 2156 3649 in
2177 3596 2500 3652 trecentario
2540 3612 2765 3653 numero
2818 3596 2946 3669 (hoc
2973 3606 3056 3654 est
3084 3598 3361 3657 Trinitatis

1775 3685 2152 3756 sacramento)
2201 3686 2429 3744 liberato
2471 3686 2616 3758 justo
2671 3686 2825 3759 (Gen.
2860 3688 3121 3761 xxv,18),
3174 3705 3359 3759 regum

1776 3779 2013 3849 quinque
2059 3778 2468 3849 victriciumque
2514 3789 2809 3837 turmarum
2849 3782 3121 3839 exercitus
3166 3781 3361 3838 ferales

1777 3870 2131 3935 vincentibus,
2161 3877 2217 3925 et
2244 3883 2581 3940 nequaquam
2609 3871 2782 3927 aliena
2811 3873 3165 3943 cupientibus,
3193 3875 3360 3929 sacri-

1778 3960 1958 4017 ficium
1995 3959 2263 4025 offerens,
2303 3970 2363 4016 ut
2398 3961 2828 4030 Melchisedech,
2868 3963 3188 4020 benedixit?
3234 3964 3364 4032 Quis

1778 4059 1973 4122 sponte
1990 4050 2265 4122 proprium
2289 4051 2343 4105 in
2364 4051 2518 4106 altari
2546 4053 2722 4122 capite
2750 4052 3081 4120 medendum,
3108 4061 3169 4110 ut
3194 4053 3367 4110 Abra-

1779 4142 1924 4208 ham,
1959 4141 2071 4197 Deo
2102 4141 2327 4211 jubente
2350 4182 2365 4208 ,
2398 4142 2593 4198 obtulit
2639 4142 2804 4198 tilium
2854 4141 3008 4217 (Gen.
3032 4161 3164 4212 xxu,
3189 4145 3278 4217 l);
3309 4156 3368 4201 ut

1780 4234 1956 4290 simile
1983 4234 2252 4303 quoddam
2281 4233 2407 4290 huic
2445 4234 2694 4305 impleret
2719 4233 2918 4291 Christi
2949 4236 3259 4291 mandatum
3288 4237 3368 4292 di-

1780 4328 1955 4384 centis
1981 4325 2195 4381 oculum
2223 4326 2472 4381 dextrum
2499 4327 2950 4382 scaudalizantem
2980 4328 3137 4383 evelli
3170 4328 3368 4385 debere

1785 4418 2000 4490 (Matth.
2032 4434 2086 4485 v,
2118 4416 2246 4490 29);
2291 4425 2347 4473 et
2371 4417 2649 4489 prophetae
2674 4404 3028 4488 praecaveret,
3058 4434 3117 4475 se
3144 4420 3368 4476 maledi-

1784 4520 1933 4568 ctum
1960 4526 2079 4569 esse
2104 4511 2335 4585 gladium
2375 4520 2425 4568 et
2462 4515 2767 4584 sanguinem
2795 4513 3171 4587 prohibentem
3218 4517 3237 4587 (
3255 4516 3363 4573 Jer.

70 4592 373 4658 phantasia
399 4592 490 4647 vel
518 4594 698 4662 potius
743 4594 948 4650 insania
984 4598 1305 4668 repedantes
1331 4600 1397 4655 ad
1426 4603 1677 4671 patriam,
1705 4595 1756 4656 Ι)
1780 4618 1963 4671 vam,
1995 4602 2122 4671 10)?
2149 4600 2279 4670 Quis
2306 4603 2617 4660 memoriam
2646 4604 2915 4661 malefacti
2941 4604 3008 4662 de
3036 4606 3201 4664 corde
3230 4609 3371 4665 radi-

71 4694 137 4733 ει
169 4689 375 4735 erecto
420 4681 743 4737 erectiorem
796 4683 1063 4740 incessum
1109 4686 1356 4757 pingunt,
1398 4698 1455 4746 et
1479 4689 1680 4747 dudum
1787 4693 1945 4758 citus,
1976 4699 2036 4748 ut
2058 4691 2258 4763 Ioseph
2289 4691 2440 4764 (Gen.
2468 4694 2911 4767 xtv,5),evulsit?
2949 4697 3078 4766 Quis
3105 4699 3158 4755 in
3188 4709 3372 4756 monte

64 4771 432 4828 amonitates
479 4774 741 4829 montium
787 4776 1184 4845 conspicantes,
1234 4795 1376 4835 nunc
1421 4790 1567 4838 recte
1612 4783 1681 4839 ad
1787 4798 1910 4841 cum
1937 4782 2167 4839 Domino
2195 4783 2443 4851 locutus,
2472 4795 2528 4841 et
2553 4801 2891 4858 nequaquam
2923 4793 3373 4861 concrepantibus

64 4861 296 4915 aethera
332 4862 421 4916 vel
449 4862 516 4917 ad
559 4879 768 4920 summa
795 4866 1016 4921 nubium
1046 4867 1279 4937 vellera,
1308 4869 1565 4926 luminum
1594 4886 1681 4928 se-
1789 4874 1931 4929 tubis
1957 4874 2150 4931 exinde
2177 4878 2495 4948 perterritus
2537 4876 2733 4951 (Exod.
2761 4897 2872 4947 xix,
2907 4880 3019 4952 16),
3050 4883 3185 4939 duas
3215 4884 3372 4939 tabu-

58 4954 526 5010 rnidormitantes
551 4956 694 5012 acies
722 4956 920 5013 librant
941 4997 958 5024 ,
1005 4974 1070 5015 ac
1114 4975 1236 5016 sese
1272 4977 1411 5017 nova
1438 4965 1678 5033 quaedam
1786 4967 1867 5021 las
1894 4976 2282 5038 cornutamque
2311 4969 2499 5025 faciem
2525 4980 2743 5042 aspectu
2772 4973 3059 5029 incredulis
3088 4975 3373 5030 inhabilem

61 5045 394 5111 plasmata,
420 5045 532 5100 imo
559 5046 822 5102 diabolica
853 5063 1087 5119 organa,
1120 5059 1179 5104 ut
1205 5052 1475 5120 quondam
1507 5052 1684 5109 Nova-
1788 5066 1844 5112 et
1862 5057 2186 5115 horrendam
2209 5061 2416 5132 tropico
2437 5066 2617 5127 sensu,
2643 5072 2703 5117 ut
2729 5062 2938 5134 Moyses
2969 5063 3161 5134 (Exod.
3190 5081 3372 5132 xxxiv,

64 5142 146 5191 tus
200 5135 417 5190 Romae
463 5137 745 5193 dominicm
793 5140 1085 5196 mulctator
1143 5145 1445 5211 margaritae
1488 5160 1685 5215 porcus
1787 5146 1909 5218 29),
1942 5148 2199 5205 advexit?
2249 5150 2381 5217 Quis
2421 5168 2606 5207 eorum
2645 5168 2743 5224 pro
2773 5152 3007 5223 peccatis
3034 5153 3216 5224 populi
3246 5169 3371 5210 exo-

58 5234 250 5297 niger,
280 5229 481 5298 patria:
509 5227 778 5298 ingerunt,
802 5230 1070 5286 violenter
1097 5247 1289 5288 manus
1316 5249 1422 5290 non
1454 5242 1562 5289 tam
1592 5249 1686 5291 ve-
1787 5254 1914 5294 rans
1942 5239 2051 5296 imo
2079 5239 2146 5296 de
2191 5247 2413 5311 pectore
2464 5242 2734 5306 clamavit,
2764 5251 2823 5297 ut
2853 5243 2987 5312 ipse,
3023 5243 3257 5309 Domine,
3291 5246 3376 5299 in-

54 5319 427 5375 mbilibus
477 5320 587 5377 aris
632 5335 791 5389 quam
840 5321 1071 5377 flammis
1135 5322 1328 5379 inferni
1384 5325 1682 5393 ultricibus,
1786 5331 1979 5401 quiens
2006 5375 2019 5397 ,
2053 5332 2279 5402 peccavit
2308 5333 2524 5403 populus
2561 5333 2658 5387 iste
2686 5342 2951 5403 peccatum
2978 5334 3213 5405 grande;
3243 5331 3377 5407 quod

48 5412 269 5480 dignas
333 5410 387 5464 in
438 5410 534 5465 tali
580 5412 797 5467 schema
825 5421 850 5449 ι
877 5413 1039 5485 positi
1084 5417 1441 5471 sacrosanctis
1486 5415 1684 5475 Christi
1789 5420 1834 5474 si
1876 5420 2092 5475 dimittis
2117 5460 2133 5486 ,
2175 5421 2411 5487 dimitte;
2462 5422 2687 5494 alioquin
2732 5421 2846 5476 dele
2884 5439 2964 5477 me
3004 5423 3068 5477 de
3115 5423 3248 5480 libro
3293 5439 3379 5479 tuo

48 5500 372 5558 sacriﬁciis
396 5501 694 5556 cxtensuri.
1791 5507 1987 5581 (Exod.
2012 5509 2421 5581 xxxu,31,52)?
2450 5511 2579 5578 Quis
2606 5511 2722 5567 zelo
2752 5511 2846 5566 Dei
2870 5528 3127 5569 accensus
3148 5517 3378 5571 mirabili

112 5595 283 5651 ευ.
345 5609 420 5647 In.
473 5592 553 5647 De
596 5594 778 5648 eadem
804 5610 861 5648 re
887 5610 906 5649 :
934 5594 1019 5649 ubi
1047 5599 1312 5667 proposita
1354 5599 1589 5669 exempla
1619 5601 1683 5656 de
1790 5600 1856 5654 ad
1888 5600 2143 5655 ultionem
2174 5599 2544 5657 fornicationis
2569 5602 2684 5657 sine
2712 5600 2965 5660 dilatione
2992 5605 3231 5662 sanando
3261 5621 3378 5675 paco

53 5682 342 5745 ﬂandi,
382 5680 436 5735 Ν
441 5700 521 5745 oe,
552 5684 835 5749 Abraham,
878 5684 1273 5757 Melchisedech,
1302 5688 1526 5762 Hoysic,
1553 5690 1683 5748 Phi-
1791 5691 2034 5746 nitenti-ac
2064 5691 2416 5748 medicamine
2444 5694 2616 5764 stupri
2643 5691 2895 5751 affectum
2917 5736 2932 5762 ,
2974 5711 3041 5751 ne
3070 5697 3147 5752 ira
3180 5695 3378 5767 populo

48 5794 173 5834 nec;
206 5786 284 5831 et
316 5771 450 5828 λεια
481 5772 652 5829 Nave.
692 5803 764 5815 —
796 5774 965 5844 Quid,
995 5784 1051 5832 tu
1080 5778 1258 5838 infelix
1290 5781 1509 5855 popula,
1542 5797 1571 5839 a
1603 5791 1684 5839 ta-
1791 5784 2183 5857 inardescerct,
2212 5785 2350 5841 sicut
2380 5784 2606 5845 Pbinees
2633 5785 2883 5845 sacerdos
2932 5787 3117 5862 (Num.
3150 5805 3277 5856 xxv,
3305 5788 3376 5856 7;

116 5919 147 5949 ο
198 5907 413 5965 Forte
441 5905 713 5960 schemate.
