  <div class='ocr_page' id='page_1' title='image "/cluster/home/n/w/nwhite01/storage/ocr_20150623/69/hvd.32044054758727/213.png"; bbox 0 0 3954 6178; ppageno 0'>
   <div class='ocr_carea' id='block_1_1' title="bbox 599 384 696 441">
    <p class='ocr_par' dir='ltr' id='par_1_1' title="bbox 599 384 696 441">
     <span class='ocr_line' id='line_1_1' title="bbox 599 384 696 441; baseline 0 -1"><span class='ocrx_word' id='word_1_1' title='bbox 599 384 696 441; x_wconf 72' lang='grc'><strong>571</strong></span> 
     </span>
    </p>
   </div>
   <div class='ocr_carea' id='block_1_2' title="bbox 594 497 1077 569">
    <p class='ocr_par' dir='ltr' id='par_1_2' title="bbox 594 497 1077 569">
     <span class='ocr_line' id='line_1_2' title="bbox 594 497 1077 569; baseline -0.014 -11"><span class='ocrx_word' id='word_1_2' title='bbox 594 501 795 558; x_wconf 75' lang='lat' dir='ltr'><strong>Psalm.</strong></span> <span class='ocrx_word' id='word_1_3' title='bbox 829 515 918 568; x_wconf 89' lang='lat' dir='ltr'><strong>cv,</strong></span> <span class='ocrx_word' id='word_1_4' title='bbox 947 497 1035 569; x_wconf 87' lang='grc'><strong>51)</strong></span> <span class='ocrx_word' id='word_1_5' title='bbox 1062 539 1077 564; x_wconf 92' lang='grc'><strong>,</strong></span> 
     </span>
    </p>
   </div>
   <div class='ocr_carea' id='block_1_3' title="bbox 586 591 2169 665">
    <p class='ocr_par' dir='ltr' id='par_1_3' title="bbox 586 591 2169 665">
     <span class='ocr_line' id='line_1_3' title="bbox 586 591 2169 665; baseline -0.001 -15"><span class='ocrx_word' id='word_1_6' title='bbox 586 596 817 665; x_wconf 84' lang='lat' dir='ltr'><strong>justitia,</strong></span> <span class='ocrx_word' id='word_1_7' title='bbox 848 603 1065 648; x_wconf 98' lang='lat' dir='ltr'><strong>strenue</strong></span> <span class='ocrx_word' id='word_1_8' title='bbox 1092 593 1462 647; x_wconf 74' lang='lat' dir='ltr'><strong>consurrexit?</strong></span> <span class='ocrx_word' id='word_1_9' title='bbox 1492 591 1622 657; x_wconf 84' lang='lat' dir='ltr'><strong>Quis</strong></span> <span class='ocrx_word' id='word_1_10' title='bbox 1643 608 1770 647; x_wconf 88' lang='lat' dir='ltr'><strong>vero</strong></span> <span class='ocrx_word' id='word_1_11' title='bbox 1792 609 1976 648; x_wconf 88' lang='lat' dir='ltr'><strong>eorum</strong></span> <span class='ocrx_word' id='word_1_12' title='bbox 2005 595 2090 648; x_wconf 92' lang='lat' dir='ltr'><strong>vel</strong></span> <span class='ocrx_word' id='word_1_13' title='bbox 2118 595 2169 649; x_wconf 91' lang='lat' dir='ltr'><strong>in</strong></span> 
     </span>
    </p>
   </div>
   <div class='ocr_carea' id='block_1_4' title="bbox 590 681 2170 762">
    <p class='ocr_par' dir='ltr' id='par_1_4' title="bbox 590 681 2170 762">
     <span class='ocr_line' id='line_1_4' title="bbox 590 681 2170 762; baseline 0 -23"><span class='ocrx_word' id='word_1_14' title='bbox 590 685 1032 754; x_wconf 88' lang='lat' dir='ltr'><strong>exstirpationem</strong></span> <span class='ocrx_word' id='word_1_15' title='bbox 1056 698 1222 751; x_wconf 88' lang='lat' dir='ltr'><strong>usque</strong></span> <span class='ocrx_word' id='word_1_16' title='bbox 1246 681 1312 750; x_wconf 75' lang='lat' dir='ltr'><strong>ad</strong></span> <span class='ocrx_word' id='word_1_17' title='bbox 1337 682 1756 762; x_wconf 85' lang='lat' dir='ltr'><strong>internecionem</strong></span> <span class='ocrx_word' id='word_1_18' title='bbox 1784 683 1850 738; x_wconf 89' lang='lat' dir='ltr'><strong>de</strong></span> <span class='ocrx_word' id='word_1_19' title='bbox 1875 693 2015 739; x_wconf 90' lang='lat' dir='ltr'><strong>terra</strong></span> <span class='ocrx_word' id='word_1_20' title='bbox 2043 700 2170 754; x_wconf 89' lang='lat' dir='ltr'><strong>pro-</strong></span> 
     </span>
    </p>
   </div>
   <div class='ocr_carea' id='block_1_5' title="bbox 590 775 2168 846">
    <p class='ocr_par' dir='ltr' id='par_1_5' title="bbox 590 775 2168 846">
     <span class='ocr_line' id='line_1_5' title="bbox 590 775 2168 846; baseline 0.001 -14"><span class='ocrx_word' id='word_1_21' title='bbox 590 776 862 832; x_wconf 82' lang='lat' dir='ltr'><strong>missionis</strong></span> <span class='ocrx_word' id='word_1_22' title='bbox 883 785 1087 846; x_wconf 88' lang='lat' dir='ltr'><strong>septem</strong></span> <span class='ocrx_word' id='word_1_23' title='bbox 1109 775 1343 843; x_wconf 89' lang='lat' dir='ltr'><strong>gentium</strong></span> <span class='ocrx_word' id='word_1_24' title='bbox 1375 776 1566 830; x_wconf 86' lang='lat' dir='ltr'><strong>morali</strong></span> <span class='ocrx_word' id='word_1_25' title='bbox 1596 776 1967 845; x_wconf 76' lang='lat' dir='ltr'><strong>intelligentia,</strong></span> <span class='ocrx_word' id='word_1_26' title='bbox 1994 778 2075 831; x_wconf 89' lang='lat' dir='ltr'><strong>vel</strong></span> <span class='ocrx_word' id='word_1_27' title='bbox 2103 780 2168 833; x_wconf 91' lang='lat' dir='ltr'><strong>ad</strong></span> 
     </span>
    </p>
   </div>
   <div class='ocr_carea' id='block_1_6' title="bbox 588 865 2166 937">
    <p class='ocr_par' dir='ltr' id='par_1_6' title="bbox 588 865 2166 937">
     <span class='ocr_line' id='line_1_6' title="bbox 588 865 2166 937; baseline 0.001 -14"><span class='ocrx_word' id='word_1_28' title='bbox 588 866 1077 923; x_wconf 87' lang='lat' dir='ltr'><strong>constabilitionem</strong></span> <span class='ocrx_word' id='word_1_29' title='bbox 1106 866 1395 936; x_wconf 89' lang='lat' dir='ltr'><strong>spiritualis</strong></span> <span class='ocrx_word' id='word_1_30' title='bbox 1423 865 1583 922; x_wconf 86' lang='lat' dir='ltr'><strong>lsrael</strong></span> <span class='ocrx_word' id='word_1_31' title='bbox 1611 883 1710 936; x_wconf 87' lang='lat' dir='ltr'><strong>pro</strong></span> <span class='ocrx_word' id='word_1_32' title='bbox 1740 867 1818 922; x_wconf 87' lang='lat' dir='ltr'><strong>eis</strong></span> <span class='ocrx_word' id='word_1_33' title='bbox 1858 868 1991 937; x_wconf 79' lang='lat' dir='ltr'><strong>(Jos.</strong></span> <span class='ocrx_word' id='word_1_34' title='bbox 2020 886 2166 936; x_wconf 80' lang='lat' dir='ltr'><strong>xxiv,</strong></span> 
     </span>
    </p>
   </div>
   <div class='ocr_carea' id='block_1_7' title="bbox 593 955 1489 1027">
    <p class='ocr_par' dir='ltr' id='par_1_7' title="bbox 593 955 1489 1027">
     <span class='ocr_line' id='line_1_7' title="bbox 593 955 1489 1027; baseline -0.001 -17"><span class='ocrx_word' id='word_1_35' title='bbox 593 958 682 1027; x_wconf 85' lang='lat' dir='ltr'><strong>ll)</strong></span> <span class='ocrx_word' id='word_1_36' title='bbox 720 955 903 1013; x_wconf 84' lang='lat' dir='ltr'><strong>Jcsum</strong></span> <span class='ocrx_word' id='word_1_37' title='bbox 932 955 1078 1011; x_wconf 85' lang='lat' dir='ltr'><strong>Nave</strong></span> <span class='ocrx_word' id='word_1_38' title='bbox 1106 956 1344 1011; x_wconf 80' lang='lat' dir='ltr'><strong>imitatus</strong></span> <span class='ocrx_word' id='word_1_39' title='bbox 1372 957 1489 1010; x_wconf 83' lang='lat' dir='ltr'><strong>est?</strong></span> 
     </span>
    </p>
   </div>
   <div class='ocr_carea' id='block_1_8' title="bbox 661 1048 2168 1124">
    <p class='ocr_par' dir='ltr' id='par_1_8' title="bbox 661 1048 2168 1124">
     <span class='ocr_line' id='line_1_8' title="bbox 661 1048 2168 1124; baseline 0.003 -18"><span class='ocrx_word' id='word_1_40' title='bbox 661 1050 793 1106; x_wconf 70' lang='lat' dir='ltr'><strong>CAP.</strong></span> <span class='ocrx_word' id='word_1_41' title='bbox 823 1064 895 1103; x_wconf 89' lang='lat' dir='ltr'><strong>tv.</strong></span> <span class='ocrx_word' id='word_1_42' title='bbox 941 1048 1310 1119; x_wconf 86' lang='lat' dir='ltr'><strong>Proponuntur</strong></span> <span class='ocrx_word' id='word_1_43' title='bbox 1335 1049 1489 1104; x_wconf 79' lang='lat' dir='ltr'><strong>Jesus</strong></span> <span class='ocrx_word' id='word_1_44' title='bbox 1517 1060 1566 1104; x_wconf 86' lang='lat' dir='ltr'><strong>et</strong></span> <span class='ocrx_word' id='word_1_45' title='bbox 1593 1050 1816 1105; x_wconf 72' lang='lat' dir='ltr'><strong>Pliinees</strong></span> <span class='ocrx_word' id='word_1_46' title='bbox 1847 1055 1962 1121; x_wconf 90' lang='lat' dir='ltr'><strong>(seu</strong></span> <span class='ocrx_word' id='word_1_47' title='bbox 1991 1056 2168 1124; x_wconf 86' lang='lat' dir='ltr'><strong>potius</strong></span> 
     </span>
    </p>
   </div>
   <div class='ocr_carea' id='block_1_9' title="bbox 587 1140 2168 1213">
    <p class='ocr_par' dir='ltr' id='par_1_9' title="bbox 587 1140 2168 1213">
     <span class='ocr_line' id='line_1_9' title="bbox 587 1140 2168 1213; baseline -0.001 -14"><span class='ocrx_word' id='word_1_48' title='bbox 587 1143 927 1209; x_wconf 69' lang='lat' dir='ltr'><strong>Eleazarus),</strong></span> <span class='ocrx_word' id='word_1_49' title='bbox 969 1140 1182 1213; x_wconf 71' lang='lat' dir='ltr'><strong>Iephte,</strong></span> <span class='ocrx_word' id='word_1_50' title='bbox 1223 1141 1455 1207; x_wconf 83' lang='lat' dir='ltr'><strong>Jedeon,</strong></span> <span class='ocrx_word' id='word_1_51' title='bbox 1492 1142 1732 1198; x_wconf 80' lang='lat' dir='ltr'><strong>Samsom</strong></span> <span class='ocrx_word' id='word_1_52' title='bbox 1759 1155 1809 1198; x_wconf 90' lang='lat' dir='ltr'><strong>et</strong></span> <span class='ocrx_word' id='word_1_53' title='bbox 1834 1145 2064 1201; x_wconf 84' lang='lat' dir='ltr'><strong>Samuel.</strong></span> <span class='ocrx_word' id='word_1_54' title='bbox 2096 1175 2168 1186; x_wconf 90' lang='lat'><strong>—-—</strong></span> 
     </span>
    </p>
   </div>
   <div class='ocr_carea' id='block_1_10' title="bbox 588 1233 2167 1305">
    <p class='ocr_par' dir='ltr' id='par_1_10' title="bbox 588 1233 2167 1305">
     <span class='ocr_line' id='line_1_10' title="bbox 588 1233 2167 1305; baseline 0.002 -15"><span class='ocrx_word' id='word_1_55' title='bbox 588 1234 719 1302; x_wconf 86' lang='lat' dir='ltr'><strong>Quis</strong></span> <span class='ocrx_word' id='word_1_56' title='bbox 748 1249 933 1290; x_wconf 91' lang='lat' dir='ltr'><strong>eorum</strong></span> <span class='ocrx_word' id='word_1_57' title='bbox 963 1233 1160 1305; x_wconf 84' lang='lat' dir='ltr'><strong>populo</strong></span> <span class='ocrx_word' id='word_1_58' title='bbox 1182 1234 1276 1288; x_wconf 89' lang='lat' dir='ltr'><strong>Dei</strong></span> <span class='ocrx_word' id='word_1_59' title='bbox 1308 1233 1487 1289; x_wconf 84' lang='lat' dir='ltr'><strong>linales</strong></span> <span class='ocrx_word' id='word_1_60' title='bbox 1520 1236 1777 1291; x_wconf 88' lang='lat' dir='ltr'><strong>terminos</strong></span> <span class='ocrx_word' id='word_1_61' title='bbox 1804 1245 1952 1292; x_wconf 88' lang='lat' dir='ltr'><strong>trans</strong></span> <span class='ocrx_word' id='word_1_62' title='bbox 1978 1236 2167 1293; x_wconf 79' lang='lat' dir='ltr'><strong>Jorda-</strong></span> 
     </span>
    </p>
   </div>
   <div class='ocr_carea' id='block_1_11' title="bbox 584 1323 2165 1393">
    <p class='ocr_par' dir='ltr' id='par_1_11' title="bbox 584 1323 2165 1393">
     <span class='ocr_line' id='line_1_11' title="bbox 584 1323 2165 1393; baseline 0.002 -12"><span class='ocrx_word' id='word_1_63' title='bbox 584 1340 708 1381; x_wconf 91' lang='lat' dir='ltr'><strong>nem</strong></span> <span class='ocrx_word' id='word_1_64' title='bbox 733 1366 748 1391; x_wconf 91' lang='lat'><strong>,</strong></span> <span class='ocrx_word' id='word_1_65' title='bbox 786 1333 846 1379; x_wconf 92' lang='lat' dir='ltr'><strong>ut</strong></span> <span class='ocrx_word' id='word_1_66' title='bbox 868 1324 1095 1381; x_wconf 87' lang='lat' dir='ltr'><strong>sciretur</strong></span> <span class='ocrx_word' id='word_1_67' title='bbox 1117 1323 1244 1392; x_wconf 88' lang='lat' dir='ltr'><strong>quid</strong></span> <span class='ocrx_word' id='word_1_68' title='bbox 1272 1324 1463 1393; x_wconf 90' lang='lat' dir='ltr'><strong>cuique</strong></span> <span class='ocrx_word' id='word_1_69' title='bbox 1492 1325 1651 1380; x_wconf 87' lang='lat' dir='ltr'><strong>tribui</strong></span> <span class='ocrx_word' id='word_1_70' title='bbox 1678 1329 1992 1393; x_wconf 85' lang='lat' dir='ltr'><strong>conveniat,</strong></span> <span class='ocrx_word' id='word_1_71' title='bbox 2030 1330 2165 1384; x_wconf 86' lang='lat' dir='ltr'><strong>sicut</strong></span> 
     </span>
    </p>
   </div>
   <div class='ocr_carea' id='block_1_12' title="bbox 584 1414 2158 1489">
    <p class='ocr_par' dir='ltr' id='par_1_12' title="bbox 584 1414 2158 1489">
     <span class='ocr_line' id='line_1_12' title="bbox 584 1414 2158 1489; baseline -0.001 -15"><span class='ocrx_word' id='word_1_72' title='bbox 584 1416 906 1489; x_wconf 89' lang='lat' dir='ltr'><strong>supradicti,</strong></span> <span class='ocrx_word' id='word_1_73' title='bbox 937 1415 1167 1471; x_wconf 85' lang='lat' dir='ltr'><strong>Phinees</strong></span> <span class='ocrx_word' id='word_1_74' title='bbox 1198 1423 1223 1452; x_wconf 76' lang='grc'>⁸</span> <span class='ocrx_word' id='word_1_75' title='bbox 1251 1414 1459 1469; x_wconf 86' lang='lat' dir='ltr'><strong>scilicet</strong></span> <span class='ocrx_word' id='word_1_76' title='bbox 1485 1425 1541 1471; x_wconf 91' lang='lat' dir='ltr'><strong>et</strong></span> <span class='ocrx_word' id='word_1_77' title='bbox 1566 1414 1719 1472; x_wconf 83' lang='lat' dir='ltr'><strong>Jesus</strong></span> <span class='ocrx_word' id='word_1_78' title='bbox 1752 1416 1886 1486; x_wconf 82' lang='lat' dir='ltr'><strong>(Jos.</strong></span> <span class='ocrx_word' id='word_1_79' title='bbox 1913 1434 2024 1489; x_wconf 87' lang='grc' dir='ltr'>ιιι,</span> <span class='ocrx_word' id='word_1_80' title='bbox 2046 1418 2158 1489; x_wconf 85' lang='grc'><strong>51),</strong></span> 
     </span>
    </p>
   </div>
   <div class='ocr_carea' id='block_1_13' title="bbox 583 1506 2161 1579">
    <p class='ocr_par' dir='ltr' id='par_1_13' title="bbox 583 1506 2161 1579">
     <span class='ocr_line' id='line_1_13' title="bbox 583 1506 2161 1579; baseline -0.001 -13"><span class='ocrx_word' id='word_1_81' title='bbox 583 1510 849 1579; x_wconf 81' lang='lat' dir='ltr'><strong>sagaciter</strong></span> <span class='ocrx_word' id='word_1_82' title='bbox 876 1508 1133 1573; x_wconf 88' lang='lat' dir='ltr'><strong>divisere,</strong></span> <span class='ocrx_word' id='word_1_83' title='bbox 1166 1506 1435 1563; x_wconf 88' lang='lat' dir='ltr'><strong>ostendit?</strong></span> <span class='ocrx_word' id='word_1_84' title='bbox 1484 1506 1616 1573; x_wconf 87' lang='lat' dir='ltr'><strong>Quis</strong></span> <span class='ocrx_word' id='word_1_85' title='bbox 1644 1516 1703 1562; x_wconf 94' lang='lat' dir='ltr'><strong>ut</strong></span> <span class='ocrx_word' id='word_1_86' title='bbox 1731 1508 2161 1565; x_wconf 79' lang='lat' dir='ltr'><strong>adversariorum</strong></span> 
     </span>
    </p>
   </div>
   <div class='ocr_carea' id='block_1_14' title="bbox 582 1600 2163 1673">
    <p class='ocr_par' dir='ltr' id='par_1_14' title="bbox 582 1600 2163 1673">
     <span class='ocr_line' id='line_1_14' title="bbox 582 1600 2163 1673; baseline 0.001 -17"><span class='ocrx_word' id='word_1_87' title='bbox 582 1601 725 1673; x_wconf 87' lang='lat' dir='ltr'><strong>plebi</strong></span> <span class='ocrx_word' id='word_1_88' title='bbox 756 1600 850 1655; x_wconf 89' lang='lat' dir='ltr'><strong>Dei</strong></span> <span class='ocrx_word' id='word_1_89' title='bbox 879 1600 1170 1655; x_wconf 89' lang='lat' dir='ltr'><strong>immunem</strong></span> <span class='ocrx_word' id='word_1_90' title='bbox 1200 1608 1542 1669; x_wconf 87' lang='lat' dir='ltr'><strong>prosternere</strong></span> <span class='ocrx_word' id='word_1_91' title='bbox 1566 1600 1804 1670; x_wconf 85' lang='lat' dir='ltr'><strong>gentium</strong></span> <span class='ocrx_word' id='word_1_92' title='bbox 1831 1600 2015 1667; x_wconf 90' lang='lat' dir='ltr'><strong>millia,</strong></span> <span class='ocrx_word' id='word_1_93' title='bbox 2043 1603 2163 1657; x_wconf 88' lang='lat' dir='ltr'><strong>uni-</strong></span> 
     </span>
    </p>
   </div>
   <div class='ocr_carea' id='block_1_15' title="bbox 581 1690 2160 1762">
    <p class='ocr_par' dir='ltr' id='par_1_15' title="bbox 581 1690 2160 1762">
     <span class='ocr_line' id='line_1_15' title="bbox 581 1690 2160 1762; baseline -0.001 -12"><span class='ocrx_word' id='word_1_94' title='bbox 581 1709 699 1750; x_wconf 88' lang='lat' dir='ltr'><strong>cam</strong></span> <span class='ocrx_word' id='word_1_95' title='bbox 731 1690 892 1746; x_wconf 79' lang='lat' dir='ltr'><strong>ﬁliam</strong></span> <span class='ocrx_word' id='word_1_96' title='bbox 923 1707 1041 1760; x_wconf 71' lang='lat' dir='ltr'><strong>qua:</strong></span> <span class='ocrx_word' id='word_1_97' title='bbox 1070 1691 1283 1762; x_wconf 89' lang='lat' dir='ltr'><strong>propria</strong></span> <span class='ocrx_word' id='word_1_98' title='bbox 1312 1691 1562 1762; x_wconf 90' lang='lat' dir='ltr'><strong>voluptas</strong></span> <span class='ocrx_word' id='word_1_99' title='bbox 1589 1692 1922 1762; x_wconf 80' lang='lat' dir='ltr'><strong>intelligitur,</strong></span> <span class='ocrx_word' id='word_1_100' title='bbox 1950 1695 2160 1750; x_wconf 89' lang='lat' dir='ltr'><strong>imitans</strong></span> 
     </span>
    </p>
   </div>
   <div class='ocr_carea' id='block_1_16' title="bbox 580 1780 2156 1858">
    <p class='ocr_par' dir='ltr' id='par_1_16' title="bbox 580 1780 2156 1858">
     <span class='ocr_line' id='line_1_16' title="bbox 580 1780 2156 1858; baseline 0.001 -20"><span class='ocrx_word' id='word_1_101' title='bbox 580 1792 635 1838; x_wconf 93' lang='lat' dir='ltr'><strong>et</strong></span> <span class='ocrx_word' id='word_1_102' title='bbox 662 1785 714 1838; x_wconf 90' lang='lat' dir='ltr'><strong>in</strong></span> <span class='ocrx_word' id='word_1_103' title='bbox 745 1784 847 1837; x_wconf 91' lang='lat' dir='ltr'><strong>hoc</strong></span> <span class='ocrx_word' id='word_1_104' title='bbox 875 1782 1187 1852; x_wconf 85' lang='lat' dir='ltr'><strong>Apostolum</strong></span> <span class='ocrx_word' id='word_1_105' title='bbox 1228 1781 1493 1837; x_wconf 90' lang='lat' dir='ltr'><strong>dicentem</strong></span> <span class='ocrx_word' id='word_1_106' title='bbox 1525 1800 1538 1836; x_wconf 89' lang='lat'><strong>:</strong></span> <span class='ocrx_word' id='word_1_107' title='bbox 1572 1780 1694 1838; x_wconf 85' lang='lat' dir='ltr'><strong>Non</strong></span> <span class='ocrx_word' id='word_1_108' title='bbox 1739 1800 1973 1856; x_wconf 64' lang='lat' dir='ltr'><strong>quarens</strong></span> <span class='ocrx_word' id='word_1_109' title='bbox 2019 1786 2156 1858; x_wconf 86' lang='lat' dir='ltr'><strong>quod</strong></span> 
     </span>
    </p>
   </div>
   <div class='ocr_carea' id='block_1_17' title="bbox 1470 384 2950 451">
    <p class='ocr_par' dir='ltr' id='par_1_17' title="bbox 1470 384 2950 451">
     <span class='ocr_line' id='line_1_17' title="bbox 1470 384 2950 451; baseline 0.007 -10"><span class='ocrx_word' id='word_1_110' title='bbox 1470 384 1699 441; x_wconf 66' lang='lat' dir='ltr'><strong>GILDJS</strong></span> <span class='ocrx_word' id='word_1_111' title='bbox 1739 386 2092 444; x_wconf 66' lang='lat' dir='ltr'><strong>SAPlENTlS</strong></span> <span class='ocrx_word' id='word_1_112' title='bbox 2132 388 2215 443; x_wconf 76' lang='lat' dir='ltr'><strong>DE</strong></span> <span class='ocrx_word' id='word_1_113' title='bbox 2254 391 2524 447; x_wconf 64' lang='lat' dir='ltr'><strong>EXCIDIO</strong></span> <span class='ocrx_word' id='word_1_114' title='bbox 2563 394 2950 451; x_wconf 66' lang='lat' dir='ltr'><strong>BRITANNLE</strong></span> 
     </span>
    </p>
   </div>
   <div class='ocr_carea' id='block_1_18' title="bbox 1131 498 3841 578">
    <p class='ocr_par' dir='ltr' id='par_1_18' title="bbox 1131 498 3841 578">
     <span class='ocr_line' id='line_1_18' title="bbox 1131 498 3841 578; baseline 0.004 -25"><span class='ocrx_word' id='word_1_115' title='bbox 1131 504 1190 553; x_wconf 89' lang='lat' dir='ltr'><strong>ut</strong></span> <span class='ocrx_word' id='word_1_116' title='bbox 1218 513 1316 569; x_wconf 89' lang='lat' dir='ltr'><strong>per</strong></span> <span class='ocrx_word' id='word_1_117' title='bbox 1351 498 1453 553; x_wconf 85' lang='lat' dir='ltr'><strong>hoc</strong></span> <span class='ocrx_word' id='word_1_118' title='bbox 1500 500 1554 553; x_wconf 89' lang='lat' dir='ltr'><strong>in</strong></span> <span class='ocrx_word' id='word_1_119' title='bbox 1585 515 1701 555; x_wconf 79' lang='lat' dir='ltr'><strong>:cvo</strong></span> <span class='ocrx_word' id='word_1_120' title='bbox 1728 511 2066 571; x_wconf 89' lang='lat' dir='ltr'><strong>rcputaretur</strong></span> <span class='ocrx_word' id='word_1_121' title='bbox 2096 503 2168 557; x_wconf 90' lang='lat' dir='ltr'><strong>illi</strong></span> <span class='ocrx_word' id='word_1_122' title='bbox 2201 511 2246 568; x_wconf 80' lang='grc' dir='ltr'>Α</span> <span class='ocrx_word' id='word_1_123' title='bbox 2276 506 2447 559; x_wconf 78' lang='lat' dir='ltr'><strong>niatus</strong></span> <span class='ocrx_word' id='word_1_124' title='bbox 2501 523 2621 571; x_wconf 82' lang='lat' dir='ltr'><strong>nos,</strong></span> <span class='ocrx_word' id='word_1_125' title='bbox 2665 524 2824 578; x_wconf 84' lang='lat' dir='ltr'><strong>neque</strong></span> <span class='ocrx_word' id='word_1_126' title='bbox 2866 507 3192 578; x_wconf 80' lang='lat' dir='ltr'><strong>oppressisti,</strong></span> <span class='ocrx_word' id='word_1_127' title='bbox 3221 522 3379 578; x_wconf 86' lang='lat' dir='ltr'><strong>neque</strong></span> <span class='ocrx_word' id='word_1_128' title='bbox 3409 505 3567 561; x_wconf 78' lang='lat' dir='ltr'><strong>tulisti</strong></span> <span class='ocrx_word' id='word_1_129' title='bbox 3597 506 3660 561; x_wconf 74' lang='lat' dir='ltr'><strong>de</strong></span> <span class='ocrx_word' id='word_1_130' title='bbox 3687 525 3841 563; x_wconf 77' lang='lat' dir='ltr'><strong>manu</strong></span> 
     </span>
    </p>
   </div>
   <div class='ocr_carea' id='block_1_19' title="bbox 3744 396 3841 451">
    <p class='ocr_par' dir='ltr' id='par_1_19' title="bbox 3744 396 3841 451">
     <span class='ocr_line' id='line_1_19' title="bbox 3744 396 3841 451; baseline -0.01 0"><span class='ocrx_word' id='word_1_131' title='bbox 3744 396 3841 451; x_wconf 67' lang='lat'><strong>373</strong></span> 
     </span>
    </p>
   </div>
   <div class='ocr_carea' id='block_1_20' title="bbox 2271 595 3095 669">
    <p class='ocr_par' dir='ltr' id='par_1_20' title="bbox 2271 595 3095 669">
     <span class='ocr_line' id='line_1_20' title="bbox 2271 595 3095 669; baseline 0.005 -22"><span class='ocrx_word' id='word_1_132' title='bbox 2271 595 2491 667; x_wconf 68' lang='lat' dir='ltr'><strong>alicujus</strong></span> <span class='ocrx_word' id='word_1_133' title='bbox 2520 598 2777 667; x_wconf 80' lang='lat' dir='ltr'><strong>quippiam</strong></span> <span class='ocrx_word' id='word_1_134' title='bbox 2811 597 2993 669; x_wconf 81' lang='lat' dir='ltr'><strong>(Ibid.,</strong></span> <span class='ocrx_word' id='word_1_135' title='bbox 3021 597 3095 669; x_wconf 71' lang='grc'><strong>4).</strong></span> 
     </span>
    </p>
   </div>
   <div class='ocr_carea' id='block_1_21' title="bbox 2340 685 3840 759">
    <p class='ocr_par' dir='ltr' id='par_1_21' title="bbox 2340 685 3840 759">
     <span class='ocr_line' id='line_1_21' title="bbox 2340 685 3840 759; baseline 0.005 -20"><span class='ocrx_word' id='word_1_136' title='bbox 2340 685 2468 739; x_wconf 65' lang='lat' dir='ltr'><strong>Car.</strong></span> <span class='ocrx_word' id='word_1_137' title='bbox 2493 703 2544 741; x_wconf 91' lang='lat' dir='ltr'><strong>v.</strong></span> <span class='ocrx_word' id='word_1_138' title='bbox 2574 687 2917 745; x_wconf 83' lang='lat' dir='ltr'><strong>Rccensentur</strong></span> <span class='ocrx_word' id='word_1_139' title='bbox 2942 689 3175 759; x_wconf 73' lang='lat' dir='ltr'><strong>exempla</strong></span> <span class='ocrx_word' id='word_1_140' title='bbox 3201 686 3353 754; x_wconf 75' lang='lat' dir='ltr'><strong>Elite,</strong></span> <span class='ocrx_word' id='word_1_141' title='bbox 3380 686 3559 756; x_wconf 71' lang='lat' dir='ltr'><strong>Elistei</strong></span> <span class='ocrx_word' id='word_1_142' title='bbox 3585 698 3634 743; x_wconf 89' lang='lat' dir='ltr'><strong>et</strong></span> <span class='ocrx_word' id='word_1_143' title='bbox 3664 687 3840 747; x_wconf 68' lang='grc' dir='ltr'><strong>ιωεω.</strong></span> 
     </span>
    </p>
   </div>
   <div class='ocr_carea' id='block_1_22' title="bbox 2267 776 3841 851">
    <p class='ocr_par' dir='ltr' id='par_1_22' title="bbox 2267 776 3841 851">
     <span class='ocr_line' id='line_1_22' title="bbox 2267 776 3841 851; baseline 0.007 -21"><span class='ocrx_word' id='word_1_144' title='bbox 2267 801 2339 813; x_wconf 86' lang='lat'><strong>——</strong></span> <span class='ocrx_word' id='word_1_145' title='bbox 2368 776 2496 842; x_wconf 87' lang='lat' dir='ltr'><strong>Quis</strong></span> <span class='ocrx_word' id='word_1_146' title='bbox 2524 794 2711 833; x_wconf 91' lang='lat' dir='ltr'><strong>eorum</strong></span> <span class='ocrx_word' id='word_1_147' title='bbox 2744 780 2864 849; x_wconf 87' lang='lat' dir='ltr'><strong>igne</strong></span> <span class='ocrx_word' id='word_1_148' title='bbox 2910 780 3118 837; x_wconf 69' lang='lat' dir='ltr'><strong>coalesti</strong></span> <span class='ocrx_word' id='word_1_149' title='bbox 3166 788 3381 835; x_wconf 85' lang='lat' dir='ltr'><strong>centum</strong></span> <span class='ocrx_word' id='word_1_150' title='bbox 3419 782 3680 851; x_wconf 91' lang='lat' dir='ltr'><strong>superbos</strong></span> <span class='ocrx_word' id='word_1_151' title='bbox 3708 799 3841 841; x_wconf 84' lang='lat' dir='ltr'><strong>exu-</strong></span> 
     </span>
    </p>
   </div>
   <div class='ocr_carea' id='block_1_23' title="bbox 2269 860 3842 945">
    <p class='ocr_par' dir='ltr' id='par_1_23' title="bbox 2269 860 3842 945">
     <span class='ocr_line' id='line_1_23' title="bbox 2269 860 3842 945; baseline 0.008 -28"><span class='ocrx_word' id='word_1_152' title='bbox 2269 879 2392 919; x_wconf 89' lang='lat' dir='ltr'><strong>rens</strong></span> <span class='ocrx_word' id='word_1_153' title='bbox 2413 906 2427 930; x_wconf 94' lang='lat'><strong>,</strong></span> <span class='ocrx_word' id='word_1_154' title='bbox 2460 867 2841 935; x_wconf 89' lang='lat' dir='ltr'><strong>quinquaginta</strong></span> <span class='ocrx_word' id='word_1_155' title='bbox 2870 868 3097 923; x_wconf 89' lang='lat' dir='ltr'><strong>humiles</strong></span> <span class='ocrx_word' id='word_1_156' title='bbox 3123 883 3343 923; x_wconf 90' lang='lat' dir='ltr'><strong>servans</strong></span> <span class='ocrx_word' id='word_1_157' title='bbox 3380 867 3487 940; x_wconf 83' lang='lat' dir='ltr'><strong>(IV</strong></span> <span class='ocrx_word' id='word_1_158' title='bbox 3520 869 3647 943; x_wconf 85' lang='lat' dir='ltr'><strong>Reg.</strong></span> <span class='ocrx_word' id='word_1_159' title='bbox 3677 888 3719 943; x_wconf 87' lang='grc' dir='ltr'>ι,</span> <span class='ocrx_word' id='word_1_160' title='bbox 3752 860 3842 945; x_wconf 78' lang='grc' dir='ltr'><strong>ιο,</strong></span> 
     </span>
    </p>
   </div>
   <div class='ocr_carea' id='block_1_24' title="bbox 2270 955 3843 1037">
    <p class='ocr_par' dir='ltr' id='par_1_24' title="bbox 2270 955 3843 1037">
     <span class='ocr_line' id='line_1_24' title="bbox 2270 955 3843 1037; baseline 0.01 -30"><span class='ocrx_word' id='word_1_161' title='bbox 2270 955 2355 1018; x_wconf 87' lang='grc'><strong>11,</strong></span> <span class='ocrx_word' id='word_1_162' title='bbox 2390 956 2520 1028; x_wconf 87' lang='lat' dir='ltr'><strong>l5),</strong></span> <span class='ocrx_word' id='word_1_163' title='bbox 2563 968 2618 1013; x_wconf 90' lang='lat' dir='ltr'><strong>et</strong></span> <span class='ocrx_word' id='word_1_164' title='bbox 2663 960 2865 1028; x_wconf 91' lang='lat' dir='ltr'><strong>absque</strong></span> <span class='ocrx_word' id='word_1_165' title='bbox 2907 960 3225 1016; x_wconf 86' lang='lat' dir='ltr'><strong>adulationis</strong></span> <span class='ocrx_word' id='word_1_166' title='bbox 3262 961 3383 1018; x_wconf 92' lang='lat' dir='ltr'><strong>fuco</strong></span> <span class='ocrx_word' id='word_1_167' title='bbox 3413 979 3519 1018; x_wconf 93' lang='lat' dir='ltr'><strong>non</strong></span> <span class='ocrx_word' id='word_1_168' title='bbox 3550 965 3715 1022; x_wconf 88' lang='lat' dir='ltr'><strong>Deum</strong></span> <span class='ocrx_word' id='word_1_169' title='bbox 3744 981 3843 1037; x_wconf 79' lang='lat' dir='ltr'><strong>per</strong></span> 
     </span>
    </p>
   </div>
   <div class='ocr_carea' id='block_1_25' title="bbox 2268 1048 3842 1119">
    <p class='ocr_par' dir='ltr' id='par_1_25' title="bbox 2268 1048 3842 1119">
     <span class='ocr_line' id='line_1_25' title="bbox 2268 1048 3842 1119; baseline 0.008 -19"><span class='ocrx_word' id='word_1_170' title='bbox 2268 1048 2572 1117; x_wconf 84' lang='lat' dir='ltr'><strong>prophetas,</strong></span> <span class='ocrx_word' id='word_1_171' title='bbox 2603 1050 2696 1105; x_wconf 88' lang='lat' dir='ltr'><strong>sed</strong></span> <span class='ocrx_word' id='word_1_172' title='bbox 2745 1051 2943 1105; x_wconf 87' lang='lat' dir='ltr'><strong>idolum</strong></span> <span class='ocrx_word' id='word_1_173' title='bbox 2972 1051 3235 1119; x_wconf 83' lang='lat' dir='ltr'><strong>Accaron,</strong></span> <span class='ocrx_word' id='word_1_174' title='bbox 3284 1054 3583 1109; x_wconf 83' lang='lat' dir='ltr'><strong>consulenti</strong></span> <span class='ocrx_word' id='word_1_175' title='bbox 3612 1066 3842 1113; x_wconf 85' lang='lat' dir='ltr'><strong>mortem</strong></span> 
     </span>
    </p>
   </div>
   <div class='ocr_carea' id='block_1_26' title="bbox 2267 1139 3840 1216">
    <p class='ocr_par' dir='ltr' id='par_1_26' title="bbox 2267 1139 3840 1216">
     <span class='ocr_line' id='line_1_26' title="bbox 2267 1139 3840 1216; baseline 0.006 -24"><span class='ocrx_word' id='word_1_176' title='bbox 2267 1139 2634 1195; x_wconf 90' lang='lat' dir='ltr'><strong>imminentem</strong></span> <span class='ocrx_word' id='word_1_177' title='bbox 2665 1141 2849 1209; x_wconf 89' lang='lat' dir='ltr'><strong>iniquo</strong></span> <span class='ocrx_word' id='word_1_178' title='bbox 2877 1143 2988 1210; x_wconf 89' lang='lat' dir='ltr'><strong>regi</strong></span> <span class='ocrx_word' id='word_1_179' title='bbox 3018 1144 3336 1197; x_wconf 87' lang='lat' dir='ltr'><strong>annuntians</strong></span> <span class='ocrx_word' id='word_1_180' title='bbox 3363 1143 3550 1215; x_wconf 85' lang='lat' dir='ltr'><strong>(Ibid.,</strong></span> <span class='ocrx_word' id='word_1_181' title='bbox 3577 1144 3690 1216; x_wconf 85' lang='lat' dir='ltr'><strong>l6),</strong></span> <span class='ocrx_word' id='word_1_182' title='bbox 3717 1163 3840 1203; x_wconf 88' lang='lat' dir='ltr'><strong>om-</strong></span> 
     </span>
    </p>
   </div>
   <div class='ocr_carea' id='block_1_27' title="bbox 2265 1231 3840 1307">
    <p class='ocr_par' dir='ltr' id='par_1_27' title="bbox 2265 1231 3840 1307">
     <span class='ocr_line' id='line_1_27' title="bbox 2265 1231 3840 1307; baseline 0.008 -25"><span class='ocrx_word' id='word_1_183' title='bbox 2265 1244 2361 1283; x_wconf 91' lang='lat' dir='ltr'><strong>nes</strong></span> <span class='ocrx_word' id='word_1_184' title='bbox 2390 1231 2679 1300; x_wconf 88' lang='lat' dir='ltr'><strong>prophetas</strong></span> <span class='ocrx_word' id='word_1_185' title='bbox 2706 1232 2974 1287; x_wconf 87' lang='lat' dir='ltr'><strong>simulacri</strong></span> <span class='ocrx_word' id='word_1_186' title='bbox 3012 1233 3139 1287; x_wconf 89' lang='lat' dir='ltr'><strong>Baal</strong></span> <span class='ocrx_word' id='word_1_187' title='bbox 3188 1233 3299 1307; x_wconf 91' lang='lat' dir='ltr'><strong>(qui</strong></span> <span class='ocrx_word' id='word_1_188' title='bbox 3330 1235 3661 1305; x_wconf 82' lang='lat' dir='ltr'><strong>interpretati</strong></span> <span class='ocrx_word' id='word_1_189' title='bbox 3692 1239 3840 1294; x_wconf 77' lang='lat' dir='ltr'><strong>acci-</strong></span> 
     </span>
    </p>
   </div>
   <div class='ocr_carea' id='block_1_28' title="bbox 2265 1319 3841 1398">
    <p class='ocr_par' dir='ltr' id='par_1_28' title="bbox 2265 1319 3841 1398">
     <span class='ocr_line' id='line_1_28' title="bbox 2265 1319 3841 1398; baseline 0.006 -26"><span class='ocrx_word' id='word_1_190' title='bbox 2265 1319 2482 1388; x_wconf 89' lang='lat' dir='ltr'><strong>piuntur</strong></span> <span class='ocrx_word' id='word_1_191' title='bbox 2523 1333 2711 1375; x_wconf 85' lang='lat' dir='ltr'><strong>sensus</strong></span> <span class='ocrx_word' id='word_1_192' title='bbox 2755 1320 2970 1376; x_wconf 90' lang='lat' dir='ltr'><strong>humani</strong></span> <span class='ocrx_word' id='word_1_193' title='bbox 3021 1322 3230 1378; x_wconf 64' lang='lat' dir='ltr'><strong>invidiae</strong></span> <span class='ocrx_word' id='word_1_194' title='bbox 3256 1366 3271 1391; x_wconf 90' lang='lat'><strong>,</strong></span> <span class='ocrx_word' id='word_1_195' title='bbox 3312 1326 3584 1395; x_wconf 62' lang='lat' dir='ltr'><strong>avaritias,</strong></span> <span class='ocrx_word' id='word_1_196' title='bbox 3628 1336 3687 1381; x_wconf 91' lang='lat' dir='ltr'><strong>ut</strong></span> <span class='ocrx_word' id='word_1_197' title='bbox 3720 1327 3841 1398; x_wconf 86' lang='lat' dir='ltr'><strong>jam</strong></span> 
     </span>
    </p>
   </div>
   <div class='ocr_carea' id='block_1_29' title="bbox 2263 1407 3843 1483">
    <p class='ocr_par' dir='ltr' id='par_1_29' title="bbox 2263 1407 3843 1483">
     <span class='ocr_line' id='line_1_29' title="bbox 2263 1407 3843 1483; baseline 0.008 -22"><span class='ocrx_word' id='word_1_198' title='bbox 2263 1407 2513 1474; x_wconf 81' lang='lat' dir='ltr'><strong>diximus,</strong></span> <span class='ocrx_word' id='word_1_199' title='bbox 2556 1425 2769 1480; x_wconf 86' lang='lat' dir='ltr'><strong>semper</strong></span> <span class='ocrx_word' id='word_1_200' title='bbox 2796 1409 3018 1483; x_wconf 85' lang='lat' dir='ltr'><strong>intenti)</strong></span> <span class='ocrx_word' id='word_1_201' title='bbox 3065 1429 3323 1469; x_wconf 89' lang='lat' dir='ltr'><strong>mucrone</strong></span> <span class='ocrx_word' id='word_1_202' title='bbox 3350 1430 3590 1481; x_wconf 88' lang='lat' dir='ltr'><strong>corusco,</strong></span> <span class='ocrx_word' id='word_1_203' title='bbox 3623 1417 3726 1473; x_wconf 92' lang='lat' dir='ltr'><strong>hoc</strong></span> <span class='ocrx_word' id='word_1_204' title='bbox 3755 1426 3843 1473; x_wconf 88' lang='lat' dir='ltr'><strong>est</strong></span> 
     </span>
    </p>
   </div>
   <div class='ocr_carea' id='block_1_30' title="bbox 2261 1499 3838 1578">
    <p class='ocr_par' dir='ltr' id='par_1_30' title="bbox 2261 1499 3838 1578">
     <span class='ocr_line' id='line_1_30' title="bbox 2261 1499 3838 1578; baseline 0.006 -26"><span class='ocrx_word' id='word_1_205' title='bbox 2261 1500 2426 1554; x_wconf 87' lang='lat' dir='ltr'><strong>verbo</strong></span> <span class='ocrx_word' id='word_1_206' title='bbox 2442 1499 2559 1569; x_wconf 87' lang='lat' dir='ltr'><strong>Dei,</strong></span> <span class='ocrx_word' id='word_1_207' title='bbox 2572 1510 2628 1555; x_wconf 92' lang='lat' dir='ltr'><strong>ut</strong></span> <span class='ocrx_word' id='word_1_208' title='bbox 2649 1500 2791 1555; x_wconf 84' lang='lat' dir='ltr'><strong>Elias</strong></span> <span class='ocrx_word' id='word_1_209' title='bbox 2810 1503 3054 1571; x_wconf 85' lang='lat' dir='ltr'><strong>egregius</strong></span> <span class='ocrx_word' id='word_1_210' title='bbox 3074 1512 3244 1568; x_wconf 88' lang='lat' dir='ltr'><strong>vates,</strong></span> <span class='ocrx_word' id='word_1_211' title='bbox 3259 1507 3544 1573; x_wconf 85' lang='lat' dir='ltr'><strong>prostravit</strong></span> <span class='ocrx_word' id='word_1_212' title='bbox 3567 1505 3683 1575; x_wconf 82' lang='lat' dir='ltr'><strong>(III</strong></span> <span class='ocrx_word' id='word_1_213' title='bbox 3701 1506 3838 1578; x_wconf 86' lang='lat' dir='ltr'><strong>Reg.</strong></span> 
     </span>
    </p>
   </div>
   <div class='ocr_carea' id='block_1_31' title="bbox 2262 1588 3841 1665">
    <p class='ocr_par' dir='ltr' id='par_1_31' title="bbox 2262 1588 3841 1665">
     <span class='ocr_line' id='line_1_31' title="bbox 2262 1588 3841 1665; baseline 0.006 -22"><span class='ocrx_word' id='word_1_214' title='bbox 2262 1604 2428 1653; x_wconf 88' lang='lat' dir='ltr'><strong>xvm,</strong></span> <span class='ocrx_word' id='word_1_215' title='bbox 2469 1588 2604 1659; x_wconf 70' lang='grc'><strong>40),</strong></span> <span class='ocrx_word' id='word_1_216' title='bbox 2646 1597 2700 1645; x_wconf 89' lang='lat' dir='ltr'><strong>et</strong></span> <span class='ocrx_word' id='word_1_217' title='bbox 2736 1591 2851 1645; x_wconf 57' lang='lat' dir='ltr'><strong>zeli</strong></span> <span class='ocrx_word' id='word_1_218' title='bbox 2889 1591 2982 1647; x_wconf 89' lang='lat' dir='ltr'><strong>Dei</strong></span> <span class='ocrx_word' id='word_1_219' title='bbox 3025 1601 3324 1648; x_wconf 90' lang='lat' dir='ltr'><strong>commotus</strong></span> <span class='ocrx_word' id='word_1_220' title='bbox 3350 1594 3649 1665; x_wconf 89' lang='lat' dir='ltr'><strong>iniquorum</strong></span> <span class='ocrx_word' id='word_1_221' title='bbox 3676 1606 3841 1653; x_wconf 71' lang='lat' dir='ltr'><strong>terra</strong></span> 
     </span>
    </p>
   </div>
   <div class='ocr_carea' id='block_1_32' title="bbox 2261 1678 3838 1757">
    <p class='ocr_par' dir='ltr' id='par_1_32' title="bbox 2261 1678 3838 1757">
     <span class='ocr_line' id='line_1_32' title="bbox 2261 1678 3838 1757; baseline 0.007 -25"><span class='ocrx_word' id='word_1_222' title='bbox 2261 1678 2460 1735; x_wconf 89' lang='lat' dir='ltr'><strong>imbres</strong></span> <span class='ocrx_word' id='word_1_223' title='bbox 2487 1679 2725 1736; x_wconf 89' lang='lat' dir='ltr'><strong>adimens</strong></span> <span class='ocrx_word' id='word_1_224' title='bbox 2763 1681 3073 1746; x_wconf 82' lang='lat' dir='ltr'><strong>:ctherales,</strong></span> <span class='ocrx_word' id='word_1_225' title='bbox 3107 1698 3171 1738; x_wconf 91' lang='lat' dir='ltr'><strong>ac</strong></span> <span class='ocrx_word' id='word_1_226' title='bbox 3198 1684 3242 1739; x_wconf 88' lang='lat' dir='ltr'><strong>si</strong></span> <span class='ocrx_word' id='word_1_227' title='bbox 3271 1682 3561 1740; x_wconf 89' lang='lat' dir='ltr'><strong>fortissimo</strong></span> <span class='ocrx_word' id='word_1_228' title='bbox 3589 1688 3838 1757; x_wconf 71' lang='lat' dir='ltr'><strong>penuria:</strong></span> 
     </span>
    </p>
   </div>
   <div class='ocr_carea' id='block_1_33' title="bbox 2259 1770 3838 1843">
    <p class='ocr_par' dir='ltr' id='par_1_33' title="bbox 2259 1770 3838 1843">
     <span class='ocr_line' id='line_1_33' title="bbox 2259 1770 3838 1843; baseline 0.009 -20"><span class='ocrx_word' id='word_1_229' title='bbox 2259 1770 2504 1827; x_wconf 92' lang='lat' dir='ltr'><strong>clustello</strong></span> <span class='ocrx_word' id='word_1_230' title='bbox 2549 1772 2721 1828; x_wconf 89' lang='lat' dir='ltr'><strong>tribus</strong></span> <span class='ocrx_word' id='word_1_231' title='bbox 2780 1774 2933 1829; x_wconf 90' lang='lat' dir='ltr'><strong>anuis</strong></span> <span class='ocrx_word' id='word_1_232' title='bbox 2990 1789 3192 1843; x_wconf 80' lang='lat' dir='ltr'><strong>sexque</strong></span> <span class='ocrx_word' id='word_1_233' title='bbox 3239 1776 3509 1832; x_wconf 88' lang='lat' dir='ltr'><strong>mensibus</strong></span> <span class='ocrx_word' id='word_1_234' title='bbox 3555 1778 3838 1837; x_wconf 81' lang='lat' dir='ltr'><strong>obseratos</strong></span> 
     </span>
    </p>
   </div>
   <div class='ocr_carea' id='block_1_34' title="bbox 578 1859 2143 1945">
    <p class='ocr_par' dir='ltr' id='par_1_34' title="bbox 578 1872 2143 1945">
     <span class='ocr_line' id='line_1_34' title="bbox 578 1872 2143 1945; baseline 0.001 -16"><span class='ocrx_word' id='word_1_235' title='bbox 578 1874 705 1929; x_wconf 82' lang='lat' dir='ltr'><strong>mihi</strong></span> <span class='ocrx_word' id='word_1_236' title='bbox 734 1873 858 1927; x_wconf 84' lang='lat' dir='ltr'><strong>utile</strong></span> <span class='ocrx_word' id='word_1_237' title='bbox 883 1880 991 1940; x_wconf 79' lang='lat' dir='ltr'><strong>est,</strong></span> <span class='ocrx_word' id='word_1_238' title='bbox 1018 1872 1108 1926; x_wconf 83' lang='lat' dir='ltr'><strong>sed</strong></span> <span class='ocrx_word' id='word_1_239' title='bbox 1136 1872 1271 1942; x_wconf 86' lang='lat' dir='ltr'><strong>quod</strong></span> <span class='ocrx_word' id='word_1_240' title='bbox 1300 1872 1502 1939; x_wconf 86' lang='lat' dir='ltr'><strong>multis,</strong></span> <span class='ocrx_word' id='word_1_241' title='bbox 1529 1881 1584 1926; x_wconf 91' lang='lat' dir='ltr'><strong>ut</strong></span> <span class='ocrx_word' id='word_1_242' title='bbox 1617 1873 1748 1933; x_wconf 75' lang='lat' dir='ltr'><strong>salvi</strong></span> <span class='ocrx_word' id='word_1_243' title='bbox 1771 1875 1903 1944; x_wconf 79' lang='lat' dir='ltr'><strong>ﬁant</strong></span> <span class='ocrx_word' id='word_1_244' title='bbox 1950 1872 2005 1945; x_wconf 91' lang='grc' dir='ltr'><strong>(Ι</strong></span> <span class='ocrx_word' id='word_1_245' title='bbox 2033 1874 2143 1931; x_wconf 87' lang='lat' dir='ltr'><strong>Cor.</strong></span> 
     </span>
    </p>
   </div>
   <div class='ocr_carea' id='block_1_35' title="bbox 2247 1859 3837 1945">
    <p class='ocr_par' dir='ltr' id='par_1_35' title="bbox 2262 1859 3837 1934">
     <span class='ocr_line' id='line_1_35' title="bbox 2262 1859 3837 1934; baseline 0.006 -21"><span class='ocrx_word' id='word_1_246' title='bbox 2262 1859 2383 1933; x_wconf 84' lang='grc' dir='ltr'><strong>(ΙΙΙ</strong></span> <span class='ocrx_word' id='word_1_247' title='bbox 2405 1860 2531 1933; x_wconf 88' lang='lat' dir='ltr'><strong>Reg.</strong></span> <span class='ocrx_word' id='word_1_248' title='bbox 2563 1877 2693 1929; x_wconf 89' lang='lat' dir='ltr'><strong>xvn,</strong></span> <span class='ocrx_word' id='word_1_249' title='bbox 2723 1861 2814 1934; x_wconf 86' lang='grc'><strong>1),</strong></span> <span class='ocrx_word' id='word_1_250' title='bbox 2845 1862 3013 1929; x_wconf 90' lang='lat' dir='ltr'><strong>fame,</strong></span> <span class='ocrx_word' id='word_1_251' title='bbox 3044 1864 3130 1918; x_wconf 87' lang='lat' dir='ltr'><strong>siti</strong></span> <span class='ocrx_word' id='word_1_252' title='bbox 3158 1864 3509 1921; x_wconf 88' lang='lat' dir='ltr'><strong>moribundus</strong></span> <span class='ocrx_word' id='word_1_253' title='bbox 3533 1866 3587 1921; x_wconf 91' lang='lat' dir='ltr'><strong>in</strong></span> <span class='ocrx_word' id='word_1_254' title='bbox 3612 1867 3837 1924; x_wconf 89' lang='lat' dir='ltr'><strong>deserto</strong></span> 
     </span>
    </p>
   </div>
   <div class='ocr_carea' id='block_1_36' title="bbox 576 1960 2158 2035">
    <p class='ocr_par' dir='ltr' id='par_1_36' title="bbox 576 1960 2158 2035">
     <span class='ocr_line' id='line_1_36' title="bbox 576 1960 2158 2035; baseline 0.003 -18"><span class='ocrx_word' id='word_1_255' title='bbox 576 1978 632 2028; x_wconf 90' lang='lat' dir='ltr'><strong>x,</strong></span> <span class='ocrx_word' id='word_1_256' title='bbox 664 1962 776 2032; x_wconf 81' lang='lat'><strong>33),</strong></span> <span class='ocrx_word' id='word_1_257' title='bbox 808 1961 1114 2017; x_wconf 90' lang='lat' dir='ltr'><strong>obviantem</strong></span> <span class='ocrx_word' id='word_1_258' title='bbox 1137 1960 1428 2016; x_wconf 90' lang='lat' dir='ltr'><strong>victoribus</strong></span> <span class='ocrx_word' id='word_1_259' title='bbox 1455 1976 1574 2016; x_wconf 92' lang='lat' dir='ltr'><strong>cum</strong></span> <span class='ocrx_word' id='word_1_260' title='bbox 1604 1961 1870 2035; x_wconf 83' lang='lat' dir='ltr'><strong>tympanis</strong></span> <span class='ocrx_word' id='word_1_261' title='bbox 1900 1972 1953 2019; x_wconf 91' lang='lat' dir='ltr'><strong>et</strong></span> <span class='ocrx_word' id='word_1_262' title='bbox 1977 1965 2158 2021; x_wconf 84' lang='lat' dir='ltr'><strong>choris</strong></span> 
     </span>
    </p>
   </div>
   <div class='ocr_carea' id='block_1_37' title="bbox 578 2052 2154 2126">
    <p class='ocr_par' dir='ltr' id='par_1_37' title="bbox 578 2052 2154 2126">
     <span class='ocr_line' id='line_1_37' title="bbox 578 2052 2154 2126; baseline 0.002 -17"><span class='ocrx_word' id='word_1_263' title='bbox 578 2055 774 2126; x_wconf 84' lang='lat' dir='ltr'><strong>(Judic.</strong></span> <span class='ocrx_word' id='word_1_264' title='bbox 806 2070 880 2117; x_wconf 81' lang='lat' dir='ltr'><strong>xi,</strong></span> <span class='ocrx_word' id='word_1_265' title='bbox 907 2052 1023 2126; x_wconf 90' lang='grc'><strong>51),</strong></span> <span class='ocrx_word' id='word_1_266' title='bbox 1053 2052 1105 2108; x_wconf 91' lang='lat' dir='ltr'><strong>id</strong></span> <span class='ocrx_word' id='word_1_267' title='bbox 1128 2060 1211 2109; x_wconf 89' lang='lat' dir='ltr'><strong>est</strong></span> <span class='ocrx_word' id='word_1_268' title='bbox 1240 2053 1544 2109; x_wconf 88' lang='lat' dir='ltr'><strong>carnalibus</strong></span> <span class='ocrx_word' id='word_1_269' title='bbox 1570 2052 1871 2122; x_wconf 87' lang='lat' dir='ltr'><strong>desideriis,</strong></span> <span class='ocrx_word' id='word_1_270' title='bbox 1902 2056 1954 2112; x_wconf 93' lang='lat' dir='ltr'><strong>in</strong></span> <span class='ocrx_word' id='word_1_271' title='bbox 1984 2057 2154 2114; x_wconf 90' lang='lat' dir='ltr'><strong>sacri-</strong></span> 
     </span>
    </p>
   </div>
   <div class='ocr_carea' id='block_1_38' title="bbox 576 2142 2155 2216">
    <p class='ocr_par' dir='ltr' id='par_1_38' title="bbox 576 2142 2155 2216">
     <span class='ocr_line' id='line_1_38' title="bbox 576 2142 2155 2216; baseline 0.002 -17"><span class='ocrx_word' id='word_1_272' title='bbox 576 2144 756 2203; x_wconf 82' lang='lat' dir='ltr'><strong>ﬁcium</strong></span> <span class='ocrx_word' id='word_1_273' title='bbox 788 2146 977 2201; x_wconf 60' lang='lat' dir='ltr'><strong>votivae</strong></span> <span class='ocrx_word' id='word_1_274' title='bbox 1005 2142 1341 2216; x_wconf 88' lang='lat' dir='ltr'><strong>placationis,</strong></span> <span class='ocrx_word' id='word_1_275' title='bbox 1372 2152 1432 2199; x_wconf 90' lang='lat' dir='ltr'><strong>ut</strong></span> <span class='ocrx_word' id='word_1_276' title='bbox 1458 2142 1668 2215; x_wconf 82' lang='lat' dir='ltr'><strong>Jepbte,</strong></span> <span class='ocrx_word' id='word_1_277' title='bbox 1700 2146 1990 2201; x_wconf 78' lang='lat' dir='ltr'><strong>mactavit?</strong></span> <span class='ocrx_word' id='word_1_278' title='bbox 2023 2147 2155 2213; x_wconf 90' lang='lat' dir='ltr'><strong>Quis</strong></span> 
     </span>
    </p>
   </div>
   <div class='ocr_carea' id='block_1_39' title="bbox 574 2235 2152 2309">
    <p class='ocr_par' dir='ltr' id='par_1_39' title="bbox 574 2235 2152 2309">
     <span class='ocr_line' id='line_1_39' title="bbox 574 2235 2152 2309; baseline 0.001 -16"><span class='ocrx_word' id='word_1_279' title='bbox 574 2253 761 2294; x_wconf 88' lang='lat' dir='ltr'><strong>eorum</strong></span> <span class='ocrx_word' id='word_1_280' title='bbox 784 2237 853 2293; x_wconf 87' lang='lat' dir='ltr'><strong>ad</strong></span> <span class='ocrx_word' id='word_1_281' title='bbox 874 2236 1239 2293; x_wconf 88' lang='lat' dir='ltr'><strong>conturbanda</strong></span> <span class='ocrx_word' id='word_1_282' title='bbox 1254 2277 1269 2304; x_wconf 92' lang='lat'><strong>,</strong></span> <span class='ocrx_word' id='word_1_283' title='bbox 1296 2235 1523 2307; x_wconf 80' lang='lat' dir='ltr'><strong>fuganda</strong></span> <span class='ocrx_word' id='word_1_284' title='bbox 1546 2238 1939 2307; x_wconf 89' lang='lat' dir='ltr'><strong>sternendaque</strong></span> <span class='ocrx_word' id='word_1_285' title='bbox 1965 2253 2152 2309; x_wconf 91' lang='lat' dir='ltr'><strong>super-</strong></span> 
     </span>
    </p>
   </div>
   <div class='ocr_carea' id='block_1_40' title="bbox 572 2328 2152 2401">
    <p class='ocr_par' dir='ltr' id='par_1_40' title="bbox 572 2328 2152 2401">
     <span class='ocr_line' id='line_1_40' title="bbox 572 2328 2152 2401; baseline 0.001 -17"><span class='ocrx_word' id='word_1_286' title='bbox 572 2329 763 2384; x_wconf 89' lang='lat' dir='ltr'><strong>barum</strong></span> <span class='ocrx_word' id='word_1_287' title='bbox 789 2328 1027 2398; x_wconf 88' lang='lat' dir='ltr'><strong>gentium</strong></span> <span class='ocrx_word' id='word_1_288' title='bbox 1057 2335 1232 2383; x_wconf 87' lang='lat' dir='ltr'><strong>castra</strong></span> <span class='ocrx_word' id='word_1_289' title='bbox 1271 2329 1541 2400; x_wconf 82' lang='lat' dir='ltr'><strong>mysteriis</strong></span> <span class='ocrx_word' id='word_1_290' title='bbox 1569 2328 1873 2395; x_wconf 89' lang='lat' dir='ltr'><strong>Trinitatis,</strong></span> <span class='ocrx_word' id='word_1_291' title='bbox 1906 2337 1966 2385; x_wconf 93' lang='lat' dir='ltr'><strong>ut</strong></span> <span class='ocrx_word' id='word_1_292' title='bbox 1991 2345 2152 2401; x_wconf 88' lang='lat' dir='ltr'><strong>supra</strong></span> 
     </span>
    </p>
   </div>
   <div class='ocr_carea' id='block_1_41' title="bbox 571 2416 2148 2489">
    <p class='ocr_par' dir='ltr' id='par_1_41' title="bbox 571 2416 2148 2489">
     <span class='ocr_line' id='line_1_41' title="bbox 571 2416 2148 2489; baseline -0.002 -15"><span class='ocrx_word' id='word_1_293' title='bbox 571 2420 828 2485; x_wconf 77' lang='lat' dir='ltr'><strong>diximus,</strong></span> <span class='ocrx_word' id='word_1_294' title='bbox 858 2433 979 2473; x_wconf 91' lang='lat' dir='ltr'><strong>cum</strong></span> <span class='ocrx_word' id='word_1_295' title='bbox 1006 2418 1221 2489; x_wconf 86' lang='lat' dir='ltr'><strong>lagenas</strong></span> <span class='ocrx_word' id='word_1_296' title='bbox 1247 2417 1374 2472; x_wconf 90' lang='lat' dir='ltr'><strong>viris</strong></span> <span class='ocrx_word' id='word_1_297' title='bbox 1399 2417 1704 2473; x_wconf 90' lang='lat' dir='ltr'><strong>tenentibus</strong></span> <span class='ocrx_word' id='word_1_298' title='bbox 1742 2417 1944 2488; x_wconf 73' lang='lat' dir='ltr'><strong>(ludio.</strong></span> <span class='ocrx_word' id='word_1_299' title='bbox 1974 2434 2065 2484; x_wconf 89' lang='lat' dir='ltr'><strong>vu,</strong></span> <span class='ocrx_word' id='word_1_300' title='bbox 2095 2416 2148 2486; x_wconf 82' lang='lat'><strong>6,</strong></span> 
     </span>
    </p>
   </div>
   <div class='ocr_carea' id='block_1_42' title="bbox 573 2499 2151 2580">
    <p class='ocr_par' dir='ltr' id='par_1_42' title="bbox 573 2499 2151 2580">
     <span class='ocr_line' id='line_1_42' title="bbox 573 2499 2151 2580; baseline 0.001 -17"><span class='ocrx_word' id='word_1_301' title='bbox 573 2508 661 2574; x_wconf 81' lang='grc'><strong>16,</strong></span> <span class='ocrx_word' id='word_1_302' title='bbox 683 2508 775 2580; x_wconf 71' lang='lat'><strong>20)</strong></span> <span class='ocrx_word' id='word_1_303' title='bbox 805 2508 1047 2577; x_wconf 86' lang='lat' dir='ltr'><strong>egregias</strong></span> <span class='ocrx_word' id='word_1_304' title='bbox 1068 2508 1120 2562; x_wconf 91' lang='lat' dir='ltr'><strong>in</strong></span> <span class='ocrx_word' id='word_1_305' title='bbox 1146 2507 1391 2563; x_wconf 85' lang='lat' dir='ltr'><strong>manibus</strong></span> <span class='ocrx_word' id='word_1_306' title='bbox 1410 2515 1770 2578; x_wconf 88' lang='lat' dir='ltr'><strong>sonantesque</strong></span> <span class='ocrx_word' id='word_1_307' title='bbox 1792 2510 1946 2564; x_wconf 88' lang='lat' dir='ltr'><strong>tubas</strong></span> <span class='ocrx_word' id='word_1_308' title='bbox 1972 2510 2048 2580; x_wconf 91' lang='lat' dir='ltr'><strong>(id</strong></span> <span class='ocrx_word' id='word_1_309' title='bbox 2068 2499 2151 2566; x_wconf 87' lang='lat' dir='ltr'><strong>est</strong></span> 
     </span>
    </p>
   </div>
   <div class='ocr_carea' id='block_1_43' title="bbox 572 2597 2148 2669">
    <p class='ocr_par' dir='ltr' id='par_1_43' title="bbox 572 2597 2148 2669">
     <span class='ocr_line' id='line_1_43' title="bbox 572 2597 2148 2669; baseline 0.002 -16"><span class='ocrx_word' id='word_1_310' title='bbox 572 2598 919 2669; x_wconf 89' lang='lat' dir='ltr'><strong>propheticos</strong></span> <span class='ocrx_word' id='word_1_311' title='bbox 944 2606 995 2653; x_wconf 90' lang='lat' dir='ltr'><strong>et</strong></span> <span class='ocrx_word' id='word_1_312' title='bbox 1026 2597 1349 2669; x_wconf 87' lang='lat' dir='ltr'><strong>apostolicos</strong></span> <span class='ocrx_word' id='word_1_313' title='bbox 1386 2612 1575 2653; x_wconf 88' lang='lat' dir='ltr'><strong>sensus</strong></span> <span class='ocrx_word' id='word_1_314' title='bbox 1595 2638 1610 2665; x_wconf 90' lang='lat'><strong>,</strong></span> <span class='ocrx_word' id='word_1_315' title='bbox 1645 2605 1702 2653; x_wconf 92' lang='lat' dir='ltr'><strong>ut</strong></span> <span class='ocrx_word' id='word_1_316' title='bbox 1729 2597 1865 2652; x_wconf 83' lang='lat' dir='ltr'><strong>dixit</strong></span> <span class='ocrx_word' id='word_1_317' title='bbox 1894 2599 2148 2656; x_wconf 90' lang='lat' dir='ltr'><strong>Dominus</strong></span> 
     </span>
    </p>
   </div>
   <div class='ocr_carea' id='block_1_44' title="bbox 571 2687 2144 2762">
    <p class='ocr_par' dir='ltr' id='par_1_44' title="bbox 571 2687 2144 2762">
     <span class='ocr_line' id='line_1_44' title="bbox 571 2687 2144 2762; baseline 0.001 -17"><span class='ocrx_word' id='word_1_318' title='bbox 571 2688 848 2762; x_wconf 64' lang='lat' dir='ltr'><strong>prophetae.</strong></span> <span class='ocrx_word' id='word_1_319' title='bbox 873 2706 885 2741; x_wconf 90' lang='lat'><strong>:</strong></span> <span class='ocrx_word' id='word_1_320' title='bbox 911 2688 1106 2742; x_wconf 70' lang='lat' dir='ltr'><strong>Exalta</strong></span> <span class='ocrx_word' id='word_1_321' title='bbox 1134 2688 1280 2759; x_wconf 77' lang='lat' dir='ltr'><strong>quasi</strong></span> <span class='ocrx_word' id='word_1_322' title='bbox 1310 2687 1431 2741; x_wconf 84' lang='lat' dir='ltr'><strong>tuba</strong></span> <span class='ocrx_word' id='word_1_323' title='bbox 1458 2704 1626 2743; x_wconf 82' lang='lat' dir='ltr'><strong>vocem</strong></span> <span class='ocrx_word' id='word_1_324' title='bbox 1654 2696 1793 2742; x_wconf 88' lang='lat' dir='ltr'><strong>tuam</strong></span> <span class='ocrx_word' id='word_1_325' title='bbox 1834 2688 1967 2762; x_wconf 75' lang='lat' dir='ltr'><strong>[Isa.</strong></span> <span class='ocrx_word' id='word_1_326' title='bbox 1998 2707 2144 2758; x_wconf 79' lang='grc' dir='ltr'>ινιιι,</span> 
     </span>
    </p>
   </div>
   <div class='ocr_carea' id='block_1_45' title="bbox 571 2778 2148 2853">
    <p class='ocr_par' dir='ltr' id='par_1_45' title="bbox 571 2778 2148 2853">
     <span class='ocr_line' id='line_1_45' title="bbox 571 2778 2148 2853; baseline 0.001 -17"><span class='ocrx_word' id='word_1_327' title='bbox 571 2779 626 2853; x_wconf 90' lang='grc'><strong>1]</strong></span> <span class='ocrx_word' id='word_1_328' title='bbox 646 2798 662 2847; x_wconf 88' lang='lat'><strong>;</strong></span> <span class='ocrx_word' id='word_1_329' title='bbox 685 2790 741 2836; x_wconf 88' lang='lat' dir='ltr'><strong>et</strong></span> <span class='ocrx_word' id='word_1_330' title='bbox 758 2778 1038 2835; x_wconf 86' lang='lat' dir='ltr'><strong>Psalmista</strong></span> <span class='ocrx_word' id='word_1_331' title='bbox 1063 2779 1130 2834; x_wconf 92' lang='lat' dir='ltr'><strong>de</strong></span> <span class='ocrx_word' id='word_1_332' title='bbox 1155 2780 1444 2849; x_wconf 90' lang='lat' dir='ltr'><strong>apostolis:</strong></span> <span class='ocrx_word' id='word_1_333' title='bbox 1467 2778 1529 2833; x_wconf 91' lang='lat' dir='ltr'><strong>In</strong></span> <span class='ocrx_word' id='word_1_334' title='bbox 1559 2796 1758 2835; x_wconf 86' lang='lat' dir='ltr'><strong>omnem</strong></span> <span class='ocrx_word' id='word_1_335' title='bbox 1780 2790 1970 2835; x_wconf 85' lang='lat' dir='ltr'><strong>terram</strong></span> <span class='ocrx_word' id='word_1_336' title='bbox 1990 2785 2148 2838; x_wconf 78' lang='lat' dir='ltr'><strong>exiuit</strong></span> 
     </span>
    </p>
   </div>
   <div class='ocr_carea' id='block_1_46' title="bbox 570 2867 2145 2943">
    <p class='ocr_par' dir='ltr' id='par_1_46' title="bbox 570 2867 2145 2943">
     <span class='ocr_line' id='line_1_46' title="bbox 570 2867 2145 2943; baseline 0.002 -16"><span class='ocrx_word' id='word_1_337' title='bbox 570 2888 728 2927; x_wconf 75' lang='lat' dir='ltr'><strong>sonus</strong></span> <span class='ocrx_word' id='word_1_338' title='bbox 746 2887 920 2926; x_wconf 82' lang='lat' dir='ltr'><strong>eorum</strong></span> <span class='ocrx_word' id='word_1_339' title='bbox 941 2867 1397 2943; x_wconf 78' lang='lat' dir='ltr'><strong>[Psalm.xvm,51)</strong></span> <span class='ocrx_word' id='word_1_340' title='bbox 1413 2877 1468 2925; x_wconf 91' lang='lat' dir='ltr'><strong>et</strong></span> <span class='ocrx_word' id='word_1_341' title='bbox 1489 2870 1701 2938; x_wconf 87' lang='lat' dir='ltr'><strong>lagenas</strong></span> <span class='ocrx_word' id='word_1_342' title='bbox 1716 2871 2145 2942; x_wconf 80' lang='lat' dir='ltr'><strong>splendidissimo</strong></span> 
     </span>
    </p>
   </div>
   <div class='ocr_carea' id='block_1_47' title="bbox 570 2962 2143 3033">
    <p class='ocr_par' dir='ltr' id='par_1_47' title="bbox 570 2962 2143 3033">
     <span class='ocr_line' id='line_1_47' title="bbox 570 2962 2143 3033; baseline 0.001 -15"><span class='ocrx_word' id='word_1_343' title='bbox 570 2962 707 3032; x_wconf 87' lang='lat' dir='ltr'><strong>ignis</strong></span> <span class='ocrx_word' id='word_1_344' title='bbox 734 2962 935 3017; x_wconf 88' lang='lat' dir='ltr'><strong>lumine</strong></span> <span class='ocrx_word' id='word_1_345' title='bbox 964 2968 1126 3016; x_wconf 91' lang='lat' dir='ltr'><strong>noctu</strong></span> <span class='ocrx_word' id='word_1_346' title='bbox 1155 2968 1501 3016; x_wconf 90' lang='lat' dir='ltr'><strong>coruscantes</strong></span> <span class='ocrx_word' id='word_1_347' title='bbox 1548 2962 1707 3033; x_wconf 67' lang='lat' dir='ltr'><strong>(qua:</strong></span> <span class='ocrx_word' id='word_1_348' title='bbox 1733 2962 2064 3033; x_wconf 85' lang='lat' dir='ltr'><strong>accipiuntur</strong></span> <span class='ocrx_word' id='word_1_349' title='bbox 2089 2964 2143 3020; x_wconf 92' lang='lat' dir='ltr'><strong>in</strong></span> 
     </span>
    </p>
   </div>
   <div class='ocr_carea' id='block_1_48' title="bbox 569 3050 2144 3123">
    <p class='ocr_par' dir='ltr' id='par_1_48' title="bbox 569 3050 2144 3123">
     <span class='ocr_line' id='line_1_48' title="bbox 569 3050 2144 3123; baseline 0 -13"><span class='ocrx_word' id='word_1_350' title='bbox 569 3061 882 3110; x_wconf 81' lang='lat' dir='ltr'><strong>sanctorum</strong></span> <span class='ocrx_word' id='word_1_351' title='bbox 930 3051 1246 3123; x_wconf 89' lang='lat' dir='ltr'><strong>corporibus</strong></span> <span class='ocrx_word' id='word_1_352' title='bbox 1290 3050 1447 3107; x_wconf 89' lang='lat' dir='ltr'><strong>bonis</strong></span> <span class='ocrx_word' id='word_1_353' title='bbox 1492 3053 1743 3122; x_wconf 87' lang='lat' dir='ltr'><strong>operibus</strong></span> <span class='ocrx_word' id='word_1_354' title='bbox 1787 3054 2044 3117; x_wconf 85' lang='lat' dir='ltr'><strong>annexis,</strong></span> <span class='ocrx_word' id='word_1_355' title='bbox 2088 3062 2144 3110; x_wconf 89' lang='lat' dir='ltr'><strong>et</strong></span> 
     </span>
    </p>
   </div>
   <div class='ocr_carea' id='block_1_49' title="bbox 568 3141 2139 3214">
    <p class='ocr_par' dir='ltr' id='par_1_49' title="bbox 568 3141 2139 3214">
     <span class='ocr_line' id='line_1_49' title="bbox 568 3141 2139 3214; baseline 0 -15"><span class='ocrx_word' id='word_1_356' title='bbox 568 3144 740 3200; x_wconf 82' lang='lat' dir='ltr'><strong>sancti</strong></span> <span class='ocrx_word' id='word_1_357' title='bbox 752 3142 981 3213; x_wconf 88' lang='lat' dir='ltr'><strong>Spiritus</strong></span> <span class='ocrx_word' id='word_1_358' title='bbox 994 3141 1102 3212; x_wconf 86' lang='lat' dir='ltr'><strong>igni</strong></span> <span class='ocrx_word' id='word_1_359' title='bbox 1115 3141 1509 3208; x_wconf 88' lang='lat' dir='ltr'><strong>ardentibus,ut</strong></span> <span class='ocrx_word' id='word_1_360' title='bbox 1522 3142 1837 3212; x_wconf 83' lang='lat' dir='ltr'><strong>Apostolus:</strong></span> <span class='ocrx_word' id='word_1_361' title='bbox 1854 3142 2139 3214; x_wconf 79' lang='lat' dir='ltr'><strong>Habentes,</strong></span> 
     </span>
    </p>
   </div>
   <div class='ocr_carea' id='block_1_50' title="bbox 2259 1953 3837 2029">
    <p class='ocr_par' dir='ltr' id='par_1_50' title="bbox 2259 1953 3837 2029">
     <span class='ocr_line' id='line_1_50' title="bbox 2259 1953 3837 2029; baseline 0.004 -22"><span class='ocrx_word' id='word_1_362' title='bbox 2259 1961 2587 2023; x_wconf 88' lang='lat' dir='ltr'><strong>conquestus</strong></span> <span class='ocrx_word' id='word_1_363' title='bbox 2622 1962 2705 2011; x_wconf 90' lang='lat' dir='ltr'><strong>est</strong></span> <span class='ocrx_word' id='word_1_364' title='bbox 2742 1973 2756 2008; x_wconf 92' lang='lat'><strong>:</strong></span> <span class='ocrx_word' id='word_1_365' title='bbox 2788 1953 3045 2022; x_wconf 83' lang='lat' dir='ltr'><strong>Domine,</strong></span> <span class='ocrx_word' id='word_1_366' title='bbox 3087 1957 3370 2027; x_wconf 88' lang='lat' dir='ltr'><strong>inquiens,</strong></span> <span class='ocrx_word' id='word_1_367' title='bbox 3414 1959 3685 2029; x_wconf 75' lang='lat' dir='ltr'><strong>prophetas</strong></span> <span class='ocrx_word' id='word_1_368' title='bbox 3716 1969 3837 2014; x_wconf 70' lang='lat' dir='ltr'><strong>tuo:</strong></span> 
     </span>
    </p>
   </div>
   <div class='ocr_carea' id='block_1_51' title="bbox 2232 2040 3835 2120">
    <p class='ocr_par' dir='ltr' id='par_1_51' title="bbox 2232 2040 3835 2120">
     <span class='ocr_line' id='line_1_51' title="bbox 2232 2040 3835 2120; baseline 0.005 -23"><span class='ocrx_word' id='word_1_369' title='bbox 2232 2040 2242 2052; x_wconf 81' lang='grc'><strong><em>“</em></strong></span> <span class='ocrx_word' id='word_1_370' title='bbox 2255 2042 2566 2110; x_wconf 87' lang='lat' dir='ltr'><strong>occiderunt,</strong></span> <span class='ocrx_word' id='word_1_371' title='bbox 2594 2051 2643 2098; x_wconf 88' lang='lat' dir='ltr'><strong>et</strong></span> <span class='ocrx_word' id='word_1_372' title='bbox 2663 2044 2851 2099; x_wconf 90' lang='lat' dir='ltr'><strong>altaria</strong></span> <span class='ocrx_word' id='word_1_373' title='bbox 2865 2053 2951 2099; x_wconf 89' lang='lat' dir='ltr'><strong>tua</strong></span> <span class='ocrx_word' id='word_1_374' title='bbox 2963 2045 3279 2116; x_wconf 81' lang='lat' dir='ltr'><strong>su/I&#39;oderunt</strong></span> <span class='ocrx_word' id='word_1_375' title='bbox 3296 2064 3315 2113; x_wconf 86' lang='lat'><strong><em>;</em></strong></span> <span class='ocrx_word' id='word_1_376' title='bbox 3338 2057 3388 2102; x_wconf 90' lang='lat' dir='ltr'><strong>et</strong></span> <span class='ocrx_word' id='word_1_377' title='bbox 3398 2066 3489 2120; x_wconf 87' lang='lat' dir='ltr'><strong>ego</strong></span> <span class='ocrx_word' id='word_1_378' title='bbox 3500 2050 3702 2103; x_wconf 78' lang='lat' dir='ltr'><strong>relictus</strong></span> <span class='ocrx_word' id='word_1_379' title='bbox 3716 2067 3835 2105; x_wconf 74' lang='lat' dir='ltr'><strong>sum</strong></span> 
     </span>
    </p>
   </div>
   <div class='ocr_carea' id='block_1_52' title="bbox 2254 2132 3835 2211">
    <p class='ocr_par' dir='ltr' id='par_1_52' title="bbox 2254 2132 3835 2211">
     <span class='ocr_line' id='line_1_52' title="bbox 2254 2132 3835 2211; baseline 0.007 -26"><span class='ocrx_word' id='word_1_380' title='bbox 2254 2132 2412 2197; x_wconf 80' lang='lat' dir='ltr'><strong>solus,</strong></span> <span class='ocrx_word' id='word_1_381' title='bbox 2444 2143 2492 2187; x_wconf 91' lang='lat' dir='ltr'><strong>et</strong></span> <span class='ocrx_word' id='word_1_382' title='bbox 2521 2143 2753 2206; x_wconf 74' lang='lat' dir='ltr'><strong>quierunt</strong></span> <span class='ocrx_word' id='word_1_383' title='bbox 2790 2137 3017 2189; x_wconf 85' lang='lat' dir='ltr'><strong>animam</strong></span> <span class='ocrx_word' id='word_1_384' title='bbox 3052 2153 3214 2191; x_wconf 88' lang='lat' dir='ltr'><strong>meam</strong></span> <span class='ocrx_word' id='word_1_385' title='bbox 3258 2135 3381 2209; x_wconf 84' lang='grc'><strong>(111</strong></span> <span class='ocrx_word' id='word_1_386' title='bbox 3405 2137 3534 2210; x_wconf 86' lang='lat' dir='ltr'><strong>Reg.</strong></span> <span class='ocrx_word' id='word_1_387' title='bbox 3565 2155 3674 2206; x_wconf 85' lang='grc' dir='ltr'>ιιι,</span> <span class='ocrx_word' id='word_1_388' title='bbox 3704 2140 3835 2211; x_wconf 84' lang='lat' dir='ltr'><strong>l0)?</strong></span> 
     </span>
    </p>
   </div>
   <div class='ocr_carea' id='block_1_53' title="bbox 2253 2221 3834 2297">
    <p class='ocr_par' dir='ltr' id='par_1_53' title="bbox 2253 2221 3834 2297">
     <span class='ocr_line' id='line_1_53' title="bbox 2253 2221 3834 2297; baseline 0.008 -22"><span class='ocrx_word' id='word_1_389' title='bbox 2253 2221 2381 2288; x_wconf 87' lang='lat' dir='ltr'><strong>Quis</strong></span> <span class='ocrx_word' id='word_1_390' title='bbox 2409 2237 2595 2277; x_wconf 90' lang='lat' dir='ltr'><strong>eorum</strong></span> <span class='ocrx_word' id='word_1_391' title='bbox 2638 2223 3010 2281; x_wconf 88' lang='lat' dir='ltr'><strong>charissimum</strong></span> <span class='ocrx_word' id='word_1_392' title='bbox 3057 2226 3373 2297; x_wconf 91' lang='lat' dir='ltr'><strong>discipulum</strong></span> <span class='ocrx_word' id='word_1_393' title='bbox 3413 2230 3640 2285; x_wconf 88' lang='lat' dir='ltr'><strong>terrenis</strong></span> <span class='ocrx_word' id='word_1_394' title='bbox 3672 2240 3834 2287; x_wconf 84' lang='lat' dir='ltr'><strong>extra</strong></span> 
     </span>
    </p>
   </div>
   <div class='ocr_carea' id='block_1_54' title="bbox 2251 2313 3835 2393">
    <p class='ocr_par' dir='ltr' id='par_1_54' title="bbox 2251 2313 3835 2393">
     <span class='ocr_line' id='line_1_54' title="bbox 2251 2313 3835 2393; baseline 0.005 -24"><span class='ocrx_word' id='word_1_395' title='bbox 2251 2313 2465 2370; x_wconf 90' lang='lat' dir='ltr'><strong>solitum</strong></span> <span class='ocrx_word' id='word_1_396' title='bbox 2495 2315 2819 2387; x_wconf 90' lang='lat' dir='ltr'><strong>ponderibus</strong></span> <span class='ocrx_word' id='word_1_397' title='bbox 2847 2327 3125 2373; x_wconf 88' lang='lat' dir='ltr'><strong>oneratum</strong></span> <span class='ocrx_word' id='word_1_398' title='bbox 3167 2318 3275 2390; x_wconf 86' lang='lat' dir='ltr'><strong>(IV</strong></span> <span class='ocrx_word' id='word_1_399' title='bbox 3307 2319 3433 2392; x_wconf 88' lang='lat' dir='ltr'><strong>Reg.</strong></span> <span class='ocrx_word' id='word_1_400' title='bbox 3460 2337 3524 2389; x_wconf 90' lang='lat' dir='ltr'><strong>v,</strong></span> <span class='ocrx_word' id='word_1_401' title='bbox 3550 2321 3641 2385; x_wconf 73' lang='lat'><strong>23)</strong></span> <span class='ocrx_word' id='word_1_402' title='bbox 3661 2364 3675 2388; x_wconf 92' lang='lat'><strong>,</strong></span> <span class='ocrx_word' id='word_1_403' title='bbox 3708 2339 3835 2393; x_wconf 69' lang='lat' dir='ltr'><strong>qure</strong></span> 
     </span>
    </p>
   </div>
   <div class='ocr_carea' id='block_1_55' title="bbox 2251 2407 3835 2482">
    <p class='ocr_par' dir='ltr' id='par_1_55' title="bbox 2251 2407 3835 2482">
     <span class='ocr_line' id='line_1_55' title="bbox 2251 2407 3835 2482; baseline 0.008 -25"><span class='ocrx_word' id='word_1_404' title='bbox 2251 2411 2377 2458; x_wconf 86' lang='lat' dir='ltr'><strong>ante</strong></span> <span class='ocrx_word' id='word_1_405' title='bbox 2405 2419 2468 2459; x_wconf 88' lang='lat' dir='ltr'><strong>ea</strong></span> <span class='ocrx_word' id='word_1_406' title='bbox 2499 2420 2529 2459; x_wconf 89' lang='lat' dir='ltr'><strong>a</strong></span> <span class='ocrx_word' id='word_1_407' title='bbox 2557 2419 2616 2460; x_wconf 92' lang='lat' dir='ltr'><strong>se</strong></span> <span class='ocrx_word' id='word_1_408' title='bbox 2644 2419 2968 2476; x_wconf 85' lang='lat' dir='ltr'><strong>magnopere</strong></span> <span class='ocrx_word' id='word_1_409' title='bbox 2993 2407 3117 2463; x_wconf 89' lang='lat' dir='ltr'><strong>licet</strong></span> <span class='ocrx_word' id='word_1_410' title='bbox 3145 2418 3330 2478; x_wconf 89' lang='lat' dir='ltr'><strong>rogato</strong></span> <span class='ocrx_word' id='word_1_411' title='bbox 3355 2419 3412 2464; x_wconf 92' lang='lat' dir='ltr'><strong>ut</strong></span> <span class='ocrx_word' id='word_1_412' title='bbox 3435 2412 3704 2482; x_wconf 88' lang='lat' dir='ltr'><strong>acciperet</strong></span> <span class='ocrx_word' id='word_1_413' title='bbox 3735 2414 3835 2469; x_wconf 60' lang='lat' dir='ltr'><strong>de-</strong></span> 
     </span>
    </p>
   </div>
   <div class='ocr_carea' id='block_1_56' title="bbox 2249 2495 3831 2573">
    <p class='ocr_par' dir='ltr' id='par_1_56' title="bbox 2249 2495 3831 2573">
     <span class='ocr_line' id='line_1_56' title="bbox 2249 2495 3831 2573; baseline 0.006 -24"><span class='ocrx_word' id='word_1_414' title='bbox 2249 2504 2430 2565; x_wconf 90' lang='lat' dir='ltr'><strong>specta</strong></span> <span class='ocrx_word' id='word_1_415' title='bbox 2460 2496 2681 2551; x_wconf 81' lang='lat' dir='ltr'><strong>fuissent</strong></span> <span class='ocrx_word' id='word_1_416' title='bbox 2723 2495 2911 2567; x_wconf 85' lang='lat' dir='ltr'><strong>(Ibid.,</strong></span> <span class='ocrx_word' id='word_1_417' title='bbox 2946 2497 3062 2569; x_wconf 86' lang='lat' dir='ltr'><strong>l6),</strong></span> <span class='ocrx_word' id='word_1_418' title='bbox 3104 2500 3205 2554; x_wconf 90' lang='lat' dir='ltr'><strong>etsi</strong></span> <span class='ocrx_word' id='word_1_419' title='bbox 3233 2516 3337 2554; x_wconf 93' lang='lat' dir='ltr'><strong>non</strong></span> <span class='ocrx_word' id='word_1_420' title='bbox 3366 2510 3621 2571; x_wconf 87' lang='lat' dir='ltr'><strong>perpetua</strong></span> <span class='ocrx_word' id='word_1_421' title='bbox 3651 2503 3831 2573; x_wconf 88' lang='lat' dir='ltr'><strong>lepra,</strong></span> 
     </span>
    </p>
   </div>
   <div class='ocr_carea' id='block_1_57' title="bbox 2248 2586 3832 2666">
    <p class='ocr_par' dir='ltr' id='par_1_57' title="bbox 2248 2586 3832 2666">
     <span class='ocr_line' id='line_1_57' title="bbox 2248 2586 3832 2666; baseline 0.005 -24"><span class='ocrx_word' id='word_1_422' title='bbox 2248 2597 2308 2642; x_wconf 92' lang='lat' dir='ltr'><strong>ut</strong></span> <span class='ocrx_word' id='word_1_423' title='bbox 2335 2586 2584 2655; x_wconf 68' lang='lat' dir='ltr'><strong>Elismus,</strong></span> <span class='ocrx_word' id='word_1_424' title='bbox 2613 2590 2787 2645; x_wconf 88' lang='lat' dir='ltr'><strong>saltim</strong></span> <span class='ocrx_word' id='word_1_425' title='bbox 2817 2589 3127 2660; x_wconf 85' lang='lat' dir='ltr'><strong>expulsione</strong></span> <span class='ocrx_word' id='word_1_426' title='bbox 3152 2591 3425 2647; x_wconf 89' lang='lat' dir='ltr'><strong>mulctavit</strong></span> <span class='ocrx_word' id='word_1_427' title='bbox 3466 2591 3573 2664; x_wconf 85' lang='lat' dir='ltr'><strong>(IV</strong></span> <span class='ocrx_word' id='word_1_428' title='bbox 3604 2592 3743 2666; x_wconf 90' lang='lat' dir='ltr'><strong>Reg.</strong></span> <span class='ocrx_word' id='word_1_429' title='bbox 3777 2612 3832 2663; x_wconf 89' lang='lat' dir='ltr'><strong>v,</strong></span> 
     </span>
    </p>
   </div>
   <div class='ocr_carea' id='block_1_58' title="bbox 2246 2681 3834 2756">
    <p class='ocr_par' dir='ltr' id='par_1_58' title="bbox 2246 2681 3834 2756">
     <span class='ocr_line' id='line_1_58' title="bbox 2246 2681 3834 2756; baseline 0.004 -21"><span class='ocrx_word' id='word_1_430' title='bbox 2246 2681 2384 2753; x_wconf 77' lang='lat'><strong>27)?</strong></span> <span class='ocrx_word' id='word_1_431' title='bbox 2440 2682 2507 2737; x_wconf 88' lang='lat' dir='ltr'><strong>Et</strong></span> <span class='ocrx_word' id='word_1_432' title='bbox 2552 2684 2671 2753; x_wconf 89' lang='lat' dir='ltr'><strong>quis</strong></span> <span class='ocrx_word' id='word_1_433' title='bbox 2714 2699 2781 2739; x_wconf 89' lang='lat' dir='ltr'><strong>ex</strong></span> <span class='ocrx_word' id='word_1_434' title='bbox 2831 2684 2935 2739; x_wconf 89' lang='lat' dir='ltr'><strong>illis</strong></span> <span class='ocrx_word' id='word_1_435' title='bbox 2976 2698 3143 2755; x_wconf 90' lang='lat' dir='ltr'><strong>puero</strong></span> <span class='ocrx_word' id='word_1_436' title='bbox 3182 2685 3238 2738; x_wconf 90' lang='lat' dir='ltr'><strong>in</strong></span> <span class='ocrx_word' id='word_1_437' title='bbox 3283 2684 3407 2739; x_wconf 64' lang='lat' dir='ltr'><strong>vita:</strong></span> <span class='ocrx_word' id='word_1_438' title='bbox 3449 2684 3834 2756; x_wconf 87' lang='lat' dir='ltr'><strong>desperatione</strong></span> 
     </span>
    </p>
   </div>
   <div class='ocr_carea' id='block_1_59' title="bbox 2244 2772 3833 2847">
    <p class='ocr_par' dir='ltr' id='par_1_59' title="bbox 2244 2772 3833 2847">
     <span class='ocr_line' id='line_1_59' title="bbox 2244 2772 3833 2847; baseline 0.003 -21"><span class='ocrx_word' id='word_1_439' title='bbox 2244 2772 2513 2837; x_wconf 76' lang='lat' dir='ltr'><strong>:estuanti,</strong></span> <span class='ocrx_word' id='word_1_440' title='bbox 2547 2780 2708 2843; x_wconf 86' lang='lat' dir='ltr'><strong>atque</strong></span> <span class='ocrx_word' id='word_1_441' title='bbox 2736 2772 3025 2845; x_wconf 89' lang='lat' dir='ltr'><strong>improviso</strong></span> <span class='ocrx_word' id='word_1_442' title='bbox 3054 2789 3215 2844; x_wconf 91' lang='lat' dir='ltr'><strong>super</strong></span> <span class='ocrx_word' id='word_1_443' title='bbox 3239 2773 3433 2830; x_wconf 90' lang='lat' dir='ltr'><strong>bellico</strong></span> <span class='ocrx_word' id='word_1_444' title='bbox 3462 2775 3697 2830; x_wconf 89' lang='lat' dir='ltr'><strong>hostium</strong></span> <span class='ocrx_word' id='word_1_445' title='bbox 3729 2793 3833 2847; x_wconf 86' lang='lat' dir='ltr'><strong>ap-</strong></span> 
     </span>
    </p>
   </div>
   <div class='ocr_carea' id='block_1_60' title="bbox 2244 2864 3829 2936">
    <p class='ocr_par' dir='ltr' id='par_1_60' title="bbox 2244 2864 3829 2936">
     <span class='ocr_line' id='line_1_60' title="bbox 2244 2864 3829 2936; baseline 0.003 -18"><span class='ocrx_word' id='word_1_446' title='bbox 2244 2874 2435 2935; x_wconf 88' lang='lat' dir='ltr'><strong>paratu</strong></span> <span class='ocrx_word' id='word_1_447' title='bbox 2464 2864 2735 2921; x_wconf 88' lang='lat' dir='ltr'><strong>civitatem</strong></span> <span class='ocrx_word' id='word_1_448' title='bbox 2772 2866 2825 2920; x_wconf 93' lang='lat' dir='ltr'><strong>in</strong></span> <span class='ocrx_word' id='word_1_449' title='bbox 2854 2881 2956 2936; x_wconf 89' lang='lat' dir='ltr'><strong>qua</strong></span> <span class='ocrx_word' id='word_1_450' title='bbox 2986 2874 3141 2921; x_wconf 89' lang='lat' dir='ltr'><strong>erant</strong></span> <span class='ocrx_word' id='word_1_451' title='bbox 3167 2865 3540 2922; x_wconf 88' lang='lat' dir='ltr'><strong>obsidientium</strong></span> <span class='ocrx_word' id='word_1_452' title='bbox 3564 2870 3829 2923; x_wconf 88' lang='lat' dir='ltr'><strong>tremefa-</strong></span> 
     </span>
    </p>
   </div>
   <div class='ocr_carea' id='block_1_61' title="bbox 2241 2955 3828 3030">
    <p class='ocr_par' dir='ltr' id='par_1_61' title="bbox 2241 2955 3828 3030">
     <span class='ocr_line' id='line_1_61' title="bbox 2241 2955 3828 3030; baseline 0.003 -18"><span class='ocrx_word' id='word_1_453' title='bbox 2241 2964 2331 3012; x_wconf 92' lang='lat' dir='ltr'><strong>cto</strong></span> <span class='ocrx_word' id='word_1_454' title='bbox 2360 2955 2466 3025; x_wconf 83' lang='lat' dir='ltr'><strong>(IV</strong></span> <span class='ocrx_word' id='word_1_455' title='bbox 2492 2956 2621 3029; x_wconf 87' lang='lat' dir='ltr'><strong>Reg.</strong></span> <span class='ocrx_word' id='word_1_456' title='bbox 2645 2973 2718 3023; x_wconf 75' lang='lat' dir='ltr'><strong>vi,</strong></span> <span class='ocrx_word' id='word_1_457' title='bbox 2742 2957 2865 3027; x_wconf 86' lang='lat' dir='ltr'><strong>l5),</strong></span> <span class='ocrx_word' id='word_1_458' title='bbox 2895 2959 3037 3014; x_wconf 93' lang='lat' dir='ltr'><strong>inter</strong></span> <span class='ocrx_word' id='word_1_459' title='bbox 3060 2973 3158 3013; x_wconf 93' lang='lat' dir='ltr'><strong>nos</strong></span> <span class='ocrx_word' id='word_1_460' title='bbox 3201 2956 3281 3030; x_wconf 92' lang='lat' dir='ltr'><strong>(ut</strong></span> <span class='ocrx_word' id='word_1_461' title='bbox 3307 2957 3418 3029; x_wconf 88' lang='lat' dir='ltr'><strong>ille)</strong></span> <span class='ocrx_word' id='word_1_462' title='bbox 3456 2960 3644 3013; x_wconf 67' lang='lat' dir='ltr'><strong>anima:</strong></span> <span class='ocrx_word' id='word_1_463' title='bbox 3673 2960 3828 3017; x_wconf 81' lang='lat' dir='ltr'><strong>visus</strong></span> 
     </span>
    </p>
   </div>
   <div class='ocr_carea' id='block_1_62' title="bbox 2240 3048 3828 3125">
    <p class='ocr_par' dir='ltr' id='par_1_62' title="bbox 2240 3048 3828 3125">
     <span class='ocr_line' id='line_1_62' title="bbox 2240 3048 3828 3125; baseline 0.004 -22"><span class='ocrx_word' id='word_1_464' title='bbox 2240 3048 2467 3104; x_wconf 83' lang='lat' dir='ltr'><strong>ferventi</strong></span> <span class='ocrx_word' id='word_1_465' title='bbox 2493 3052 2806 3107; x_wconf 87' lang='lat' dir='ltr'><strong>exoratione</strong></span> <span class='ocrx_word' id='word_1_466' title='bbox 2834 3053 2900 3106; x_wconf 88' lang='lat' dir='ltr'><strong>ad</strong></span> <span class='ocrx_word' id='word_1_467' title='bbox 2931 3052 3094 3108; x_wconf 91' lang='lat' dir='ltr'><strong>Deum</strong></span> <span class='ocrx_word' id='word_1_468' title='bbox 3123 3050 3261 3107; x_wconf 90' lang='lat' dir='ltr'><strong>facta</strong></span> <span class='ocrx_word' id='word_1_469' title='bbox 3291 3051 3384 3123; x_wconf 90' lang='lat' dir='ltr'><strong>(ita</strong></span> <span class='ocrx_word' id='word_1_470' title='bbox 3413 3059 3470 3107; x_wconf 90' lang='lat' dir='ltr'><strong>ut</strong></span> <span class='ocrx_word' id='word_1_471' title='bbox 3495 3053 3692 3108; x_wconf 89' lang='lat' dir='ltr'><strong>intueri</strong></span> <span class='ocrx_word' id='word_1_472' title='bbox 3719 3069 3828 3125; x_wconf 89' lang='lat' dir='ltr'><strong>po-</strong></span> 
     </span>
    </p>
   </div>
   <div class='ocr_carea' id='block_1_63' title="bbox 2240 3136 3826 3213">
    <p class='ocr_par' dir='ltr' id='par_1_63' title="bbox 2240 3136 3826 3213">
     <span class='ocr_line' id='line_1_63' title="bbox 2240 3136 3826 3213; baseline 0.004 -22"><span class='ocrx_word' id='word_1_473' title='bbox 2240 3140 2367 3193; x_wconf 88' lang='lat' dir='ltr'><strong>terit</strong></span> <span class='ocrx_word' id='word_1_474' title='bbox 2395 3138 2578 3213; x_wconf 86' lang='lat' dir='ltr'><strong>[Ibid.,</strong></span> <span class='ocrx_word' id='word_1_475' title='bbox 2606 3136 2694 3212; x_wconf 92' lang='lat' dir='ltr'><strong>l7]</strong></span> <span class='ocrx_word' id='word_1_476' title='bbox 2724 3141 3059 3197; x_wconf 84' lang='lat' dir='ltr'><strong>auxiliarium</strong></span> <span class='ocrx_word' id='word_1_477' title='bbox 3088 3142 3318 3199; x_wconf 70' lang='lat' dir='ltr'><strong>caelestis</strong></span> <span class='ocrx_word' id='word_1_478' title='bbox 3342 3144 3606 3199; x_wconf 90' lang='lat' dir='ltr'><strong>exercitus</strong></span> <span class='ocrx_word' id='word_1_479' title='bbox 3633 3158 3826 3198; x_wconf 82' lang='lat' dir='ltr'><strong>arma-</strong></span> 
     </span>
    </p>
   </div>
   <div class='ocr_carea' id='block_1_64' title="bbox 567 3229 3827 3309">
    <p class='ocr_par' dir='ltr' id='par_1_64' title="bbox 567 3229 3827 3309">
     <span class='ocr_line' id='line_1_64' title="bbox 567 3229 3827 3309; baseline -0.001 -19"><span class='ocrx_word' id='word_1_480' title='bbox 567 3232 840 3309; x_wconf 87' lang='lat' dir='ltr'><strong>inquit[ll</strong></span> <span class='ocrx_word' id='word_1_481' title='bbox 856 3229 1160 3304; x_wconf 85' lang='lat' dir='ltr'><strong>Cor.,tv,7],</strong></span> <span class='ocrx_word' id='word_1_482' title='bbox 1177 3232 1468 3287; x_wconf 80' lang='lat' dir='ltr'><strong>thesaurum</strong></span> <span class='ocrx_word' id='word_1_483' title='bbox 1482 3233 1636 3287; x_wconf 78' lang='lat' dir='ltr'><strong>istum</strong></span> <span class='ocrx_word' id='word_1_484' title='bbox 1657 3234 1709 3287; x_wconf 89' lang='lat' dir='ltr'><strong>in</strong></span> <span class='ocrx_word' id='word_1_485' title='bbox 1729 3234 1863 3288; x_wconf 79' lang='lat' dir='ltr'><strong>uasis</strong></span> <span class='ocrx_word' id='word_1_486' title='bbox 1877 3235 2139 3306; x_wconf 79' lang='lat' dir='ltr'><strong>ﬁctilibus)</strong></span> <span class='ocrx_word' id='word_1_487' title='bbox 2167 3239 2213 3303; x_wconf 74' lang='grc' dir='ltr'>ο</span> <span class='ocrx_word' id='word_1_488' title='bbox 2246 3234 2422 3283; x_wconf 90' lang='lat' dir='ltr'><strong>torum</strong></span> <span class='ocrx_word' id='word_1_489' title='bbox 2451 3244 2701 3284; x_wconf 90' lang='lat' dir='ltr'><strong>curruum</strong></span> <span class='ocrx_word' id='word_1_490' title='bbox 2730 3246 2829 3287; x_wconf 90' lang='lat' dir='ltr'><strong>ceu</strong></span> <span class='ocrx_word' id='word_1_491' title='bbox 2855 3232 3093 3300; x_wconf 90' lang='lat' dir='ltr'><strong>equitum</strong></span> <span class='ocrx_word' id='word_1_492' title='bbox 3132 3232 3297 3302; x_wconf 89' lang='lat' dir='ltr'><strong>ignito</strong></span> <span class='ocrx_word' id='word_1_493' title='bbox 3324 3233 3472 3288; x_wconf 90' lang='lat' dir='ltr'><strong>vultu</strong></span> <span class='ocrx_word' id='word_1_494' title='bbox 3498 3231 3827 3301; x_wconf 81' lang='lat' dir='ltr'><strong>fulgentium</strong></span> 
     </span>
    </p>
   </div>
   <div class='ocr_carea' id='block_1_65' title="bbox 568 3321 2133 3395">
    <p class='ocr_par' dir='ltr' id='par_1_65' title="bbox 568 3321 2133 3395">
     <span class='ocr_line' id='line_1_65' title="bbox 568 3321 2133 3395; baseline -0.001 -15"><span class='ocrx_word' id='word_1_495' title='bbox 568 3332 690 3395; x_wconf 82' lang='lat' dir='ltr'><strong>post</strong></span> <span class='ocrx_word' id='word_1_496' title='bbox 714 3322 1028 3379; x_wconf 75' lang='lat' dir='ltr'><strong>idololatria:</strong></span> <span class='ocrx_word' id='word_1_497' title='bbox 1070 3322 1176 3379; x_wconf 88' lang='lat' dir='ltr'><strong>luci</strong></span> <span class='ocrx_word' id='word_1_498' title='bbox 1214 3321 1381 3394; x_wconf 92' lang='lat' dir='ltr'><strong>(quod</strong></span> <span class='ocrx_word' id='word_1_499' title='bbox 1406 3322 1679 3377; x_wconf 90' lang='lat' dir='ltr'><strong>moraliter</strong></span> <span class='ocrx_word' id='word_1_500' title='bbox 1708 3323 2133 3395; x_wconf 88' lang='lat' dir='ltr'><strong>interpretatum,</strong></span> 
     </span>
    </p>
   </div>
   <div class='ocr_carea' id='block_1_66' title="bbox 565 3411 2134 3488">
    <p class='ocr_par' dir='ltr' id='par_1_66' title="bbox 565 3411 2134 3488">
     <span class='ocr_line' id='line_1_66' title="bbox 565 3411 2134 3488; baseline 0.001 -18"><span class='ocrx_word' id='word_1_501' title='bbox 565 3413 847 3470; x_wconf 71' lang='lat' dir='ltr'><strong>condensa:</strong></span> <span class='ocrx_word' id='word_1_502' title='bbox 856 3422 911 3469; x_wconf 89' lang='lat' dir='ltr'><strong>et</strong></span> <span class='ocrx_word' id='word_1_503' title='bbox 920 3412 1080 3469; x_wconf 68' lang='lat' dir='ltr'><strong>fusca:</strong></span> <span class='ocrx_word' id='word_1_504' title='bbox 1090 3411 1415 3485; x_wconf 88' lang='lat' dir='ltr'><strong>cupiditatis)</strong></span> <span class='ocrx_word' id='word_1_505' title='bbox 1430 3413 1780 3469; x_wconf 86' lang='lat' dir='ltr'><strong>succisionem</strong></span> <span class='ocrx_word' id='word_1_506' title='bbox 1792 3415 2134 3488; x_wconf 67' lang='lat' dir='ltr'><strong>silvaudic.</strong></span> 
     </span>
    </p>
   </div>
   <div class='ocr_carea' id='block_1_67' title="bbox 568 3501 2139 3575">
    <p class='ocr_par' dir='ltr' id='par_1_67' title="bbox 568 3501 2139 3575">
     <span class='ocr_line' id='line_1_67' title="bbox 568 3501 2139 3575; baseline 0.004 -18"><span class='ocrx_word' id='word_1_507' title='bbox 568 3521 640 3571; x_wconf 81' lang='lat' dir='ltr'><strong>vi,</strong></span> <span class='ocrx_word' id='word_1_508' title='bbox 667 3501 761 3575; x_wconf 71' lang='lat'><strong>25)</strong></span> <span class='ocrx_word' id='word_1_509' title='bbox 781 3546 796 3572; x_wconf 94' lang='lat'><strong>,</strong></span> <span class='ocrx_word' id='word_1_510' title='bbox 826 3513 882 3560; x_wconf 90' lang='lat' dir='ltr'><strong>et</strong></span> <span class='ocrx_word' id='word_1_511' title='bbox 907 3503 1171 3559; x_wconf 89' lang='lat' dir='ltr'><strong>evidentia</strong></span> <span class='ocrx_word' id='word_1_512' title='bbox 1204 3502 1451 3573; x_wconf 83' lang='lat' dir='ltr'><strong>figmenta</strong></span> <span class='ocrx_word' id='word_1_513' title='bbox 1484 3501 1688 3559; x_wconf 83' lang='lat' dir='ltr'><strong>Judaici</strong></span> <span class='ocrx_word' id='word_1_514' title='bbox 1716 3505 1930 3560; x_wconf 90' lang='lat' dir='ltr'><strong>velleris</strong></span> <span class='ocrx_word' id='word_1_515' title='bbox 1954 3506 2139 3563; x_wconf 78' lang='lat' dir='ltr'><strong>imbris</strong></span> 
     </span>
    </p>
   </div>
   <div class='ocr_carea' id='block_1_68' title="bbox 566 3594 2137 3667">
    <p class='ocr_par' dir='ltr' id='par_1_68' title="bbox 566 3594 2137 3667">
     <span class='ocr_line' id='line_1_68' title="bbox 566 3594 2137 3667; baseline 0.001 -15"><span class='ocrx_word' id='word_1_516' title='bbox 566 3598 796 3654; x_wconf 69' lang='lat' dir='ltr'><strong>cmlestis</strong></span> <span class='ocrx_word' id='word_1_517' title='bbox 823 3595 1029 3667; x_wconf 89' lang='lat' dir='ltr'><strong>experti</strong></span> <span class='ocrx_word' id='word_1_518' title='bbox 1079 3594 1265 3666; x_wconf 84' lang='lat' dir='ltr'><strong>(Ibid.,</strong></span> <span class='ocrx_word' id='word_1_519' title='bbox 1294 3595 1420 3666; x_wconf 82' lang='lat'><strong>37),</strong></span> <span class='ocrx_word' id='word_1_520' title='bbox 1464 3603 1519 3649; x_wconf 92' lang='lat' dir='ltr'><strong>et</strong></span> <span class='ocrx_word' id='word_1_521' title='bbox 1542 3595 1786 3664; x_wconf 89' lang='lat' dir='ltr'><strong>gentilis,</strong></span> <span class='ocrx_word' id='word_1_522' title='bbox 1814 3611 1938 3651; x_wconf 90' lang='lat' dir='ltr'><strong>rore</strong></span> <span class='ocrx_word' id='word_1_523' title='bbox 1965 3599 2137 3653; x_wconf 90' lang='lat' dir='ltr'><strong>sancti</strong></span> 
     </span>
    </p>
   </div>
   <div class='ocr_carea' id='block_1_69' title="bbox 565 3684 2136 3759">
    <p class='ocr_par' dir='ltr' id='par_1_69' title="bbox 565 3684 2136 3759">
     <span class='ocr_line' id='line_1_69' title="bbox 565 3684 2136 3759; baseline -0.001 -15"><span class='ocrx_word' id='word_1_524' title='bbox 565 3689 793 3759; x_wconf 87' lang='lat' dir='ltr'><strong>Spiritus</strong></span> <span class='ocrx_word' id='word_1_525' title='bbox 819 3686 1131 3754; x_wconf 86' lang='lat' dir='ltr'><strong>madefacti,</strong></span> <span class='ocrx_word' id='word_1_526' title='bbox 1163 3685 1264 3741; x_wconf 81' lang='lat' dir='ltr'><strong>fide</strong></span> <span class='ocrx_word' id='word_1_527' title='bbox 1290 3701 1397 3740; x_wconf 91' lang='lat' dir='ltr'><strong>non</strong></span> <span class='ocrx_word' id='word_1_528' title='bbox 1429 3684 1619 3751; x_wconf 90' lang='lat' dir='ltr'><strong>dubia,</strong></span> <span class='ocrx_word' id='word_1_529' title='bbox 1653 3694 1710 3739; x_wconf 91' lang='lat' dir='ltr'><strong>ut</strong></span> <span class='ocrx_word' id='word_1_530' title='bbox 1737 3684 1977 3751; x_wconf 89' lang='lat' dir='ltr'><strong>Gedeon,</strong></span> <span class='ocrx_word' id='word_1_531' title='bbox 2007 3702 2136 3756; x_wconf 93' lang='lat' dir='ltr'><strong>pro-</strong></span> 
     </span>
    </p>
   </div>
   <div class='ocr_carea' id='block_1_70' title="bbox 564 3775 2137 3850">
    <p class='ocr_par' dir='ltr' id='par_1_70' title="bbox 564 3775 2137 3850">
     <span class='ocr_line' id='line_1_70' title="bbox 564 3775 2137 3850; baseline -0.001 -14"><span class='ocrx_word' id='word_1_532' title='bbox 564 3781 726 3836; x_wconf 86' lang='lat' dir='ltr'><strong>cessit</strong></span> <span class='ocrx_word' id='word_1_533' title='bbox 772 3779 966 3850; x_wconf 82' lang='lat' dir='ltr'><strong>(Judic.</strong></span> <span class='ocrx_word' id='word_1_534' title='bbox 996 3793 1097 3843; x_wconf 89' lang='lat' dir='ltr'><strong>vn,</strong></span> <span class='ocrx_word' id='word_1_535' title='bbox 1127 3776 1231 3845; x_wconf 90' lang='lat' dir='ltr'><strong>l)?</strong></span> <span class='ocrx_word' id='word_1_536' title='bbox 1281 3775 1411 3843; x_wconf 90' lang='lat' dir='ltr'><strong>Quis</strong></span> <span class='ocrx_word' id='word_1_537' title='bbox 1459 3791 1646 3831; x_wconf 89' lang='lat' dir='ltr'><strong>eorum</strong></span> <span class='ocrx_word' id='word_1_538' title='bbox 1692 3777 1828 3832; x_wconf 92' lang='lat' dir='ltr'><strong>mori</strong></span> <span class='ocrx_word' id='word_1_539' title='bbox 1875 3788 2137 3849; x_wconf 85' lang='lat' dir='ltr'><strong>exoptans</strong></span> 
     </span>
    </p>
   </div>
   <div class='ocr_carea' id='block_1_71' title="bbox 564 3866 2137 3939">
    <p class='ocr_par' dir='ltr' id='par_1_71' title="bbox 564 3866 2137 3939">
     <span class='ocr_line' id='line_1_71' title="bbox 564 3866 2137 3939; baseline -0.001 -12"><span class='ocrx_word' id='word_1_540' title='bbox 564 3871 760 3927; x_wconf 90' lang='lat' dir='ltr'><strong>mundo</strong></span> <span class='ocrx_word' id='word_1_541' title='bbox 796 3879 853 3927; x_wconf 89' lang='lat' dir='ltr'><strong>et</strong></span> <span class='ocrx_word' id='word_1_542' title='bbox 896 3870 1077 3925; x_wconf 85' lang='lat' dir='ltr'><strong>vivere</strong></span> <span class='ocrx_word' id='word_1_543' title='bbox 1118 3866 1329 3923; x_wconf 88' lang='lat' dir='ltr'><strong>Christo</strong></span> <span class='ocrx_word' id='word_1_544' title='bbox 1376 3866 1595 3939; x_wconf 79' lang='lat' dir='ltr'><strong>(Philip.</strong></span> <span class='ocrx_word' id='word_1_545' title='bbox 1626 3883 1662 3935; x_wconf 92' lang='grc' dir='ltr'>ι,</span> <span class='ocrx_word' id='word_1_546' title='bbox 1695 3867 1807 3936; x_wconf 72' lang='lat'><strong>23),</strong></span> <span class='ocrx_word' id='word_1_547' title='bbox 1837 3868 2137 3927; x_wconf 89' lang='lat' dir='ltr'><strong>luxuriosos</strong></span> 
     </span>
    </p>
   </div>
   <div class='ocr_carea' id='block_1_72' title="bbox 480 3957 2136 4030">
    <p class='ocr_par' dir='ltr' id='par_1_72' title="bbox 480 3957 2136 4030">
     <span class='ocr_line' id='line_1_72' title="bbox 480 3957 2136 4030; baseline -0.002 -13"><span class='ocrx_word' id='word_1_548' title='bbox 480 3998 489 4002; x_wconf 89' lang='lat'><strong><em>-</em></strong></span> <span class='ocrx_word' id='word_1_549' title='bbox 558 3962 799 4030; x_wconf 83' lang='lat' dir='ltr'><strong>gentium</strong></span> <span class='ocrx_word' id='word_1_550' title='bbox 826 3960 1078 4016; x_wconf 88' lang='lat' dir='ltr'><strong>convivas</strong></span> <span class='ocrx_word' id='word_1_551' title='bbox 1099 3958 1376 4028; x_wconf 87' lang='lat' dir='ltr'><strong>laudantes</strong></span> <span class='ocrx_word' id='word_1_552' title='bbox 1402 3957 1532 4014; x_wconf 89' lang='lat' dir='ltr'><strong>deos</strong></span> <span class='ocrx_word' id='word_1_553' title='bbox 1558 3973 1683 4014; x_wconf 90' lang='lat' dir='ltr'><strong>suos</strong></span> <span class='ocrx_word' id='word_1_554' title='bbox 1705 3957 1898 4029; x_wconf 75' lang='lat' dir='ltr'><strong>(ludio.</strong></span> <span class='ocrx_word' id='word_1_555' title='bbox 1917 3976 2021 4024; x_wconf 73' lang='lat' dir='ltr'><strong>xvr,</strong></span> <span class='ocrx_word' id='word_1_556' title='bbox 2039 3960 2136 4014; x_wconf 75' lang='lat'><strong>23-</strong></span> 
     </span>
    </p>
   </div>
   <div class='ocr_carea' id='block_1_73' title="bbox 558 4048 2128 4122">
    <p class='ocr_par' dir='ltr' id='par_1_73' title="bbox 558 4048 2128 4122">
     <span class='ocr_line' id='line_1_73' title="bbox 558 4048 2128 4122; baseline 0 -17"><span class='ocrx_word' id='word_1_557' title='bbox 558 4051 650 4121; x_wconf 75' lang='grc'><strong>25)</strong></span> <span class='ocrx_word' id='word_1_558' title='bbox 682 4050 756 4122; x_wconf 91' lang='lat' dir='ltr'><strong>(id</strong></span> <span class='ocrx_word' id='word_1_559' title='bbox 783 4058 866 4106; x_wconf 90' lang='lat' dir='ltr'><strong>est</strong></span> <span class='ocrx_word' id='word_1_560' title='bbox 889 4065 1077 4106; x_wconf 89' lang='lat' dir='ltr'><strong>sensus</strong></span> <span class='ocrx_word' id='word_1_561' title='bbox 1103 4049 1420 4105; x_wconf 88' lang='lat' dir='ltr'><strong>extollentes</strong></span> <span class='ocrx_word' id='word_1_562' title='bbox 1447 4048 1677 4116; x_wconf 88' lang='lat' dir='ltr'><strong>divitias,</strong></span> <span class='ocrx_word' id='word_1_563' title='bbox 1708 4059 1766 4103; x_wconf 93' lang='lat' dir='ltr'><strong>ut</strong></span> <span class='ocrx_word' id='word_1_564' title='bbox 1794 4048 2079 4119; x_wconf 90' lang='lat' dir='ltr'><strong>Apostolus</strong></span> <span class='ocrx_word' id='word_1_565' title='bbox 2113 4068 2128 4105; x_wconf 90' lang='lat'><strong>:</strong></span> 
     </span>
    </p>
   </div>
   <div class='ocr_carea' id='block_1_74' title="bbox 560 4137 2131 4213">
    <p class='ocr_par' dir='ltr' id='par_1_74' title="bbox 560 4137 2131 4213">
     <span class='ocr_line' id='line_1_74' title="bbox 560 4137 2131 4213; baseline 0 -18"><span class='ocrx_word' id='word_1_566' title='bbox 560 4141 629 4196; x_wconf 86' lang='lat' dir='ltr'><strong>Et</strong></span> <span class='ocrx_word' id='word_1_567' title='bbox 649 4141 890 4206; x_wconf 82' lang='lat' dir='ltr'><strong>avaritia,</strong></span> <span class='ocrx_word' id='word_1_568' title='bbox 916 4140 1085 4209; x_wconf 87' lang='lat' dir='ltr'><strong>inquit</strong></span> <span class='ocrx_word' id='word_1_569' title='bbox 1102 4137 1487 4213; x_wconf 78' lang='lat' dir='ltr'><strong>[Coloss.tu,5],</strong></span> <span class='ocrx_word' id='word_1_570' title='bbox 1510 4155 1624 4209; x_wconf 77' lang='lat' dir='ltr'><strong>qua:</strong></span> <span class='ocrx_word' id='word_1_571' title='bbox 1642 4147 1718 4194; x_wconf 81' lang='lat' dir='ltr'><strong>est</strong></span> <span class='ocrx_word' id='word_1_572' title='bbox 1740 4141 2131 4197; x_wconf 74' lang='lat' dir='ltr'><strong>simulacrorum</strong></span> 
     </span>
    </p>
   </div>
   <div class='ocr_carea' id='block_1_75' title="bbox 559 4232 2131 4304">
    <p class='ocr_par' dir='ltr' id='par_1_75' title="bbox 559 4232 2131 4304">
     <span class='ocr_line' id='line_1_75' title="bbox 559 4232 2131 4304; baseline 0.001 -16"><span class='ocrx_word' id='word_1_573' title='bbox 559 4232 793 4304; x_wconf 65' lang='lat' dir='ltr'><strong>imitus)</strong></span> <span class='ocrx_word' id='word_1_574' title='bbox 810 4234 1080 4289; x_wconf 89' lang='lat' dir='ltr'><strong>concussis</strong></span> <span class='ocrx_word' id='word_1_575' title='bbox 1095 4232 1298 4287; x_wconf 91' lang='lat' dir='ltr'><strong>duabus</strong></span> <span class='ocrx_word' id='word_1_576' title='bbox 1314 4233 1509 4287; x_wconf 90' lang='lat' dir='ltr'><strong>virtute</strong></span> <span class='ocrx_word' id='word_1_577' title='bbox 1524 4232 1856 4287; x_wconf 85' lang='lat' dir='ltr'><strong>brachiorum</strong></span> <span class='ocrx_word' id='word_1_578' title='bbox 1871 4233 2131 4289; x_wconf 74' lang='lat' dir='ltr'><strong>columnis</strong></span> 
     </span>
    </p>
   </div>
   <div class='ocr_carea' id='block_1_76' title="bbox 561 4322 2131 4395">
    <p class='ocr_par' dir='ltr' id='par_1_76' title="bbox 561 4322 2131 4395">
     <span class='ocr_line' id='line_1_76' title="bbox 561 4322 2131 4395; baseline -0.001 -15"><span class='ocrx_word' id='word_1_579' title='bbox 561 4325 703 4395; x_wconf 70' lang='lat' dir='ltr'><strong>(quas</strong></span> <span class='ocrx_word' id='word_1_580' title='bbox 747 4323 1116 4392; x_wconf 87' lang='lat' dir='ltr'><strong>intelliguntur</strong></span> <span class='ocrx_word' id='word_1_581' title='bbox 1164 4323 1221 4379; x_wconf 89' lang='lat' dir='ltr'><strong>in</strong></span> <span class='ocrx_word' id='word_1_582' title='bbox 1267 4322 1629 4393; x_wconf 87' lang='lat' dir='ltr'><strong>voluptatibus</strong></span> <span class='ocrx_word' id='word_1_583' title='bbox 1675 4337 1902 4393; x_wconf 86' lang='lat' dir='ltr'><strong>nequam</strong></span> <span class='ocrx_word' id='word_1_584' title='bbox 1940 4324 2131 4378; x_wconf 77' lang='lat' dir='ltr'><strong>anima:</strong></span> 
     </span>
    </p>
   </div>
   <div class='ocr_carea' id='block_1_77' title="bbox 560 4412 2130 4485">
    <p class='ocr_par' dir='ltr' id='par_1_77' title="bbox 560 4412 2130 4485">
     <span class='ocr_line' id='line_1_77' title="bbox 560 4412 2130 4485; baseline -0.002 -15"><span class='ocrx_word' id='word_1_585' title='bbox 560 4415 843 4485; x_wconf 88' lang='lat' dir='ltr'><strong>carnisque</strong></span> <span class='ocrx_word' id='word_1_586' title='bbox 866 4452 882 4480; x_wconf 94' lang='lat'><strong>,</strong></span> <span class='ocrx_word' id='word_1_587' title='bbox 918 4413 1111 4483; x_wconf 88' lang='lat' dir='ltr'><strong>quibus</strong></span> <span class='ocrx_word' id='word_1_588' title='bbox 1136 4412 1328 4470; x_wconf 91' lang='lat' dir='ltr'><strong>domus</strong></span> <span class='ocrx_word' id='word_1_589' title='bbox 1373 4413 1618 4467; x_wconf 83' lang='lat' dir='ltr'><strong>humanae</strong></span> <span class='ocrx_word' id='word_1_590' title='bbox 1658 4412 1832 4467; x_wconf 90' lang='lat' dir='ltr'><strong>omnis</strong></span> <span class='ocrx_word' id='word_1_591' title='bbox 1878 4413 2130 4483; x_wconf 68' lang='lat' dir='ltr'><strong>nequitiae</strong></span> 
     </span>
    </p>
   </div>
   <div class='ocr_carea' id='block_1_78' title="bbox 559 4504 2131 4576">
    <p class='ocr_par' dir='ltr' id='par_1_78' title="bbox 559 4504 2131 4576">
     <span class='ocr_line' id='line_1_78' title="bbox 559 4504 2131 4576; baseline -0.003 -14"><span class='ocrx_word' id='word_1_592' title='bbox 559 4507 955 4576; x_wconf 75' lang='lat' dir='ltr'><strong>quodammodo</strong></span> <span class='ocrx_word' id='word_1_593' title='bbox 980 4507 1226 4576; x_wconf 79' lang='lat' dir='ltr'><strong>pangitur</strong></span> <span class='ocrx_word' id='word_1_594' title='bbox 1253 4520 1315 4561; x_wconf 91' lang='lat' dir='ltr'><strong>ac</strong></span> <span class='ocrx_word' id='word_1_595' title='bbox 1342 4504 1766 4569; x_wconf 86' lang='lat' dir='ltr'><strong>fulcimentatur)</strong></span> <span class='ocrx_word' id='word_1_596' title='bbox 1814 4513 1922 4560; x_wconf 90' lang='lat' dir='ltr'><strong>tam</strong></span> <span class='ocrx_word' id='word_1_597' title='bbox 1974 4505 2131 4559; x_wconf 87' lang='lat' dir='ltr'><strong>innu-</strong></span> 
     </span>
    </p>
   </div>
   <div class='ocr_carea' id='block_1_79' title="bbox 558 4593 2129 4667">
    <p class='ocr_par' dir='ltr' id='par_1_79' title="bbox 558 4593 2129 4667">
     <span class='ocr_line' id='line_1_79' title="bbox 558 4593 2129 4667; baseline 0 -17"><span class='ocrx_word' id='word_1_598' title='bbox 558 4597 862 4662; x_wconf 86' lang='lat' dir='ltr'><strong>merabiles,</strong></span> <span class='ocrx_word' id='word_1_599' title='bbox 886 4605 945 4652; x_wconf 91' lang='lat' dir='ltr'><strong>ut</strong></span> <span class='ocrx_word' id='word_1_600' title='bbox 971 4594 1196 4652; x_wconf 88' lang='lat' dir='ltr'><strong>Samson</strong></span> <span class='ocrx_word' id='word_1_601' title='bbox 1227 4595 1418 4667; x_wconf 75' lang='lat' dir='ltr'><strong>(ludio.</strong></span> <span class='ocrx_word' id='word_1_602' title='bbox 1448 4611 1554 4659; x_wconf 79' lang='lat' dir='ltr'><strong>xvi,</strong></span> <span class='ocrx_word' id='word_1_603' title='bbox 1570 4593 1656 4661; x_wconf 73' lang='lat'><strong>29,</strong></span> <span class='ocrx_word' id='word_1_604' title='bbox 1671 4595 1782 4666; x_wconf 88' lang='lat'><strong>30),</strong></span> <span class='ocrx_word' id='word_1_605' title='bbox 1806 4596 2129 4665; x_wconf 86' lang='lat' dir='ltr'><strong>prostravit?</strong></span> 
     </span>
    </p>
   </div>
   <div class='ocr_carea' id='block_1_80' title="bbox 561 4687 2129 4756">
    <p class='ocr_par' dir='ltr' id='par_1_80' title="bbox 561 4687 2129 4756">
     <span class='ocr_line' id='line_1_80' title="bbox 561 4687 2129 4756; baseline -0.001 -13"><span class='ocrx_word' id='word_1_606' title='bbox 561 4688 691 4755; x_wconf 90' lang='lat' dir='ltr'><strong>Quis</strong></span> <span class='ocrx_word' id='word_1_607' title='bbox 711 4688 1044 4744; x_wconf 88' lang='lat' dir='ltr'><strong>orationibus</strong></span> <span class='ocrx_word' id='word_1_608' title='bbox 1064 4688 1484 4756; x_wconf 80' lang='lat' dir='ltr'><strong>holocaustoque</strong></span> <span class='ocrx_word' id='word_1_609' title='bbox 1503 4688 1751 4742; x_wconf 88' lang='lat' dir='ltr'><strong>laetantis</strong></span> <span class='ocrx_word' id='word_1_610' title='bbox 1779 4687 1899 4756; x_wconf 88' lang='lat' dir='ltr'><strong>agni</strong></span> <span class='ocrx_word' id='word_1_611' title='bbox 1926 4696 2129 4743; x_wconf 90' lang='lat' dir='ltr'><strong>metum</strong></span> 
     </span>
    </p>
   </div>
   <div class='ocr_carea' id='block_1_81' title="bbox 560 4778 2132 4859">
    <p class='ocr_par' dir='ltr' id='par_1_81' title="bbox 560 4778 2132 4859">
     <span class='ocr_line' id='line_1_81' title="bbox 560 4778 2132 4859; baseline 0.001 -25"><span class='ocrx_word' id='word_1_612' title='bbox 560 4779 836 4850; x_wconf 89' lang='lat' dir='ltr'><strong>depellens</strong></span> <span class='ocrx_word' id='word_1_613' title='bbox 863 4778 1228 4851; x_wconf 85' lang='lat' dir='ltr'><strong>(IReg.vu,9),</strong></span> <span class='ocrx_word' id='word_1_614' title='bbox 1260 4780 1555 4849; x_wconf 86' lang='lat' dir='ltr'><strong>insperatas</strong></span> <span class='ocrx_word' id='word_1_615' title='bbox 1583 4778 1939 4859; x_wconf 87' lang='lat' dir='ltr'><strong>tonitruorum</strong></span> <span class='ocrx_word' id='word_1_616' title='bbox 1968 4794 2132 4835; x_wconf 89' lang='lat' dir='ltr'><strong>voces</strong></span> 
     </span>
    </p>
   </div>
   <div class='ocr_carea' id='block_1_82' title="bbox 562 4869 2131 4943">
    <p class='ocr_par' dir='ltr' id='par_1_82' title="bbox 562 4869 2131 4943">
     <span class='ocr_line' id='line_1_82' title="bbox 562 4869 2131 4943; baseline -0.001 -16"><span class='ocrx_word' id='word_1_617' title='bbox 562 4871 889 4941; x_wconf 89' lang='lat' dir='ltr'><strong>nubiumque</strong></span> <span class='ocrx_word' id='word_1_618' title='bbox 918 4871 1117 4927; x_wconf 88' lang='lat' dir='ltr'><strong>imbres</strong></span> <span class='ocrx_word' id='word_1_619' title='bbox 1144 4871 1416 4926; x_wconf 87' lang='lat' dir='ltr'><strong>concitans</strong></span> <span class='ocrx_word' id='word_1_620' title='bbox 1445 4870 1496 4943; x_wconf 90' lang='grc'><strong>(1</strong></span> <span class='ocrx_word' id='word_1_621' title='bbox 1522 4869 1646 4941; x_wconf 87' lang='lat' dir='ltr'><strong>Reg.</strong></span> <span class='ocrx_word' id='word_1_622' title='bbox 1672 4886 1763 4936; x_wconf 88' lang='lat' dir='ltr'><strong>xu,</strong></span> <span class='ocrx_word' id='word_1_623' title='bbox 1791 4869 1902 4939; x_wconf 88' lang='lat' dir='ltr'><strong>l7),</strong></span> <span class='ocrx_word' id='word_1_624' title='bbox 1928 4869 2131 4939; x_wconf 86' lang='lat' dir='ltr'><strong>absque</strong></span> 
     </span>
    </p>
   </div>
   <div class='ocr_carea' id='block_1_83' title="bbox 560 4959 2131 5033">
    <p class='ocr_par' dir='ltr' id='par_1_83' title="bbox 560 4959 2131 5033">
     <span class='ocr_line' id='line_1_83' title="bbox 560 4959 2131 5033; baseline -0.002 -16"><span class='ocrx_word' id='word_1_625' title='bbox 560 4961 866 5017; x_wconf 80' lang='lat' dir='ltr'><strong>adulatione</strong></span> <span class='ocrx_word' id='word_1_626' title='bbox 893 4974 1075 5031; x_wconf 89' lang='lat' dir='ltr'><strong>regem</strong></span> <span class='ocrx_word' id='word_1_627' title='bbox 1095 4961 1429 5018; x_wconf 89' lang='lat' dir='ltr'><strong>constituens</strong></span> <span class='ocrx_word' id='word_1_628' title='bbox 1458 4959 1510 5033; x_wconf 88' lang='lat' dir='ltr'><strong>(I</strong></span> <span class='ocrx_word' id='word_1_629' title='bbox 1532 4960 1659 5031; x_wconf 86' lang='lat' dir='ltr'><strong>Reg.</strong></span> <span class='ocrx_word' id='word_1_630' title='bbox 1690 4977 1745 5029; x_wconf 89' lang='lat' dir='ltr'><strong>x,</strong></span> <span class='ocrx_word' id='word_1_631' title='bbox 1769 4960 1820 5028; x_wconf 89' lang='lat' dir='ltr'><strong>l,</strong></span> <span class='ocrx_word' id='word_1_632' title='bbox 1844 4960 1956 5032; x_wconf 73' lang='grc'><strong>24),</strong></span> <span class='ocrx_word' id='word_1_633' title='bbox 1980 4976 2131 5016; x_wconf 92' lang='lat' dir='ltr'><strong>eum—</strong></span> 
     </span>
    </p>
   </div>
   <div class='ocr_carea' id='block_1_84' title="bbox 557 5054 2130 5127">
    <p class='ocr_par' dir='ltr' id='par_1_84' title="bbox 557 5054 2130 5127">
     <span class='ocr_line' id='line_1_84' title="bbox 557 5054 2130 5127; baseline -0.001 -16"><span class='ocrx_word' id='word_1_634' title='bbox 557 5057 679 5112; x_wconf 88' lang='lat' dir='ltr'><strong>dem</strong></span> <span class='ocrx_word' id='word_1_635' title='bbox 709 5055 820 5111; x_wconf 89' lang='lat' dir='ltr'><strong>Deo</strong></span> <span class='ocrx_word' id='word_1_636' title='bbox 849 5071 954 5110; x_wconf 86' lang='lat' dir='ltr'><strong>non</strong></span> <span class='ocrx_word' id='word_1_637' title='bbox 979 5055 1278 5127; x_wconf 84' lang='lat' dir='ltr'><strong>placentem</strong></span> <span class='ocrx_word' id='word_1_638' title='bbox 1306 5055 1561 5124; x_wconf 88' lang='lat' dir='ltr'><strong>abjiciens</strong></span> <span class='ocrx_word' id='word_1_639' title='bbox 1578 5062 1741 5111; x_wconf 92' lang='lat' dir='ltr'><strong>uncto</strong></span> <span class='ocrx_word' id='word_1_640' title='bbox 1769 5070 1867 5126; x_wconf 91' lang='lat' dir='ltr'><strong>pro</strong></span> <span class='ocrx_word' id='word_1_641' title='bbox 1896 5054 1987 5109; x_wconf 90' lang='lat' dir='ltr'><strong>illo</strong></span> <span class='ocrx_word' id='word_1_642' title='bbox 2015 5069 2130 5110; x_wconf 82' lang='lat' dir='ltr'><strong>me-</strong></span> 
     </span>
    </p>
   </div>
   <div class='ocr_carea' id='block_1_85' title="bbox 558 5144 2129 5218">
    <p class='ocr_par' dir='ltr' id='par_1_85' title="bbox 558 5144 2129 5218">
     <span class='ocr_line' id='line_1_85' title="bbox 558 5144 2129 5218; baseline 0 -17"><span class='ocrx_word' id='word_1_643' title='bbox 558 5147 694 5202; x_wconf 90' lang='lat' dir='ltr'><strong>liore</strong></span> <span class='ocrx_word' id='word_1_644' title='bbox 728 5147 781 5201; x_wconf 88' lang='lat' dir='ltr'><strong>in</strong></span> <span class='ocrx_word' id='word_1_645' title='bbox 809 5160 977 5215; x_wconf 87' lang='lat' dir='ltr'><strong>regno</strong></span> <span class='ocrx_word' id='word_1_646' title='bbox 1016 5144 1069 5218; x_wconf 92' lang='grc'><strong>(1</strong></span> <span class='ocrx_word' id='word_1_647' title='bbox 1103 5145 1230 5218; x_wconf 90' lang='lat' dir='ltr'><strong>Reg.</strong></span> <span class='ocrx_word' id='word_1_648' title='bbox 1256 5162 1380 5212; x_wconf 87' lang='lat' dir='ltr'><strong>xm,</strong></span> <span class='ocrx_word' id='word_1_649' title='bbox 1410 5145 1506 5213; x_wconf 73' lang='lat' dir='ltr'><strong>l4;</strong></span> <span class='ocrx_word' id='word_1_650' title='bbox 1534 5162 1621 5212; x_wconf 83' lang='lat' dir='ltr'><strong>xv,</strong></span> <span class='ocrx_word' id='word_1_651' title='bbox 1649 5145 1747 5212; x_wconf 70' lang='lat'><strong>28;</strong></span> <span class='ocrx_word' id='word_1_652' title='bbox 1778 5162 1887 5211; x_wconf 79' lang='lat' dir='ltr'><strong>xvi,</strong></span> <span class='ocrx_word' id='word_1_653' title='bbox 1915 5146 2003 5216; x_wconf 85' lang='lat' dir='ltr'><strong>l3)</strong></span> <span class='ocrx_word' id='word_1_654' title='bbox 2023 5184 2038 5208; x_wconf 91' lang='lat'><strong>,</strong></span> <span class='ocrx_word' id='word_1_655' title='bbox 2071 5155 2129 5201; x_wconf 92' lang='lat' dir='ltr'><strong>ut</strong></span> 
     </span>
    </p>
   </div>
   <div class='ocr_carea' id='block_1_86' title="bbox 556 5236 2125 5307">
    <p class='ocr_par' dir='ltr' id='par_1_86' title="bbox 556 5236 2125 5307">
     <span class='ocr_line' id='line_1_86' title="bbox 556 5236 2125 5307; baseline -0.002 -13"><span class='ocrx_word' id='word_1_656' title='bbox 556 5238 792 5305; x_wconf 84' lang='lat' dir='ltr'><strong>Samuel,</strong></span> <span class='ocrx_word' id='word_1_657' title='bbox 808 5236 1165 5293; x_wconf 88' lang='lat' dir='ltr'><strong>valedicturus</strong></span> <span class='ocrx_word' id='word_1_658' title='bbox 1184 5237 1380 5307; x_wconf 90' lang='lat' dir='ltr'><strong>populo</strong></span> <span class='ocrx_word' id='word_1_659' title='bbox 1404 5239 1597 5292; x_wconf 89' lang='lat' dir='ltr'><strong>astabit</strong></span> <span class='ocrx_word' id='word_1_660' title='bbox 1614 5238 1717 5293; x_wconf 91' lang='lat' dir='ltr'><strong>hoc</strong></span> <span class='ocrx_word' id='word_1_661' title='bbox 1737 5238 1895 5293; x_wconf 91' lang='lat' dir='ltr'><strong>modo</strong></span> <span class='ocrx_word' id='word_1_662' title='bbox 1916 5237 2125 5293; x_wconf 86' lang='lat' dir='ltr'><strong>dicens:</strong></span> 
     </span>
    </p>
   </div>
   <div class='ocr_carea' id='block_1_87' title="bbox 559 5325 2129 5400">
    <p class='ocr_par' dir='ltr' id='par_1_87' title="bbox 559 5325 2129 5400">
     <span class='ocr_line' id='line_1_87' title="bbox 559 5325 2129 5400; baseline -0.002 -17"><span class='ocrx_word' id='word_1_663' title='bbox 559 5328 695 5384; x_wconf 78' lang='lat' dir='ltr'><strong>Ecce</strong></span> <span class='ocrx_word' id='word_1_664' title='bbox 721 5339 909 5400; x_wconf 73' lang='lat' dir='ltr'><strong>prmio</strong></span> <span class='ocrx_word' id='word_1_665' title='bbox 934 5345 1076 5394; x_wconf 75' lang='lat' dir='ltr'><strong>sum;</strong></span> <span class='ocrx_word' id='word_1_666' title='bbox 1106 5328 1372 5397; x_wconf 82' lang='lat' dir='ltr'><strong>loquimini</strong></span> <span class='ocrx_word' id='word_1_667' title='bbox 1400 5344 1570 5382; x_wconf 88' lang='lat' dir='ltr'><strong>coram</strong></span> <span class='ocrx_word' id='word_1_668' title='bbox 1604 5326 1823 5381; x_wconf 89' lang='lat' dir='ltr'><strong>Domino</strong></span> <span class='ocrx_word' id='word_1_669' title='bbox 1849 5337 1898 5380; x_wconf 86' lang='lat' dir='ltr'><strong>et</strong></span> <span class='ocrx_word' id='word_1_670' title='bbox 1926 5325 2129 5380; x_wconf 79' lang='lat' dir='ltr'><strong>Christo</strong></span> 
     </span>
    </p>
   </div>
   <div class='ocr_carea' id='block_1_88' title="bbox 562 5417 2127 5489">
    <p class='ocr_par' dir='ltr' id='par_1_88' title="bbox 562 5417 2127 5489">
     <span class='ocr_line' id='line_1_88' title="bbox 562 5417 2127 5489; baseline -0.003 -18"><span class='ocrx_word' id='word_1_671' title='bbox 562 5435 709 5488; x_wconf 62' lang='lat' dir='ltr'><strong>ejus,</strong></span> <span class='ocrx_word' id='word_1_672' title='bbox 759 5430 929 5473; x_wconf 86' lang='lat' dir='ltr'><strong>utrum</strong></span> <span class='ocrx_word' id='word_1_673' title='bbox 959 5419 1132 5473; x_wconf 70' lang='lat' dir='ltr'><strong>bouem</strong></span> <span class='ocrx_word' id='word_1_674' title='bbox 1186 5420 1485 5489; x_wconf 73' lang='lat' dir='ltr'><strong>cujusquam</strong></span> <span class='ocrx_word' id='word_1_675' title='bbox 1542 5419 1760 5481; x_wconf 87' lang='lat' dir='ltr'><strong>tulerim,</strong></span> <span class='ocrx_word' id='word_1_676' title='bbox 1794 5433 1861 5469; x_wconf 89' lang='lat' dir='ltr'><strong>an</strong></span> <span class='ocrx_word' id='word_1_677' title='bbox 1890 5417 2127 5480; x_wconf 78' lang='lat' dir='ltr'><strong>asinum;</strong></span> 
     </span>
    </p>
   </div>
   <div class='ocr_carea' id='block_1_89' title="bbox 558 5506 2131 5577">
    <p class='ocr_par' dir='ltr' id='par_1_89' title="bbox 558 5506 2131 5577">
     <span class='ocr_line' id='line_1_89' title="bbox 558 5506 2131 5577; baseline 0 -17"><span class='ocrx_word' id='word_1_678' title='bbox 558 5510 602 5560; x_wconf 73' lang='lat' dir='ltr'><strong>si</strong></span> <span class='ocrx_word' id='word_1_679' title='bbox 632 5510 922 5577; x_wconf 84' lang='lat' dir='ltr'><strong>quempiam</strong></span> <span class='ocrx_word' id='word_1_680' title='bbox 949 5509 1291 5563; x_wconf 78' lang='lat' dir='ltr'><strong>calumniatus</strong></span> <span class='ocrx_word' id='word_1_681' title='bbox 1320 5524 1452 5572; x_wconf 80' lang='lat' dir='ltr'><strong>sum,</strong></span> <span class='ocrx_word' id='word_1_682' title='bbox 1483 5507 1527 5561; x_wconf 81' lang='lat' dir='ltr'><strong>si</strong></span> <span class='ocrx_word' id='word_1_683' title='bbox 1556 5507 1782 5577; x_wconf 81' lang='lat' dir='ltr'><strong>oppressi</strong></span> <span class='ocrx_word' id='word_1_684' title='bbox 1814 5506 2053 5577; x_wconf 85' lang='lat' dir='ltr'><strong>aliquem,</strong></span> <span class='ocrx_word' id='word_1_685' title='bbox 2086 5507 2131 5560; x_wconf 80' lang='lat' dir='ltr'><strong>si</strong></span> 
     </span>
    </p>
   </div>
   <div class='ocr_carea' id='block_1_90' title="bbox 560 5592 2126 5667">
    <p class='ocr_par' dir='ltr' id='par_1_90' title="bbox 560 5592 2126 5667">
     <span class='ocr_line' id='line_1_90' title="bbox 560 5592 2126 5667; baseline -0.002 -18"><span class='ocrx_word' id='word_1_686' title='bbox 560 5596 623 5648; x_wconf 79' lang='lat' dir='ltr'><strong>de</strong></span> <span class='ocrx_word' id='word_1_687' title='bbox 658 5612 816 5649; x_wconf 84' lang='lat' dir='ltr'><strong>manu</strong></span> <span class='ocrx_word' id='word_1_688' title='bbox 841 5598 1141 5667; x_wconf 76' lang='lat' dir='ltr'><strong>cujusquam</strong></span> <span class='ocrx_word' id='word_1_689' title='bbox 1170 5612 1352 5648; x_wconf 77' lang='lat' dir='ltr'><strong>munus</strong></span> <span class='ocrx_word' id='word_1_690' title='bbox 1393 5596 1566 5664; x_wconf 75' lang='lat' dir='ltr'><strong>accepi</strong></span> <span class='ocrx_word' id='word_1_691' title='bbox 1617 5593 1667 5666; x_wconf 81' lang='grc' dir='ltr'><strong>(Ι</strong></span> <span class='ocrx_word' id='word_1_692' title='bbox 1695 5594 1821 5665; x_wconf 84' lang='lat' dir='ltr'><strong>Reg.</strong></span> <span class='ocrx_word' id='word_1_693' title='bbox 1852 5611 1943 5659; x_wconf 87' lang='grc' dir='ltr'>ιιι,</span> <span class='ocrx_word' id='word_1_694' title='bbox 1971 5592 2023 5653; x_wconf 72' lang='grc'><strong>2,</strong></span> <span class='ocrx_word' id='word_1_695' title='bbox 2048 5593 2126 5660; x_wconf 84' lang='lat'><strong>3).</strong></span> 
     </span>
    </p>
   </div>
   <div class='ocr_carea' id='block_1_91' title="bbox 558 5684 2127 5757">
    <p class='ocr_par' dir='ltr' id='par_1_91' title="bbox 558 5684 2127 5757">
     <span class='ocr_line' id='line_1_91' title="bbox 558 5684 2127 5757; baseline 0 -16"><span class='ocrx_word' id='word_1_696' title='bbox 558 5687 656 5741; x_wconf 76' lang='lat' dir='ltr'><strong>Cui</strong></span> <span class='ocrx_word' id='word_1_697' title='bbox 681 5702 711 5740; x_wconf 91' lang='lat' dir='ltr'><strong>a</strong></span> <span class='ocrx_word' id='word_1_698' title='bbox 732 5686 931 5756; x_wconf 89' lang='lat' dir='ltr'><strong>populo</strong></span> <span class='ocrx_word' id='word_1_699' title='bbox 960 5701 1273 5757; x_wconf 87' lang='lat' dir='ltr'><strong>responsum</strong></span> <span class='ocrx_word' id='word_1_700' title='bbox 1302 5693 1381 5739; x_wconf 88' lang='lat' dir='ltr'><strong>est</strong></span> <span class='ocrx_word' id='word_1_701' title='bbox 1409 5686 1620 5739; x_wconf 87' lang='lat' dir='ltr'><strong>dicente</strong></span> <span class='ocrx_word' id='word_1_702' title='bbox 1652 5703 1664 5737; x_wconf 90' lang='lat'><strong>:</strong></span> <span class='ocrx_word' id='word_1_703' title='bbox 1700 5684 1819 5739; x_wconf 82' lang='lat' dir='ltr'><strong>Non</strong></span> <span class='ocrx_word' id='word_1_704' title='bbox 1850 5702 1903 5738; x_wconf 79' lang='lat' dir='ltr'><strong>es</strong></span> <span class='ocrx_word' id='word_1_705' title='bbox 1931 5688 2127 5741; x_wconf 82' lang='lat' dir='ltr'><strong>calum-</strong></span> 
     </span>
    </p>
   </div>
   <div class='ocr_carea' id='block_1_92' title="bbox 696 5844 2011 5920">
    <p class='ocr_par' dir='ltr' id='par_1_92' title="bbox 696 5844 2011 5920">
     <span class='ocr_line' id='line_1_92' title="bbox 696 5844 2011 5920; baseline -0.004 -17"><span class='ocrx_word' id='word_1_706' title='bbox 696 5846 950 5904; x_wconf 77' lang='lat' dir='ltr'><strong>Memoria</strong></span> <span class='ocrx_word' id='word_1_707' title='bbox 980 5846 1157 5920; x_wconf 69' lang='lat' dir='ltr'><strong>lapsus</strong></span> <span class='ocrx_word' id='word_1_708' title='bbox 1190 5854 1395 5902; x_wconf 73' lang='lat' dir='ltr'><strong>auctor.</strong></span> <span class='ocrx_word' id='word_1_709' title='bbox 1431 5844 1680 5901; x_wconf 69' lang='lat' dir='ltr'><strong>Rescribe</strong></span> <span class='ocrx_word' id='word_1_710' title='bbox 1713 5844 2011 5898; x_wconf 61' lang='lat' dir='ltr'><strong>Eiram-us.</strong></span> 
     </span>
    </p>
   </div>
   <div class='ocr_carea' id='block_1_93' title="bbox 2241 3316 3824 3397">
    <p class='ocr_par' dir='ltr' id='par_1_93' title="bbox 2241 3316 3824 3397">
     <span class='ocr_line' id='line_1_93' title="bbox 2241 3316 3824 3397; baseline 0.004 -22"><span class='ocrx_word' id='word_1_711' title='bbox 2241 3319 2482 3377; x_wconf 84' lang='lat' dir='ltr'><strong>montem</strong></span> <span class='ocrx_word' id='word_1_712' title='bbox 2529 3316 2787 3395; x_wconf 84' lang='lat' dir='ltr'><strong>plenum)</strong></span> <span class='ocrx_word' id='word_1_713' title='bbox 2833 3324 3124 3394; x_wconf 86' lang='lat' dir='ltr'><strong>patefecit,</strong></span> <span class='ocrx_word' id='word_1_714' title='bbox 3164 3332 3221 3379; x_wconf 90' lang='lat' dir='ltr'><strong>et</strong></span> <span class='ocrx_word' id='word_1_715' title='bbox 3257 3324 3477 3380; x_wconf 87' lang='lat' dir='ltr'><strong>credere</strong></span> <span class='ocrx_word' id='word_1_716' title='bbox 3507 3323 3698 3397; x_wconf 84' lang='lat' dir='ltr'><strong>(Ibid.,</strong></span> <span class='ocrx_word' id='word_1_717' title='bbox 3726 3325 3824 3397; x_wconf 88' lang='grc'><strong>16)</strong></span> 
     </span>
    </p>
   </div>
   <div class='ocr_carea' id='block_1_94' title="bbox 2242 3412 3824 3485">
    <p class='ocr_par' dir='ltr' id='par_1_94' title="bbox 2242 3412 3824 3485">
     <span class='ocr_line' id='line_1_94' title="bbox 2242 3412 3824 3485; baseline 0.003 -18"><span class='ocrx_word' id='word_1_718' title='bbox 2242 3412 2371 3483; x_wconf 89' lang='lat' dir='ltr'><strong>quin</strong></span> <span class='ocrx_word' id='word_1_719' title='bbox 2401 3412 2591 3469; x_wconf 88' lang='lat' dir='ltr'><strong>fortior</strong></span> <span class='ocrx_word' id='word_1_720' title='bbox 2627 3422 2769 3470; x_wconf 89' lang='lat' dir='ltr'><strong>esset</strong></span> <span class='ocrx_word' id='word_1_721' title='bbox 2809 3414 2879 3469; x_wconf 89' lang='lat' dir='ltr'><strong>ad</strong></span> <span class='ocrx_word' id='word_1_722' title='bbox 2927 3414 3239 3471; x_wconf 90' lang='lat' dir='ltr'><strong>salvandum</strong></span> <span class='ocrx_word' id='word_1_723' title='bbox 3283 3430 3443 3485; x_wconf 89' lang='lat' dir='ltr'><strong>quam</strong></span> <span class='ocrx_word' id='word_1_724' title='bbox 3493 3417 3696 3482; x_wconf 88' lang='lat' dir='ltr'><strong>inimici</strong></span> <span class='ocrx_word' id='word_1_725' title='bbox 3748 3417 3824 3472; x_wconf 87' lang='lat' dir='ltr'><strong>ad</strong></span> 
     </span>
    </p>
   </div>
   <div class='ocr_carea' id='block_1_95' title="bbox 2241 3502 3820 3578">
    <p class='ocr_par' dir='ltr' id='par_1_95' title="bbox 2241 3502 3820 3578">
     <span class='ocr_line' id='line_1_95' title="bbox 2241 3502 3820 3578; baseline 0.003 -21"><span class='ocrx_word' id='word_1_726' title='bbox 2241 3503 2622 3573; x_wconf 88' lang='lat' dir='ltr'><strong>pugnandum?</strong></span> <span class='ocrx_word' id='word_1_727' title='bbox 2652 3502 2717 3557; x_wconf 84' lang='lat' dir='ltr'><strong>Et</strong></span> <span class='ocrx_word' id='word_1_728' title='bbox 2744 3505 2863 3573; x_wconf 90' lang='lat' dir='ltr'><strong>quis</strong></span> <span class='ocrx_word' id='word_1_729' title='bbox 2889 3519 3075 3560; x_wconf 90' lang='lat' dir='ltr'><strong>eorum</strong></span> <span class='ocrx_word' id='word_1_730' title='bbox 3099 3505 3340 3576; x_wconf 90' lang='lat' dir='ltr'><strong>corporis</strong></span> <span class='ocrx_word' id='word_1_731' title='bbox 3366 3513 3510 3560; x_wconf 89' lang='lat' dir='ltr'><strong>tactu</strong></span> <span class='ocrx_word' id='word_1_732' title='bbox 3540 3503 3649 3575; x_wconf 84' lang='lat' dir='ltr'><strong>(IV</strong></span> <span class='ocrx_word' id='word_1_733' title='bbox 3682 3504 3820 3578; x_wconf 87' lang='lat' dir='ltr'><strong>Reg.</strong></span> 
     </span>
    </p>
   </div>
   <div class='ocr_carea' id='block_1_96' title="bbox 2242 3592 3819 3663">
    <p class='ocr_par' dir='ltr' id='par_1_96' title="bbox 2242 3592 3819 3663">
     <span class='ocr_line' id='line_1_96' title="bbox 2242 3592 3819 3663; baseline 0.003 -17"><span class='ocrx_word' id='word_1_734' title='bbox 2242 3608 2314 3659; x_wconf 87' lang='lat' dir='ltr'><strong>tv,</strong></span> <span class='ocrx_word' id='word_1_735' title='bbox 2343 3592 2434 3662; x_wconf 77' lang='grc'><strong>54)</strong></span> <span class='ocrx_word' id='word_1_736' title='bbox 2453 3633 2467 3658; x_wconf 91' lang='grc'><strong>,</strong></span> <span class='ocrx_word' id='word_1_737' title='bbox 2505 3593 2704 3648; x_wconf 90' lang='lat' dir='ltr'><strong>mortui</strong></span> <span class='ocrx_word' id='word_1_738' title='bbox 2732 3594 2937 3649; x_wconf 89' lang='lat' dir='ltr'><strong>scilicet</strong></span> <span class='ocrx_word' id='word_1_739' title='bbox 2965 3594 3183 3661; x_wconf 92' lang='lat' dir='ltr'><strong>mundo,</strong></span> <span class='ocrx_word' id='word_1_740' title='bbox 3213 3595 3440 3649; x_wconf 90' lang='lat' dir='ltr'><strong>viventis</strong></span> <span class='ocrx_word' id='word_1_741' title='bbox 3466 3605 3647 3649; x_wconf 87' lang='lat' dir='ltr'><strong>autem</strong></span> <span class='ocrx_word' id='word_1_742' title='bbox 3678 3596 3819 3663; x_wconf 88' lang='lat' dir='ltr'><strong>Deo,</strong></span> 
     </span>
    </p>
   </div>
   <div class='ocr_carea' id='block_1_97' title="bbox 2239 3682 3822 3756">
    <p class='ocr_par' dir='ltr' id='par_1_97' title="bbox 2239 3682 3822 3756">
     <span class='ocr_line' id='line_1_97' title="bbox 2239 3682 3822 3756; baseline 0.003 -19"><span class='ocrx_word' id='word_1_743' title='bbox 2239 3682 2330 3737; x_wconf 88' lang='lat' dir='ltr'><strong>alii</strong></span> <span class='ocrx_word' id='word_1_744' title='bbox 2348 3683 2570 3739; x_wconf 88' lang='lat' dir='ltr'><strong>diverso</strong></span> <span class='ocrx_word' id='word_1_745' title='bbox 2613 3683 2799 3740; x_wconf 88' lang='lat' dir='ltr'><strong>funere</strong></span> <span class='ocrx_word' id='word_1_746' title='bbox 2843 3686 3161 3753; x_wconf 90' lang='lat' dir='ltr'><strong>occubanti,</strong></span> <span class='ocrx_word' id='word_1_747' title='bbox 3193 3686 3379 3756; x_wconf 90' lang='lat' dir='ltr'><strong>procul</strong></span> <span class='ocrx_word' id='word_1_748' title='bbox 3404 3685 3565 3741; x_wconf 92' lang='lat' dir='ltr'><strong>dubio</strong></span> <span class='ocrx_word' id='word_1_749' title='bbox 3593 3695 3822 3742; x_wconf 88' lang='lat' dir='ltr'><strong>mortuo</strong></span> 
     </span>
    </p>
   </div>
   <div class='ocr_carea' id='block_1_98' title="bbox 2241 3773 3818 3848">
    <p class='ocr_par' dir='ltr' id='par_1_98' title="bbox 2241 3773 3818 3848">
     <span class='ocr_line' id='line_1_98' title="bbox 2241 3773 3818 3848; baseline 0.002 -21"><span class='ocrx_word' id='word_1_750' title='bbox 2241 3773 2373 3840; x_wconf 91' lang='lat' dir='ltr'><strong>Deo,</strong></span> <span class='ocrx_word' id='word_1_751' title='bbox 2398 3774 2540 3830; x_wconf 90' lang='lat' dir='ltr'><strong>vitiis</strong></span> <span class='ocrx_word' id='word_1_752' title='bbox 2560 3791 2689 3831; x_wconf 90' lang='lat' dir='ltr'><strong>vero</strong></span> <span class='ocrx_word' id='word_1_753' title='bbox 2714 3776 2931 3841; x_wconf 92' lang='lat' dir='ltr'><strong>viventi,</strong></span> <span class='ocrx_word' id='word_1_754' title='bbox 2958 3777 3110 3846; x_wconf 90' lang='lat' dir='ltr'><strong>quasi</strong></span> <span class='ocrx_word' id='word_1_755' title='bbox 3129 3793 3288 3848; x_wconf 89' lang='lat' dir='ltr'><strong>supra</strong></span> <span class='ocrx_word' id='word_1_756' title='bbox 3312 3776 3500 3840; x_wconf 86' lang='lat' dir='ltr'><strong>dictus,</strong></span> <span class='ocrx_word' id='word_1_757' title='bbox 3526 3775 3818 3846; x_wconf 79' lang='lat' dir='ltr'><strong>Proficiet;</strong></span> 
     </span>
    </p>
   </div>
   <div class='ocr_carea' id='block_1_99' title="bbox 2237 3864 3823 3937">
    <p class='ocr_par' dir='ltr' id='par_1_99' title="bbox 2237 3864 3823 3937">
     <span class='ocr_line' id='line_1_99' title="bbox 2237 3864 3823 3937; baseline 0.003 -19"><span class='ocrx_word' id='word_1_758' title='bbox 2237 3864 2311 3919; x_wconf 89' lang='lat' dir='ltr'><strong>ita</strong></span> <span class='ocrx_word' id='word_1_759' title='bbox 2341 3875 2400 3920; x_wconf 88' lang='lat' dir='ltr'><strong>ut</strong></span> <span class='ocrx_word' id='word_1_760' title='bbox 2434 3866 2613 3921; x_wconf 88' lang='lat' dir='ltr'><strong>statim</strong></span> <span class='ocrx_word' id='word_1_761' title='bbox 2643 3867 2926 3936; x_wconf 88' lang='lat' dir='ltr'><strong>prosiliens</strong></span> <span class='ocrx_word' id='word_1_762' title='bbox 2969 3867 3183 3923; x_wconf 88' lang='lat' dir='ltr'><strong>Christo</strong></span> <span class='ocrx_word' id='word_1_763' title='bbox 3228 3875 3409 3935; x_wconf 78' lang='lat' dir='ltr'><strong>grates</strong></span> <span class='ocrx_word' id='word_1_764' title='bbox 3437 3883 3536 3937; x_wconf 90' lang='lat' dir='ltr'><strong>pro</strong></span> <span class='ocrx_word' id='word_1_765' title='bbox 3576 3869 3823 3923; x_wconf 88' lang='lat' dir='ltr'><strong>sanitate</strong></span> 
     </span>
    </p>
   </div>
   <div class='ocr_carea' id='block_1_100' title="bbox 2237 3959 3821 4030">
    <p class='ocr_par' dir='ltr' id='par_1_100' title="bbox 2237 3959 3821 4030">
     <span class='ocr_line' id='line_1_100' title="bbox 2237 3959 3821 4030; baseline 0.003 -20"><span class='ocrx_word' id='word_1_766' title='bbox 2237 3965 2362 4025; x_wconf 87' lang='lat' dir='ltr'><strong>agat</strong></span> <span class='ocrx_word' id='word_1_767' title='bbox 2407 3966 2721 4013; x_wconf 89' lang='lat' dir='ltr'><strong>cunctorum</strong></span> <span class='ocrx_word' id='word_1_768' title='bbox 2783 3975 2921 4030; x_wconf 89' lang='lat' dir='ltr'><strong>pene</strong></span> <span class='ocrx_word' id='word_1_769' title='bbox 2969 3960 3275 4016; x_wconf 90' lang='lat' dir='ltr'><strong>mortalium</strong></span> <span class='ocrx_word' id='word_1_770' title='bbox 3328 3976 3423 4015; x_wconf 89' lang='lat' dir='ltr'><strong>ore</strong></span> <span class='ocrx_word' id='word_1_771' title='bbox 3474 3959 3821 4030; x_wconf 84' lang='lat' dir='ltr'><strong>desperata?</strong></span> 
     </span>
    </p>
   </div>
   <div class='ocr_carea' id='block_1_101' title="bbox 2236 4044 3823 4122">
    <p class='ocr_par' dir='ltr' id='par_1_101' title="bbox 2236 4044 3823 4122">
     <span class='ocr_line' id='line_1_101' title="bbox 2236 4044 3823 4122; baseline 0.003 -21"><span class='ocrx_word' id='word_1_772' title='bbox 2236 4044 2406 4116; x_wconf 87' lang='lat' dir='ltr'><strong>Cujus</strong></span> <span class='ocrx_word' id='word_1_773' title='bbox 2436 4063 2622 4103; x_wconf 91' lang='lat' dir='ltr'><strong>eorum</strong></span> <span class='ocrx_word' id='word_1_774' title='bbox 2654 4048 2886 4105; x_wconf 88' lang='lat' dir='ltr'><strong>carbone</strong></span> <span class='ocrx_word' id='word_1_775' title='bbox 2914 4051 3080 4119; x_wconf 91' lang='lat' dir='ltr'><strong>ignito</strong></span> <span class='ocrx_word' id='word_1_776' title='bbox 3110 4050 3176 4106; x_wconf 88' lang='lat' dir='ltr'><strong>de</strong></span> <span class='ocrx_word' id='word_1_777' title='bbox 3204 4051 3358 4106; x_wconf 89' lang='lat' dir='ltr'><strong>altari</strong></span> <span class='ocrx_word' id='word_1_778' title='bbox 3385 4051 3585 4122; x_wconf 86' lang='lat' dir='ltr'><strong>forcipe</strong></span> <span class='ocrx_word' id='word_1_779' title='bbox 3614 4052 3823 4107; x_wconf 83' lang='lat' dir='ltr'><strong>cheru-</strong></span> 
     </span>
    </p>
   </div>
   <div class='ocr_carea' id='block_1_102' title="bbox 2234 4138 3823 4211">
    <p class='ocr_par' dir='ltr' id='par_1_102' title="bbox 2234 4138 3823 4211">
     <span class='ocr_line' id='line_1_102' title="bbox 2234 4138 3823 4211; baseline 0.001 -18"><span class='ocrx_word' id='word_1_780' title='bbox 2234 4139 2325 4193; x_wconf 90' lang='lat' dir='ltr'><strong>bin</strong></span> <span class='ocrx_word' id='word_1_781' title='bbox 2367 4138 2595 4195; x_wconf 89' lang='lat' dir='ltr'><strong>advecto</strong></span> <span class='ocrx_word' id='word_1_782' title='bbox 2650 4141 2748 4211; x_wconf 91' lang='lat' dir='ltr'><strong>(ut</strong></span> <span class='ocrx_word' id='word_1_783' title='bbox 2792 4151 3010 4209; x_wconf 90' lang='lat' dir='ltr'><strong>peccata</strong></span> <span class='ocrx_word' id='word_1_784' title='bbox 3050 4155 3146 4196; x_wconf 89' lang='lat' dir='ltr'><strong>sua</strong></span> <span class='ocrx_word' id='word_1_785' title='bbox 3174 4140 3479 4196; x_wconf 87' lang='lat' dir='ltr'><strong>delerentur</strong></span> <span class='ocrx_word' id='word_1_786' title='bbox 3505 4140 3823 4195; x_wconf 83' lang='lat' dir='ltr'><strong>humilitate</strong></span> 
     </span>
    </p>
   </div>
   <div class='ocr_carea' id='block_1_103' title="bbox 2235 4229 3820 4303">
    <p class='ocr_par' dir='ltr' id='par_1_103' title="bbox 2235 4229 3820 4303">
     <span class='ocr_line' id='line_1_103' title="bbox 2235 4229 3820 4303; baseline 0.001 -18"><span class='ocrx_word' id='word_1_787' title='bbox 2235 4229 2611 4297; x_wconf 87' lang='lat' dir='ltr'><strong>confessionis)</strong></span> <span class='ocrx_word' id='word_1_788' title='bbox 2649 4231 2814 4298; x_wconf 87' lang='lat' dir='ltr'><strong>labia,</strong></span> <span class='ocrx_word' id='word_1_789' title='bbox 2846 4239 2904 4285; x_wconf 93' lang='lat' dir='ltr'><strong>ut</strong></span> <span class='ocrx_word' id='word_1_790' title='bbox 2930 4229 3104 4299; x_wconf 61' lang='lat' dir='ltr'><strong>Isaia},</strong></span> <span class='ocrx_word' id='word_1_791' title='bbox 3133 4232 3387 4287; x_wconf 86' lang='lat' dir='ltr'><strong>mundata</strong></span> <span class='ocrx_word' id='word_1_792' title='bbox 3415 4241 3539 4287; x_wconf 92' lang='lat' dir='ltr'><strong>sunt</strong></span> <span class='ocrx_word' id='word_1_793' title='bbox 3566 4230 3707 4303; x_wconf 78' lang='lat' dir='ltr'><strong>(Im.</strong></span> <span class='ocrx_word' id='word_1_794' title='bbox 3742 4248 3820 4296; x_wconf 75' lang='lat' dir='ltr'><strong>Vl,</strong></span> 
     </span>
    </p>
   </div>
   <div class='ocr_carea' id='block_1_104' title="bbox 2234 4321 3823 4397">
    <p class='ocr_par' dir='ltr' id='par_1_104' title="bbox 2234 4321 3823 4397">
     <span class='ocr_line' id='line_1_104' title="bbox 2234 4321 3823 4397; baseline 0.004 -22"><span class='ocrx_word' id='word_1_795' title='bbox 2234 4321 2286 4387; x_wconf 88' lang='lat'><strong>6,</strong></span> <span class='ocrx_word' id='word_1_796' title='bbox 2317 4321 2394 4393; x_wconf 91' lang='lat'><strong>7),</strong></span> <span class='ocrx_word' id='word_1_797' title='bbox 2425 4330 2480 4377; x_wconf 89' lang='lat' dir='ltr'><strong>et</strong></span> <span class='ocrx_word' id='word_1_798' title='bbox 2508 4322 2710 4378; x_wconf 83' lang='lat' dir='ltr'><strong>eﬂicaci</strong></span> <span class='ocrx_word' id='word_1_799' title='bbox 2738 4324 2980 4379; x_wconf 89' lang='lat' dir='ltr'><strong>oratione</strong></span> <span class='ocrx_word' id='word_1_800' title='bbox 3007 4325 3106 4380; x_wconf 90' lang='lat' dir='ltr'><strong>sibi</strong></span> <span class='ocrx_word' id='word_1_801' title='bbox 3135 4326 3381 4395; x_wconf 88' lang='lat' dir='ltr'><strong>adjuncta</strong></span> <span class='ocrx_word' id='word_1_802' title='bbox 3410 4326 3481 4397; x_wconf 92' lang='lat' dir='ltr'><strong>pii</strong></span> <span class='ocrx_word' id='word_1_803' title='bbox 3508 4327 3651 4394; x_wconf 84' lang='lat' dir='ltr'><strong>regis</strong></span> <span class='ocrx_word' id='word_1_804' title='bbox 3674 4326 3823 4381; x_wconf 84' lang='lat' dir='ltr'><strong>Eze-</strong></span> 
     </span>
    </p>
   </div>
   <div class='ocr_carea' id='block_1_105' title="bbox 2232 4411 3828 4487">
    <p class='ocr_par' dir='ltr' id='par_1_105' title="bbox 2232 4411 3828 4487">
     <span class='ocr_line' id='line_1_105' title="bbox 2232 4411 3828 4487; baseline 0.002 -19"><span class='ocrx_word' id='word_1_805' title='bbox 2232 4413 2366 4468; x_wconf 79' lang='lat' dir='ltr'><strong>chia:</strong></span> <span class='ocrx_word' id='word_1_806' title='bbox 2405 4411 2510 4483; x_wconf 86' lang='lat' dir='ltr'><strong>(IV</strong></span> <span class='ocrx_word' id='word_1_807' title='bbox 2550 4411 2673 4484; x_wconf 89' lang='lat' dir='ltr'><strong>Reg.</strong></span> <span class='ocrx_word' id='word_1_808' title='bbox 2704 4429 2814 4478; x_wconf 88' lang='lat' dir='ltr'><strong>xIx,</strong></span> <span class='ocrx_word' id='word_1_809' title='bbox 2845 4413 2895 4482; x_wconf 90' lang='lat' dir='ltr'><strong>l,</strong></span> <span class='ocrx_word' id='word_1_810' title='bbox 2930 4413 3029 4480; x_wconf 64' lang='lat' dir='ltr'><strong>ll;</strong></span> <span class='ocrx_word' id='word_1_811' title='bbox 3064 4413 3173 4469; x_wconf 72' lang='lat' dir='ltr'><strong>Ita.</strong></span> <span class='ocrx_word' id='word_1_812' title='bbox 3206 4431 3407 4481; x_wconf 87' lang='lat' dir='ltr'><strong>xxxvn,</strong></span> <span class='ocrx_word' id='word_1_813' title='bbox 3433 4416 3483 4481; x_wconf 92' lang='lat' dir='ltr'><strong>l,</strong></span> <span class='ocrx_word' id='word_1_814' title='bbox 3513 4413 3635 4483; x_wconf 81' lang='lat' dir='ltr'><strong>l5),</strong></span> <span class='ocrx_word' id='word_1_815' title='bbox 3683 4433 3828 4487; x_wconf 85' lang='lat' dir='ltr'><strong>sup-</strong></span> 
     </span>
    </p>
   </div>
   <div class='ocr_carea' id='block_1_106' title="bbox 2232 4503 3824 4574">
    <p class='ocr_par' dir='ltr' id='par_1_106' title="bbox 2232 4503 3824 4574">
     <span class='ocr_line' id='line_1_106' title="bbox 2232 4503 3824 4574; baseline 0.002 -18"><span class='ocrx_word' id='word_1_816' title='bbox 2232 4503 2563 4574; x_wconf 90' lang='lat' dir='ltr'><strong>plantatione</strong></span> <span class='ocrx_word' id='word_1_817' title='bbox 2590 4510 2804 4557; x_wconf 85' lang='lat' dir='ltr'><strong>centum</strong></span> <span class='ocrx_word' id='word_1_818' title='bbox 2843 4503 3113 4572; x_wconf 89' lang='lat' dir='ltr'><strong>octoginta</strong></span> <span class='ocrx_word' id='word_1_819' title='bbox 3142 4504 3374 4573; x_wconf 90' lang='lat' dir='ltr'><strong>quinque</strong></span> <span class='ocrx_word' id='word_1_820' title='bbox 3404 4504 3564 4557; x_wconf 90' lang='lat' dir='ltr'><strong>millia</strong></span> <span class='ocrx_word' id='word_1_821' title='bbox 3594 4506 3824 4559; x_wconf 79' lang='lat' dir='ltr'><strong>excrci-</strong></span> 
     </span>
    </p>
   </div>
   <div class='ocr_carea' id='block_1_107' title="bbox 2159 4592 3822 4671">
    <p class='ocr_par' dir='ltr' id='par_1_107' title="bbox 2159 4592 3822 4671">
     <span class='ocr_line' id='line_1_107' title="bbox 2159 4592 3822 4671; baseline 0.001 -24"><span class='ocrx_word' id='word_1_822' title='bbox 2159 4613 2210 4671; x_wconf 71' lang='grc' dir='ltr'><strong>Ι)</strong></span> <span class='ocrx_word' id='word_1_823' title='bbox 2234 4601 2318 4647; x_wconf 90' lang='lat' dir='ltr'><strong>tus</strong></span> <span class='ocrx_word' id='word_1_824' title='bbox 2347 4592 2683 4665; x_wconf 84' lang='lat' dir='ltr'><strong>Assyriorum</strong></span> <span class='ocrx_word' id='word_1_825' title='bbox 2710 4632 2725 4657; x_wconf 96' lang='lat'><strong>,</strong></span> <span class='ocrx_word' id='word_1_826' title='bbox 2757 4592 2902 4648; x_wconf 93' lang='lat' dir='ltr'><strong>nullo</strong></span> <span class='ocrx_word' id='word_1_827' title='bbox 2955 4600 3246 4665; x_wconf 89' lang='lat' dir='ltr'><strong>apparente</strong></span> <span class='ocrx_word' id='word_1_828' title='bbox 3294 4594 3529 4649; x_wconf 88' lang='lat' dir='ltr'><strong>vulneris</strong></span> <span class='ocrx_word' id='word_1_829' title='bbox 3555 4596 3822 4661; x_wconf 86' lang='lat' dir='ltr'><strong>vestigio,</strong></span> 
     </span>
    </p>
   </div>
   <div class='ocr_carea' id='block_1_108' title="bbox 2235 4680 3822 4755">
    <p class='ocr_par' dir='ltr' id='par_1_108' title="bbox 2235 4680 3822 4755">
     <span class='ocr_line' id='line_1_108' title="bbox 2235 4680 3822 4755; baseline 0 -18"><span class='ocrx_word' id='word_1_830' title='bbox 2235 4683 2408 4755; x_wconf 90' lang='lat' dir='ltr'><strong>angeli</strong></span> <span class='ocrx_word' id='word_1_831' title='bbox 2432 4699 2621 4750; x_wconf 90' lang='lat' dir='ltr'><strong>manu,</strong></span> <span class='ocrx_word' id='word_1_832' title='bbox 2652 4690 2709 4737; x_wconf 92' lang='lat' dir='ltr'><strong>ut</strong></span> <span class='ocrx_word' id='word_1_833' title='bbox 2734 4680 3052 4752; x_wconf 89' lang='lat' dir='ltr'><strong>supradicti,</strong></span> <span class='ocrx_word' id='word_1_834' title='bbox 3082 4691 3347 4753; x_wconf 88' lang='lat' dir='ltr'><strong>prostrata</strong></span> <span class='ocrx_word' id='word_1_835' title='bbox 3375 4692 3500 4737; x_wconf 87' lang='lat' dir='ltr'><strong>sunt</strong></span> <span class='ocrx_word' id='word_1_836' title='bbox 3528 4681 3639 4752; x_wconf 86' lang='lat' dir='ltr'><strong>(IV</strong></span> <span class='ocrx_word' id='word_1_837' title='bbox 3678 4683 3822 4753; x_wconf 86' lang='lat' dir='ltr'><strong>Reg.</strong></span> 
     </span>
    </p>
   </div>
   <div class='ocr_carea' id='block_1_109' title="bbox 2233 4771 3828 4844">
    <p class='ocr_par' dir='ltr' id='par_1_109' title="bbox 2233 4771 3828 4844">
     <span class='ocr_line' id='line_1_109' title="bbox 2233 4771 3828 4844; baseline 0 -15"><span class='ocrx_word' id='word_1_838' title='bbox 2233 4790 2345 4838; x_wconf 89' lang='grc' dir='ltr'>ιιι,</span> <span class='ocrx_word' id='word_1_839' title='bbox 2375 4772 2476 4840; x_wconf 85' lang='grc'><strong>55;</strong></span> <span class='ocrx_word' id='word_1_840' title='bbox 2507 4771 2617 4826; x_wconf 72' lang='lat' dir='ltr'><strong>lea.</strong></span> <span class='ocrx_word' id='word_1_841' title='bbox 2647 4788 2811 4836; x_wconf 88' lang='lat' dir='ltr'><strong>xxvn,</strong></span> <span class='ocrx_word' id='word_1_842' title='bbox 2841 4771 2971 4844; x_wconf 88' lang='lat'><strong>36)?</strong></span> <span class='ocrx_word' id='word_1_843' title='bbox 3016 4772 3146 4839; x_wconf 88' lang='lat' dir='ltr'><strong>Quis</strong></span> <span class='ocrx_word' id='word_1_844' title='bbox 3186 4788 3372 4829; x_wconf 88' lang='lat' dir='ltr'><strong>eorum</strong></span> <span class='ocrx_word' id='word_1_845' title='bbox 3419 4773 3489 4829; x_wconf 93' lang='lat' dir='ltr'><strong>ob</strong></span> <span class='ocrx_word' id='word_1_846' title='bbox 3537 4784 3828 4844; x_wconf 70' lang='lat' dir='ltr'><strong>prtecepta</strong></span> 
     </span>
    </p>
   </div>
   <div class='ocr_carea' id='block_1_110' title="bbox 2233 4846 3832 4934">
    <p class='ocr_par' dir='ltr' id='par_1_110' title="bbox 2233 4846 3832 4934">
     <span class='ocr_line' id='line_1_110' title="bbox 2233 4846 3832 4934; baseline -0.001 -15"><span class='ocrx_word' id='word_1_847' title='bbox 2233 4863 2329 4919; x_wconf 90' lang='lat' dir='ltr'><strong>Dei</strong></span> <span class='ocrx_word' id='word_1_848' title='bbox 2352 4871 2407 4919; x_wconf 91' lang='lat' dir='ltr'><strong>et</strong></span> <span class='ocrx_word' id='word_1_849' title='bbox 2433 4846 2614 4917; x_wconf 36' lang='lat' dir='ltr'><strong>minas.</strong></span> <span class='ocrx_word' id='word_1_850' title='bbox 2633 4862 2843 4917; x_wconf 76' lang='lat' dir='ltr'><strong>cmlitus</strong></span> <span class='ocrx_word' id='word_1_851' title='bbox 2874 4862 3027 4917; x_wconf 88' lang='lat' dir='ltr'><strong>datas</strong></span> <span class='ocrx_word' id='word_1_852' title='bbox 3057 4861 3186 4934; x_wconf 83' lang='lat' dir='ltr'><strong>(Jer.</strong></span> <span class='ocrx_word' id='word_1_853' title='bbox 3209 4878 3247 4927; x_wconf 90' lang='grc' dir='ltr'>ι,</span> <span class='ocrx_word' id='word_1_854' title='bbox 3271 4862 3390 4931; x_wconf 87' lang='lat' dir='ltr'><strong>l7),</strong></span> <span class='ocrx_word' id='word_1_855' title='bbox 3417 4863 3832 4934; x_wconf 71' lang='lat' dir='ltr'><strong>veritatemque</strong></span> 
     </span>
    </p>
   </div>
   <div class='ocr_carea' id='block_1_111' title="bbox 2230 4951 3833 5023">
    <p class='ocr_par' dir='ltr' id='par_1_111' title="bbox 2230 4951 3833 5023">
     <span class='ocr_line' id='line_1_111' title="bbox 2230 4951 3833 5023; baseline 0 -16"><span class='ocrx_word' id='word_1_856' title='bbox 2230 4953 2317 5009; x_wconf 90' lang='lat' dir='ltr'><strong>vel</strong></span> <span class='ocrx_word' id='word_1_857' title='bbox 2345 4969 2451 5009; x_wconf 90' lang='lat' dir='ltr'><strong>non</strong></span> <span class='ocrx_word' id='word_1_858' title='bbox 2473 4953 2808 5008; x_wconf 89' lang='lat' dir='ltr'><strong>audientibus</strong></span> <span class='ocrx_word' id='word_1_859' title='bbox 2827 4951 3509 5023; x_wconf 87' lang='lat' dir='ltr'><strong>proferendam,squalores</strong></span> <span class='ocrx_word' id='word_1_860' title='bbox 3534 4952 3833 5022; x_wconf 70' lang='lat' dir='ltr'><strong>paedores-</strong></span> 
     </span>
    </p>
   </div>
   <div class='ocr_carea' id='block_1_112' title="bbox 2232 5026 3831 5115">
    <p class='ocr_par' dir='ltr' id='par_1_112' title="bbox 2232 5026 3831 5115">
     <span class='ocr_line' id='line_1_112' title="bbox 2232 5026 3831 5115; baseline 0 -16"><span class='ocrx_word' id='word_1_861' title='bbox 2232 5058 2339 5115; x_wconf 89' lang='lat' dir='ltr'><strong>que</strong></span> <span class='ocrx_word' id='word_1_862' title='bbox 2384 5026 2659 5100; x_wconf 82' lang='lat' dir='ltr'><strong>carcerum</strong></span> <span class='ocrx_word' id='word_1_863' title='bbox 2713 5043 2842 5115; x_wconf 88' lang='lat' dir='ltr'><strong>(Jer.</strong></span> <span class='ocrx_word' id='word_1_864' title='bbox 2890 5059 2991 5108; x_wconf 89' lang='grc' dir='ltr'>ιι,</span> <span class='ocrx_word' id='word_1_865' title='bbox 3022 5041 3088 5109; x_wconf 75' lang='grc'><strong>2;</strong></span> <span class='ocrx_word' id='word_1_866' title='bbox 3136 5042 3404 5110; x_wconf 75' lang='grc' dir='ltr'>ιιιιι,Ξ;</span> <span class='ocrx_word' id='word_1_867' title='bbox 3455 5059 3658 5109; x_wconf 85' lang='lat' dir='ltr'><strong>xxxvn,</strong></span> <span class='ocrx_word' id='word_1_868' title='bbox 3706 5045 3831 5112; x_wconf 68' lang='lat'><strong>15;</strong></span> 
     </span>
    </p>
   </div>
   <div class='ocr_carea' id='block_1_113' title="bbox 2234 5132 3835 5206">
    <p class='ocr_par' dir='ltr' id='par_1_113' title="bbox 2234 5132 3835 5206">
     <span class='ocr_line' id='line_1_113' title="bbox 2234 5132 3835 5206; baseline -0.003 -16"><span class='ocrx_word' id='word_1_869' title='bbox 2234 5151 2455 5200; x_wconf 86' lang='lat' dir='ltr'><strong>xxxvm,</strong></span> <span class='ocrx_word' id='word_1_870' title='bbox 2487 5134 2600 5206; x_wconf 88' lang='lat'><strong>6),</strong></span> <span class='ocrx_word' id='word_1_871' title='bbox 2647 5142 2702 5189; x_wconf 90' lang='lat' dir='ltr'><strong>et</strong></span> <span class='ocrx_word' id='word_1_872' title='bbox 2729 5142 3133 5189; x_wconf 89' lang='lat' dir='ltr'><strong>momentaneas</strong></span> <span class='ocrx_word' id='word_1_873' title='bbox 3160 5143 3361 5189; x_wconf 69' lang='lat' dir='ltr'><strong>mortes</strong></span> <span class='ocrx_word' id='word_1_874' title='bbox 3408 5132 3537 5201; x_wconf 81' lang='lat' dir='ltr'><strong>(ler.</strong></span> <span class='ocrx_word' id='word_1_875' title='bbox 3570 5148 3731 5197; x_wconf 75' lang='lat' dir='ltr'><strong>xxvi,</strong></span> <span class='ocrx_word' id='word_1_876' title='bbox 3767 5134 3835 5200; x_wconf 90' lang='lat'><strong>8,</strong></span> 
     </span>
    </p>
   </div>
   <div class='ocr_carea' id='block_1_114' title="bbox 2236 5221 3841 5295">
    <p class='ocr_par' dir='ltr' id='par_1_114' title="bbox 2236 5221 3841 5295">
     <span class='ocr_line' id='line_1_114' title="bbox 2236 5221 3841 5295; baseline 0 -17"><span class='ocrx_word' id='word_1_877' title='bbox 2236 5224 2346 5295; x_wconf 74' lang='grc'><strong>14),</strong></span> <span class='ocrx_word' id='word_1_878' title='bbox 2378 5233 2435 5280; x_wconf 85' lang='grc' dir='ltr'><strong>ιιι</strong></span> <span class='ocrx_word' id='word_1_879' title='bbox 2462 5225 2649 5280; x_wconf 87' lang='lat' dir='ltr'><strong>beatus</strong></span> <span class='ocrx_word' id='word_1_880' title='bbox 2676 5222 2954 5289; x_wconf 83' lang='lat' dir='ltr'><strong>Jeremias,</strong></span> <span class='ocrx_word' id='word_1_881' title='bbox 2984 5223 3231 5293; x_wconf 88' lang='lat' dir='ltr'><strong>excepit?</strong></span> <span class='ocrx_word' id='word_1_882' title='bbox 3260 5222 3326 5277; x_wconf 75' lang='lat' dir='ltr'><strong>Et</strong></span> <span class='ocrx_word' id='word_1_883' title='bbox 3353 5238 3421 5278; x_wconf 92' lang='lat' dir='ltr'><strong>ne</strong></span> <span class='ocrx_word' id='word_1_884' title='bbox 3444 5222 3611 5276; x_wconf 86' lang='lat' dir='ltr'><strong>multa</strong></span> <span class='ocrx_word' id='word_1_885' title='bbox 3640 5239 3654 5275; x_wconf 91' lang='lat'><strong>:</strong></span> <span class='ocrx_word' id='word_1_886' title='bbox 3682 5221 3841 5288; x_wconf 87' lang='lat' dir='ltr'><strong>Quis</strong></span> 
     </span>
    </p>
   </div>
   <div class='ocr_carea' id='block_1_115' title="bbox 2233 5311 3836 5384">
    <p class='ocr_par' dir='ltr' id='par_1_115' title="bbox 2233 5311 3836 5384">
     <span class='ocr_line' id='line_1_115' title="bbox 2233 5311 3836 5384; baseline -0.002 -14"><span class='ocrx_word' id='word_1_887' title='bbox 2233 5331 2419 5371; x_wconf 90' lang='lat' dir='ltr'><strong>eorum</strong></span> <span class='ocrx_word' id='word_1_888' title='bbox 2436 5358 2452 5384; x_wconf 91' lang='lat'><strong>,</strong></span> <span class='ocrx_word' id='word_1_889' title='bbox 2485 5324 2541 5371; x_wconf 91' lang='lat' dir='ltr'><strong>ut</strong></span> <span class='ocrx_word' id='word_1_890' title='bbox 2570 5315 2821 5384; x_wconf 88' lang='lat' dir='ltr'><strong>Magister</strong></span> <span class='ocrx_word' id='word_1_891' title='bbox 2845 5313 3081 5383; x_wconf 88' lang='lat' dir='ltr'><strong>gentium</strong></span> <span class='ocrx_word' id='word_1_892' title='bbox 3108 5314 3243 5368; x_wconf 91' lang='lat' dir='ltr'><strong>dixit</strong></span> <span class='ocrx_word' id='word_1_893' title='bbox 3267 5311 3451 5382; x_wconf 83' lang='lat' dir='ltr'><strong>(Hebr.</strong></span> <span class='ocrx_word' id='word_1_894' title='bbox 3476 5327 3546 5372; x_wconf 85' lang='lat' dir='ltr'><strong>xt,</strong></span> <span class='ocrx_word' id='word_1_895' title='bbox 3572 5311 3666 5373; x_wconf 90' lang='lat'><strong>37,</strong></span> <span class='ocrx_word' id='word_1_896' title='bbox 3694 5311 3836 5381; x_wconf 80' lang='lat'><strong>38),</strong></span> 
     </span>
    </p>
   </div>
   <div class='ocr_carea' id='block_1_116' title="bbox 2234 5401 3840 5473">
    <p class='ocr_par' dir='ltr' id='par_1_116' title="bbox 2234 5401 3840 5473">
     <span class='ocr_line' id='line_1_116' title="bbox 2234 5401 3840 5473; baseline -0.002 -13"><span class='ocrx_word' id='word_1_897' title='bbox 2234 5421 2416 5461; x_wconf 90' lang='lat' dir='ltr'><strong>errare</strong></span> <span class='ocrx_word' id='word_1_898' title='bbox 2460 5406 2513 5460; x_wconf 92' lang='lat' dir='ltr'><strong>in</strong></span> <span class='ocrx_word' id='word_1_899' title='bbox 2564 5405 2832 5460; x_wconf 89' lang='lat' dir='ltr'><strong>montibus</strong></span> <span class='ocrx_word' id='word_1_900' title='bbox 2853 5444 2869 5470; x_wconf 96' lang='lat'><strong>,</strong></span> <span class='ocrx_word' id='word_1_901' title='bbox 2907 5411 2962 5459; x_wconf 88' lang='lat' dir='ltr'><strong>et</strong></span> <span class='ocrx_word' id='word_1_902' title='bbox 2996 5404 3049 5458; x_wconf 90' lang='lat' dir='ltr'><strong>in</strong></span> <span class='ocrx_word' id='word_1_903' title='bbox 3078 5403 3345 5473; x_wconf 84' lang='lat' dir='ltr'><strong>speluncis</strong></span> <span class='ocrx_word' id='word_1_904' title='bbox 3372 5409 3427 5457; x_wconf 91' lang='lat' dir='ltr'><strong>et</strong></span> <span class='ocrx_word' id='word_1_905' title='bbox 3453 5401 3506 5455; x_wconf 88' lang='lat' dir='ltr'><strong>in</strong></span> <span class='ocrx_word' id='word_1_906' title='bbox 3533 5405 3840 5468; x_wconf 85' lang='lat' dir='ltr'><strong>cavernis,</strong></span> 
     </span>
    </p>
   </div>
   <div class='ocr_carea' id='block_1_117' title="bbox 2235 5496 3847 5569">
    <p class='ocr_par' dir='ltr' id='par_1_117' title="bbox 2235 5496 3847 5569">
     <span class='ocr_line' id='line_1_117' title="bbox 2235 5496 3847 5569; baseline -0.002 -16"><span class='ocrx_word' id='word_1_907' title='bbox 2235 5498 2480 5569; x_wconf 87' lang='lat' dir='ltr'><strong>lapidari,</strong></span> <span class='ocrx_word' id='word_1_908' title='bbox 2524 5497 2712 5561; x_wconf 89' lang='lat' dir='ltr'><strong>secari,</strong></span> <span class='ocrx_word' id='word_1_909' title='bbox 2759 5497 2923 5552; x_wconf 89' lang='lat' dir='ltr'><strong>totius</strong></span> <span class='ocrx_word' id='word_1_910' title='bbox 2962 5496 3151 5551; x_wconf 88' lang='lat' dir='ltr'><strong>mortis</strong></span> <span class='ocrx_word' id='word_1_911' title='bbox 3196 5508 3392 5566; x_wconf 85' lang='lat' dir='ltr'><strong>genere</strong></span> <span class='ocrx_word' id='word_1_912' title='bbox 3434 5507 3533 5563; x_wconf 89' lang='lat' dir='ltr'><strong>pro</strong></span> <span class='ocrx_word' id='word_1_913' title='bbox 3587 5496 3847 5550; x_wconf 84' lang='lat' dir='ltr'><strong>nomine</strong></span> 
     </span>
    </p>
   </div>
   <div class='ocr_carea' id='block_1_118' title="bbox 2232 5585 3849 5658">
    <p class='ocr_par' dir='ltr' id='par_1_118' title="bbox 2232 5585 3849 5658">
     <span class='ocr_line' id='line_1_118' title="bbox 2232 5585 3849 5658; baseline 0 -15"><span class='ocrx_word' id='word_1_914' title='bbox 2232 5588 2442 5646; x_wconf 87' lang='lat' dir='ltr'><strong>Domini</strong></span> <span class='ocrx_word' id='word_1_915' title='bbox 2483 5587 2763 5656; x_wconf 87' lang='lat' dir='ltr'><strong>attentari,</strong></span> <span class='ocrx_word' id='word_1_916' title='bbox 2796 5587 2934 5645; x_wconf 86' lang='lat' dir='ltr'><strong>sicut</strong></span> <span class='ocrx_word' id='word_1_917' title='bbox 2960 5586 3129 5642; x_wconf 82' lang='lat' dir='ltr'><strong>sancti</strong></span> <span class='ocrx_word' id='word_1_918' title='bbox 3166 5585 3441 5658; x_wconf 72' lang='lat' dir='ltr'><strong>prepheta:</strong></span> <span class='ocrx_word' id='word_1_919' title='bbox 3463 5623 3479 5651; x_wconf 93' lang='lat'><strong>,</strong></span> <span class='ocrx_word' id='word_1_920' title='bbox 3517 5594 3849 5654; x_wconf 74' lang='lat' dir='ltr'><strong>perpessus</strong></span> 
     </span>
    </p>
   </div>
   <div class='ocr_carea' id='block_1_119' title="bbox 2231 5682 2350 5737">
    <p class='ocr_par' dir='ltr' id='par_1_119' title="bbox 2231 5682 2350 5737">
     <span class='ocr_line' id='line_1_119' title="bbox 2231 5682 2350 5737; baseline 0 -1"><span class='ocrx_word' id='word_1_921' title='bbox 2231 5682 2350 5737; x_wconf 89' lang='lat' dir='ltr'><strong>est?</strong></span> 
     </span>
    </p>
   </div>
  </div>
