3954 6178
129 281 245 336 573

879 282 1078 338 LIBER
1116 284 1510 353 QUERULUS.
1543 293 1717 351 PARS
1755 294 1836 350 Ill.
1880 293 2286 349 INCREPATIO
2324 295 2388 348 ΙΝ
2428 293 2727 349 CLERUM.

3302 289 3370 346 5'!
3376 286 3414 340 ιλ

205 395 344 450 Car.
376 411 451 450 vi.
489 395 690 450 Deinde
717 412 783 450 ea:
812 394 960 451 Novo
1000 397 1322 453 Testamento
1361 399 1584 454 Jacobus
1622 404 1730 471 pri-

1848 405 2198 476 lispcrsiones
2226 408 2427 462 ossium
2456 449 2470 475 ,
2501 405 2995 476 discerptionesquo
3021 400 3406 463 membrorum,

131 505 283 547 mus,
327 488 518 541 Petrus
555 497 605 540 et
641 485 857 542 Paulus.
897 518 966 528 —
1004 487 1106 542 Sed
1137 490 1264 558 quid
1293 490 1644 545 immoramur
1674 493 1724 545 in

133 579 410 648 exemplis
439 579 709 634 veteribus
730 617 746 644 ,
785 594 848 632 ac
878 578 923 633 si
963 595 1068 634 non
1098 588 1279 634 essent
1322 581 1376 633 in
1407 597 1546 636 novo
1577 583 1727 636 ulla?

136 672 381 726 Audiant
412 671 592 739 itaque
620 686 720 724 nos
743 669 834 739 qui
870 671 1070 739 absque
1099 672 1208 726 ullo
1238 673 1421 726 labore
1447 681 1726 740 augustum

137 763 244 816 hoc
283 763 390 816 iter
426 761 743 816 Christiana:
779 762 1084 829 religionis,
1117 771 1378 832 prmtento
1410 772 1614 816 tantum
1645 779 1732 816 sa-

137 853 406 910 cerdotali
433 852 668 916 nomine,
694 853 894 908 intrare
916 869 974 907 se
995 863 1201 923 putant,
1227 864 1511 923 carpentes
1533 870 1733 924 paucos

139 942 305 996 nores
327 979 346 1007 ,
396 941 560 996 veluti
589 956 847 1006 summos,
890 941 957 996 de
1005 951 1225 998 extento
1262 953 1568 998 sanctorum
1602 945 1733 999 Novi

140 1031 477 1088 Testamenti
504 1032 737 1086 tironum
765 1047 1086 1102 ammnoque
1115 1021 1288 1104 prato.
1323 1034 1453 1101 Quis
1477 1045 1730 1100 vestrum,

143 1127 230 1196 qui
260 1125 494 1193 torpetis
522 1125 701 1192 potius
725 1139 887 1192 quam
914 1126 1112 1182 sedetis
1141 1127 1374 1194 legitime
1405 1128 1458 1182 in
1484 1128 1736 1183 sacerdo-

144 1213 235 1266 tali
266 1212 436 1275 sede,
471 1212 676 1280 ejectus
705 1213 772 1268 de
808 1214 1038 1269 concilio
1067 1215 1372 1284 impiorum,
1403 1225 1526 1286 post
1555 1217 1734 1270 diver-

148 1320 326 1359 sarum
355 1303 544 1374 plagas
574 1305 839 1374 virgarum
875 1304 1012 1377 (Act.
1036 1322 1146 1370 xvi,
1168 1307 1284 1378 25),
1315 1316 1374 1361 ιιι
1401 1309 1572 1363 sancti
1602 1323 1736 1378 apo-

146 1398 297 1465 stoli,
320 1395 467 1466 quod
489 1397 679 1464 dignus
706 1396 916 1450 habitus
943 1405 1024 1450 est
1052 1398 1186 1467 (Act.
1209 1414 1264 1462 ν,
1287 1397 1375 1469 41)
1401 1413 1501 1467 pro
1522 1397 1738 1454 Christo

145 1503 277 1542 vero
300 1486 416 1540 Deo
445 1485 825 1541 contumeliam
855 1488 986 1556 pati,
1011 1495 1126 1542 toto
1153 1487 1314 1542 corde
1341 1487 1588 1542 Trinitati
1613 1502 1736 1558 gra-

146 1579 247 1632 tias
286 1577 440 1645 egit?
502 1576 632 1642 Quis
679 1577 749 1630 ob
803 1577 1166 1632 testimonium
1215 1593 1345 1632 vero
1396 1577 1508 1633 Deo
1557 1578 1737 1634 feren-

143 1668 274 1723 dum
323 1667 544 1722 fullonis
591 1677 744 1723 vecte
793 1669 986 1724 crebro
1037 1684 1345 1738 percussus,
1396 1677 1454 1723 ut
1479 1668 1736 1736 Iacobus,

1742 957 1819 1022 ’.ἢ

1834 511 1898 550 ac
1928 497 2091 551 totius
2120 499 2360 566 corporis
2390 513 2589 566 pinnae,
2616 505 2670 551 et
2695 495 2873 551 omnia
2900 496 2952 549 in
2978 508 3064 548 me
3090 506 3256 547 unum
3282 505 3411 560 sup-

1831 585 1988 653 plicia
2033 587 2227 641 diaboli
2275 597 2392 642 arte
2437 589 2656 656 qmesita
2688 586 3073 663 compleantur,
3113 580 3409 636 dummodo

1830 671 2010 726 Jesum
2059 673 2326 728 Christum
2377 689 2587 728 merear
2639 674 2879 742 adipisci.
2919 692 2936 724 ι
2992 670 3130 737 Quid
3175 667 3242 722 ad
3295 668 3411 721 haec

1831 753 2243 817 dormitantibus
2271 764 2460 818 anima:
2488 765 2657 819 oculis
2688 763 2960 834 aspicitis?
2989 761 3127 828 Quid
3147 759 3272 814 talia
3291 772 3410 812 sur-

1833 853 1914 908 dis
1941 869 2190 908 scnsuum
2219 856 2433 909 auribus
2462 855 2802 909 auscultatis?
2833 854 3087 908 Discutite
3115 865 3296 920 quasso
3325 857 3408 903 te—

1834 945 2117 998 nebrosam
2141 954 2421 1015 atramque
2443 946 2621 999 cordis
2641 945 2804 1000 vestri
2826 944 3104 1012 caliginem
3131 940 3408 1010 temporis,

1837 1041 1893 1086 ut
1920 1033 2162 1086 veritatis
2192 1042 2247 1087 et
2272 1034 2587 1088 humilitatis
2615 1033 2979 1104 prmfulgidum
3007 1033 3185 1086 lumen
3227 1029 3410 1084 videre

1836 1125 2070 1193 possitis.
2124 1124 2457 1180 Christianus
2499 1142 2606 1181 non
2654 1126 2938 1181 mediocris
2981 1126 3074 1180 sed
3121 1123 3406 1194 perfectus,

1839 1217 2088 1272 sacerdos
2113 1234 2216 1272 non
2237 1219 2355 1273 vilis
2377 1219 2469 1274 sed
2490 1235 2750 1284 summus,
2772 1228 2971 1290 martyr
2992 1235 3099 1273 non
3118 1217 3293 1287 segnis
3314 1214 3410 1270 sed

1841 1309 2137 1378 prtecipuus
2162 1309 2292 1363 dicit
2317 1328 2329 1361 :
2357 1308 2510 1363 Nunc
2539 1311 2728 1380 incipio
2758 1326 2867 1364 esse
2891 1310 3078 1363 Christi
3109 1305 3404 1376 discipulus.

1831 1396 1898 1452 Et
1932 1413 2025 1454 vos
2057 1414 2121 1452 ac
2154 1398 2197 1452 si
2238 1397 2454 1451 Lucifer
2494 1395 2582 1448 ille
2627 1396 2692 1448 de
2722 1396 2859 1448 coelo
2883 1395 3176 1464 proiectus,
3223 1397 3400 1449 verbis

1836 1505 1943 1545 non
1975 1497 2238 1560 potestate
2267 1487 2560 1556 erigitnini,
2598 1494 2650 1537 et
2686 1485 3082 1553 quodammodo
3113 1483 3212 1538 sub
3242 1485 3402 1538 dente

1833 1583 2120 1638 ruminatis
2144 1589 2195 1633 et
2217 1581 2458 1648 gestibus
2491 1579 2838 1647 prieteuditis,
2869 1593 2988 1645 quae
3013 1588 3168 1630 antea
3216 1591 3402 1632 anetor

1835 1685 2015 1729 vester
2077 1674 2399 1741 depinxerat
2431 1689 2443 1724 ε
2478 1670 2542 1722 fu
2569 1669 2754 1724 calum
2780 1709 2795 1733 ,
2855 1670 3124 1737 inquiens,
3159 1685 3399 1722 conscen-

144 1762 357 1831 primus
404 1760 459 1814 in
503 1758 655 1814 Novo
714 1758 974 1814 duntaxat
1025 1761 1309 1831 episcopus
1368 1761 1735 1829 Testamento,
1772 1766 1979 1848 Bdam,
2013 1774 2061 1816 et
2105 1779 2190 1813 ero
2241 1761 2431 1814 similis
2476 1760 2745 1812 Altissimo
2799 1758 2952 1827 (Ιδα.
3006 1774 3117 1822 xiv,
3159 1759 3226 1813 14
3257 1762 3296 1824 ).
3345 1760 3414 1811 Et

146 1852 511 1923 corporaliter
538 1852 783 1906 interiit?
832 1851 962 1918 Quis
989 1853 1166 1922 gladio
1195 1862 1430 1909 vestrum
1460 1854 1526 1910 ab
1556 1855 1738 1924 iniquo

149 1947 395 2017 principe
422 1987 438 2013 ,
490 1952 548 1998 ut
592 1944 825 2000 Jacobus
869 1943 1090 1999 Joannis
1131 1944 1298 2000 frater
1346 1946 1490 2014 (Act.
1526 1961 1618 2010 xn,
1649 1944 1738 2015 2),

152 2040 332 2110 capite
362 2053 535 2092 czesus
563 2039 683 2092 est?
729 2036 859 2104 Quis
901 2044 964 2092 ut
1001 2038 1407 2107 protominister
1432 2045 1740 2109 martyrque

153 2130 517 2198 evangelicus,
541 2130 644 2185 hoc
672 2129 842 2184 solum
867 2130 1104 2184 criminis
1131 2129 1353 2194 habens,
1379 2131 1522 2199 quod
1551 2131 1742 2185 viderit

155 2222 350 2286 Deum,
392 2237 556 2290 quem
604 2221 792 2291 perfidi
839 2220 1021 2275 videre
1071 2220 1448 2289 nequiverunt,
1500 2220 1742 2276 nefandis

153 2315 406 2369 manibus
428 2313 693 2382 lapidatus
717 2320 799 2366 est
822 2313 958 2381 (Act.
975 2329 1069 2376 vu,
1084 2311 1218 2382 57)?
1247 2312 1376 2378 Quis
1403 2313 1626 2366 inversis
1647 2327 1743 2382 pe-

153 2405 310 2460 dibus
334 2405 516 2460 crucis
545 2403 736 2458 aflixus
763 2417 863 2473 pro
892 2403 1197 2458 reverentia
1239 2400 1435 2456 Christi
1481 2401 1738 2471 patibulo,

159 2503 217 2548 ut
244 2494 624 2549 clavicularius
669 2493 759 2548 ille
803 2493 1062 2548 emlorum
1106 2494 1254 2562 regni
1285 2493 1534 2558 idoneus,
1565 2499 1745 2546 extre-

158 2599 303 2637 mum
333 2583 565 2637 halitum
595 2582 760 2637 fudit?
790 2582 918 2648 Quis
947 2598 1011 2637 ex
1040 2583 1193 2638 vobis
1220 2582 1378 2652 gladii
1408 2582 1518 2636 ictu
1542 2581 1742 2637 veridi-

154 2673 326 2727 cantis
344 2687 447 2742 pro
474 2670 815 2727 confessione
838 2671 1033 2726 Christi
1063 2680 1186 2741 post
1212 2671 1446 2736 vincula,
1476 2685 1742 2737 carceres,

156 2762 460 2830 naufragia,
483 2776 720 2815 amaram
743 2761 1014 2828 virgarum
1044 2759 1262 2826 caedem,
1295 2767 1418 2829 post
1445 2759 1741 2826 ﬂuminum,

156 2844 427 2906 latronum
447 2893 464 2918 ,
494 2851 753 2919 gentium,
809 2849 1137 2917 Iudaeorum,
1169 2849 1744 2919 pseudoapostolorum

159 2942 418 2996 continua
449 2941 709 3011 pericula,
741 2949 864 3010 post
893 2940 1074 3007 famis,
1097 2941 1308 3010 jejunii,
1338 2943 1636 3010 vigiliarum
1667 2943 1746 2997 la-

160 3034 340 3098 bores,
374 3041 502 3102 post
542 3041 817 3102 perpetem
847 3033 1260 3088 sollicitudinem
1289 3030 1527 3088 omnium
1556 3033 1745 3088 Eccle-

1842 1851 2038 1905 iterum
2070 1867 2084 1904 :
2119 1849 2232 1922 Ego
2263 1852 2372 1922 {odi
2397 1860 2447 1906 et
2471 1851 2574 1906 bibi
2603 1867 2791 1922 aquam
2810 1889 2824 1916 ,
2855 1860 2904 1904 et
2927 1848 3182 1904 exsiccavi
3209 1844 3416 1914 vestigio

1840 1943 2024 2012 pedum
2048 1959 2274 1997 meorum
2295 1961 2470 1998 omnes
2493 1946 2628 1998 rivos
2649 1959 2893 2014 aggerum
2917 1940 2969 2012 (1
2973 1957 3051 1994 sa.
3074 1955 3274 2000 xxxvn,
3296 1937 3409 2008 25).

1841 2032 2010 2088 Multo
2039 2035 2233 2089 rectius
2272 2035 2560 2104 oportebat
2594 2050 2692 2089 vos
2719 2033 2915 2088 imitari
2952 2032 3099 2086 illum
3127 2039 3183 2085 et
3209 2029 3412 2092 audire.

1842 2125 1935 2191 qui
1982 2125 2147 2178 totius
2209 2125 2466 2179 bonitatis
2529 2133 2584 2178 et
2631 2123 2946 2178 humilitatis
2984 2136 3113 2176 vere
3162 2120 3415 2173 invictum

1844 2216 2122 2284 exemplar
2151 2223 2252 2280 est,
2291 2215 2554 2270 dicentem
2586 2231 2683 2284 per
2711 2214 3028 2283 prophetam
3061 2229 3073 2264 :
3105 2209 3220 2279 Ego
3248 2217 3418 2261 autem

1843 2321 1956 2359 sum
1985 2308 2168 2359 vermis
2200 2314 2251 2359 et
2277 2322 2380 2359 non
2409 2306 2581 2372 homo,
2612 2304 2936 2374 opprobrium
2965 2302 3226 2356 hominum
3252 2307 3300 2352 et
3329 2297 3418 2350 ab.-

1837 2397 1998 2464 jectio
2027 2395 2188 2466 plebis
2243 2395 2483 2467 (Psalm.
2518 2411 2637 2461 ιιι,
2671 2394 2766 2465 7).
2808 2392 2852 2447 Ο
2882 2391 3124 2446 mirabile
3151 2388 3418 2458 quoddam

1843 2487 2043 2541 dixisse
2070 2501 2190 2540 eum
2221 2486 2548 2555 approbrium
2575 2486 2858 2550 hominum,
2887 2498 3008 2538 cum
3037 2480 3208 2536 omnis
3237 2477 3419 2533 mundi

1846 2578 2135 2648 Opprobria
2165 2577 2451 2642 deleverit;
2491 2585 2547 2632 et
2592 2577 2785 2631 iterum
2829 2576 2883 2629 in
2926 2572 3214 2640 Evangelia
3248 2587 3260 2623 :
3293 2566 3418 2624 Non

1846 2684 2053 2736 possum
2077 2685 2170 2737 ego
2201 2685 2233 2720 a
2262 2682 2340 2720 me
2368 2668 2478 2737 ipso
2507 2668 2676 2738 facere
2697 2665 2971 2737 quidquam
3009 2664 3187 2735 (Joan.
3213 2678 3264 2727 v,
3296 2657 3417 2732 50);

1848 2766 1971 2811 cam
2001 2758 2114 2827 ipse
2151 2771 2360 2811 coaevus
2390 2756 2534 2810 Patri
2562 2771 2626 2810 ac
2666 2755 2885 2826 Spiritui
2914 2765 3102 2811 sancto
3121 2752 3420 2809 communis

1846 2846 2193 2915 ejusdemque
2216 2847 2526 2900 substantiae
2563 2847 2753 2901 caelum
2795 2854 2850 2899 et
2888 2854 3084 2900 terram
3114 2859 3235 2898 cum
3274 2841 3419 2897 omni

1849 2950 2036 2990 eorum
2069 2936 2419 3016 intestimabili
2447 2944 2763 2991 ornamento
2793 2935 2999 2999 fecerit,
3030 2950 3138 2989 non
3178 2933 3416 2997 alterius,

1849 3025 1942 3079 sed
1973 3026 2187 3094 propria
2211 3033 2477 3094 potestate
2502 3042 2516 3091 ;
2541 3034 2595 3080 et
2624 3042 2718 3080 vos
2745 3035 3058 3093 arroganter
3086 3025 3246 3079 verba
3275 3024 3420 3077 exal-

161 3125 364 3178 siarum
383 3165 399 3187 ,
433 3134 557 3194 post
582 3133 770 3178 uastum
799 3140 897 3194 pro
926 3125 1421 3192 seandalizantibus,
1453 3134 1574 3196 post
1601 3125 1747 3180 inllr-
1774 3153 1818 3214 C
1851 3121 2016 3214 fisse.
2046 3111 2305 3187 ἰπορὺθιθ
2331 3115 2540 3171 diceﬂle
2579 3134 2591 3169 ε
2628 3114 2763 3180 Quid
2801 3117 3023 3188 δηρενὺίι
3054 3124 3192 3169 terra
3218 3123 3266 3168 ει
3291 3115 3420 3167 Cinis

163 3216 408 3270 unitatem
437 3232 540 3287 pro
571 3215 791 3270 infirmis
816 3252 831 3277 ,
871 3224 993 3285 post
1018 3215 1382 3272 admirabilem
1409 3217 1744 3286 prtedicando

165 3305 361 3360 Christi
405 3305 753 3374 Evangelium
795 3309 941 3362 orbis
981 3322 1117 3377 pene
1164 3309 1444 3364 circuitum
1470 3349 1486 3373 ,
1536 3318 1598 3362 ut
1639 3307 1749 3362 Vas

164 3391 453 3442 tlet'tttlllis
498 3391 869 3456 magisterque
899 3389 1134 3456 gentium
1164 3389 1389 3450 electus,
1420 3385 1594 3453 capite
1635 3386 1746 3452 ple-

160 3498 256 3539 xus
281 3492 369 3539 est
396 3481 498 3546 (ll
519 3481 643 3536 Cor.
671 3497 748 3544 xi,
771 3481 842 3536 25
863 3490 915 3535 et
944 3480 1142 3550 seqq.).

234 3573 368 3626 (In.
391 3587 489 3626 vn.
511 3571 819 3643 Exemplum
840 3576 1003 3628 sancti
1031 3573 1224 3647 Ignatii
1247 3577 1510 3647 martyris.
1538 3606 1602 3618 —
1621 3576 1749 3644 Quis

171 3672 430 3730 vestrum,
464 3672 522 3718 ut
549 3673 765 3719 sanctus
793 3673 993 3735 martyr
1020 3665 1255 3734 lgnatius
1279 3666 1574 3722 Antiochia:
1603 3669 1750 3724 urbis

173 3758 478 3827 episcopus,
502 3765 622 3825 post
639 3756 976 3812 admirabiles
998 3757 1051 3812 in
1072 3759 1287 3816 Christo
1312 3767 1485 3824 actus,
1509 3759 1579 3814 ob
1602 3761 1751 3815 testi—

175 3847 411 3898 monium
460 3845 578 3914 ejus
621 3845 836 3900 leonum
878 3847 1035 3901 molis
1070 3847 1256 3902 Romae
1281 3846 1588 3904 confractus
1624 3852 1751 3906 est?

174 3937 324 4003 cujus
351 3935 517 3989 verba
547 3951 669 3990 cum
698 3935 763 3990 ad
793 3937 1096 4005 passionem
1142 3937 1431 3995 duceretur
1473 3941 1753 3999 audientes

172 4023 240 4092 (si
267 4022 556 4092 aliquando
584 4023 760 4079 vultus
787 4025 950 4079 vestri
979 4026 1174 4081 rubore
1203 4026 1387 4083 suﬂ‘usi
1415 4029 1560 4101 sunt)
1583 4072 1600 4098 ,
1643 4047 1750 4088 non

171 4115 344 4168 solum
376 4116 431 4168 in
463 4116 863 4184 comparatione
892 4116 1007 4186 ejus
1037 4132 1131 4173 vos
1160 4134 1264 4173 non
1294 4120 1550 4188 putabitis
1576 4136 1754 4178 sacer-

172 4203 326 4260 dotes
351 4246 367 4269 ,
417 4205 511 4259 sed
541 4222 608 4260 ne
651 4207 948 4262 mediocres
994 4209 1208 4279 quidem
1237 4209 1569 4268 Christianos
1611 4229 1748 4269 esse.

173 4291 265 4347 Ait
290 4295 435 4348 enim
487 4294 538 4348 in
585 4295 810 4363 epistola
848 4310 1006 4365 quam
1036 4297 1104 4352 ad
1133 4298 1428 4354 Romanam
1456 4301 1751 4358 Ecclesiam

170 4383 318 4438 misit
357 4403 370 4437 :
420 4403 440 4435 α
471 4385 516 4439 Α
552 4384 704 4456 Syria
749 4402 918 4456 usque
958 4387 1182 4443 Romam
1219 4405 1341 4445 cum
1381 4392 1564 4448 bestiis
1608 4402 1751 4448 terra

1852 3202 2041 3274 (Eccli.
2073 3221 2124 3268 κ,
2158 3205 2252 3273 9)?

1919 3316 2046 3372 CAP.
2084 3333 2194 3373 vni.
2236 3319 2541 3389 Exemplum
2570 3323 2734 3374 sancti
2765 3319 3040 3390 Polycarpi
3071 3335 3087 3373 :
3118 3319 3204 3374 ubi
3233 3328 3281 3374 et
3309 3319 3422 3374 loca

1848 3423 2112 3460 sacrarum
2136 3408 2520 3477 Scripturarum
2549 3411 2600 3462 in
2625 3410 2845 3462 medium
2875 3409 3118 3461 adducta.
3139 3437 3211 3450 —-
3228 3407 3333 3462 Sed
3354 3407 3422 3461 ad

1848 3497 2181 3567 propositum
2222 3503 2484 3551 revertar.
2531 3498 2692 3562 Quis,
2736 3498 2985 3565 inquam,
3030 3512 3097 3550 ex
3134 3495 3321 3561 vobis,
3365 3503 3424 3549 ut

1850 3586 2191 3656 Smyrnensis
2249 3586 2499 3642 Ecclesia:
2556 3596 2740 3656 pastor
2800 3586 3042 3655 egregius
3097 3584 3423 3656 Polycarpns

1850 3679 2048 3735 Christi
2081 3682 2262 3746 testis,
2295 3696 2535 3734 mensam
2565 3681 2795 3734 humane
2825 3679 3121 3748 hospitibus
3150 3677 3216 3731 ad
3247 3678 3422 3746 ignem

1851 3785 1973 3825 eum
2003 3771 2155 3826 avide
2187 3771 2517 3825 trahentibus
2546 3770 2812 3838 apposuit,
2846 3777 2900 3822 et
2927 3769 3169 3837 objectus
3198 3766 3426 3820 flammis

1853 3877 1951 3932 pro
1971 3861 2167 3916 Christi
2193 3861 2455 3916 charitate
2477 3859 2612 3914 dixit
2640 3877 2652 3912 :
2678 3858 2777 3923 Qui
2805 3858 2944 3912 dedit
2971 3859 3097 3911 mihi
3126 3858 3261 3928 ignis
3292 3858 3424 3926 ferre

1850 3953 2176 4021 supplicium,
2203 3951 2344 4004 dabit
2371 3960 2427 4003 ut
2455 3953 2565 4004 sine
2590 3951 2848 4004 clavorum
2868 3949 3159 4020 conﬁxione
3183 3949 3425 4018 ﬂammas

1853 4045 2180 4100 immobiliter
2207 4047 2484 4115 perferam.
2533 4043 2704 4098 Unum
2736 4043 2928 4107 adhuc,
2958 4052 3152 4114 praater
3176 4056 3422 4110 magnam

1853 4135 2029 4190 verbis
2056 4135 2242 4189 volans
2281 4142 2591 4191 sanctorum
2619 4134 2807 4188 silvam
2827 4172 2842 4198 ,
2872 4134 3100 4202 exempli
3129 4134 3297 4201 gratia
3328 4149 3425 4202 po-

1853 4240 1975 4279 nam
2005 4224 2277 4291 Basilinm,
2308 4225 2514 4278 scilicet
2534 4223 2915 4278 Caesariensem
2947 4223 3277 4292 episcopum,
3308 4224 3424 4290 qui,

1853 4332 1974 4371 cum
2005 4316 2071 4369 ab
2097 4315 2278 4383 iniquo
2307 4316 2551 4384 principe
2579 4317 2735 4369 mina:
2761 4313 3064 4383 hujusmodi
3095 4314 3425 4368 intentaren-

1855 4416 1963 4474 tur,
1993 4407 2135 4474 quod
2181 4406 2282 4460 nisi
2328 4406 2380 4458 iu
2427 4407 2713 4460 crastinum
2745 4406 2944 4460 Ariano
2977 4420 3132 4460 emno
3163 4415 3220 4458 ut
3248 4407 3428 4460 caeteri

171 4473 418 4544 marique
446 4474 693 4544 depugno
720 4476 809 4532 die
839 4493 903 4533 ac
930 4489 1109 4542 nocte,
1138 4496 1415 4538 connexus
1444 4492 1499 4538 et
1531 4485 1744 4554 colliga-

1857 4498 2239 4563 macularetur,
2265 4505 2407 4550 esset
2427 4495 2644 4549 omnino
2665 4495 2975 4562 moriturus,
2998 4494 3194 4549 dixisse
3218 4494 3382 4548 fertur
3411 4513 3424 4547 :

171 4573 267 4619 tua
307 4567 496 4621 decem
546 4567 852 4638 leopardis,
903 4572 1160 4628 militibus
1204 4574 1326 4630 dico
1357 4575 1424 4630 ad
1454 4579 1752 4633 custodiam

172 4658 334 4724 datis,
360 4661 451 4732 qui
474 4669 529 4715 et
553 4661 824 4718 beneficiis
849 4665 1043 4722 nostris
1067 4667 1317 4722 saeviores
1345 4667 1494 4723 ﬁunt.
1525 4669 1630 4724 Sed
1654 4685 1753 4739 ego

172 4766 363 4805 eorum
415 4753 669 4821 nequitiis
716 4755 885 4823 magis
933 4755 1167 4821 crudior,
1212 4773 1312 4812 nec
1361 4766 1538 4814 tamen
1570 4760 1620 4814 in
1651 4761 1753 4816 hoc
1811 4759 1820 4772 ¹

165 4839 493 4910 justiﬁeatus
521 4859 660 4897 sum.
713 4841 758 4898 Ο
786 4846 1047 4900 salutares
1081 4847 1279 4902 bestias
1303 4863 1421 4918 qua:
1450 4866 1753 4920 praeparan-

172 4941 271 4987 tur
328 4934 498 5001 mihi,
550 4936 763 5004 quando
809 4939 1065 4993 venient?
1127 4939 1346 5010 quando
1401 4943 1754 4999 emittentur?

168 5025 393 5092 quando
438 5026 518 5080 eis
565 5026 667 5080 frui
716 5027 897 5082 licebit
943 5030 1193 5084 carnibus
1237 5033 1416 5087 meis?
1475 5049 1608 5102 quas
1655 5049 1754 5104 ego

168 5127 377 5183 exopto
402 5117 643 5171 acriores
670 5118 846 5186 parari
865 5156 880 5179 ,
915 5127 968 5172 et
997 5119 1232 5175 invitabo
1261 5121 1325 5176 ad
1354 5122 1753 5179 devorationem
1829 5133 1842 5141 '

166 5205 307 5272 mei,
329 5214 384 5259 et
407 5209 738 5274 deprecabor
765 5224 830 5263 ne
858 5209 998 5263 forte
1028 5211 1179 5281 (utin
1202 5212 1469 5268 nonnullis
1490 5213 1754 5280 fecerunt)

163 5294 405 5348 timeant
430 5297 697 5363 attingere
729 5315 923 5367 corpus
954 5315 1163 5366 meum;
1203 5302 1462 5370 quinimo,
1497 5304 1596 5359 etsi
1624 5322 1760 5358 cun-

165 5385 486 5451 ctabantur,
519 5399 620 5454 ego
648 5389 756 5442 vim
807 5390 1020 5456 faciam,
1055 5405 1155 5458 ego
1185 5407 1271 5446 me
1315 5393 1570 5461 ingeram.
1607 5395 1757 5463 Date,

167 5490 390 5544 quaso,
417 5477 630 5530 veniam
667 5495 680 5530 :
713 5493 813 5546 ego
844 5481 968 5535 novi
996 5482 1124 5551 quid
1154 5484 1401 5552 expediat
1430 5485 1578 5538 mihi.
1611 5485 1762 5542 Nunc

167 5566 382 5633 incipio
412 5580 532 5620 esse
559 5565 755 5622 Christi
801 5569 1088 5639 discipulus
1120 5591 1133 5626 :
1161 5573 1391 5629 facessat
1421 5575 1614 5629 invidia
1635 5615 1649 5638 ,
1680 5577 1762 5632 vel

164 5656 406 5711 humani
431 5656 675 5722 allectus,
694 5659 779 5713 vel
808 5661 1056 5729 nequitia:
1084 5665 1390 5735 spiritualis,
1416 5675 1471 5719 ut
1502 5667 1551 5721 in
1581 5665 1760 5723 Jesmn

166 5745 462 5801 Christum
511 5748 734 5819 adipisci
783 5754 1214 5827 tnerearignes,
1266 5771 1492 5822 cruces,
1541 5758 1761 5828 bestias,

1858 4587 1969 4659 Ego
1997 4606 2122 4642 sane
2149 4605 2237 4642 ero
2277 4604 2391 4641 cras
2429 4588 2512 4658 qui
2559 4587 2709 4640 hodie
2736 4603 2886 4650 sunt;
2933 4596 2986 4639 tu
3026 4595 3074 4640 te
3103 4589 3296 4641 utinam
3326 4605 3426 4642 non

1855 4679 2114 4732 mutares!
2159 4676 2225 4730 Et
2255 4679 2446 4732 iterum
2480 4695 2492 4729 :
2530 4677 2738 4731 Utinam
2785 4677 3020 4730 haberem
3061 4677 3256 4749 aliquid
3286 4678 3430 4749 digni

1856 4769 2101 4832 muneris,
2131 4768 2264 4838 quod
2291 4769 2528 4838 aﬂerrem
2559 4768 2675 4820 huic
2700 4769 2782 4838 qui
2809 4769 3062 4821 maturius
3093 4767 3341 4821 Basiliam
3367 4770 3430 4821 de

1857 4861 1991 4914 nodo
2017 4861 2156 4931 follis
2187 4859 2334 4930 hujus
2361 4862 2678 4915 absolve-ret!
2721 4860 2850 4928 Quis
2878 4877 2945 4916 ex
2975 4862 3125 4918 vobis
3149 4863 3430 4932 apostolici

1856 4953 2116 5026 sermonis
2162 4955 2399 5021 regulam
2425 4996 2440 5020 ,
2471 4970 2589 5023 quae
2631 4954 2696 5007 ab
2724 4955 2970 5008 omnibus
2995 4970 3206 5023 semper
3233 4957 3430 5008 sanctis

1857 5041 2226 5096 sacerlotibus
2252 5042 2547 5110 quibusque
2585 5043 2914 5111 temporibus
2941 5043 3296 5111 exstantibus,
3326 5043 3426 5096 hu-

1859 5148 2071 5186 manam
2127 5133 2523 5201 suggestionem
2578 5135 2971 5202 prmcipitanter
3020 5133 3086 5187 ad
3139 5134 3428 5202 nequitiam

1858 5221 2200 5278 festinantem
2238 5226 2654 5291 recutientibus,
2695 5236 2904 5280 servata
2952 5235 3069 5292 est,
3117 5228 3167 5280 in
3199 5245 3430 5283 concus-

1859 5313 2011 5367 sione
2084 5320 2428 5384 tyrannorum
2474 5313 2738 5383 indirupte
2789 5315 3055 5378 custodit,
3117 5316 3218 5371 hoc
3271 5318 3430 5374 modo

1861 5403 2044 5457 dicens
2076 5420 2088 5455 :
2127 5402 2347 5456 Obedire
2388 5414 2584 5473 Oportet
2630 5406 2792 5476 magis
2821 5405 2931 5462 Deo
2965 5424 3118 5478 quam
3145 5409 3431 5466 hominibus

1865 5493 2001 5563 (Act.
2048 5502 2104 5561 ν,
2127 5492 2257 5564 29}?
2282 5493 2444 5564 Igitur
2472 5497 2840 5565 confugientes
2867 5499 3024 5553 solito
3055 5517 3202 5558 more
3230 5504 3294 5557 ad
3323 5504 3432 5559 Do-

1862 5581 1990 5635 mini
2035 5582 2450 5637 misericonliam
2477 5595 2889 5654 sanctorumque
2917 5591 3293 5659 prophetarum
3320 5596 3435 5664 ejus

1863 5685 2025 5724 voces
2049 5712 2064 5737 ,
2111 5679 2169 5724 ut
2200 5670 2270 5724 illi
2303 5686 2399 5740 pro
2428 5675 2582 5728 nobis
2620 5677 2958 5733 oraculorum
2999 5697 3214 5736 suorum
3260 5683 3436 5753 jacuh

1867 5762 2193 5830 imperfectis
2219 5765 2541 5833 pastoribus,
2569 5775 2623 5824 ut
2653 5776 2811 5825 antea
2842 5777 3094 5846 tyrannis,
3119 5779 3268 5845 queis
3291 5795 3437 5836 com-
