3954 6178
466 260 572 314 ὖῖὸ

1270 262 1494 317 ϐΙΙιυίΕ
1535 261 1878 317 SAPIENTIS
1921 262 2002 316 DE
2041 263 2309 318 EXClDlO
2348 264 2737 318 BliITA-NNL‘E

3603 273 3709 329 ὅτε

469 377 650 446 puncti
688 384 960 442 sanentur,
993 376 1227 440 librent;
1276 375 1550 430 videamus
1595 375 1734 444 quod
1781 375 2036 430 Dominus
2065 379 2109 436 Α
2132 377 2404 448 judicium.
2465 379 2657 435 Omnes
2706 385 2841 436 enim
2890 401 3077 438 mensa
3115 385 3321 456 repleta:
3365 393 3485 440 sunt
3521 390 3709 440 vomitu

469 486 569 541 per
596 471 882 540 prophetas
911 469 975 523 ad
1007 467 1214 522 desides
1262 474 1316 522 ct
1353 467 1664 521 inhonestos
1707 466 2036 532 sacerdotes,

469 572 525 616 et
549 577 656 616 non
685 562 821 616 bene
870 559 1121 629 populum
1153 568 1259 612 tam
1287 559 1532 628 exempla
1563 573 1721 627 quam
1753 557 1913 612 verba
1944 557 2040 611 do-

471 659 671 714 centes,
704 651 965 704 minarum
993 650 1260 718 loquatur.
1293 648 1422 702 Nam
1451 658 1506 702 et
1533 649 1647 702 Heli
1678 649 1765 702 ille
1787 648 2040 702 sacerdos

470 741 525 796 in
555 740 668 795 Silo
695 755 795 808 pro
824 755 888 793 eo
932 739 1074 808 quod
1122 754 1229 792 non
1276 739 1436 806 digno
1485 739 1579 793 Dei
1618 740 1734 793 zelo
1771 753 1957 794 severe
1987 739 2038 791 in

473 831 608 886 filios
637 837 1042 886 contemnentes
1084 828 1248 881 Deum
1296 827 1439 881 ultus
1468 826 1657 890 fuerat,
1686 827 1778 881 sed
1811 826 2042 880 molliter

472 929 527 977 et
553 921 850 977 clementer
887 927 944 972 ut
991 912 1116 987 pote
1163 926 1385 986 paterno
1431 917 1622 970 aﬂ‘ectu
1671 917 2041 983 admonuerat,

473 1014 563 1069 tali
596 1010 1056 1068 animadversione
1083 1009 1395 1074 damnatur,
1435 1008 1643 1062 dicente
1672 1008 1737 1062 ad
1769 1023 1888 1062 eum
1917 1023 2042 1076 pro-

471 1106 633 1177 pheta
668 1122 680 1158 :
724 1102 1004 1174 Manifeste
1047 1101 1244 1155 ostendi
1289 1117 1368 1154 me
1417 1100 1486 1153 ad
1524 1101 1729 1153 domum
1757 1102 1920 1170 patris
1948 1102 2040 1162 tui,

474 1211 587 1249 cum
615 1203 782 1248 essent
812 1194 867 1247 in
914 1191 1144 1262 ngypto
1174 1191 1444 1244 servientes
1475 1188 1741 1243 Pharaoni
1768 1207 1785 1254 ;
1830 1199 1878 1242 et
1916 1190 2044 1259 eleg:

473 1282 676 1336 domum
715 1282 879 1350 patris
909 1281 980 1332 tui
1022 1294 1084 1332 ea:
1119 1279 1350 1332 omnibus
1391 1277 1612 1332 tribubus
1644 1277 1812 1332 Israel
1837 1279 1960 1331 mihi
1991 1279 2043 1330 in

473 1373 759 1428 sacerdotio
790 1370 841 1440 (Ι
868 1370 996 1442 Reg.
1025 1387 1080 1433 tt,
1119 1369 1208 1437 27,
1235 1369 1348 1440 28).
1391 1367 1454 1422 Et
1482 1376 1601 1438 post
1628 1383 1797 1438 pauca
1829 1386 1843 1424 :
1875 1366 2046 1432 Quare

472 1465 746 1534 respexisti
787 1465 842 1516 in
887 1465 1148 1516 incensum
1189 1477 1356 1514 meum
1383 1469 1429 1512 et
1457 1462 1508 1513 in
1538 1460 1848 1530 sacriﬁcium
1879 1476 2045 1512 meum

474 1555 704 1626 improbo
735 1555 881 1610 oculo
906 1589 919 1612 .
976 1561 1023 1607 et
1055 1552 1408 1621 honoriﬁcasti
1435 1553 1572 1620 ﬁlios
1612 1560 1722 1604 tuos
1751 1551 1864 1619 plus
1893 1567 2045 1622 quam

473 1662 580 1710 me,
611 1655 665 1697 ut
692 1643 1013 1697 benediceres
1042 1659 1127 1696 eos
1155 1660 1186 1694 a
1210 1643 1491 1711 primordio
1521 1642 1573 1694 in
1614 1639 1849 1694 omnibus
1879 1642 2044 1693 sacri-

2141 470 2392 534 sordium,
2415 473 2487 524 ita
2507 480 2562 524 ut
2591 489 2694 526 non
2720 484 2851 527 esset
2878 474 3012 528 ultra
3041 475 3198 529 locus.
3233 475 3510 546 Propterea
3537 479 3710 531 audite

2139 557 2344 610 verbum
2387 559 2626 627 Domini,
2665 562 2758 614 viri
2796 562 3050 628 illusores,
3081 565 3167 634 qui
3195 565 3532 619 dominamini
3562 580 3709 634 8tth

2139 653 2381 722 papulttm
2410 672 2574 708 meum
2604 667 2688 726 qut
2729 668 2805 710 est
2848 660 2901 710 in
2945 657 3246 712 Jerusalem.
3281 659 3499 713 Dixistis
3525 662 3659 712 enim
3692 673 3714 714 :

2142 743 2499 799 I’crcussimus
2528 749 2689 815 foedus
2721 765 2831 801 cum
2861 758 3039 813 morte,
3068 758 3115 802 et
3137 752 3247 802 cum
3271 751 3474 819 inferno
3503 751 3719 820 fecimur

2142 845 2365 904 pactum.
2392 833 2680 905 Flagellum
2706 839 2962 891 inundans
2985 855 3095 890 cum
3121 839 3400 903 transierit,
3426 855 3526 892 non
3553 841 3724 892 venies

2142 940 2294 992 super
2320 942 2432 988 nos,
2463 927 2580 997 qttia
2603 930 2863 996 posuimus
2887 927 3204 980 mendacium
3228 944 3366 998 spem
3396 939 3645 993 nostram,
3667 937 3716 982 et

2143 1016 2408 1069 mendacio
2455 1019 2666 1086 protecti
2703 1034 2877 1071 sumus
2922 1017 3057 1086 (Isa.
3087 1035 3268 1084 xxvnt,
3305 1019 3354 1084 7,
3388 1017 3442 1082 8,
3477 1018 3562 1084 Η,
3600 1019 3719 1079 15ὶ,

2146 1102 2210 1156 Et
2238 1113 2360 1175 post
2388 1106 2657 1174 aliquanta
2692 1125 2705 1159 :
2736 1105 2801 1160 Et
2830 1106 3082 1160 subvertet
3109 1109 3304 1177 grando
3335 1125 3476 1178 spem
3503 1109 3723 1162 menda-

2142 1195 2210 1247 cii
2235 1203 2284 1247 et
2312 1198 2676 1264 protectionem
2709 1214 2855 1268 aqua:
2883 1197 3224 1250 inundabunt.
3256 1195 3323 1249 Et
3350 1198 3596 1252 delebitur
3626 1203 3722 1270 {ab

2143 1284 2236 1337 dus
2263 1295 2480 1338 vestrum
2507 1303 2619 1339 cum
2644 1295 2826 1354 morte,
2848 1298 2894 1340 et
2915 1297 3117 1354 pactum
3141 1289 3359 1340 vestrum
3380 1303 3491 1340 cum
3511 1289 3720 1357 inferno

2144 1389 2246 1427 non
2269 1375 2456 1438 stabit;
2487 1376 2748 1446 flagellum
2771 1373 3031 1429 inundans
3057 1392 3172 1429 cum
3201 1377 3481 1442 transierit,
3507 1378 3648 1431 eritis
3668 1379 3718 1432 ei

2143 1465 2197 1517 in
2229 1467 2700 1540 conculcatiouem;
2738 1467 3138 1537 quandocunque
3161 1468 3537 1535 pertransierit,
3574 1469 3720 1522 tollet

2142 1569 2229 1606 eos
2261 1552 2445 1624 (Ibid.,
2474 1554 2673 1626 i749).
2708 1555 2771 1608 Et
2794 1557 2983 1609 iterum
3023 1574 3035 1608 :
3071 1555 3138 1608 Et
3165 1557 3296 1609 dixit
3327 1555 3613 1612 Dominus:
3638 1557 3720 1613 Eo

2145 1643 2281 1710 quod
2308 1646 2682 1714 appropinquat
2707 1644 2924 1714 populus
2951 1646 3045 1698 iste
3067 1663 3153 1698 ore
3175 1662 3287 1712 suo,
3310 1657 3357 1700 et
3378 1647 3529 1700 labiis
3556 1649 3723 1718 glori-

474 1739 607 1808 ﬁciis
635 1752 809 1790 coram
836 1737 951 1788 me?
990 1733 1058 1786 Et
1098 1750 1233 1786 nunc
1277 1734 1382 1786 haec
1423 1733 1546 1786 dicit
1578 1731 1827 1784 Dominus
1857 1747 1874 1784 :
1903 1730 2042 1794 Quo-
2079 1738 2114 1794 lt
2143 1732 2266 1800 ﬁcat
2297 1748 2394 1794 me,
2429 1749 2518 1786 cor
2545 1741 2715 1785 autem
2741 1749 2915 1786 eorum
2954 1734 3104 1804 longe
3143 1741 3216 1787 est
3246 1751 3278 1787 a
3303 1751 3419 1796 me;
3468 1735 3581 1788 ideo
3605 1753 3724 1791 ecce

475 1829 614 1880 niam
657 1827 740 1898 qui
771 1825 1114 1893 honorificam
1156 1839 1237 1876 me
1257 1863 1272 1886 ,
1305 1822 1566 1876 honorabo
1593 1837 1717 1885 eos;
1761 1830 1810 1874 et
1837 1822 1922 1892 qui
1949 1838 2042 1890 pro

474 1917 633 1970 nihilo
663 1915 848 1967 habent
877 1931 956 1966 me
977 1953 990 1977 ,
1030 1913 1098 1964 ad
1125 1912 1341 1965 nihilum
1371 1913 1684 1980 redigentur.
1735 1909 1803 1962 Et
1832 1911 1926 1964 hoc
1953 1909 2045 1963 tibi

473 2009 674 2078 signum
699 2007 786 2070 sit,
811 2004 944 2076 quod
972 2005 1131 2056 veniet
1155 2019 1306 2072 super
1333 2001 1460 2056 duos
1489 2002 1626 2069 ﬁlios
1656 2009 1767 2055 tuos
1800 2000 1968 2070 Ophni
1995 2009 2044 2054 et

473 2097 726 2159 Phiuecs;
752 2095 804 2147 in
827 2111 928 2147 uno
957 2093 1038 2146 die
1063 2093 1344 2146 morientur
1363 2091 1514 2146 ambo
1537 2094 1590 2145 in
1618 2092 1791 2161 gladio
1820 2093 2042 2145 virorum

473 2189 672 2262 (Ibid.,
704 2186 793 2252 29,
825 2187 915 2255 31,
947 2187 1059 2252 54).
1111 2185 1169 2240 Si
1213 2185 1328 2240 hac
1371 2185 1550 2254 itaque
1593 2185 1902 2254 patiuntur,
1950 2186 2039 2253 qui

469 2281 645 2334 verbis
694 2287 898 2331 tantum
947 2275 1215 2343 subjectos
1241 2315 1256 2341 ,
1286 2281 1340 2328 et
1381 2289 1489 2327 non
1530 2272 1793 2340 condigna
1840 2274 2043 2327 ultione

471 2369 791 2434 emendant;
839 2366 964 2435 quid
1021 2365 1149 2434 ipsis
1190 2364 1282 2418 liet
1335 2364 1425 2431 qui
1469 2362 1537 2416 ad
1583 2363 1722 2416 mala
1762 2362 2044 2416 hortantur

469 2458 744 2528 peccando
783 2466 838 2510 et
879 2455 1132 2509 trahunt?
1175 2453 1311 2520 Quid
1352 2453 1425 2508 illi
1463 2467 1677 2528 quoque
1704 2451 2042 2523 perspicuum

471 2525 552 2603 est
581 2564 709 2602 vero
733 2548 872 2613 vati,
903 2555 1024 2614 post
1049 2545 1409 2614 expletionem
1438 2525 1572 2612 sig‘ni
1595 2545 1662 2598 ab
1689 2543 1876 2598 eodem
1907 2559 2044 2614 prte-

471 2641 620 2704 dicti,
644 2649 697 2694 et
726 2639 1118 2692 restitutionem
1140 2637 1300 2691 aridae
1330 2651 1518 2690 manus
1541 2636 1701 2705 impio
1721 2636 1856 2703 regi,
1876 2636 2041 2690 misso

469 2745 500 2785 a
529 2729 706 2784 Judzea
737 2727 1061 2797 prophetare
1089 2726 1142 2780 in
1179 2724 1392 2790 Bethel,
1418 2724 1795 2794 prohibitoque
1819 2738 1888 2778 ne
1913 2724 2039 2793 quid

467 2820 668 2877 ibidem
699 2819 804 2874 cibi
833 2825 1089 2888 gustaret,
1123 2832 1187 2872 ac
1212 2817 1439 2885 decepto
1469 2815 1538 2869 ab
1567 2815 1674 2870 alio
1719 2817 1800 2885 (ut
1825 2815 2042 2870 diceba-

472 2913 578 2984 tur)
609 2911 892 2982 propheta,
919 2917 974 2964 ut
1001 2924 1189 2980 parum
1210 2908 1336 2978 quid
1359 2907 1512 2977 panis
1535 2915 1589 2961 et
1609 2921 1760 2974 aqua:
1783 2915 2034 2972 sumeret,

470 3003 680 3071 obtigit,
710 3001 922 3056 dicente
951 3000 1017 3055 ad
1045 3014 1166 3055 eum
1195 3014 1292 3054 suo
1328 2997 1542 3067 hospite
1573 3014 1586 3048 :
1620 2995 1750 3051 Iltec
1778 2997 1911 3069 dicit.
1931 2995 2038 3051 Do-

2144 1840 2237 1893 ego
2267 1823 2455 1876 addam
2474 1864 2488 1888 ,
2519 1832 2574 1876 ut
2603 1824 2997 1877 admirationem
3027 1827 3215 1894 faciam
3253 1827 3441 1895 papula
3475 1828 3590 1881 huic
3617 1831 3720 1881 nti-

2143 1914 2318 1967 raculo
2347 1915 2532 1984 grandi
2567 1923 2616 1968 et
2657 1917 2928 1983 stupenda.
2981 1915 3179 1969 Peribit
3221 1919 3357 1971 enim
3398 1921 3653 1988 sapientia
3685 1937 3721 1974 α

2141 2009 2456 2078 sapientibus
2477 2011 2606 2079 ejus,
2635 2018 2684 2064 et
2702 2011 2988 2065 intellectus
3010 2013 3331 2082 prudentium
3357 2014 3467 2084 ejus
3496 2012 3719 2066 abscon-

2143 2098 2308 2152 detur.
2354 2099 2441 2153 Vae
2468 2101 2551 2169 qui
2579 2101 2822 2170 profundi
2850 2103 2970 2155 estis
2999 2104 3178 2168 corde,
3209 2109 3263 2155 ut
3289 2123 3319 2156 a
3351 2103 3570 2159 Domino
3598 2105 3725 2157 abs-

2143 2189 2376 2242 condatis
2405 2191 2703 2256 consilium;
2732 2208 2946 2264 quorum
2977 2204 3092 2247 sunt
3125 2195 3176 2249 in
3213 2195 3430 2249 tenebris
3460 2211 3635 2267 opera,
3667 2203 3722 2250 et

2143 2280 2364 2332 dicunt:
2397 2278 2524 2343 Quis
2561 2283 2694 2335 videt
2722 2284 2851 2336 nos?
2893 2293 2940 2336 et
2979 2287 3090 2354 quis
3129 2288 3264 2339 norit
3293 2288 3422 2339 nos?
3465 2287 3724 2342 Perversa

2143 2370 2280 2422 enim
2318 2370 2428 2423 haec
2459 2380 2626 2424 vestra
2651 2375 2894 2443 cogitatio
2943 2375 3077 2440 (Isa.
3102 2392 3247 2437 xxix,
3274 2376 3470 2446 15-16).
3503 2376 3567 2432 Et
3593 2388 3726 2448 post

2142 2457 2413 2526 aliquanta
2449 2476 2460 2510 :
2496 2457 2624 2512 Htcc
2650 2461 2773 2513 dicit
2798 2461 3050 2516 Dominus
3075 2479 3092 2516 :
3123 2463 3314 2517 Caelum
3340 2465 3484 2518 sedes
3508 2483 3641 2530 mea,
3667 2475 3728 2520 et

2143 2554 2279 2599 terra
2305 2547 2582 2600 scabellum
2602 2550 2788 2619 pedum
2811 2567 3036 2606 meorum
3057 2563 3151 2606 est.
3171 2555 3297 2621 Quae
3315 2556 3415 2607 ista
3435 2563 3511 2608 est
3531 2557 3721 2610 domus
3797 2557 3800 2560 ’

2139 2651 2292 2705 quam
2313 2639 2637 2706 tedi/icabitis
2661 2641 2822 2695 mihi?
2847 2650 2896 2694 et
2921 2643 3032 2712 quis
3061 2645 3154 2696 erit
3181 2647 3322 2697 locus
3349 2647 3528 2714 quietis
3549 2663 3680 2700 mete
3697 2649 3725 2700 .’

2143 2722 2331 2777 Omnia
2368 2727 2475 2779 lucc
2502 2743 2684 2780 manus
2714 2745 2826 2780 mea
2867 2732 3024 2798 fecit,
3075 2740 3124 2784 et
3164 2733 3303 2801 facta
3331 2742 3448 2784 sunt
3475 2735 3720 2787 uniuersa

2137 2816 2258 2879 ista,
2283 2818 2407 2870 dicit
2437 2818 2708 2873 Dominus.
2739 2821 2818 2873 Ad
2847 2836 2990 2888 quem
3021 2830 3188 2875 autem
3216 2824 3481 2892 aspiciam,
3513 2825 3615 2878 nisi
3643 2824 3722 2878 ad

2139 2908 2499 2977 pauperculam
2527 2917 2575 2961 et
2603 2911 2878 2961 contritum
2901 2911 3082 2979 spiritu
3112 2920 3159 2963 et
3189 2921 3483 2964 trementem
3512 2929 3720 2966 sermo-

2139 3015 2229 3052 nes
2257 3000 2435 3052 meos?
2477 2997 2578 3062 Qui
2603 3001 2836 3054 immolat
2872 2999 3043 3055 bovem
3070 3044 3085 3070 ,
3131 3005 3277 3073 quasi
3321 3005 3405 3074 qui
3432 3005 3721 3073 interficiat

466 3095 636 3146 minus
665 3091 802 3146 Deus
829 3107 846 3145 :
874 3089 1007 3155 Quia
1033 3088 1324 3144 inobediens
1346 3089 1488 3159 fuisti
1515 3089 1591 3142 ori
1619 3086 1842 3150 Domini,
1865 3095 2035 3140 etnon
2063 3090 2107 3151 ε
2139 3091 2330 3154 virum;
2347 3091 2433 3159 qui
2449 3099 2818 3160 mactatpecus,
2835 3095 2978 3163 quasi
2991 3095 3074 3164 qni
3089 3094 3374 3148 excerebret
3394 3111 3600 3158 canem;
3621 3098 3717 3167 qui

466 3171 730 3238 custodisti
753 3183 1052 3237 mandatum
1071 3183 1206 3252 quod
1224 3183 1460 3252 prcecepit
1477 3180 1725 3235 Dominus
1743 3180 1881 3234 Deus
1903 3191 2034 3246 tuus,

466 3285 516 3330 et
545 3291 772 3329 reversus
797 3291 869 3340 es,
901 3283 950 3328 et
975 3275 1237 3328 comedisti
1263 3289 1468 3341 panem,
1503 3282 1552 3326 et
1580 3271 1749 3326 bibisti
1779 3289 1963 3342 aquam
1984 3273 2038 3324 in

468 3368 560 3421 hoc
580 3367 691 3420 loco
711 3367 764 3419 in
786 3383 882 3435 quo
904 3365 1266 3419 mandaveram
1291 3365 1380 3418 tibi
1409 3381 1473 3418 ne
1497 3364 1833 3418 manducares
1855 3379 2038 3432 panem

466 3473 557 3510 nec
585 3455 775 3510 biberes
802 3473 1006 3527 aquam,
1032 3472 1135 3511 non
1161 3464 1376 3524 ponetur
1403 3471 1584 3524 corpus
1614 3463 1754 3508 tuum
1784 3455 1834 3508 in
1865 3452 2037 3523 sepul-

466 3564 554 3603 cro
577 3557 782 3618 patrum
823 3556 1042 3602 tuorum.
1088 3545 1159 3599 Et
1185 3549 1375 3616 factum
1413 3555 1516 3610 est,
1550 3547 1736 3614 inquit.
1772 3555 2036 3616 postquam

462 3637 791 3692 manducavit
836 3654 1020 3708 panem
1067 3645 1117 3690 et
1138 3635 1260 3690 bibit
1280 3654 1488 3708 aquam,
1512 3637 1691 3690 stravit
1715 3638 1810 3689 sibi
1834 3639 2034 3690 asinam

461 3747 609 3784 suam
637 3739 685 3784 et
714 3730 838 3784 abiit
867 3747 884 3784 :
910 3740 960 3784 et
1005 3731 1194 3784 invenit
1245 3747 1360 3784 eum
1401 3731 1479 3784 lea
1521 3731 1575 3784 in
1614 3731 1728 3794 via,
1758 3737 1807 3782 et
1852 3729 2038 3784 occidit

463 3840 578 3876 eum
609 3821 728 3894 (111
756 3822 885 3894 Reg.
918 3839 1029 3884 xm,
1057 3820 1266 3892 21-24).

533 3910 661 3966 CAP.
713 3925 786 3966 is.
837 3910 922 3964 Ex
970 3909 1133 3964 Isaia.
1182 3942 1252 3952 —
1297 3909 1486 3964 lsaiam
1535 3923 1748 3979 quoque
1791 3916 2034 3965 sanctum

460 3988 777 4069 prophetam
803 3999 870 4054 de
895 4000 1262 4055 sacerdotibus
1289 4001 1391 4054 hoc
1417 3999 1576 4054 modo
1604 4000 1908 4068 loquentem
1939 4017 2035 4055 au-

460 4091 572 4145 dite
604 4109 616 4143 :
657 4089 748 4144 γω
774 4092 930 4160 impio
966 4091 1020 4145 iu
1057 4093 1283 4156 malum;
1325 4092 1590 4146 retributio
1625 4094 1759 4145 enim
1791 4108 2034 4146 manuum

459 4182 570 4251 ejus
594 4181 684 4250 fiet
704 4183 770 4235 ei.
800 4182 1055 4252 Populum
1082 4199 1249 4235 meum
1275 4193 1538 4236 exactores
1562 4185 1639 4236 sui
1664 4184 2033 4254 spoliaverunt,

457 4281 508 4325 et
527 4272 764 4326 mulieres
785 4272 1062 4326 dominata!
1088 4281 1206 4326 sunt
1232 4273 1362 4342 ejus.
1399 4272 1593 4343 Popule
1622 4289 1778 4336 meus,
1802 4275 1886 4344 qui
1912 4271 2033 4327 bea-

460 4373 563 4415 tum
594 4370 642 4415 te
669 4363 865 4427 dicunt,
889 4362 988 4431 ipsi
1017 4373 1064 4415 te
1092 4362 1374 4430 decipiunt,
1394 4372 1442 4416 et
1471 4364 1601 4416 viam
1631 4379 1890 4432 gressuum
1918 4371 2031 4417 tuo-

2140 3180 2290 3246 o/I’ert
2311 3179 2634 3244 oblationem,
2661 3182 2808 3250 quasi
2827 3183 2912 3252 qui
2935 3183 3234 3252 sanguinem
3261 3184 3466 3236 suillum
3494 3185 3716 3252 offerat;

2138 3271 2222 3339 qui
2251 3269 2548 3322 recordatur
2576 3271 2770 3337 thuris,
2803 3288 2948 3342 quast
2977 3273 3062 3343 qui
3089 3273 3349 3327 benedicat
3376 3275 3533 3329 idolo.
3581 3275 3722 3332 Haec

2137 3362 2310 3414 omnia
2334 3364 2596 3432 elegerunt
2622 3364 2673 3415 in
2696 3365 2789 3417 viis
2812 3365 2936 3427 suis,
2965 3373 3014 3417 et
3039 3366 3091 3418 in
3118 3364 3576 3421 abominationibus
3602 3371 3720 3426 suis

2140 3452 2315 3504 anima
2342 3467 2516 3505 eorum
2545 3452 2795 3506 delectata
2823 3463 2899 3507 est
2939 3453 3069 3525 (Isa.
3102 3470 3244 3519 LXVI,
3272 3453 3406 3523 1-5).

2210 3541 2338 3595 CAP.
2373 3558 2426 3595 x.
2476 3541 2559 3595 Ex
2589 3542 2832 3597 Ieremia.
2879 3573 2952 3586 —
2995 3543 3255 3601 Jeremias
3301 3560 3512 3615 quoque
3556 3550 3715 3617 virgo

2137 3632 2505 3700 prophetaque
2533 3631 2660 3699 quid
2705 3632 3073 3702 insipientibus
3110 3634 3358 3702 loquatur
3385 3635 3714 3704 pastoribus,

2139 3721 2400 3775 attendite
2425 3739 2437 3773 :
2464 3719 2592 3774 Haec
2612 3721 2735 3774 dicit
2758 3722 3040 3777 Dominus:
3060 3724 3196 3787 Quid
3219 3727 3514 3779 invenerunt
3535 3737 3718 3795 patres

2135 3811 2287 3863 vestri
2314 3811 2367 3863 in
2395 3827 2475 3864 me
2509 3812 2794 3882 iniquitatis
2819 3854 2834 3879 ,
2878 3817 2996 3884 quia
3041 3815 3404 3885 elongaverunt
3429 3833 3462 3870 a
3491 3835 3572 3872 me
3593 3859 3609 3882 ,
3657 3833 3714 3874 et

2139 3899 2522 3954 ambulaverunt
2550 3910 2664 3969 post
2691 3903 2965 3956 vanitatem
2989 3942 3003 3966 ,
3036 3914 3084 3957 et
3111 3907 3227 3958 vani
3256 3907 3382 3976 facti
3404 3915 3524 3960 sunt
3570 3907 3708 3978 (Jer.

2137 4005 2194 4052 11,
2227 3989 2320 4058 5)?
2363 3988 2428 4043 Et
2469 3991 2626 4060 paulo
2657 4000 2778 4060 post
2809 4009 2820 4044 :
2850 3991 2919 4046 Et
2943 3993 3162 4065 ingressi
3191 3997 3577 4051 contaminastis
3605 4007 3718 4052 ter-

2137 4095 2250 4132 ram
2279 4096 2475 4144 meam,
2505 4091 2554 4134 et
2577 4081 2929 4136 hteretlitatem
2958 4100 3120 4136 meam
3159 4086 3400 4154 posuistis
3427 4087 3478 4139 in
3507 4086 3714 4142 abomi-

2135 4171 2419 4225 nationem.
2451 4169 2757 4226 Sacerdotes
2782 4189 2884 4228 non
2905 4175 3181 4228 dixerunt:
3208 4175 3305 4230 Ubi
3324 4185 3398 4230 est
3420 4176 3718 4234 Dominus?

2135 4271 2185 4314 et
2215 4269 2438 4316 tenentes
2466 4263 2625 4332 legem
2655 4265 2944 4318 nescierunt
2972 4282 3050 4319 me
3068 4308 3082 4332 ,
3115 4276 3165 4320 et
3197 4276 3428 4337 pastores
3455 4271 3714 4339 praevari-

2135 4352 2238 4405 cati
2266 4361 2383 4406 sunt
2411 4354 2462 4406 in
2493 4370 2592 4407 me.
2642 4353 2925 4422 Propterea
2967 4356 3132 4409 adhuc
3162 4357 3360 4426 judicio
3401 4359 3713 4413 contendam

457 4469 570 4505 rum
609 4453 882 4520 dissipant.
929 4451 1048 4506 Stat
1077 4452 1145 4504 ad
1165 4452 1506 4521 judicaudum
1545 4452 1820 4515 Dominus,
1851 4461 1900 4505 et
1927 4459 2033 4504 stat
2062 4455 2106 4512 D
2134 4446 2409 4509 vobiscum,
2444 4449 2517 4502 ait
2548 4447 2818 4516 Dominus,
2846 4458 3029 4502 etcum
3056 4451 3181 4519 ﬁliis
3209 4451 3386 4504 vestris
3415 4452 3712 4522 disceptabo

455 4542 524 4594 ad
541 4541 855 4610 jndicandos
886 4541 1120 4610 papulas.
1172 4539 1422 4594 Dominus
1469 4541 1538 4593 ad
1572 4541 1823 4610 judicium
1868 4541 2029 4594 veniet

454 4648 567 4684 cum
595 4632 800 4684 senibus
825 4632 997 4701 populi
1025 4632 1105 4684 sui
1129 4642 1177 4684 et
1205 4631 1516 4700 principibus
1541 4632 1670 4701 ejus.
1705 4631 1808 4686 Vos
1827 4631 2026 4702 depasti

452 4722 574 4774 estis
617 4723 816 4773 vineam
857 4737 1023 4774 meam
1053 4737 1069 4773 :
1100 4723 1285 4790 rapina
1309 4724 1548 4790 pauperis
1576 4721 1807 4800 in‘domo
1834 4732 2021 4776 vestra.

452 4810 624 4873 Quare
669 4811 889 4864 atteritis
935 4812 1178 4880 populum
1215 4827 1419 4876 meum,
1465 4820 1512 4865 et
1558 4814 1713 4882 facies
1741 4830 2020 4881 pauperum

447 4901 773 4965 commolitis,
791 4901 913 4955 dicit
935 4901 1186 4956 Dominus
1207 4905 1519 4956 exercituum
1543 4901 1677 4971 (Isa.
1703 4919 1774 4968 Itt,
1803 4903 2022 4973 11-15)?

445 4989 512 5044 Et
540 4993 664 5046 item
700 5010 710 5042 :
755 4990 845 5046 Va:
879 4994 964 5062 qui
993 4992 1217 5046 condunt
1245 4993 1379 5063 leges
1409 4994 1639 5063 iniquus,
1670 5002 1718 5046 et
1745 4994 2021 5049 scribentes

446 5081 752 5151 injustitiam
779 5083 1110 5152 scripserunt,
1141 5093 1196 5134 ut
1223 5083 1562 5154 opprimerent
1590 5086 1640 5137 in
1660 5084 1862 5153 judicio
1891 5101 2019 5153 pau-

446 5187 608 5240 peres,
637 5179 684 5224 et
713 5172 813 5224 vim
855 5173 1086 5242 facerent
1117 5188 1288 5225 causa:
1321 5173 1585 5225 humilium
1614 5172 1787 5241 populi
1815 5175 1935 5239 mei,
1965 5183 2018 5226 ut

445 5269 610 5311 essent
630 5260 794 5312 vidum
815 5261 992 5328 prtetla
1020 5276 1214 5324 eorum,
1236 5268 1283 5312 et
1313 5261 1531 5328 pupillos
1553 5261 1846 5328 diriperent.
1882 5260 2019 5325 Quid

446 5349 644 5415 facietis
672 5349 724 5399 in
755 5348 838 5402 die
875 5349 1183 5402 uisitationis
1221 5359 1269 5402 et
1307 5349 1618 5402 calamitatis
1657 5353 1719 5402 de
1759 5351 1908 5419 longe
1935 5369 2019 5404 ve-

443 5440 630 5491 nientis
663 5437 797 5509 (Isa.
829 5457 882 5503 x,
916 5441 1058 5509 1-5)?
1087 5441 1153 5494 Et
1183 5439 1316 5495 infra
1351 5457 1363 5493 :
1406 5440 1591 5493 Verum
1621 5441 1671 5493 lti
1698 5457 1892 5512 quoque
1913 5459 2024 5511 prce

441 5529 556 5581 vino
587 5530 875 5582 nescierunt
901 5571 914 5595 ,
955 5549 1063 5600 pra:
1092 5531 1333 5586 ebrietate
1359 5540 1698 5596 erraverunt,
1731 5535 2022 5590 sacerdotes

442 5628 733 5670 nescierunt
759 5633 866 5684 pra:
893 5619 1152 5681 ebrietate,
1187 5621 1413 5688 absorpti
1443 5628 1561 5672 sunt
1597 5635 1628 5672 a
1657 5621 1792 5684 vino,
1823 5617 2024 5676 errave-

438 5725 557 5763 runt
595 5727 649 5763 in
688 5710 932 5763 ebrietate
955 5749 970 5778 ,
1017 5713 1306 5766 nescierunt
1347 5712 1627 5777 videntem,
1659 5713 2024 5782 ignoraret-unt

2139 4535 2324 4605 (Ibid.,
2355 4537 2404 4602 7,
2433 4539 2507 4607 9).
2542 4538 2670 4591 Item
2700 4547 2824 4608 post
2851 4539 3120 4607 aliquanta
3152 4557 3164 4592 :
3196 4539 3390 4609 Stupor
3416 4549 3465 4594 et
3492 4543 3712 4596 mirabi-

2134 4625 2206 4678 lia
2237 4627 2376 4696 facta
2404 4635 2520 4679 sunt
2549 4628 2601 4680 in
2631 4635 2786 4680 terra.
2811 4626 3086 4696 Propheta!
3111 4629 3462 4698 prtedicabant
3489 4630 3710 4682 menda~

2133 4720 2287 4782 cium,
2316 4725 2362 4769 et
2392 4718 2682 4771 sacerdotes
2711 4717 3092 4787 applaudebant
3119 4717 3354 4772 manibus
3387 4720 3512 4783 suis,
3541 4729 3590 4772 et
3613 4738 3712 4790 po-

2132 4810 2280 4879 pulus
2311 4825 2450 4860 meus
2480 4807 2660 4861 dilexit
2689 4809 2836 4861 talia.
2872 4807 3008 4872 Quid
3036 4810 3192 4880 igitur
3216 4809 3304 4878 fiet
3334 4809 3386 4861 in
3416 4811 3711 4863 novissimis

2133 4901 2244 4970 ejus
2277 4898 2404 4967 (ler.
2435 4915 2486 4963 ν,
2516 4899 2604 4960 50,
2630 4899 2722 4967 '5)?
2760 4897 2851 4952 Cui
2882 4899 3062 4970 loquar
3089 4909 3138 4953 et
3162 4899 3499 4964 contestabor,
3530 4910 3587 4952 ut
3613 4917 3712 4953 au-

2131 4988 2279 5039 diat?
2323 4985 2454 5039 Ecce
2491 4988 2862 5042 incircumcisce
2896 5005 3044 5042 aures
3071 5005 3247 5044 eorum
3271 5028 3286 5052 ,
3316 4998 3367 5041 et
3391 4989 3572 5044 audire
3602 5007 3710 5044 non

2127 5086 2359 5144 possunt.
2387 5075 2518 5129 Ecce
2538 5077 2739 5130 verbum
2765 5078 2969 5132 Domini
2993 5080 3183 5149 factum
3207 5089 3283 5132 est
3307 5080 3409 5134 illis
3435 5083 3489 5133 in
3512 5098 3714 5150 oppro-

2128 5167 2313 5228 brium,
2344 5177 2391 5220 et
2422 5184 2521 5220 non
2553 5168 2833 5236 suscipiunt
2859 5169 2986 5221 illud
3015 5167 3154 5237 (Jer.
3187 5184 3258 5233 Vt,
3292 5169 3386 5238 10)
3422 5187 3434 5223 :
3466 5171 3584 5240 quia
3613 5187 3714 5224 ea:-

2128 5259 2335 5310 tendam
2367 5275 2571 5312 manum
2603 5275 2765 5312 meam
2809 5276 2960 5329 super
2990 5259 3280 5314 habitantes
3321 5272 3507 5315 terram
3531 5300 3546 5325 ,
3577 5263 3714 5316 dicit

2128 5333 2406 5402 Dominus:
2447 5351 2488 5400 A
2531 5351 2727 5403 minore
2754 5351 2936 5420 quippe
2964 5367 3122 5421 usque
3150 5351 3219 5404 ad
3250 5353 3498 5422 majorem
3527 5369 3719 5409 omnes

2127 5442 2359 5494 avaritia:
2385 5441 2626 5504 student,
2662 5449 2711 5494 et
2735 5459 2766 5493 a
2795 5442 3045 5510 propheta
3081 5459 3238 5513 usque
3281 5443 3348 5494 ad
3387 5443 3717 5495 sacerdotem

2127 5533 2295 5584 cuncti
2325 5534 2523 5602 faciunt
2551 5532 2741 5586 dolum.
2791 5531 2860 5585 Et
2905 5531 3153 5586 curabant
3194 5534 3548 5587 contritionem
3575 5533 3713 5600 filia:

2128 5624 2302 5692 pepuli
2327 5623 2422 5675 mei
2451 5639 2560 5675 cum
2585 5624 2886 5692 ignominta,
2910 5623 3129 5677 dicentes
3152 5640 3170 5677 :
3196 5623 3331 5687 Pax,
3358 5639 3500 5693 pax;
3525 5631 3713 5678 etnon

2127 5724 2234 5767 crat
2265 5731 2386 5784 pax.
2437 5713 2650 5786 Confusi
2679 5725 2814 5774 sunt,
2839 5717 2956 5782 quia
2980 5717 3406 5770 abominationem
3429 5716 3658 5786 fecerunt
3677 5725 3703 5776 δ
