3954 6178
230 213 337 267 $77

934 217 1135 272 LIBER
1172 215 1561 286 QUERULUS.
1603 215 1779 271 PARS
1817 215 1902 270 Ill.
1942 214 2352 273 INCREPATIO
2384 217 2452 273 ΙΝ
2488 217 2791 276 CLERUM.

3372 223 3478 278 578

224 333 351 402 quin
380 332 549 401 potius
579 332 877 403 confusione
910 350 1012 388 non
1040 343 1158 387 sunt
1185 333 1406 405 confusi,
1438 340 1485 386 et
1512 331 1801 386 erubescere
1834 334 1873 388 Α
1904 346 2072 383 meum
2102 326 2288 385 Israel.
2325 329 2393 384 Et
2430 334 2484 387 in
2518 333 2779 402 prophetis
2804 330 3097 388 Jerusalem

226 423 543 476 nescierunt.
587 421 928 486 Quamobrem
956 424 1139 479 cadent
1169 425 1302 478 inter
1326 432 1560 499 ruentes;
1591 424 1643 476 in
1673 432 1801 477 tem-

225 532 354 584 pore
382 516 688 569 visitutionis
717 531 889 569 eorum
920 525 1153 570 corruent
1181 558 1197 582 ,
1238 516 1363 568 dicit
1390 513 1640 568 Dominus
1670 513 1801 586 (Jer.

228 620 305 663 vs.
329 603 529 672 12-15).
562 602 625 656 Et
653 604 843 657 iterum
876 622 889 658 :
925 605 1113 659 Omnes
1140 605 1227 658 isti
1254 606 1509 676 principes
1538 604 1804 657 declinan-

260 704 358 764 tes,
383 691 704 746 ambulantes
748 693 1121 764 fraudulenter,
1153 709 1223 748 tes
1250 701 1299 747 et
1331 694 1555 764 ferrum;
1585 691 1805 746 universi

224 782 460 851 corrupti
484 791 621 834 sunt.
652 779 847 852 Defecit
870 781 1202 851 sufﬂatorium
1222 784 1276 836 in
1296 783 1442 852 igne;
1467 782 1660 852 frustra
1684 795 1808 835 cou-

225 873 375 943 ﬂavit
405 873 660 942 conﬂator
683 890 703 938 ,'
743 873 958 933 malitia:
999 881 1167 929 autem
1205 889 1381 931 eorum
1409 889 1511 926 non
1539 879 1655 925 sunt
1685 887 1808 925 con-

221 972 472 1030 sumptas.
498 963 779 1034 Argentum
803 961 1069 1031 reprobum
1094 971 1266 1016 vocate
1280 978 1389 1025 eos,
1413 962 1529 1034 quia
1565 961 1807 1014 Dominus

224 1053 451 1122 projecit
480 1053 598 1106 illos
629 1050 815 1122 (Ibid.,
844 1051 1044 1123 ‘28-'50).
1070 1051 1137 1105 Et
1159 1060 1280 1123 post
1299 1067 1464 1122 pauca
1496 1069 1510 1103 :
1540 1050 1654 1122 Ego
1675 1052 1810 1116 sum,

223 1161 326 1214 ego
351 1160 499 1209 sum;
529 1160 621 1214 ego
649 1144 770 1208 ridi,
797 1143 920 1196 dicit
948 1141 1221 1198 Dominus.
1249 1141 1330 1196 Ite
1357 1142 1425 1197 ad
1450 1143 1618 1196 locum
1644 1158 1811 1196 meum

224 1237 285 1289 in
320 1235 454 1300 Silo,
478 1234 565 1287 ubi
593 1233 840 1289 habitavit
866 1250 1052 1290 nomen
1081 1251 1247 1289 meum
1272 1252 1304 1287 a
1331 1234 1612 1304 principio;
1651 1240 1699 1286 et
1734 1233 1809 1286 vi-

225 1326 349 1380 dete
376 1342 492 1397 qua
538 1327 746 1398 fecerim
786 1324 833 1380 ei
859 1335 1071 1396 propter
1100 1324 1354 1381 malitiam
1396 1324 1570 1394 papuli
1623 1321 1810 1376 Israel.

225 1411 306 1467 Et
324 1429 461 1466 nunc
479 1414 600 1485 quia
623 1413 814 1484 fecistis
842 1412 1016 1466 omnia
1039 1428 1194 1482 opera
1222 1412 1358 1475 ha'c,
1383 1410 1505 1463 dicit
1528 1409 1810 1474 Dominus;

223 1510 280 1557 et
306 1503 506 1558 locutus
530 1519 647 1556 sum
674 1501 743 1555 ad
772 1517 855 1557 vos
885 1517 1037 1555 mane
1073 1516 1384 1571 consurgens
1420 1506 1469 1552 et
1504 1498 1733 1569 loquens,
1764 1506 1814 1551 et

223 1613 340 1651 non
368 1596 623 1660 audistis;
664 1605 715 1649 et
741 1595 913 1650 vocavi
944 1611 1048 1660 vos,
1077 1603 1127 1649 et
1159 1611 1263 1649 non
1292 1592 1626 1665 respondistis
1654 1607 1675 1646 :
1701 1589 1814 1645 Fa-

1903 419 2076 491 dinem
2098 421 2501 474 adulterantium
2521 461 2538 487 ,
2570 433 2617 474 et
2648 422 2745 475 iter
2780 422 3066 488 mendacii;
3091 435 3141 479 et
3160 428 3480 498 confortaue-

1903 516 2024 562 runt
2062 525 2246 564 manus
2282 511 2641 579 pessimorum,
2676 521 2733 564 ut
2768 528 2874 575 non
2916 522 3291 569 converteretur
3325 531 3482 573 unus-

1903 599 2112 669 quisque
2131 614 2162 651 a
2185 600 2385 652 malitia
2403 616 2525 664 sua;
2550 601 2675 670 facti
2690 611 2811 655 sunt
2825 601 2948 654 mihi
2966 617 3142 656 omnes
3159 613 3214 655 ut
3225 602 3476 670 Sodoma,

1904 699 1954 742 et
1977 690 2289 745 habitatores
2309 692 2419 762 ejus
2436 693 2583 763 quasi
2602 689 2905 746 Gomorrha.
2929 691 3213 762 Propterea
3225 695 3336 750 hcce
3354 695 3478 751 dicit

1907 777 2163 834 Dominus
2189 780 2258 834 ad
2280 781 2552 852 prophetas
2576 797 2594 834 :
2621 780 2753 835 Ecce
2773 799 2866 853 ego
2887 780 3065 837 cibabo
3086 799 3175 839 eos
3200 783 3477 852 absinthio,

1906 880 1956 923 et
1980 870 2169 940 potabo
2190 887 2276 925 eos
2299 870 2447 941 felle;
2478 888 2509 923 a
2530 871 2790 940 praphetis
2809 872 2947 937 enim
2964 870 3253 931 Jerusalem
3268 890 3480 945 egressa

1863 1029 1867 1033 ν
1906 973 1981 1017 est
2017 963 2230 1032 pollutio
2263 980 2415 1031 super
2436 981 2637 1018 omnem
2659 972 2867 1018 terram.
2915 964 3044 1018 Hazc
3083 967 3211 1031 dicit
3226 966 3480 1027 Dominus

1907 1055 2223 1109 exercituum
2262 1072 2279 1108 :
2323 1052 2502 1108 Nolite
2542 1054 2722 1108 audire
2761 1055 2911 1108 verba
2958 1057 3358 1127 prophetarum,
3393 1060 3481 1131 qui

1908 1144 2215 1214 prophetant
2236 1143 2373 1198 vobis
2400 1154 2451 1198 et
2472 1144 2731 1215 decipiunt
2750 1160 2867 1207 vos;
2892 1146 3133 1209 visionem
3152 1149 3288 1203 enim
3308 1149 3480 1204 cordis

1908 1235 1991 1288 sui
2018 1235 2312 1306 loquuntur,
2342 1251 2444 1289 non
2466 1234 2530 1289 de
2549 1251 2639 1289 ore
2664 1233 2894 1289 Domini.
2930 1233 3121 1290 Dicunt
3140 1238 3276 1293 enim
3293 1238 3374 1292 his
3394 1240 3480 1310 qui

1910 1345 1990 1381 me
2042 1327 2395 1397 blasphemant
2438 1343 2457 1382 :
2508 1324 2734 1380 Locutus
2772 1336 2848 1380 est
2887 1325 3189 1384 Dominus:
3228 1327 3348 1383 Pax
3384 1330 3483 1383 erit

1910 1417 2072 1473 vobis.
2096 1416 2164 1471 Et
2187 1412 2420 1475 omnibus
2442 1418 2526 1488 qui
2550 1415 2814 1470 ambulant
2831 1418 2887 1475 in
2908 1418 3162 1488 pravitate
3178 1419 3353 1474 cordis
3380 1420 3480 1486 sui,

1912 1507 2153 1565 dixerunt
2185 1524 2205 1568 ;
2239 1505 2362 1561 Non
2400 1508 2565 1560 veniet
2602 1522 2759 1576 super
2795 1522 2882 1562 vos
2920 1507 3136 1567 malum.
3179 1505 3313 1572 Quis
3346 1510 3489 1565 enim

1913 1595 2083 1666 adfuit
2103 1597 2155 1650 in
2177 1596 2393 1653 consilio
2416 1594 2647 1661 Domini,
2673 1605 2724 1650 et
2751 1596 2876 1651 vidit
2901 1606 2950 1649 et
2980 1597 3174 1652 audivit
3201 1614 3487 1653 sermonem

224 1688 370 1740 ciam
394 1685 567 1740 domui
595 1685 710 1738 huic
734 1685 788 1738 in
818 1701 917 1757 qua
945 1689 1233 1739 invocatum
1254 1693 1330 1738 est
1349 1698 1534 1737 nomen
1555 1696 1743 1748 meum.
1765 1690 1815 1736 ϐε
1844 1693 1890 1754 Β
1914 1687 2063 1759 ejus?
2085 1685 2210 1752 Quis
2243 1687 2586 1759 consideravit
2612 1689 2817 1751 verbum
2845 1688 2989 1749 illius
3018 1697 3067 1749 et
3099 1690 3328 1747 audivit?
3357 1689 3490 1746 Ecce

223 1778 289 1831 in
318 1792 421 1849 qua
446 1792 533 1831 vos
555 1774 754 1830 habetis
774 1774 1040 1846 ﬁduciam,
1065 1782 1114 1829 et
1141 1775 1251 1828 loco
1281 1788 1427 1842 quem
1454 1772 1572 1827 dedi
1601 1770 1742 1827 vobis
1767 1779 1817 1825 et

226 1870 474 1941 patribus
508 1869 688 1923 vestris
717 1909 733 1936 ,
779 1868 911 1922 sicut
953 1867 1055 1939 feci
1101 1865 1247 1931 Silo;
1286 1874 1335 1920 et
1370 1867 1644 1937 projiciant
1672 1880 1758 1938 vos
1782 1880 1833 1933 al

228 1959 375 2029 facie
393 1974 507 2012 mea
536 1956 666 2029 (Jer.
692 1973 782 2021 vn,
811 1955 899 2023 11,
926 1955 1035 2028 15).
1060 1954 1127 2012 Et
1151 1956 1344 2012 iterum
1368 1974 1381 2010 :
1407 1954 1534 2012 Filii
1556 1956 1819 2025 meiexie-

225 2034 371 2102 runi
387 2065 422 2101 a
446 2064 558 2116 me,
587 2057 637 2102 et
663 2063 766 2102 non
794 2046 1106 2113 subsistunt;
1144 2056 1195 2101 et
1219 2063 1321 2102 non
1351 2056 1427 2102 est
1458 2048 1546 2117 qui
1574 2046 1818 2101 extendat

227 2138 377 2193 ultra
426 2139 701 2193 tentorium
749 2154 914 2191 meum
938 2176 955 2202 ,
982 2146 1031 2191 et
1070 2138 1238 2208 erigat
1272 2136 1428 2206 pelles
1470 2153 1651 2211 meas,
1684 2134 1818 2202 Quia

228 2228 396 2284 stulte
420 2236 632 2299 egerunt
657 2237 912 2299 pastores,
942 2235 990 2282 et
1021 2224 1297 2282 Dominum
1324 2243 1430 2281 non
1469 2228 1817 2299 quaesierunt;

229 2330 516 2393 propterea
543 2336 646 2373 non
682 2319 1073 2389 intellexerunt,
1108 2326 1156 2374 et
1183 2335 1310 2390 grex
1348 2335 1523 2393 eorum
1560 2319 1817 2389 dispersus

229 2420 314 2466 est
345 2411 481 2481 (Jer.
505 2427 557 2476 ι,
589 2410 679 2476 20,
705 2410 819 2481 21).
851 2410 917 2475 Et
944 2419 1066 2482 post
1093 2411 1365 2480 aliquanta
1390 2428 1403 2465 :
1430 2409 1566 2475 Quid
1592 2417 1666 2464 est
1685 2409 1821 2481 quod

232 2503 462 2557 dilectus
491 2518 633 2557 meus
665 2503 719 2557 in
747 2502 898 2567 domo
926 2519 1035 2556 mea
1065 2503 1185 2575 fecit
1213 2502 1407 2561 stelera
1432 2501 1636 2574 multa?
1668 2497 1821 2567 Nun-

230 2593 367 2665 quid
397 2608 577 2646 carnes
605 2603 801 2649 sancta:
821 2594 1058 2665 auferent
1083 2609 1113 2645 a
1136 2600 1183 2646 te
1209 2593 1435 2663 malitias
1466 2600 1597 2658 tuas,
1626 2591 1681 2643 in
1703 2588 1818 2661 qui-

233 2685 337 2740 bus
353 2686 582 2756 gloriola
600 2685 689 2738 es.’
711 2684 910 2739 Olivam
930 2684 1154 2751 uberem,
1170 2685 1457 2754 pulchram,
1478 2683 1820 2755 fructiferam,

232 2779 530 2847 speciosam
567 2778 763 2832 vocavit
802 2775 1053 2831 Dominus
1095 2792 1278 2831 nomen
1327 2784 1501 2840 tuum;
1548 2774 1617 2827 ad
1654 2790 1823 2833 vocem

234 2865 482 2936 loquelae,
513 2865 725 2936 grandis
754 2864 950 2917 exarsit
981 2864 1115 2933 ignis
1144 2863 1198 2915 in
1227 2879 1308 2924 ea,
1340 2871 1388 2915 et
1412 2859 1675 2915 combusta
1702 2869 1821 2915 sunt

235 2958 438 3028 fruteta
464 2955 579 3025 ejus
606 2952 737 3025 (Jer.
762 2969 835 3027 ut,
862 2951 949 3017 15,
979 2950 1087 3021 16).
1121 2950 1187 3014 Et
1214 2951 1406 3006 iterum
1431 2968 1444 3003 :
1478 2950 1676 3019 Venite,
1699 2967 1822 3006 con-

1919 1778 2065 1855 turbo
2105 1780 2376 1837 dominica:
2414 1780 2787 1851 indignationis
2816 1780 3107 1852 egreditur,
3138 1791 3189 1839 et
3214 1791 3491 1849 tesnpestas

1915 1887 2185 1942 erumpens
2203 1887 2356 1941 super
2374 1880 2537 1940 caput,
2559 1871 2835 1939 impiorum
2853 1871 3039 1929 veniet.
3065 1869 3189 1927 Non
3216 1881 3492 1929 revertetur

1918 1965 2064 2036 furor
2088 1963 2297 2018 Domini
2315 1978 2479 2032 usque
2493 1961 2613 2026 dum
2634 1961 2825 2032 faciat,
2847 1970 2897 2015 et
2920 1962 3221 2033 usquedum
3236 1962 3492 2031 compleat

1918 2053 2280 2123 cogitationem
2316 2050 2495 2107 cordis
2519 2051 2619 2112 sui.
2659 2048 2730 2111 In
2756 2050 3049 2117 novissimis
3086 2049 3264 2105 diebus
3299 2050 3493 2106 intelli-

1916 2143 2047 2215 getis
2065 2142 2333 2213 consilium
2354 2144 2465 2215 ejus
2506 2141 2697 2213 (Ibid.,
2716 2141 2931 2212 11-20).-

1989 2232 2119 2287 CAP.
2149 2248 2223 2286 ιι.
2254 2231 2339 2286 Ex
2366 2232 2501 2301 Joel,
2531 2231 2707 2296 Osee,
2727 2234 2907 2291 Amos.
2930 2263 3006 2279 ---
3032 2230 3226 2289 Parum
3252 2244 3491 2311 uanique

1846 2374 1849 2379 .
1918 2319 2169 2390 cogitatis
2195 2320 2279 2376 vel
2305 2320 2476 2376 facitis
2499 2359 2518 2387 ,
2555 2322 2702 2391 quod
2740 2329 2963 2381 sanctus
2978 2336 3194 2391 quoque
3218 2319 3494 2379 lacinio-

1920 2425 2055 2487 nens
2084 2411 2284 2466 inertes
2322 2411 2650 2477 sacerdotes,
2678 2426 2743 2467 ac
2768 2409 2972 2467 deﬂens
2995 2410 3375 2469 detrimentum
3401 2424 3496 2481 po:

1919 2504 2171 2576 pulipro
2192 2505 2561 2575 iniquitatibus
2587 2518 2793 2565 eorum.
2843 2502 2978 2559 dixit
3009 2519 3023 2556 :
3060 2500 3495 2572 Expergiscimini

1920 2597 2006 2669 qui
2038 2597 2161 2651 estis
2188 2595 2315 2650 ebrii
2353 2613 2387 2650 a
2406 2598 2521 2651 vino
2547 2604 2733 2661 vestro,
2761 2604 2813 2650 et
2842 2595 3043 2664 plorate
3067 2603 3117 2648 et
3141 2592 3495 2653 lamentantini

1920 2704 2097 2744 omnes
2125 2689 2210 2760 qui
2237 2687 2408 2742 bibitis
2448 2689 2617 2743 vinum
2644 2687 2701 2741 in
2724 2685 3040 2749 ebrietatem,
3076 2685 3198 2755 quia
3222 2682 3399 2738 ablata
3420 2693 3496 2739 est

1922 2775 1987 2830 ab
2010 2793 2097 2843 ore
2122 2785 2285 2831 vestro
2316 2776 2622 2847 jucundilas
2661 2783 2712 2829 et
2738 2774 2982 2845 gaudium
3016 2772 3172 2842 (Joel.
3201 2787 3240 2835 ι.
3277 2771 3355 2841 5).
3388 2769 3497 2824 Lu-

1921 2878 2057 2939 gete,
2085 2867 2398 2932 sacerdotes,
2430 2868 2513 2937 qui
2542 2866 2808 2919 deservitis
2830 2864 3005 2927 altari,
3028 2863 3150 2934 quia
3174 2861 3347 2921 miseri
3368 2861 3495 2932 facti

1923 2966 2058 3012 sunt.
2081 2958 2271 3027 campi.
2315 2955 2515 3027 Lugeat
2555 2964 2723 3021 terra,
2761 2956 2887 3025 quia
2921 2953 3164 3013 miserum
3202 2953 3394 3023 factum
3418 2959 3496 3006 est

236 3047 534 3121 grcgamini
560 3062 735 3101 omnes
766 3042 937 3101 bestiis
966 3053 1137 3112 teme,
1162 3050 1434 3117 properate
1467 3042 1535 3098 ad
1565 3042 1818 3114 devorau:
1848 3058 1894 3123 ρ
1925 3050 2269 3122 frumentum,
2319 3054 2368 3099 et
2414 3046 2661 3107 siccatum
2703 3052 2779 3100 est
2829 3044 3018 3108 vinum,
3066 3042 3373 3099 diminutum
3418 3050 3495 3097 est

237 3141 388 3193 dum.
422 3137 671 3193 Pastores
699 3138 845 3192 multi
876 3137 1102 3191 demoliti
1138 3145 1257 3190 sunt
1289 3137 1488 3190 vineam
1516 3151 1700 3200 meum,
1733 3135 1822 3195 de-

238 3227 431 3281 derunt
478 3217 766 3295 portionem
810 3243 972 3281 meam
1027 3224 1414 3279 desiderabilem
1466 3225 1520 3278 in
1567 3224 1825 3278 desertum

239 3318 545 3372 solitudinis
588 3315 716 3387 (Jer.
752 3333 844 3382 xu,
880 3313 1069 3385 9,10).
1115 3314 1353 3383 Itemque
1381 3314 1617 3382 loquitur
1649 3331 1662 3365 :
1693 3311 1825 3366 Hazc

242 3410 373 3463 dicit
403 3407 657 3463 Dominus
686 3409 874 3480 populo
903 3409 1019 3463 huic
1042 3449 1058 3476 ,
1102 3409 1187 3479 qui
1215 3408 1398 3461 dilexit
1434 3422 1630 3461 movere
1671 3404 1825 3475 pedes

241 3515 371 3554 suos
398 3507 449 3553 et
473 3516 579 3553 non
608 3500 810 3571 quievit,
842 3510 890 3554 et
919 3499 1138 3554 Domino
1168 3515 1270 3552 non
1294 3498 1505 3569 placuit.
1556 3494 1712 3565 Nunc
1743 3510 1827 3549 re-

245 3587 553 3643 tardabitur
581 3589 907 3659 iniquitatum
929 3604 1123 3651 eorum,
1153 3597 1203 3641 et
1230 3584 1454 3640 visitabit
1480 3593 1689 3654 peccata
1708 3583 1829 3637 illo-

248 3695 366 3734 rum
404 3677 543 3747 (Jer.
574 3695 682 3745 xw,
718 3680 829 3747 10).
876 3678 1152 3748 Propheta
1180 3677 1354 3731 dicunt
1381 3677 1456 3733 eis
1484 3691 1503 3728 :
1534 3672 1658 3729 Non
1684 3674 1829 3743 vide-

249 3767 373 3822 bilis
412 3768 661 3840 gladium,
701 3777 753 3821 et
797 3769 961 3839 fames
999 3781 1101 3819 non
1132 3765 1230 3819 erit
1267 3764 1320 3819 in
1352 3763 1513 3828 vobis,
1544 3762 1633 3816 sed
1653 3776 1829 3831 pacem

250 3876 426 3914 ueram
453 3859 597 3912 dabit
631 3857 888 3913 Dominus
915 3855 1054 3912 vobis
1083 3856 1138 3909 in
1166 3854 1276 3908 loco
1309 3855 1428 3908 isto.
1462 3850 1531 3904 Et
1558 3851 1689 3905 dixit
1716 3849 1829 3903 Do-

252 3952 425 4005 minus
457 3951 528 4003 ad
567 3968 647 4005 me
670 3967 689 4005 :
714 3949 876 4003 Falso
904 3947 1167 4019 prapheta:
1187 3945 1530 4000 vaticinantur
1551 3942 1605 3996 in
1626 3941 1832 3995 nomine

251 4060 406 4110 meo;
440 4060 545 4098 non
573 4042 688 4097 misi
711 4058 820 4107 eos,
843 4050 893 4095 et
919 4056 1024 4094 non
1047 4036 1268 4110 praecepi
1293 4037 1401 4100 eis;
1426 4034 1672 4090 visionem
1695 4048 1833 4088 men-

251 4134 457 4198 dacem,
482 4142 534 4187 et
566 4132 952 4196 divinationem,
984 4137 1033 4183 et
1062 4126 1483 4197 fraudulentiam,
1511 4132 1560 4177 et
1587 4121 1836 4179 seductio«

251 4242 375 4279 nens
400 4223 575 4279 cordis
592 4223 673 4277 sui
705 4221 1013 4292 prophetant
1037 4218 1195 4273 vobis.
1228 4215 1353 4271 Ideo
1377 4214 1484 4269 haec
1517 4212 1641 4266 dicit
1664 4210 1835 4265 Domi-

252 4333 358 4371 nus
382 4333 401 4369 :
428 4313 495 4369 In
523 4314 695 4386 gladio
716 4322 766 4366 et
788 4314 923 4383 fame
949 4316 1311 4364 consumentur
1336 4307 1597 4377 propheta:
1625 4304 1724 4358 illi.
1764 4300 1836 4356 Et

1924 3140 2121 3217 oleum,
2173 3148 2421 3194 aruerunt
2465 3139 2727 3209 agricolae.
2766 3135 2960 3207 Lugete
3007 3136 3353 3205 possessiones
3400 3150 3494 3202 pro

1926 3233 2094 3286 tritico
2123 3239 2172 3284 et
2198 3230 2414 3293 hordeo,
2459 3230 2579 3299 quia
2605 3228 2757 3299 periit
2782 3225 3036 3283 vindemia
3081 3241 3146 3279 ex
3171 3240 3318 3295 agro,
3359 3224 3493 3277 vitis.

1924 3323 2155 3391 arefacta
2183 3328 2293 3385 est,
2320 3320 2450 3389 ficus
2479 3319 2746 3373 diminutas
2772 3325 2930 3369 sunt:
2955 3323 3194 3386 grauata,
3222 3321 3272 3366 et
3298 3313 3491 3383 palma,

1925 3419 1975 3464 et
1997 3408 2212 3476 malum,
2241 3416 2291 3461 et
2319 3407 2492 3462 omnia
2520 3406 2662 3476 ligna
2689 3406 2805 3476 agri
2832 3405 3066 3473 arefacta
3087 3410 3226 3467 sunt,
3250 3400 3496 3471 quoniam

1926 3498 2271 3570 confuderunt
2307 3496 2553 3568 gaudium
2598 3494 2695 3565 ﬁlii
2738 3494 3007 3553 hominum
3051 3489 3247 3562 (Ibid.,
3296 3487 3495 3558 9,12).

1927 3589 2055 3656 Quae
2083 3588 2263 3644 omnia
2297 3585 2647 3656 spiritualiter
2676 3582 3031 3652 intelligenda
3048 3588 3207 3636 erunt
3231 3579 3405 3647 vobis,
3429 3592 3499 3633 ne

1928 3688 2036 3735 tam
2067 3679 2335 3749 pestilenti
2364 3676 2505 3732 fame
2532 3675 2679 3730 verbi
2709 3674 2802 3728 Dei
2828 3674 3023 3733 animae
3046 3678 3241 3735 vestras
3279 3681 3497 3737 παμ-

1928 3778 2066 3826 rent.
2095 3768 2159 3823 Et
2184 3765 2468 3822 iterusz
2471 3767 2588 3831 lete,
2605 3765 2894 3823 sacerdotes
2921 3760 3296 3834 quideservitis
3318 3757 3501 3814 Domi-

1930 3861 2260 3927 no,dicentes
2287 3874 2305 3912 :
2329 3857 2516 3922 Parce,
2539 3855 2782 3923 Domine,
2805 3854 2994 3925 populo
3025 3860 3267 3917 tuo,etne
3288 3848 3498 3905 destas-

1928 3951 2200 4006 reditatem
2229 3960 2370 4004 tuam
2393 3950 2447 4003 in
2468 3948 2818 4019 opprobrium,
2834 3954 2883 3999 et
2904 3961 2967 3998 ne
2983 3944 3308 3998 dominentur
3326 3957 3504 3995 eorum

1930 4050 2142 4112 gentes,
2194 4041 2268 4093 uti
2309 4055 2375 4093 ne
2414 4038 2591 4091 dicant
2629 4045 2851 4108 gentes:
2893 4032 2993 4089 Ubi
3029 4041 3105 4088 est
3140 4029 3285 4086 Deus
3326 4045 3503 4085 eorum

1933 4128 2092 4200 (Joel.
2120 4144 2176 4194 ιι,
2210 4128 2340 4199 17)?
2366 4126 2475 4183 Sed
2502 4126 2619 4181 hazc
2652 4140 2752 4180 vos
2790 4137 3128 4194 nequaquam
3155 4120 3374 4187 auditis,
3410 4118 3505 4173 sed

1935 4217 2115 4273 omnia
2156 4217 2350 4285 quibus
2390 4214 2712 4286 propensius
2754 4211 2921 4266 divini
2969 4208 3163 4264 luroris
3213 4206 3506 4286 indignatio

1936 4282 2264 4371 inardescat,
2296 4282 2597 4356 admittitis.
2621 4298 2759 4367 Quid
2788 4299 2949 4354 etiam
2977 4304 3193 4353 sanctus
3218 4282 3354 4351 Osee
3376 4309 3505 4365 pro-

254 4406 437 4477 populi
481 4385 661 4475 quibus
701 4403 1128 4473 prophetauerunt
1151 4438 1168 4465 ,
1211 4398 1425 4467 projecti
1465 4403 1612 4449 erunt
1650 4394 1704 4446 in
1740 4393 1834 4446 viis
1862 4397 2096 4480 Dpheta
2145 4392 2513 4447 sacerdotibus
2547 4390 2709 4445 vestri
2744 4388 2945 4443 moduli
2992 4386 3207 4451 dixerit,
3235 4385 3510 4456 signantes

252 4494 550 4549 Jerusalem
572 4510 681 4562 pro:
703 4495 840 4565 fame
858 4502 905 4545 et
926 4490 1132 4563 gladio;
1174 4496 1223 4542 et
1256 4504 1359 4542 non
1391 4487 1488 4539 erit
1514 4485 1600 4539 aui
1621 4483 1834 4537 sepeliat

258 4582 460 4657 (Ibid.,
493 4580 690 4651 13-16).
729 4579 798 4634 Et
822 4580 1013 4634 iterum
1049 4595 1062 4631 :
1104 4576 1197 4631 Va:
1217 4571 1507 4645 pastoribus
1533 4573 1617 4644 qui
1646 4571 1840 4639 dispcru

255 4676 392 4727 dunt
415 4690 464 4727 et
485 4674 770 4727 dilacerant
798 4686 1001 4742 gregem
1022 4683 1226 4739 pascua:
1244 4681 1389 4731 mete,
1413 4665 1537 4717 dicit
1563 4662 1835 4716 Dominus.

261 4765 395 4818 Ideo
418 4764 528 4818 haec
550 4763 671 4817 dicit
709 4760 960 4815 Dominus
1000 4758 1137 4812 Deus
1180 4754 1348 4811 Israel
1378 4754 1447 4808 ad
1479 4762 1713 4820 pastores
1751 4765 1837 4821 qut

254 4862 484 4924 pascunt
536 4853 777 4924 populum
823 4866 993 4905 meum
1042 4864 1060 4904 :
1118 4846 1221 4902 Vos
1268 4844 1583 4912 dispersistis
1633 4854 1837 4911 gregem

256 4961 454 5009 meum,
478 4951 527 4997 et
561 4944 782 5015 ejecistis
807 4958 914 5005 eos,
943 4950 992 4994 et
1019 4956 1121 4993 non
1156 4938 1398 4991 visitastis
1423 4935 1560 4988 illos.
1588 4931 1722 4985 Ecce
1744 4947 1837 5001 ego

254 5033 483 5091 visitabo
504 5050 655 5104 super
676 5050 762 5088 vos
783 5032 1037 5103 malitiam
1077 5028 1363 5083 studiorum
1388 5034 1685 5084 vestrorum,
1716 5022 1841 5075 dicit

254 5126 526 5181 Dominus
553 5124 683 5196 (Jer.
708 5140 857 5188 nm,
886 5124 937 5187 1,
960 5121 1036 5192 2).
1080 5120 1342 5189 Propheta
1365 5133 1578 5187 namque
1597 5125 1646 5169 et
1667 5130 1841 5168 sacer-

254 5220 363 5273 dos
388 5219 564 5287 polluti
585 5226 734 5282 sunt;
764 5227 813 5270 et
832 5217 888 5269 in
908 5215 1060 5268 domo
1090 5228 1203 5266 mea
1226 5210 1391 5265 inveni
1422 5208 1612 5261 malum
1642 5221 1836 5270 eorum,

254 5310 398 5365 dicit
418 5306 688 5363 Dominus.
716 5304 780 5359 Et
804 5305 995 5359 idcirco
1015 5305 1095 5356 via
1116 5317 1289 5357 eorum
1315 5302 1409 5353 erit
1429 5298 1573 5368 quasi
1595 5295 1842 5351 lubricum

254 5402 318 5454 in
354 5397 605 5463 tenebris;
636 5395 963 5467 impellentur
991 5394 1149 5458 enim,
1177 5399 1227 5445 et
1255 5384 1489 5445 corrucnt
1517 5389 1568 5442 in
1593 5403 1651 5439 ea
1668 5403 1685 5450 ;
1722 5385 1847 5452 affe‘

258 5506 389 5545 rans
412 5491 543 5541 enim
571 5505 722 5558 super
741 5504 827 5545 eos
851 5486 992 5540 mala
1015 5525 1029 5551 ,
1071 5500 1263 5537 annum
1301 5480 1607 5537 visitationis
1648 5494 1843 5542 eorum,

262 5582 407 5638 dicit
435 5577 697 5634 Dominus.
741 5578 806 5632 Et
836 5579 889 5631 in
914 5577 1172 5648 prophetis
1212 5574 1470 5631 Samaria:
1509 5572 1611 5625 vidi
1642 5572 1849 5641 fatuita-

262 5684 419 5737 tem;
449 5682 496 5724 et
521 5668 893 5740 propllctabant
923 5669 973 5721 in
1003 5665 1134 5722 Baal
1152 5710 1166 5737 ,
1189 5676 1237 5722 et
1261 5662 1581 5735 decipiebant
1603 5661 1848 5732 papulum

1938 4485 2199 4541 attendite
2231 4501 2244 4536 :
2275 4482 2462 4537 Audite
2488 4482 2620 4549 haec,
2657 4479 2970 4541 sacerdotes,
3001 4486 3050 4531 et
3075 4476 3309 4532 intendat
3329 4475 3510 4531 domus

1941 4574 2116 4631 Israel
2144 4583 2193 4629 et
2219 4574 2400 4628 domus
2432 4572 2568 4642 regis
2594 4612 2611 4638 ,
2650 4569 2853 4640 infigite
2887 4567 3096 4623 auribus
3124 4568 3305 4622 vestris
3337 4582 3357 4621 :
3386 4581 3513 4637 quo-

1939 4668 2082 4721 niam
2125 4664 2194 4720 ad
2236 4681 2322 4720 vos
2363 4672 2439 4718 est
2471 4662 2756 4735 judicium,
2809 4662 2930 4733 quia
2967 4660 3181 4731 laqueus
3217 4657 3344 4728 facti
3388 4656 3511 4709 estis

1939 4756 2276 4827 speculationi
2303 4762 2351 4811 et
2376 4753 2509 4808 velut
2552 4753 2823 4807 reticulum
2848 4759 3114 4806 extensum
3141 4764 3293 4819 super
3329 4742 3513 4800 Itabu-

1939 4847 2074 4900 rium
2119 4845 2255 4917 quod
2299 4844 2629 4915 indagatores
2668 4842 2954 4896 venationis
2990 4840 3316 4909 confixerunt
3354 4830 3510 4900 (Ose.

1942 4952 1995 5003 v,
2030 4936 2106 5007 1).
2137 4935 2304 4990 Vobis
2333 4934 2495 4989 etiam
2524 4946 2554 4986 a
2603 4930 2830 4987 Domino
2862 4929 3113 4985 alienatio
3148 4920 3515 4993 hujuscemodi
3562 4964 3567 4973 .

1942 5026 2253 5083 intendatur
2299 5040 2398 5096 per
2443 5022 2763 5095 prophetam
2799 5019 2963 5075 Amos
3002 5018 3271 5074 dicentem
3316 5031 3330 5068 :
3378 5008 3516 5067 Odia

1944 5118 2101 5171 habui
2132 5126 2181 5171 et
2231 5115 2395 5186 repuli
2434 5114 2543 5168 dies
2581 5114 2740 5186 festos
2786 5118 2997 5170 vestros,
3037 5116 3086 5162 et
3113 5120 3217 5160 non
3261 5102 3517 5174 accipiant

1944 5208 2154 5264 odorem
2183 5208 2233 5261 iu
2259 5204 2567 5261 solemnibus
2610 5198 3023 5258 conventionibus
3060 5195 3239 5250 vestris
3268 5209 3287 5248 .'
3320 5191 3441 5264 quia
3467 5198 3518 5248 et

1947 5300 1992 5355 si
2021 5298 2309 5353 obtuleritis
2350 5294 2791 5350 holocaustomata
2836 5299 2887 5345 et
2914 5287 3108 5342 hostias
3145 5293 3373 5352 vestras,
3411 5295 3519 5336 non

1950 5387 2200 5457 accipiam
2237 5402 2298 5440 ea
2338 5401 2355 5439 :
2405 5384 2473 5455 (et
2522 5383 2747 5437 salutare
2787 5374 3154 5434 declarationis
3194 5381 3378 5428 vestra:
3413 5385 3520 5426 non

1951 5474 2245 5547 aspiciam.)
2278 5472 2530 5541 Transfer
2559 5489 2590 5525 a
2630 5486 2708 5524 me
2735 5483 2919 5522 sonum
2946 5465 3244 5521 cantionum
3283 5471 3519 5524 tuarum,

1952 5575 2000 5618 et
2029 5563 2285 5635 psalmum
2308 5576 2619 5633 organorum
2650 5568 2849 5613 tuorum
2877 5572 2980 5611 non
3017 5554 3229 5609 audiam
3258 5551 3438 5625 (Amos
3466 5565 3526 5616 v,

1953 5653 2013 5709 2t
2027 5695 2042 5725 ,
2069 5654 2183 5726 23).
2207 5646 2386 5709 Famis
2406 5654 2547 5710 enim
2562 5648 2855 5718 evangelici
2874 5647 2978 5706 cibi
2999 5644 3175 5703 culina
3198 5643 3312 5717 ipsa
3334 5648 3528 5699 vcem
