  <div class='ocr_page' id='page_1' title='image "/cluster/home/n/w/nwhite01/storage/ocr_20150623/69/hvd.32044054758727/217.png"; bbox 0 0 3954 6178; ppageno 0'>
   <div class='ocr_carea' id='block_1_1' title="bbox 381 343 2709 420">
    <p class='ocr_par' dir='ltr' id='par_1_1' title="bbox 381 343 2709 420">
     <span class='ocr_line' id='line_1_1' title="bbox 381 343 2709 420; baseline -0.002 0"><span class='ocrx_word' id='word_1_1' title='bbox 381 363 448 420; x_wconf 80' lang='lat'><strong>79</strong></span> <span class='ocrx_word' id='word_1_2' title='bbox 551 343 555 347; x_wconf 77' lang='grc'><em>’</em></span> <span class='ocrx_word' id='word_1_3' title='bbox 927 381 943 396; x_wconf 80' lang='grc' dir='ltr'><strong><em>ο</em></strong></span> <span class='ocrx_word' id='word_1_4' title='bbox 1229 359 1461 416; x_wconf 61' lang='lat' dir='ltr'><strong>arma:</strong></span> <span class='ocrx_word' id='word_1_5' title='bbox 1501 360 1846 418; x_wconf 79' lang='lat' dir='ltr'><strong>SAPlEN&#39;ﬂS</strong></span> <span class='ocrx_word' id='word_1_6' title='bbox 1886 362 1973 417; x_wconf 78' lang='lat' dir='ltr'><strong>on</strong></span> <span class='ocrx_word' id='word_1_7' title='bbox 2011 361 2282 418; x_wconf 78' lang='lat' dir='ltr'><strong>EXCIDIO</strong></span> <span class='ocrx_word' id='word_1_8' title='bbox 2318 359 2709 416; x_wconf 65' lang='lat' dir='ltr'><strong>BRlTANNI£</strong></span> 
     </span>
    </p>
   </div>
   <div class='ocr_carea' id='block_1_2' title="bbox 3484 359 3586 415">
    <p class='ocr_par' dir='ltr' id='par_1_2' title="bbox 3484 359 3586 415">
     <span class='ocr_line' id='line_1_2' title="bbox 3484 359 3586 415; baseline 0.01 -1"><span class='ocrx_word' id='word_1_9' title='bbox 3484 359 3586 415; x_wconf 76' lang='lat'><strong>580</strong></span> 
     </span>
    </p>
   </div>
   <div class='ocr_carea' id='block_1_3' title="bbox 344 469 3592 546">
    <p class='ocr_par' dir='ltr' id='par_1_3' title="bbox 344 469 3592 546">
     <span class='ocr_line' id='line_1_3' title="bbox 344 469 3592 546; baseline -0.003 -13"><span class='ocrx_word' id='word_1_10' title='bbox 344 477 536 533; x_wconf 71' lang='lat' dir='ltr'><strong>anima:</strong></span> <span class='ocrx_word' id='word_1_11' title='bbox 559 473 764 531; x_wconf 76' lang='lat' dir='ltr'><strong>viscera</strong></span> <span class='ocrx_word' id='word_1_12' title='bbox 794 472 1154 529; x_wconf 80' lang='lat' dir='ltr'><strong>excomedens</strong></span> <span class='ocrx_word' id='word_1_13' title='bbox 1181 483 1456 542; x_wconf 79' lang='lat' dir='ltr'><strong>grassatur</strong></span> <span class='ocrx_word' id='word_1_14' title='bbox 1483 475 1534 529; x_wconf 89' lang='lat' dir='ltr'><strong>in</strong></span> <span class='ocrx_word' id='word_1_15' title='bbox 1570 476 1745 542; x_wconf 84' lang='lat' dir='ltr'><strong>vobis,</strong></span> <span class='ocrx_word' id='word_1_16' title='bbox 1779 477 1917 530; x_wconf 90' lang='lat' dir='ltr'><strong>sicut</strong></span> <span class='ocrx_word' id='word_1_17' title='bbox 1944 485 1992 536; x_wconf 78' lang='grc' dir='ltr'>Α</span> <span class='ocrx_word' id='word_1_18' title='bbox 2023 476 2102 529; x_wconf 83' lang='lat' dir='ltr'><strong>leo</strong></span> <span class='ocrx_word' id='word_1_19' title='bbox 2129 477 2390 546; x_wconf 78' lang='lat' dir='ltr'><strong>rugientes</strong></span> <span class='ocrx_word' id='word_1_20' title='bbox 2422 490 2439 528; x_wconf 93' lang='lat'><strong><em>:</em></strong></span> <span class='ocrx_word' id='word_1_21' title='bbox 2461 475 2666 544; x_wconf 87' lang='lat' dir='ltr'><strong>judices</strong></span> <span class='ocrx_word' id='word_1_22' title='bbox 2687 475 2816 528; x_wconf 90' lang='lat' dir='ltr'><strong>sicut</strong></span> <span class='ocrx_word' id='word_1_23' title='bbox 2846 472 2951 543; x_wconf 86' lang='lat' dir='ltr'><strong>lupi</strong></span> <span class='ocrx_word' id='word_1_24' title='bbox 2979 469 3184 526; x_wconf 71' lang='lat' dir='ltr'><strong>Arabico</strong></span> <span class='ocrx_word' id='word_1_25' title='bbox 3207 487 3306 526; x_wconf 87' lang='lat' dir='ltr'><strong>non</strong></span> <span class='ocrx_word' id='word_1_26' title='bbox 3338 471 3592 541; x_wconf 84' lang='lat' dir='ltr'><strong>relinque-</strong></span> 
     </span>
    </p>
   </div>
   <div class='ocr_carea' id='block_1_4' title="bbox 339 563 1916 636">
    <p class='ocr_par' dir='ltr' id='par_1_4' title="bbox 339 563 1916 636">
     <span class='ocr_line' id='line_1_4' title="bbox 339 563 1916 636; baseline -0.002 -14"><span class='ocrx_word' id='word_1_27' title='bbox 339 581 500 636; x_wconf 84' lang='lat' dir='ltr'><strong>supra</strong></span> <span class='ocrx_word' id='word_1_28' title='bbox 525 564 697 620; x_wconf 91' lang='lat' dir='ltr'><strong>dictus</strong></span> <span class='ocrx_word' id='word_1_29' title='bbox 727 564 986 633; x_wconf 84' lang='lat' dir='ltr'><strong>pmpheta</strong></span> <span class='ocrx_word' id='word_1_30' title='bbox 1016 563 1262 632; x_wconf 73' lang='lat' dir='ltr'><strong>prmdixit</strong></span> <span class='ocrx_word' id='word_1_31' title='bbox 1293 582 1304 615; x_wconf 91' lang='lat'>:</span> <span class='ocrx_word' id='word_1_32' title='bbox 1339 563 1493 630; x_wconf 86' lang='lat' dir='ltr'><strong>Ecce,</strong></span> <span class='ocrx_word' id='word_1_33' title='bbox 1517 565 1781 635; x_wconf 87' lang='lat' dir='ltr'><strong>inquiens,</strong></span> <span class='ocrx_word' id='word_1_34' title='bbox 1808 566 1916 619; x_wconf 90' lang='lat' dir='ltr'><strong>dies</strong></span> 
     </span>
    </p>
   </div>
   <div class='ocr_carea' id='block_1_5' title="bbox 341 651 1915 725">
    <p class='ocr_par' dir='ltr' id='par_1_5' title="bbox 341 651 1915 725">
     <span class='ocr_line' id='line_1_5' title="bbox 341 651 1915 725; baseline 0 -16"><span class='ocrx_word' id='word_1_35' title='bbox 341 656 566 717; x_wconf 86' lang='lat' dir='ltr'><strong>veniunt,</strong></span> <span class='ocrx_word' id='word_1_36' title='bbox 599 654 723 707; x_wconf 87' lang='lat' dir='ltr'><strong>dicit</strong></span> <span class='ocrx_word' id='word_1_37' title='bbox 759 651 1012 707; x_wconf 79' lang='lat' dir='ltr'><strong>Dominus</strong></span> <span class='ocrx_word' id='word_1_38' title='bbox 1043 669 1060 705; x_wconf 92' lang='lat'><strong><em>:</em></strong></span> <span class='ocrx_word' id='word_1_39' title='bbox 1096 662 1146 705; x_wconf 90' lang='lat' dir='ltr'><strong>et</strong></span> <span class='ocrx_word' id='word_1_40' title='bbox 1176 655 1408 706; x_wconf 77' lang='lat' dir='ltr'><strong>emittam</strong></span> <span class='ocrx_word' id='word_1_41' title='bbox 1443 657 1635 725; x_wconf 85' lang='lat' dir='ltr'><strong>famem</strong></span> <span class='ocrx_word' id='word_1_42' title='bbox 1663 657 1718 710; x_wconf 90' lang='lat' dir='ltr'><strong>in</strong></span> <span class='ocrx_word' id='word_1_43' title='bbox 1753 665 1915 724; x_wconf 90' lang='lat' dir='ltr'><strong>terra,</strong></span> 
     </span>
    </p>
   </div>
   <div class='ocr_carea' id='block_1_6' title="bbox 340 744 1915 816">
    <p class='ocr_par' dir='ltr' id='par_1_6' title="bbox 340 744 1915 816">
     <span class='ocr_line' id='line_1_6' title="bbox 340 744 1915 816; baseline 0.001 -16"><span class='ocrx_word' id='word_1_44' title='bbox 340 761 445 800; x_wconf 89' lang='lat' dir='ltr'><strong>non</strong></span> <span class='ocrx_word' id='word_1_45' title='bbox 467 749 656 816; x_wconf 89' lang='lat' dir='ltr'><strong>fantem</strong></span> <span class='ocrx_word' id='word_1_46' title='bbox 683 745 834 814; x_wconf 91' lang='lat' dir='ltr'><strong>panis</strong></span> <span class='ocrx_word' id='word_1_47' title='bbox 861 759 1022 814; x_wconf 90' lang='lat' dir='ltr'><strong>neque</strong></span> <span class='ocrx_word' id='word_1_48' title='bbox 1046 744 1186 796; x_wconf 90' lang='lat' dir='ltr'><strong>sitim</strong></span> <span class='ocrx_word' id='word_1_49' title='bbox 1215 760 1379 815; x_wconf 66' lang='lat' dir='ltr'><strong>aquas.</strong></span> <span class='ocrx_word' id='word_1_50' title='bbox 1404 746 1497 798; x_wconf 89' lang='lat' dir='ltr'><strong>sed</strong></span> <span class='ocrx_word' id='word_1_51' title='bbox 1518 748 1707 816; x_wconf 88' lang='lat' dir='ltr'><strong>famem</strong></span> <span class='ocrx_word' id='word_1_52' title='bbox 1738 749 1793 801; x_wconf 90' lang='lat' dir='ltr'><strong>in</strong></span> <span class='ocrx_word' id='word_1_53' title='bbox 1818 763 1915 800; x_wconf 87' lang='lat' dir='ltr'><strong>au-</strong></span> 
     </span>
    </p>
   </div>
   <div class='ocr_carea' id='block_1_7' title="bbox 341 832 1917 907">
    <p class='ocr_par' dir='ltr' id='par_1_7' title="bbox 341 832 1917 907">
     <span class='ocr_line' id='line_1_7' title="bbox 341 832 1917 907; baseline 0.001 -18"><span class='ocrx_word' id='word_1_54' title='bbox 341 837 527 890; x_wconf 87' lang='lat' dir='ltr'><strong>diendo</strong></span> <span class='ocrx_word' id='word_1_55' title='bbox 551 835 754 889; x_wconf 79' lang='lat' dir='ltr'><strong>verbum</strong></span> <span class='ocrx_word' id='word_1_56' title='bbox 776 833 892 887; x_wconf 85' lang='lat' dir='ltr'><strong>Dei.</strong></span> <span class='ocrx_word' id='word_1_57' title='bbox 929 833 1001 887; x_wconf 87' lang='lat' dir='ltr'><strong>Et</strong></span> <span class='ocrx_word' id='word_1_58' title='bbox 1021 832 1353 887; x_wconf 88' lang='lat' dir='ltr'><strong>movebuntur</strong></span> <span class='ocrx_word' id='word_1_59' title='bbox 1374 851 1520 905; x_wconf 76' lang='lat' dir='ltr'><strong>aqute</strong></span> <span class='ocrx_word' id='word_1_60' title='bbox 1542 853 1574 888; x_wconf 91' lang='lat' dir='ltr'><strong>a</strong></span> <span class='ocrx_word' id='word_1_61' title='bbox 1596 835 1737 890; x_wconf 81' lang='lat' dir='ltr'><strong>Mari</strong></span> <span class='ocrx_word' id='word_1_62' title='bbox 1761 853 1917 907; x_wconf 88' lang='lat' dir='ltr'><strong>usque</strong></span> 
     </span>
    </p>
   </div>
   <div class='ocr_carea' id='block_1_8' title="bbox 347 921 1919 994">
    <p class='ocr_par' dir='ltr' id='par_1_8' title="bbox 347 921 1919 994">
     <span class='ocr_line' id='line_1_8' title="bbox 347 921 1919 994; baseline 0 -16"><span class='ocrx_word' id='word_1_63' title='bbox 347 927 416 980; x_wconf 87' lang='lat' dir='ltr'><strong>ad</strong></span> <span class='ocrx_word' id='word_1_64' title='bbox 445 943 606 990; x_wconf 84' lang='lat' dir='ltr'><strong>mare,</strong></span> <span class='ocrx_word' id='word_1_65' title='bbox 645 933 694 978; x_wconf 89' lang='lat' dir='ltr'><strong>et</strong></span> <span class='ocrx_word' id='word_1_66' title='bbox 725 924 787 978; x_wconf 91' lang='lat' dir='ltr'><strong>ab</strong></span> <span class='ocrx_word' id='word_1_67' title='bbox 819 924 1071 994; x_wconf 80' lang='lat' dir='ltr'><strong>Aquilone</strong></span> <span class='ocrx_word' id='word_1_68' title='bbox 1113 940 1273 994; x_wconf 88' lang='lat' dir='ltr'><strong>usque</strong></span> <span class='ocrx_word' id='word_1_69' title='bbox 1299 923 1370 976; x_wconf 90' lang='lat' dir='ltr'><strong>ad</strong></span> <span class='ocrx_word' id='word_1_70' title='bbox 1418 921 1676 977; x_wconf 72' lang='lat' dir='ltr'><strong>Orientem</strong></span> <span class='ocrx_word' id='word_1_71' title='bbox 1705 942 1919 994; x_wconf 83' lang='lat' dir='ltr'><strong>percur-</strong></span> 
     </span>
    </p>
   </div>
   <div class='ocr_carea' id='block_1_9' title="bbox 346 1012 1918 1086">
    <p class='ocr_par' dir='ltr' id='par_1_9' title="bbox 346 1012 1918 1086">
     <span class='ocr_line' id='line_1_9' title="bbox 346 1012 1918 1086; baseline 0.001 -19"><span class='ocrx_word' id='word_1_72' title='bbox 346 1026 489 1078; x_wconf 87' lang='lat' dir='ltr'><strong>rent,</strong></span> <span class='ocrx_word' id='word_1_73' title='bbox 540 1025 824 1086; x_wconf 63' lang='lat' dir='ltr'><strong>quaerentes</strong></span> <span class='ocrx_word' id='word_1_74' title='bbox 870 1013 1075 1068; x_wconf 90' lang='lat' dir='ltr'><strong>verbum</strong></span> <span class='ocrx_word' id='word_1_75' title='bbox 1123 1012 1366 1078; x_wconf 81' lang='lat' dir='ltr'><strong>Domini,</strong></span> <span class='ocrx_word' id='word_1_76' title='bbox 1423 1024 1472 1069; x_wconf 87' lang='lat' dir='ltr'><strong>et</strong></span> <span class='ocrx_word' id='word_1_77' title='bbox 1522 1031 1625 1069; x_wconf 88' lang='lat' dir='ltr'><strong>non</strong></span> <span class='ocrx_word' id='word_1_78' title='bbox 1660 1015 1918 1070; x_wconf 87' lang='lat' dir='ltr'><strong>invenient</strong></span> 
     </span>
    </p>
   </div>
   <div class='ocr_carea' id='block_1_10' title="bbox 366 1103 916 1172">
    <p class='ocr_par' dir='ltr' id='par_1_10' title="bbox 366 1103 916 1172">
     <span class='ocr_line' id='line_1_10' title="bbox 366 1103 916 1172; baseline -0.004 -14"><span class='ocrx_word' id='word_1_79' title='bbox 366 1108 520 1160; x_wconf 79' lang='lat' dir='ltr'><strong>Amos</strong></span> <span class='ocrx_word' id='word_1_80' title='bbox 553 1121 660 1172; x_wconf 80' lang='lat' dir='ltr'><strong>vm,</strong></span> <span class='ocrx_word' id='word_1_81' title='bbox 696 1104 783 1168; x_wconf 82' lang='grc' dir='ltr'><strong>Η,</strong></span> <span class='ocrx_word' id='word_1_82' title='bbox 807 1103 916 1172; x_wconf 70' lang='grc'><strong>12).</strong></span> 
     </span>
    </p>
   </div>
   <div class='ocr_carea' id='block_1_11' title="bbox 413 1189 1919 1263">
    <p class='ocr_par' dir='ltr' id='par_1_11' title="bbox 413 1189 1919 1263">
     <span class='ocr_line' id='line_1_11' title="bbox 413 1189 1919 1263; baseline 0 -15"><span class='ocrx_word' id='word_1_83' title='bbox 413 1195 538 1248; x_wconf 68' lang='grc' dir='ltr'><strong>ὼν.</strong></span> <span class='ocrx_word' id='word_1_84' title='bbox 569 1211 661 1248; x_wconf 80' lang='grc' dir='ltr'><strong>ιιι.</strong></span> <span class='ocrx_word' id='word_1_85' title='bbox 695 1192 778 1247; x_wconf 84' lang='lat' dir='ltr'><strong>Ex</strong></span> <span class='ocrx_word' id='word_1_86' title='bbox 809 1190 1052 1245; x_wconf 75' lang='lat' dir='ltr'><strong>Michaza.</strong></span> <span class='ocrx_word' id='word_1_87' title='bbox 1073 1189 1388 1246; x_wconf 84' lang='lat' dir='ltr'><strong>—Auribus</strong></span> <span class='ocrx_word' id='word_1_88' title='bbox 1413 1205 1628 1261; x_wconf 85' lang='lat' dir='ltr'><strong>quoque</strong></span> <span class='ocrx_word' id='word_1_89' title='bbox 1656 1191 1919 1263; x_wconf 83' lang='lat' dir='ltr'><strong>percipite</strong></span> 
     </span>
    </p>
   </div>
   <div class='ocr_carea' id='block_1_12' title="bbox 341 1283 1919 1354">
    <p class='ocr_par' dir='ltr' id='par_1_12' title="bbox 341 1283 1919 1354">
     <span class='ocr_line' id='line_1_12' title="bbox 341 1283 1919 1354; baseline -0.001 -14"><span class='ocrx_word' id='word_1_90' title='bbox 341 1295 584 1340; x_wconf 81' lang='lat' dir='ltr'><strong>sanctum</strong></span> <span class='ocrx_word' id='word_1_91' title='bbox 616 1285 912 1350; x_wconf 73' lang='lat' dir='ltr'><strong>Michteam,</strong></span> <span class='ocrx_word' id='word_1_92' title='bbox 955 1298 1019 1338; x_wconf 85' lang='lat' dir='ltr'><strong>ac</strong></span> <span class='ocrx_word' id='word_1_93' title='bbox 1046 1283 1091 1337; x_wconf 89' lang='lat' dir='ltr'><strong>si</strong></span> <span class='ocrx_word' id='word_1_94' title='bbox 1121 1283 1396 1338; x_wconf 61' lang='lat' dir='ltr'><strong>caelestem</strong></span> <span class='ocrx_word' id='word_1_95' title='bbox 1422 1283 1706 1354; x_wconf 85' lang='lat' dir='ltr'><strong>quamdam</strong></span> <span class='ocrx_word' id='word_1_96' title='bbox 1736 1284 1919 1338; x_wconf 87' lang='lat' dir='ltr'><strong>tubam</strong></span> 
     </span>
    </p>
   </div>
   <div class='ocr_carea' id='block_1_13' title="bbox 343 1372 1920 1442">
    <p class='ocr_par' dir='ltr' id='par_1_13' title="bbox 343 1372 1920 1442">
     <span class='ocr_line' id='line_1_13' title="bbox 343 1372 1920 1442; baseline 0.001 -14"><span class='ocrx_word' id='word_1_97' title='bbox 343 1375 598 1428; x_wconf 84' lang='lat' dir='ltr'><strong>adversus</strong></span> <span class='ocrx_word' id='word_1_98' title='bbox 625 1373 880 1429; x_wconf 86' lang='lat' dir='ltr'><strong>subdolos</strong></span> <span class='ocrx_word' id='word_1_99' title='bbox 909 1372 1091 1442; x_wconf 90' lang='lat' dir='ltr'><strong>populi</strong></span> <span class='ocrx_word' id='word_1_100' title='bbox 1129 1372 1398 1441; x_wconf 88' lang='lat' dir='ltr'><strong>principes</strong></span> <span class='ocrx_word' id='word_1_101' title='bbox 1439 1373 1702 1428; x_wconf 88' lang='lat' dir='ltr'><strong>concisius</strong></span> <span class='ocrx_word' id='word_1_102' title='bbox 1731 1389 1920 1442; x_wconf 89' lang='lat' dir='ltr'><strong>perso-</strong></span> 
     </span>
    </p>
   </div>
   <div class='ocr_carea' id='block_1_14' title="bbox 343 1463 1920 1542">
    <p class='ocr_par' dir='ltr' id='par_1_14' title="bbox 343 1463 1920 1542">
     <span class='ocr_line' id='line_1_14' title="bbox 343 1463 1920 1542; baseline -0.001 -23"><span class='ocrx_word' id='word_1_103' title='bbox 343 1475 582 1520; x_wconf 86' lang='lat' dir='ltr'><strong>nantem.</strong></span> <span class='ocrx_word' id='word_1_104' title='bbox 613 1465 800 1518; x_wconf 81' lang='lat' dir='ltr'><strong>Audite</strong></span> <span class='ocrx_word' id='word_1_105' title='bbox 826 1480 982 1528; x_wconf 88' lang='lat' dir='ltr'><strong>nunc,</strong></span> <span class='ocrx_word' id='word_1_106' title='bbox 1019 1463 1284 1532; x_wconf 83' lang='lat' dir='ltr'><strong>inquiens,</strong></span> <span class='ocrx_word' id='word_1_107' title='bbox 1321 1465 1580 1534; x_wconf 78' lang='lat' dir='ltr'><strong>principes</strong></span> <span class='ocrx_word' id='word_1_108' title='bbox 1613 1464 1792 1542; x_wconf 75' lang='lat' dir='ltr'><strong>domus</strong></span> <span class='ocrx_word' id='word_1_109' title='bbox 1819 1463 1920 1517; x_wconf 82' lang='lat' dir='ltr'><strong>Ja-</strong></span> 
     </span>
    </p>
   </div>
   <div class='ocr_carea' id='block_1_15' title="bbox 344 1554 1938 1626">
    <p class='ocr_par' dir='ltr' id='par_1_15' title="bbox 344 1554 1938 1626">
     <span class='ocr_line' id='line_1_15' title="bbox 344 1554 1938 1626; baseline -0.003 -14"><span class='ocrx_word' id='word_1_110' title='bbox 344 1558 458 1612; x_wconf 91' lang='lat' dir='ltr'><strong>cob.</strong></span> <span class='ocrx_word' id='word_1_111' title='bbox 507 1556 698 1612; x_wconf 83' lang='lat' dir='ltr'><strong>Nonne</strong></span> <span class='ocrx_word' id='word_1_112' title='bbox 746 1555 885 1610; x_wconf 89' lang='lat' dir='ltr'><strong>vobis</strong></span> <span class='ocrx_word' id='word_1_113' title='bbox 914 1564 1009 1618; x_wconf 87' lang='lat' dir='ltr'><strong>est,</strong></span> <span class='ocrx_word' id='word_1_114' title='bbox 1041 1564 1098 1608; x_wconf 90' lang='lat' dir='ltr'><strong>ut</strong></span> <span class='ocrx_word' id='word_1_115' title='bbox 1119 1556 1440 1626; x_wconf 86' lang='lat' dir='ltr'><strong>cognoscatis</strong></span> <span class='ocrx_word' id='word_1_116' title='bbox 1457 1555 1713 1626; x_wconf 85' lang='lat' dir='ltr'><strong>judicium</strong></span> <span class='ocrx_word' id='word_1_117' title='bbox 1741 1554 1938 1610; x_wconf 80' lang='lat' dir='ltr'><strong>odien—-</strong></span> 
     </span>
    </p>
   </div>
   <div class='ocr_carea' id='block_1_16' title="bbox 346 1645 1922 1718">
    <p class='ocr_par' dir='ltr' id='par_1_16' title="bbox 346 1645 1922 1718">
     <span class='ocr_line' id='line_1_16' title="bbox 346 1645 1922 1718; baseline -0.001 -16"><span class='ocrx_word' id='word_1_118' title='bbox 346 1650 478 1703; x_wconf 80' lang='lat' dir='ltr'><strong>tibus</strong></span> <span class='ocrx_word' id='word_1_119' title='bbox 505 1651 660 1713; x_wconf 92' lang='lat' dir='ltr'><strong>bona,</strong></span> <span class='ocrx_word' id='word_1_120' title='bbox 689 1657 738 1702; x_wconf 92' lang='lat' dir='ltr'><strong>et</strong></span> <span class='ocrx_word' id='word_1_121' title='bbox 765 1645 1108 1717; x_wconf 70' lang='lat' dir='ltr'><strong>querentibus</strong></span> <span class='ocrx_word' id='word_1_122' title='bbox 1137 1647 1387 1718; x_wconf 88' lang='lat' dir='ltr'><strong>maligna,</strong></span> <span class='ocrx_word' id='word_1_123' title='bbox 1419 1647 1736 1716; x_wconf 84' lang='lat' dir='ltr'><strong>rapientibus</strong></span> <span class='ocrx_word' id='word_1_124' title='bbox 1761 1646 1922 1715; x_wconf 80' lang='lat' dir='ltr'><strong>pelles</strong></span> 
     </span>
    </p>
   </div>
   <div class='ocr_carea' id='block_1_17' title="bbox 342 1735 1923 1806">
    <p class='ocr_par' dir='ltr' id='par_1_17' title="bbox 342 1735 1923 1806">
     <span class='ocr_line' id='line_1_17' title="bbox 342 1735 1923 1806; baseline -0.001 -14"><span class='ocrx_word' id='word_1_125' title='bbox 342 1755 519 1792; x_wconf 89' lang='lat' dir='ltr'><strong>eorum</strong></span> <span class='ocrx_word' id='word_1_126' title='bbox 538 1738 602 1792; x_wconf 90' lang='lat' dir='ltr'><strong>ab</strong></span> <span class='ocrx_word' id='word_1_127' title='bbox 623 1739 718 1806; x_wconf 88' lang='lat' dir='ltr'><strong>eis,</strong></span> <span class='ocrx_word' id='word_1_128' title='bbox 732 1746 784 1792; x_wconf 93' lang='lat' dir='ltr'><strong>et</strong></span> <span class='ocrx_word' id='word_1_129' title='bbox 808 1753 986 1791; x_wconf 87' lang='lat' dir='ltr'><strong>carnes</strong></span> <span class='ocrx_word' id='word_1_130' title='bbox 1005 1753 1181 1792; x_wconf 90' lang='lat' dir='ltr'><strong>eorum</strong></span> <span class='ocrx_word' id='word_1_131' title='bbox 1193 1735 1257 1789; x_wconf 91' lang='lat' dir='ltr'><strong>ab</strong></span> <span class='ocrx_word' id='word_1_132' title='bbox 1278 1735 1477 1792; x_wconf 89' lang='lat' dir='ltr'><strong>ossibus</strong></span> <span class='ocrx_word' id='word_1_133' title='bbox 1503 1738 1718 1791; x_wconf 85' lang='lat' dir='ltr'><strong>eorum?</strong></span> <span class='ocrx_word' id='word_1_134' title='bbox 1741 1735 1923 1802; x_wconf 81' lang='lat' dir='ltr'><strong>Quem-</strong></span> 
     </span>
    </p>
   </div>
   <div class='ocr_carea' id='block_1_18' title="bbox 2020 560 3592 632">
    <p class='ocr_par' dir='ltr' id='par_1_18' title="bbox 2020 560 3592 632">
     <span class='ocr_line' id='line_1_18' title="bbox 2020 560 3592 632; baseline -0.001 -17"><span class='ocrx_word' id='word_1_135' title='bbox 2020 562 2144 616; x_wconf 90' lang='lat' dir='ltr'><strong>bant</strong></span> <span class='ocrx_word' id='word_1_136' title='bbox 2177 563 2230 617; x_wconf 88' lang='lat' dir='ltr'><strong>in</strong></span> <span class='ocrx_word' id='word_1_137' title='bbox 2259 579 2410 616; x_wconf 87' lang='lat' dir='ltr'><strong>mane</strong></span> <span class='ocrx_word' id='word_1_138' title='bbox 2443 577 2461 616; x_wconf 92' lang='lat'><strong><em>:</em></strong></span> <span class='ocrx_word' id='word_1_139' title='bbox 2499 562 2760 632; x_wconf 73' lang='lat' dir='ltr'><strong>praphetae</strong></span> <span class='ocrx_word' id='word_1_140' title='bbox 2788 562 2897 631; x_wconf 86' lang='lat' dir='ltr'><strong>ejus</strong></span> <span class='ocrx_word' id='word_1_141' title='bbox 2925 562 3162 630; x_wconf 84' lang='lat' dir='ltr'><strong>spiritum</strong></span> <span class='ocrx_word' id='word_1_142' title='bbox 3205 568 3469 630; x_wconf 87' lang='lat' dir='ltr'><strong>portantes</strong></span> <span class='ocrx_word' id='word_1_143' title='bbox 3500 560 3592 613; x_wconf 77' lang='lat' dir='ltr'><strong>viri</strong></span> 
     </span>
    </p>
   </div>
   <div class='ocr_carea' id='block_1_19' title="bbox 2018 649 3590 722">
    <p class='ocr_par' dir='ltr' id='par_1_19' title="bbox 2018 649 3590 722">
     <span class='ocr_line' id='line_1_19' title="bbox 2018 649 3590 722; baseline -0.002 -16"><span class='ocrx_word' id='word_1_144' title='bbox 2018 662 2435 722; x_wconf 87' lang='lat' dir='ltr'><strong>contemptores:</strong></span> <span class='ocrx_word' id='word_1_145' title='bbox 2465 652 2758 706; x_wconf 83' lang='lat' dir='ltr'><strong>sacerdotes</strong></span> <span class='ocrx_word' id='word_1_146' title='bbox 2791 651 2903 721; x_wconf 85' lang='lat' dir='ltr'><strong>ejus</strong></span> <span class='ocrx_word' id='word_1_147' title='bbox 2935 649 3282 722; x_wconf 74' lang='lat' dir='ltr'><strong>profanabant</strong></span> <span class='ocrx_word' id='word_1_148' title='bbox 3309 661 3511 716; x_wconf 91' lang='lat' dir='ltr'><strong>sancta,</strong></span> <span class='ocrx_word' id='word_1_149' title='bbox 3541 658 3590 704; x_wconf 89' lang='lat' dir='ltr'><strong>et</strong></span> 
     </span>
    </p>
   </div>
   <div class='ocr_carea' id='block_1_20' title="bbox 2017 739 3591 812">
    <p class='ocr_par' dir='ltr' id='par_1_20' title="bbox 2017 739 3591 812">
     <span class='ocr_line' id='line_1_20' title="bbox 2017 739 3591 812; baseline 0 -16"><span class='ocrx_word' id='word_1_150' title='bbox 2017 743 2172 812; x_wconf 89' lang='lat' dir='ltr'><strong>impie</strong></span> <span class='ocrx_word' id='word_1_151' title='bbox 2194 741 2416 812; x_wconf 87' lang='lat' dir='ltr'><strong>agebant</strong></span> <span class='ocrx_word' id='word_1_152' title='bbox 2443 743 2496 794; x_wconf 91' lang='lat' dir='ltr'><strong>in</strong></span> <span class='ocrx_word' id='word_1_153' title='bbox 2521 743 2647 812; x_wconf 89' lang='lat' dir='ltr'><strong>lege.</strong></span> <span class='ocrx_word' id='word_1_154' title='bbox 2680 739 2935 795; x_wconf 89' lang='lat' dir='ltr'><strong>Dominus</strong></span> <span class='ocrx_word' id='word_1_155' title='bbox 2961 752 3130 794; x_wconf 88' lang='lat' dir='ltr'><strong>autem</strong></span> <span class='ocrx_word' id='word_1_156' title='bbox 3142 742 3315 811; x_wconf 87' lang='lat' dir='ltr'><strong>justus</strong></span> <span class='ocrx_word' id='word_1_157' title='bbox 3342 741 3394 795; x_wconf 87' lang='lat' dir='ltr'><strong>in</strong></span> <span class='ocrx_word' id='word_1_158' title='bbox 3425 743 3591 797; x_wconf 88' lang='lat' dir='ltr'><strong>medio</strong></span> 
     </span>
    </p>
   </div>
   <div class='ocr_carea' id='block_1_21' title="bbox 2018 830 3593 902">
    <p class='ocr_par' dir='ltr' id='par_1_21' title="bbox 2018 830 3593 902">
     <span class='ocr_line' id='line_1_21' title="bbox 2018 830 3593 902; baseline -0.001 -16"><span class='ocrx_word' id='word_1_159' title='bbox 2018 833 2150 902; x_wconf 87' lang='lat' dir='ltr'><strong>ejus,</strong></span> <span class='ocrx_word' id='word_1_160' title='bbox 2179 840 2226 884; x_wconf 90' lang='lat' dir='ltr'><strong>et</strong></span> <span class='ocrx_word' id='word_1_161' title='bbox 2266 847 2370 884; x_wconf 91' lang='lat' dir='ltr'><strong>non</strong></span> <span class='ocrx_word' id='word_1_162' title='bbox 2398 832 2553 901; x_wconf 89' lang='lat' dir='ltr'><strong>faciet</strong></span> <span class='ocrx_word' id='word_1_163' title='bbox 2579 831 2828 902; x_wconf 84' lang='lat' dir='ltr'><strong>injustam</strong></span> <span class='ocrx_word' id='word_1_164' title='bbox 2858 847 2877 884; x_wconf 91' lang='lat'><strong><em>:</em></strong></span> <span class='ocrx_word' id='word_1_165' title='bbox 2903 846 3076 896; x_wconf 90' lang='lat' dir='ltr'><strong>mane,</strong></span> <span class='ocrx_word' id='word_1_166' title='bbox 3105 847 3256 884; x_wconf 88' lang='lat' dir='ltr'><strong>mane</strong></span> <span class='ocrx_word' id='word_1_167' title='bbox 3279 830 3421 884; x_wconf 85' lang='lat' dir='ltr'><strong>dabit</strong></span> <span class='ocrx_word' id='word_1_168' title='bbox 3435 831 3593 902; x_wconf 88' lang='lat' dir='ltr'><strong>justi-</strong></span> 
     </span>
    </p>
   </div>
   <div class='ocr_carea' id='block_1_22' title="bbox 2021 918 3590 991">
    <p class='ocr_par' dir='ltr' id='par_1_22' title="bbox 2021 918 3590 991">
     <span class='ocr_line' id='line_1_22' title="bbox 2021 918 3590 991; baseline 0.002 -18"><span class='ocrx_word' id='word_1_169' title='bbox 2021 921 2146 973; x_wconf 89' lang='lat' dir='ltr'><strong>tiam</strong></span> <span class='ocrx_word' id='word_1_170' title='bbox 2167 936 2314 974; x_wconf 90' lang='lat' dir='ltr'><strong>suam</strong></span> <span class='ocrx_word' id='word_1_171' title='bbox 2338 918 2596 990; x_wconf 86' lang='lat' dir='ltr'><strong>(Sophon.</strong></span> <span class='ocrx_word' id='word_1_172' title='bbox 2619 935 2694 985; x_wconf 87' lang='lat' dir='ltr'><strong>tu,</strong></span> <span class='ocrx_word' id='word_1_173' title='bbox 2727 920 2802 991; x_wconf 85' lang='lat'><strong>5).</strong></span> <span class='ocrx_word' id='word_1_174' title='bbox 2830 920 2935 975; x_wconf 87' lang='lat' dir='ltr'><strong>Sed</strong></span> <span class='ocrx_word' id='word_1_175' title='bbox 2965 929 3020 976; x_wconf 87' lang='lat' dir='ltr'><strong>et</strong></span> <span class='ocrx_word' id='word_1_176' title='bbox 3041 921 3254 975; x_wconf 89' lang='lat' dir='ltr'><strong>beatum</strong></span> <span class='ocrx_word' id='word_1_177' title='bbox 3279 921 3590 976; x_wconf 84' lang='lat' dir='ltr'><strong>Zachariam</strong></span> 
     </span>
    </p>
   </div>
   <div class='ocr_carea' id='block_1_23' title="bbox 2018 1009 3594 1066">
    <p class='ocr_par' dir='ltr' id='par_1_23' title="bbox 2018 1009 3594 1066">
     <span class='ocr_line' id='line_1_23' title="bbox 2018 1009 3594 1066; baseline 0.001 -2"><span class='ocrx_word' id='word_1_178' title='bbox 2018 1018 2327 1064; x_wconf 88' lang='lat' dir='ltr'><strong>monentem</strong></span> <span class='ocrx_word' id='word_1_179' title='bbox 2361 1025 2457 1064; x_wconf 91' lang='lat' dir='ltr'><strong>vos</strong></span> <span class='ocrx_word' id='word_1_180' title='bbox 2485 1010 2537 1063; x_wconf 91' lang='lat' dir='ltr'><strong>in</strong></span> <span class='ocrx_word' id='word_1_181' title='bbox 2567 1011 2732 1065; x_wconf 88' lang='lat' dir='ltr'><strong>verbo</strong></span> <span class='ocrx_word' id='word_1_182' title='bbox 2763 1011 2858 1066; x_wconf 90' lang='lat' dir='ltr'><strong>Dei</strong></span> <span class='ocrx_word' id='word_1_183' title='bbox 2901 1010 3081 1066; x_wconf 86' lang='lat' dir='ltr'><strong>audite</strong></span> <span class='ocrx_word' id='word_1_184' title='bbox 3108 1029 3121 1063; x_wconf 91' lang='lat'><strong>:</strong></span> <span class='ocrx_word' id='word_1_185' title='bbox 3149 1009 3277 1065; x_wconf 71' lang='lat' dir='ltr'><strong>Hac</strong></span> <span class='ocrx_word' id='word_1_186' title='bbox 3303 1013 3440 1065; x_wconf 88' lang='lat' dir='ltr'><strong>enim</strong></span> <span class='ocrx_word' id='word_1_187' title='bbox 3467 1011 3594 1066; x_wconf 73' lang='lat' dir='ltr'><strong>dicit</strong></span> 
     </span>
    </p>
   </div>
   <div class='ocr_carea' id='block_1_24' title="bbox 2018 1098 3593 1171">
    <p class='ocr_par' dir='ltr' id='par_1_24' title="bbox 2018 1098 3593 1171">
     <span class='ocr_line' id='line_1_24' title="bbox 2018 1098 3593 1171; baseline 0.001 -17"><span class='ocrx_word' id='word_1_188' title='bbox 2018 1098 2275 1154; x_wconf 84' lang='lat' dir='ltr'><strong>Dominus</strong></span> <span class='ocrx_word' id='word_1_189' title='bbox 2303 1101 2624 1169; x_wconf 89' lang='lat' dir='ltr'><strong>omnipotens</strong></span> <span class='ocrx_word' id='word_1_190' title='bbox 2659 1117 2678 1154; x_wconf 91' lang='lat'><strong><em>:</em></strong></span> <span class='ocrx_word' id='word_1_191' title='bbox 2710 1099 2976 1155; x_wconf 78' lang='lat' dir='ltr'><strong>Iudicium</strong></span> <span class='ocrx_word' id='word_1_192' title='bbox 2995 1101 3196 1171; x_wconf 88' lang='lat' dir='ltr'><strong>justum</strong></span> <span class='ocrx_word' id='word_1_193' title='bbox 3230 1101 3495 1171; x_wconf 89' lang='lat' dir='ltr'><strong>judicate,</strong></span> <span class='ocrx_word' id='word_1_194' title='bbox 3545 1109 3593 1156; x_wconf 91' lang='lat' dir='ltr'><strong>et</strong></span> 
     </span>
    </p>
   </div>
   <div class='ocr_carea' id='block_1_25' title="bbox 2019 1189 3593 1266">
    <p class='ocr_par' dir='ltr' id='par_1_25' title="bbox 2019 1189 3593 1266">
     <span class='ocr_line' id='line_1_25' title="bbox 2019 1189 3593 1266; baseline 0.004 -23"><span class='ocrx_word' id='word_1_195' title='bbox 2019 1189 2425 1243; x_wconf 87' lang='lat' dir='ltr'><strong>misericordiam</strong></span> <span class='ocrx_word' id='word_1_196' title='bbox 2454 1200 2503 1244; x_wconf 91' lang='lat' dir='ltr'><strong>et</strong></span> <span class='ocrx_word' id='word_1_197' title='bbox 2533 1192 2914 1244; x_wconf 86' lang='lat' dir='ltr'><strong>miserationem</strong></span> <span class='ocrx_word' id='word_1_198' title='bbox 2944 1194 3118 1262; x_wconf 91' lang='lat' dir='ltr'><strong>facite,</strong></span> <span class='ocrx_word' id='word_1_199' title='bbox 3152 1195 3495 1266; x_wconf 82' lang='lat' dir='ltr'><strong>unusquisque</strong></span> <span class='ocrx_word' id='word_1_200' title='bbox 3524 1196 3593 1250; x_wconf 90' lang='lat' dir='ltr'><strong>ad</strong></span> 
     </span>
    </p>
   </div>
   <div class='ocr_carea' id='block_1_26' title="bbox 2021 1281 3595 1354">
    <p class='ocr_par' dir='ltr' id='par_1_26' title="bbox 2021 1281 3595 1354">
     <span class='ocr_line' id='line_1_26' title="bbox 2021 1281 3595 1354; baseline 0.006 -21"><span class='ocrx_word' id='word_1_201' title='bbox 2021 1281 2237 1351; x_wconf 81' lang='lat' dir='ltr'><strong>fratrem</strong></span> <span class='ocrx_word' id='word_1_202' title='bbox 2269 1297 2416 1334; x_wconf 91' lang='lat' dir='ltr'><strong>suum</strong></span> <span class='ocrx_word' id='word_1_203' title='bbox 2439 1297 2457 1334; x_wconf 89' lang='lat'><strong><em>:</em></strong></span> <span class='ocrx_word' id='word_1_204' title='bbox 2489 1291 2538 1335; x_wconf 91' lang='lat' dir='ltr'><strong>et</strong></span> <span class='ocrx_word' id='word_1_205' title='bbox 2567 1282 2772 1335; x_wconf 88' lang='lat' dir='ltr'><strong>viduam</strong></span> <span class='ocrx_word' id='word_1_206' title='bbox 2796 1293 2844 1336; x_wconf 90' lang='lat' dir='ltr'><strong>et</strong></span> <span class='ocrx_word' id='word_1_207' title='bbox 2873 1285 3161 1354; x_wconf 87' lang='lat' dir='ltr'><strong>orphanum</strong></span> <span class='ocrx_word' id='word_1_208' title='bbox 3186 1295 3234 1338; x_wconf 89' lang='lat' dir='ltr'><strong>et</strong></span> <span class='ocrx_word' id='word_1_209' title='bbox 3265 1286 3513 1342; x_wconf 82' lang='lat' dir='ltr'><strong>advenam</strong></span> <span class='ocrx_word' id='word_1_210' title='bbox 3544 1298 3595 1344; x_wconf 90' lang='lat' dir='ltr'><strong>et</strong></span> 
     </span>
    </p>
   </div>
   <div class='ocr_carea' id='block_1_27' title="bbox 2021 1373 3593 1443">
    <p class='ocr_par' dir='ltr' id='par_1_27' title="bbox 2021 1373 3593 1443">
     <span class='ocr_line' id='line_1_27' title="bbox 2021 1373 3593 1443; baseline 0.006 -20"><span class='ocrx_word' id='word_1_211' title='bbox 2021 1387 2299 1442; x_wconf 88' lang='lat' dir='ltr'><strong>pauperem</strong></span> <span class='ocrx_word' id='word_1_212' title='bbox 2341 1389 2434 1442; x_wconf 90' lang='lat' dir='ltr'><strong>per</strong></span> <span class='ocrx_word' id='word_1_213' title='bbox 2468 1374 2752 1443; x_wconf 87' lang='lat' dir='ltr'><strong>potentiam</strong></span> <span class='ocrx_word' id='word_1_214' title='bbox 2791 1373 2949 1427; x_wconf 86' lang='lat' dir='ltr'><strong>nolite</strong></span> <span class='ocrx_word' id='word_1_215' title='bbox 2977 1391 3160 1428; x_wconf 88' lang='lat' dir='ltr'><strong>nocere</strong></span> <span class='ocrx_word' id='word_1_216' title='bbox 3190 1391 3208 1428; x_wconf 91' lang='lat'><strong><em>:</em></strong></span> <span class='ocrx_word' id='word_1_217' title='bbox 3251 1384 3298 1428; x_wconf 91' lang='lat' dir='ltr'><strong>et</strong></span> <span class='ocrx_word' id='word_1_218' title='bbox 3342 1378 3593 1432; x_wconf 88' lang='lat' dir='ltr'><strong>malitiam</strong></span> 
     </span>
    </p>
   </div>
   <div class='ocr_carea' id='block_1_28' title="bbox 2021 1461 3588 1534">
    <p class='ocr_par' dir='ltr' id='par_1_28' title="bbox 2021 1461 3588 1534">
     <span class='ocr_line' id='line_1_28' title="bbox 2021 1461 3588 1534; baseline 0.004 -21"><span class='ocrx_word' id='word_1_219' title='bbox 2021 1463 2368 1533; x_wconf 85' lang='lat' dir='ltr'><strong>unusquisque</strong></span> <span class='ocrx_word' id='word_1_220' title='bbox 2396 1464 2575 1534; x_wconf 87' lang='lat' dir='ltr'><strong>fratris</strong></span> <span class='ocrx_word' id='word_1_221' title='bbox 2599 1461 2679 1516; x_wconf 89' lang='lat' dir='ltr'><strong>sui</strong></span> <span class='ocrx_word' id='word_1_222' title='bbox 2708 1479 2811 1516; x_wconf 89' lang='lat' dir='ltr'><strong>non</strong></span> <span class='ocrx_word' id='word_1_223' title='bbox 2835 1463 3196 1533; x_wconf 87' lang='lat' dir='ltr'><strong>reminiscatur</strong></span> <span class='ocrx_word' id='word_1_224' title='bbox 3223 1465 3276 1518; x_wconf 90' lang='lat' dir='ltr'><strong>in</strong></span> <span class='ocrx_word' id='word_1_225' title='bbox 3297 1467 3452 1520; x_wconf 89' lang='lat' dir='ltr'><strong>corde</strong></span> <span class='ocrx_word' id='word_1_226' title='bbox 3478 1483 3588 1521; x_wconf 86' lang='lat' dir='ltr'><strong>suo.</strong></span> 
     </span>
    </p>
   </div>
   <div class='ocr_carea' id='block_1_29' title="bbox 2020 1549 3594 1625">
    <p class='ocr_par' dir='ltr' id='par_1_29' title="bbox 2020 1549 3594 1625">
     <span class='ocr_line' id='line_1_29' title="bbox 2020 1549 3594 1625; baseline 0.004 -21"><span class='ocrx_word' id='word_1_227' title='bbox 2020 1549 2092 1605; x_wconf 88' lang='lat' dir='ltr'><strong>Et</strong></span> <span class='ocrx_word' id='word_1_228' title='bbox 2126 1562 2453 1608; x_wconf 85' lang='lat' dir='ltr'><strong>contumaces</strong></span> <span class='ocrx_word' id='word_1_229' title='bbox 2497 1555 2704 1625; x_wconf 88' lang='lat' dir='ltr'><strong>fuerunt</strong></span> <span class='ocrx_word' id='word_1_230' title='bbox 2749 1570 2812 1607; x_wconf 91' lang='lat' dir='ltr'><strong>ne</strong></span> <span class='ocrx_word' id='word_1_231' title='bbox 2851 1553 3209 1621; x_wconf 88' lang='lat' dir='ltr'><strong>observarent,</strong></span> <span class='ocrx_word' id='word_1_232' title='bbox 3250 1564 3299 1610; x_wconf 91' lang='lat' dir='ltr'><strong>et</strong></span> <span class='ocrx_word' id='word_1_233' title='bbox 3347 1557 3594 1611; x_wconf 89' lang='lat' dir='ltr'><strong>dederunt</strong></span> 
     </span>
    </p>
   </div>
   <div class='ocr_carea' id='block_1_30' title="bbox 2023 1642 3596 1715">
    <p class='ocr_par' dir='ltr' id='par_1_30' title="bbox 2023 1642 3596 1715">
     <span class='ocr_line' id='line_1_30' title="bbox 2023 1642 3596 1715; baseline 0.004 -20"><span class='ocrx_word' id='word_1_234' title='bbox 2023 1642 2235 1697; x_wconf 85' lang='lat' dir='ltr'><strong>dorsum</strong></span> <span class='ocrx_word' id='word_1_235' title='bbox 2263 1643 2514 1710; x_wconf 63' lang='lat' dir='ltr'><strong>stultitiae,</strong></span> <span class='ocrx_word' id='word_1_236' title='bbox 2557 1653 2607 1696; x_wconf 90' lang='lat' dir='ltr'><strong>et</strong></span> <span class='ocrx_word' id='word_1_237' title='bbox 2632 1659 2780 1697; x_wconf 89' lang='lat' dir='ltr'><strong>aures</strong></span> <span class='ocrx_word' id='word_1_238' title='bbox 2807 1660 2928 1697; x_wconf 92' lang='lat' dir='ltr'><strong>suas</strong></span> <span class='ocrx_word' id='word_1_239' title='bbox 2968 1644 3371 1715; x_wconf 88' lang='lat' dir='ltr'><strong>degravaverunt</strong></span> <span class='ocrx_word' id='word_1_240' title='bbox 3408 1655 3464 1698; x_wconf 92' lang='lat' dir='ltr'><strong>ut</strong></span> <span class='ocrx_word' id='word_1_241' title='bbox 3492 1663 3596 1700; x_wconf 90' lang='lat' dir='ltr'><strong>non</strong></span> 
     </span>
    </p>
   </div>
   <div class='ocr_carea' id='block_1_31' title="bbox 2023 1735 3594 1800">
    <p class='ocr_par' dir='ltr' id='par_1_31' title="bbox 2023 1735 3594 1800">
     <span class='ocr_line' id='line_1_31' title="bbox 2023 1735 3594 1800; baseline 0.003 -14"><span class='ocrx_word' id='word_1_242' title='bbox 2023 1735 2263 1788; x_wconf 83' lang='lat' dir='ltr'><strong>audirent</strong></span> <span class='ocrx_word' id='word_1_243' title='bbox 2293 1750 2311 1787; x_wconf 92' lang='lat'><strong><em>:</em></strong></span> <span class='ocrx_word' id='word_1_244' title='bbox 2340 1744 2389 1789; x_wconf 92' lang='lat' dir='ltr'><strong>et</strong></span> <span class='ocrx_word' id='word_1_245' title='bbox 2409 1750 2498 1788; x_wconf 91' lang='lat' dir='ltr'><strong>cor</strong></span> <span class='ocrx_word' id='word_1_246' title='bbox 2523 1751 2670 1788; x_wconf 91' lang='lat' dir='ltr'><strong>suum</strong></span> <span class='ocrx_word' id='word_1_247' title='bbox 2690 1743 2983 1788; x_wconf 90' lang='lat' dir='ltr'><strong>statuerunt</strong></span> <span class='ocrx_word' id='word_1_248' title='bbox 2999 1736 3328 1800; x_wconf 90' lang='lat' dir='ltr'><strong>insuadibile,</strong></span> <span class='ocrx_word' id='word_1_249' title='bbox 3358 1754 3422 1790; x_wconf 92' lang='lat' dir='ltr'><strong>ne</strong></span> <span class='ocrx_word' id='word_1_250' title='bbox 3442 1739 3594 1790; x_wconf 81' lang='lat' dir='ltr'><strong>audi-</strong></span> 
     </span>
    </p>
   </div>
   <div class='ocr_carea' id='block_1_32' title="bbox 345 1822 3594 1904">
    <p class='ocr_par' dir='ltr' id='par_1_32' title="bbox 345 1822 3594 1904">
     <span class='ocr_line' id='line_1_32' title="bbox 345 1822 3594 1904; baseline 0 -23"><span class='ocrx_word' id='word_1_251' title='bbox 345 1829 624 1882; x_wconf 88' lang='lat' dir='ltr'><strong>admodum</strong></span> <span class='ocrx_word' id='word_1_252' title='bbox 663 1829 989 1882; x_wconf 86' lang='lat' dir='ltr'><strong>comederunt</strong></span> <span class='ocrx_word' id='word_1_253' title='bbox 1039 1843 1221 1881; x_wconf 83' lang='lat' dir='ltr'><strong>carnes</strong></span> <span class='ocrx_word' id='word_1_254' title='bbox 1256 1826 1415 1898; x_wconf 87' lang='lat' dir='ltr'><strong>plebis</strong></span> <span class='ocrx_word' id='word_1_255' title='bbox 1463 1843 1615 1893; x_wconf 79' lang='lat' dir='ltr'><strong>mete,</strong></span> <span class='ocrx_word' id='word_1_256' title='bbox 1668 1836 1718 1881; x_wconf 89' lang='lat' dir='ltr'><strong>et</strong></span> <span class='ocrx_word' id='word_1_257' title='bbox 1763 1828 1921 1898; x_wconf 87' lang='lat' dir='ltr'><strong>pelles</strong></span> <span class='ocrx_word' id='word_1_258' title='bbox 1953 1844 1998 1904; x_wconf 74' lang='lat' dir='ltr'><strong>B</strong></span> <span class='ocrx_word' id='word_1_259' title='bbox 2024 1831 2138 1876; x_wconf 89' lang='lat' dir='ltr'><strong>rent</strong></span> <span class='ocrx_word' id='word_1_260' title='bbox 2165 1822 2328 1894; x_wconf 89' lang='lat' dir='ltr'><strong>legem</strong></span> <span class='ocrx_word' id='word_1_261' title='bbox 2357 1839 2546 1886; x_wconf 89' lang='lat' dir='ltr'><strong>meam,</strong></span> <span class='ocrx_word' id='word_1_262' title='bbox 2582 1835 2631 1878; x_wconf 92' lang='lat' dir='ltr'><strong>et</strong></span> <span class='ocrx_word' id='word_1_263' title='bbox 2655 1827 2806 1879; x_wconf 88' lang='lat' dir='ltr'><strong>verba</strong></span> <span class='ocrx_word' id='word_1_264' title='bbox 2836 1841 2950 1896; x_wconf 76' lang='lat' dir='ltr'><strong>qua:</strong></span> <span class='ocrx_word' id='word_1_265' title='bbox 2975 1826 3114 1879; x_wconf 87' lang='lat' dir='ltr'><strong>misit</strong></span> <span class='ocrx_word' id='word_1_266' title='bbox 3143 1825 3394 1881; x_wconf 88' lang='lat' dir='ltr'><strong>Dominus</strong></span> <span class='ocrx_word' id='word_1_267' title='bbox 3423 1829 3594 1882; x_wconf 90' lang='lat' dir='ltr'><strong>omni-</strong></span> 
     </span>
    </p>
   </div>
   <div class='ocr_carea' id='block_1_33' title="bbox 345 1919 1922 1989">
    <p class='ocr_par' dir='ltr' id='par_1_33' title="bbox 345 1919 1922 1989">
     <span class='ocr_line' id='line_1_33' title="bbox 345 1919 1922 1989; baseline -0.001 -16"><span class='ocrx_word' id='word_1_268' title='bbox 345 1936 520 1973; x_wconf 85' lang='lat' dir='ltr'><strong>eornm</strong></span> <span class='ocrx_word' id='word_1_269' title='bbox 549 1919 611 1972; x_wconf 92' lang='lat' dir='ltr'><strong>ab</strong></span> <span class='ocrx_word' id='word_1_270' title='bbox 636 1921 710 1973; x_wconf 87' lang='lat' dir='ltr'><strong>eis</strong></span> <span class='ocrx_word' id='word_1_271' title='bbox 739 1920 1151 1982; x_wconf 84' lang='lat' dir='ltr'><strong>excoriaverunt,</strong></span> <span class='ocrx_word' id='word_1_272' title='bbox 1185 1933 1305 1972; x_wconf 86' lang='lat' dir='ltr'><strong>ossa</strong></span> <span class='ocrx_word' id='word_1_273' title='bbox 1333 1934 1509 1972; x_wconf 86' lang='lat' dir='ltr'><strong>eorum</strong></span> <span class='ocrx_word' id='word_1_274' title='bbox 1539 1919 1922 1989; x_wconf 88' lang='lat' dir='ltr'><strong>confregerunt,</strong></span> 
     </span>
    </p>
   </div>
   <div class='ocr_carea' id='block_1_34' title="bbox 346 2008 1928 2080">
    <p class='ocr_par' dir='ltr' id='par_1_34' title="bbox 346 2008 1928 2080">
     <span class='ocr_line' id='line_1_34' title="bbox 346 2008 1928 2080; baseline -0.001 -16"><span class='ocrx_word' id='word_1_275' title='bbox 346 2018 398 2064; x_wconf 91' lang='lat' dir='ltr'><strong>et</strong></span> <span class='ocrx_word' id='word_1_276' title='bbox 421 2012 745 2064; x_wconf 70' lang='lat' dir='ltr'><strong>laniaverant</strong></span> <span class='ocrx_word' id='word_1_277' title='bbox 785 2010 936 2080; x_wconf 86' lang='lat' dir='ltr'><strong>quasi</strong></span> <span class='ocrx_word' id='word_1_278' title='bbox 967 2025 1151 2064; x_wconf 88' lang='lat' dir='ltr'><strong>carnes</strong></span> <span class='ocrx_word' id='word_1_279' title='bbox 1180 2010 1234 2063; x_wconf 93' lang='lat' dir='ltr'><strong>in</strong></span> <span class='ocrx_word' id='word_1_280' title='bbox 1265 2010 1390 2064; x_wconf 74' lang='lat' dir='ltr'><strong>‘olla.</strong></span> <span class='ocrx_word' id='word_1_281' title='bbox 1423 2008 1829 2065; x_wconf 90' lang='lat' dir='ltr'><strong>Succlamabunt</strong></span> <span class='ocrx_word' id='word_1_282' title='bbox 1859 2009 1928 2062; x_wconf 91' lang='lat' dir='ltr'><strong>ad</strong></span> 
     </span>
    </p>
   </div>
   <div class='ocr_carea' id='block_1_35' title="bbox 345 2097 1928 2171">
    <p class='ocr_par' dir='ltr' id='par_1_35' title="bbox 345 2097 1928 2171">
     <span class='ocr_line' id='line_1_35' title="bbox 345 2097 1928 2171; baseline 0.001 -19"><span class='ocrx_word' id='word_1_283' title='bbox 345 2097 536 2166; x_wconf 87' lang='lat' dir='ltr'><strong>Deum,</strong></span> <span class='ocrx_word' id='word_1_284' title='bbox 565 2109 616 2153; x_wconf 91' lang='lat' dir='ltr'><strong>et</strong></span> <span class='ocrx_word' id='word_1_285' title='bbox 652 2116 755 2154; x_wconf 92' lang='lat' dir='ltr'><strong>non</strong></span> <span class='ocrx_word' id='word_1_286' title='bbox 794 2099 1035 2153; x_wconf 76' lang='lat' dir='ltr'><strong>exaudiet</strong></span> <span class='ocrx_word' id='word_1_287' title='bbox 1062 2115 1179 2165; x_wconf 89' lang='lat' dir='ltr'><strong>eos,</strong></span> <span class='ocrx_word' id='word_1_288' title='bbox 1219 2105 1271 2152; x_wconf 89' lang='lat' dir='ltr'><strong>et</strong></span> <span class='ocrx_word' id='word_1_289' title='bbox 1308 2107 1500 2152; x_wconf 90' lang='lat' dir='ltr'><strong>avertet</strong></span> <span class='ocrx_word' id='word_1_290' title='bbox 1547 2100 1734 2171; x_wconf 83' lang='lat' dir='ltr'><strong>faciem</strong></span> <span class='ocrx_word' id='word_1_291' title='bbox 1779 2115 1928 2153; x_wconf 87' lang='lat' dir='ltr'><strong>suam</strong></span> 
     </span>
    </p>
   </div>
   <div class='ocr_carea' id='block_1_36' title="bbox 347 2185 1927 2259">
    <p class='ocr_par' dir='ltr' id='par_1_36' title="bbox 347 2185 1927 2259">
     <span class='ocr_line' id='line_1_36' title="bbox 347 2185 1927 2259; baseline 0.001 -19"><span class='ocrx_word' id='word_1_292' title='bbox 347 2185 412 2240; x_wconf 88' lang='lat' dir='ltr'><strong>ab</strong></span> <span class='ocrx_word' id='word_1_293' title='bbox 453 2188 526 2240; x_wconf 93' lang='lat' dir='ltr'><strong>eis</strong></span> <span class='ocrx_word' id='word_1_294' title='bbox 569 2188 620 2240; x_wconf 86' lang='lat' dir='ltr'><strong>in</strong></span> <span class='ocrx_word' id='word_1_295' title='bbox 649 2187 741 2242; x_wconf 87' lang='lat' dir='ltr'><strong>illo</strong></span> <span class='ocrx_word' id='word_1_296' title='bbox 781 2196 1026 2257; x_wconf 89' lang='lat' dir='ltr'><strong>tempore,</strong></span> <span class='ocrx_word' id='word_1_297' title='bbox 1062 2195 1272 2258; x_wconf 86' lang='lat' dir='ltr'><strong>propter</strong></span> <span class='ocrx_word' id='word_1_298' title='bbox 1299 2186 1435 2258; x_wconf 90' lang='lat' dir='ltr'><strong>quod</strong></span> <span class='ocrx_word' id='word_1_299' title='bbox 1465 2188 1724 2242; x_wconf 88' lang='lat' dir='ltr'><strong>malitiose</strong></span> <span class='ocrx_word' id='word_1_300' title='bbox 1751 2204 1927 2259; x_wconf 87' lang='lat' dir='ltr'><strong>gesse-</strong></span> 
     </span>
    </p>
   </div>
   <div class='ocr_carea' id='block_1_37' title="bbox 344 2279 1928 2352">
    <p class='ocr_par' dir='ltr' id='par_1_37' title="bbox 344 2279 1928 2352">
     <span class='ocr_line' id='line_1_37' title="bbox 344 2279 1928 2352; baseline 0.001 -19"><span class='ocrx_word' id='word_1_301' title='bbox 344 2286 467 2333; x_wconf 90' lang='lat' dir='ltr'><strong>runt</strong></span> <span class='ocrx_word' id='word_1_302' title='bbox 495 2279 549 2332; x_wconf 91' lang='lat' dir='ltr'><strong>in</strong></span> <span class='ocrx_word' id='word_1_303' title='bbox 593 2280 1042 2336; x_wconf 77' lang='lat' dir='ltr'><strong>adinventionibus</strong></span> <span class='ocrx_word' id='word_1_304' title='bbox 1079 2281 1187 2335; x_wconf 89' lang='lat' dir='ltr'><strong>suis</strong></span> <span class='ocrx_word' id='word_1_305' title='bbox 1227 2296 1383 2350; x_wconf 89' lang='lat' dir='ltr'><strong>super</strong></span> <span class='ocrx_word' id='word_1_306' title='bbox 1424 2282 1585 2352; x_wconf 88' lang='lat' dir='ltr'><strong>ipsos.</strong></span> <span class='ocrx_word' id='word_1_307' title='bbox 1629 2280 1759 2336; x_wconf 66' lang='lat' dir='ltr'><strong>Haec</strong></span> <span class='ocrx_word' id='word_1_308' title='bbox 1797 2281 1928 2336; x_wconf 87' lang='lat' dir='ltr'><strong>dicit</strong></span> 
     </span>
    </p>
   </div>
   <div class='ocr_carea' id='block_1_38' title="bbox 347 2367 1925 2443">
    <p class='ocr_par' dir='ltr' id='par_1_38' title="bbox 347 2367 1925 2443">
     <span class='ocr_line' id='line_1_38' title="bbox 347 2367 1925 2443; baseline 0.003 -21"><span class='ocrx_word' id='word_1_309' title='bbox 347 2367 601 2424; x_wconf 89' lang='lat' dir='ltr'><strong>Dominus</strong></span> <span class='ocrx_word' id='word_1_310' title='bbox 621 2386 774 2440; x_wconf 85' lang='lat' dir='ltr'><strong>super</strong></span> <span class='ocrx_word' id='word_1_311' title='bbox 793 2371 1070 2442; x_wconf 84' lang='lat' dir='ltr'><strong>prophetas</strong></span> <span class='ocrx_word' id='word_1_312' title='bbox 1095 2373 1179 2443; x_wconf 91' lang='lat' dir='ltr'><strong>qui</strong></span> <span class='ocrx_word' id='word_1_313' title='bbox 1201 2372 1446 2425; x_wconf 89' lang='lat' dir='ltr'><strong>seducunt</strong></span> <span class='ocrx_word' id='word_1_314' title='bbox 1468 2371 1710 2443; x_wconf 82' lang='lat' dir='ltr'><strong>populum</strong></span> <span class='ocrx_word' id='word_1_315' title='bbox 1737 2388 1925 2438; x_wconf 87' lang='lat' dir='ltr'><strong>meum,</strong></span> 
     </span>
    </p>
   </div>
   <div class='ocr_carea' id='block_1_39' title="bbox 347 2459 1930 2536">
    <p class='ocr_par' dir='ltr' id='par_1_39' title="bbox 347 2459 1930 2536">
     <span class='ocr_line' id='line_1_39' title="bbox 347 2459 1930 2536; baseline 0.006 -25"><span class='ocrx_word' id='word_1_316' title='bbox 347 2459 436 2530; x_wconf 89' lang='lat' dir='ltr'><strong>qui</strong></span> <span class='ocrx_word' id='word_1_317' title='bbox 463 2461 700 2514; x_wconf 88' lang='lat' dir='ltr'><strong>mordent</strong></span> <span class='ocrx_word' id='word_1_318' title='bbox 735 2461 972 2516; x_wconf 88' lang='lat' dir='ltr'><strong>dentibus</strong></span> <span class='ocrx_word' id='word_1_319' title='bbox 1001 2463 1142 2528; x_wconf 89' lang='lat' dir='ltr'><strong>suis,</strong></span> <span class='ocrx_word' id='word_1_320' title='bbox 1182 2471 1232 2517; x_wconf 83' lang='lat' dir='ltr'><strong>et</strong></span> <span class='ocrx_word' id='word_1_321' title='bbox 1275 2465 1566 2534; x_wconf 67' lang='lat' dir='ltr'><strong>pradicant</strong></span> <span class='ocrx_word' id='word_1_322' title='bbox 1593 2467 1647 2520; x_wconf 93' lang='lat' dir='ltr'><strong>in</strong></span> <span class='ocrx_word' id='word_1_323' title='bbox 1687 2483 1800 2520; x_wconf 88' lang='lat' dir='ltr'><strong>eum</strong></span> <span class='ocrx_word' id='word_1_324' title='bbox 1839 2484 1930 2536; x_wconf 86' lang='lat' dir='ltr'><strong>pa-</strong></span> 
     </span>
    </p>
   </div>
   <div class='ocr_carea' id='block_1_40' title="bbox 354 2552 1928 2614">
    <p class='ocr_par' dir='ltr' id='par_1_40' title="bbox 354 2552 1928 2614">
     <span class='ocr_line' id='line_1_40' title="bbox 354 2552 1928 2614; baseline 0.005 -12"><span class='ocrx_word' id='word_1_325' title='bbox 354 2567 484 2614; x_wconf 89' lang='lat' dir='ltr'><strong>cem,</strong></span> <span class='ocrx_word' id='word_1_326' title='bbox 523 2559 572 2603; x_wconf 91' lang='lat' dir='ltr'><strong>et</strong></span> <span class='ocrx_word' id='word_1_327' title='bbox 621 2567 724 2603; x_wconf 91' lang='lat' dir='ltr'><strong>non</strong></span> <span class='ocrx_word' id='word_1_328' title='bbox 762 2561 839 2605; x_wconf 89' lang='lat' dir='ltr'><strong>est</strong></span> <span class='ocrx_word' id='word_1_329' title='bbox 881 2552 1004 2605; x_wconf 89' lang='lat' dir='ltr'><strong>data</strong></span> <span class='ocrx_word' id='word_1_330' title='bbox 1031 2554 1086 2606; x_wconf 91' lang='lat' dir='ltr'><strong>in</strong></span> <span class='ocrx_word' id='word_1_331' title='bbox 1119 2569 1175 2606; x_wconf 91' lang='lat' dir='ltr'><strong>os</strong></span> <span class='ocrx_word' id='word_1_332' title='bbox 1205 2570 1381 2608; x_wconf 90' lang='lat' dir='ltr'><strong>eorum</strong></span> <span class='ocrx_word' id='word_1_333' title='bbox 1422 2570 1440 2607; x_wconf 91' lang='lat'><strong><em>:</em></strong></span> <span class='ocrx_word' id='word_1_334' title='bbox 1471 2555 1690 2609; x_wconf 87' lang='lat' dir='ltr'><strong>excitavi</strong></span> <span class='ocrx_word' id='word_1_335' title='bbox 1729 2559 1785 2610; x_wconf 89' lang='lat' dir='ltr'><strong>in</strong></span> <span class='ocrx_word' id='word_1_336' title='bbox 1810 2573 1928 2610; x_wconf 85' lang='lat' dir='ltr'><strong>eum</strong></span> 
     </span>
    </p>
   </div>
   <div class='ocr_carea' id='block_1_41' title="bbox 349 2629 1928 2710">
    <p class='ocr_par' dir='ltr' id='par_1_41' title="bbox 349 2629 1928 2710">
     <span class='ocr_line' id='line_1_41' title="bbox 349 2629 1928 2710; baseline 0.004 -17"><span class='ocrx_word' id='word_1_337' title='bbox 349 2639 554 2694; x_wconf 88' lang='lat' dir='ltr'><strong>bellum.</strong></span> <span class='ocrx_word' id='word_1_338' title='bbox 587 2637 871 2710; x_wconf 87' lang='lat' dir='ltr'><strong>Propterea</strong></span> <span class='ocrx_word' id='word_1_339' title='bbox 896 2657 999 2695; x_wconf 81' lang='lat' dir='ltr'><strong>nox</strong></span> <span class='ocrx_word' id='word_1_340' title='bbox 1025 2645 1123 2696; x_wconf 90' lang='lat' dir='ltr'><strong>erit</strong></span> <span class='ocrx_word' id='word_1_341' title='bbox 1143 2640 1280 2696; x_wconf 87' lang='lat' dir='ltr'><strong>vobis</strong></span> <span class='ocrx_word' id='word_1_342' title='bbox 1300 2659 1364 2696; x_wconf 87' lang='lat' dir='ltr'><strong>ex</strong></span> <span class='ocrx_word' id='word_1_343' title='bbox 1393 2629 1604 2708; x_wconf 70' lang='lat' dir='ltr'><strong>visione,</strong></span> <span class='ocrx_word' id='word_1_344' title='bbox 1634 2654 1684 2697; x_wconf 88' lang='lat' dir='ltr'><strong>et</strong></span> <span class='ocrx_word' id='word_1_345' title='bbox 1709 2643 1928 2699; x_wconf 69' lang='lat' dir='ltr'><strong>tenebrat</strong></span> 
     </span>
    </p>
   </div>
   <div class='ocr_carea' id='block_1_42' title="bbox 349 2732 1925 2807">
    <p class='ocr_par' dir='ltr' id='par_1_42' title="bbox 349 2732 1925 2807">
     <span class='ocr_line' id='line_1_42' title="bbox 349 2732 1925 2807; baseline 0.004 -22"><span class='ocrx_word' id='word_1_346' title='bbox 349 2732 488 2785; x_wconf 92' lang='lat' dir='ltr'><strong>vobis</strong></span> <span class='ocrx_word' id='word_1_347' title='bbox 515 2741 664 2786; x_wconf 89' lang='lat' dir='ltr'><strong>erunt</strong></span> <span class='ocrx_word' id='word_1_348' title='bbox 704 2748 768 2786; x_wconf 89' lang='lat' dir='ltr'><strong>ex</strong></span> <span class='ocrx_word' id='word_1_349' title='bbox 797 2733 1116 2787; x_wconf 84' lang='lat' dir='ltr'><strong>divinatione</strong></span> <span class='ocrx_word' id='word_1_350' title='bbox 1153 2751 1172 2788; x_wconf 89' lang='lat'><strong><em>:</em></strong></span> <span class='ocrx_word' id='word_1_351' title='bbox 1201 2745 1250 2788; x_wconf 91' lang='lat' dir='ltr'><strong>et</strong></span> <span class='ocrx_word' id='word_1_352' title='bbox 1293 2736 1487 2788; x_wconf 89' lang='lat' dir='ltr'><strong>occidet</strong></span> <span class='ocrx_word' id='word_1_353' title='bbox 1515 2737 1594 2790; x_wconf 89' lang='lat' dir='ltr'><strong>sol</strong></span> <span class='ocrx_word' id='word_1_354' title='bbox 1621 2753 1775 2806; x_wconf 89' lang='lat' dir='ltr'><strong>super</strong></span> <span class='ocrx_word' id='word_1_355' title='bbox 1800 2754 1925 2807; x_wconf 87' lang='lat' dir='ltr'><strong>pro-</strong></span> 
     </span>
    </p>
   </div>
   <div class='ocr_carea' id='block_1_43' title="bbox 351 2822 1924 2900">
    <p class='ocr_par' dir='ltr' id='par_1_43' title="bbox 351 2822 1924 2900">
     <span class='ocr_line' id='line_1_43' title="bbox 351 2822 1924 2900; baseline 0.008 -28"><span class='ocrx_word' id='word_1_356' title='bbox 351 2822 554 2892; x_wconf 87' lang='lat' dir='ltr'><strong>phetas,</strong></span> <span class='ocrx_word' id='word_1_357' title='bbox 587 2831 637 2875; x_wconf 87' lang='lat' dir='ltr'><strong>et</strong></span> <span class='ocrx_word' id='word_1_358' title='bbox 685 2823 1094 2878; x_wconf 87' lang='lat' dir='ltr'><strong>contenebrescet</strong></span> <span class='ocrx_word' id='word_1_359' title='bbox 1122 2841 1276 2894; x_wconf 87' lang='lat' dir='ltr'><strong>super</strong></span> <span class='ocrx_word' id='word_1_360' title='bbox 1321 2843 1406 2880; x_wconf 91' lang='lat' dir='ltr'><strong>eos</strong></span> <span class='ocrx_word' id='word_1_361' title='bbox 1443 2827 1573 2881; x_wconf 87' lang='lat' dir='ltr'><strong>dies.</strong></span> <span class='ocrx_word' id='word_1_362' title='bbox 1605 2826 1675 2881; x_wconf 85' lang='lat' dir='ltr'><strong>Et</strong></span> <span class='ocrx_word' id='word_1_363' title='bbox 1703 2831 1924 2900; x_wconf 90' lang='lat' dir='ltr'><strong>confun-</strong></span> 
     </span>
    </p>
   </div>
   <div class='ocr_carea' id='block_1_44' title="bbox 350 2912 1924 2986">
    <p class='ocr_par' dir='ltr' id='par_1_44' title="bbox 350 2912 1924 2986">
     <span class='ocr_line' id='line_1_44' title="bbox 350 2912 1924 2986; baseline 0.005 -20"><span class='ocrx_word' id='word_1_364' title='bbox 350 2912 540 2967; x_wconf 84' lang='lat' dir='ltr'><strong>dentur</strong></span> <span class='ocrx_word' id='word_1_365' title='bbox 565 2914 791 2968; x_wconf 89' lang='lat' dir='ltr'><strong>videntes</strong></span> <span class='ocrx_word' id='word_1_366' title='bbox 819 2915 1046 2981; x_wconf 87' lang='lat' dir='ltr'><strong>somnia,</strong></span> <span class='ocrx_word' id='word_1_367' title='bbox 1077 2926 1127 2970; x_wconf 92' lang='lat' dir='ltr'><strong>et</strong></span> <span class='ocrx_word' id='word_1_368' title='bbox 1153 2917 1522 2972; x_wconf 87' lang='lat' dir='ltr'><strong>deridebuntur</strong></span> <span class='ocrx_word' id='word_1_369' title='bbox 1549 2919 1724 2986; x_wconf 89' lang='lat' dir='ltr'><strong>divini,</strong></span> <span class='ocrx_word' id='word_1_370' title='bbox 1755 2930 1804 2974; x_wconf 90' lang='lat' dir='ltr'><strong>et</strong></span> <span class='ocrx_word' id='word_1_371' title='bbox 1832 2921 1924 2976; x_wconf 88' lang='lat' dir='ltr'><strong>ob-</strong></span> 
     </span>
    </p>
   </div>
   <div class='ocr_carea' id='block_1_45' title="bbox 355 3004 1927 3080">
    <p class='ocr_par' dir='ltr' id='par_1_45' title="bbox 355 3004 1927 3080">
     <span class='ocr_line' id='line_1_45' title="bbox 355 3004 1927 3080; baseline 0.006 -24"><span class='ocrx_word' id='word_1_372' title='bbox 355 3006 645 3058; x_wconf 84' lang='lat' dir='ltr'><strong>trectabant</strong></span> <span class='ocrx_word' id='word_1_373' title='bbox 683 3004 926 3059; x_wconf 88' lang='lat' dir='ltr'><strong>adversus</strong></span> <span class='ocrx_word' id='word_1_374' title='bbox 968 3022 1144 3061; x_wconf 90' lang='lat' dir='ltr'><strong>omnes</strong></span> <span class='ocrx_word' id='word_1_375' title='bbox 1189 3009 1289 3078; x_wconf 90' lang='lat' dir='ltr'><strong>ipsi</strong></span> <span class='ocrx_word' id='word_1_376' title='bbox 1337 3025 1356 3062; x_wconf 93' lang='lat'><em>:</em></span> <span class='ocrx_word' id='word_1_377' title='bbox 1389 3012 1631 3080; x_wconf 84' lang='lat' dir='ltr'><strong>quoniam</strong></span> <span class='ocrx_word' id='word_1_378' title='bbox 1686 3029 1789 3066; x_wconf 90' lang='lat' dir='ltr'><strong>non</strong></span> <span class='ocrx_word' id='word_1_379' title='bbox 1828 3013 1927 3066; x_wconf 90' lang='lat' dir='ltr'><strong>erit</strong></span> 
     </span>
    </p>
   </div>
   <div class='ocr_carea' id='block_1_46' title="bbox 351 3095 1924 3171">
    <p class='ocr_par' dir='ltr' id='par_1_46' title="bbox 351 3095 1924 3171">
     <span class='ocr_line' id='line_1_46' title="bbox 351 3095 1924 3171; baseline 0.007 -25"><span class='ocrx_word' id='word_1_380' title='bbox 351 3095 439 3164; x_wconf 87' lang='lat' dir='ltr'><strong>qui</strong></span> <span class='ocrx_word' id='word_1_381' title='bbox 476 3095 725 3148; x_wconf 75' lang='lat' dir='ltr'><strong>exaudiat</strong></span> <span class='ocrx_word' id='word_1_382' title='bbox 749 3112 856 3149; x_wconf 85' lang='lat' dir='ltr'><strong>eos.</strong></span> <span class='ocrx_word' id='word_1_383' title='bbox 891 3095 952 3150; x_wconf 93' lang='lat' dir='ltr'><strong>Si</strong></span> <span class='ocrx_word' id='word_1_384' title='bbox 993 3113 1096 3150; x_wconf 89' lang='lat' dir='ltr'><strong>non</strong></span> <span class='ocrx_word' id='word_1_385' title='bbox 1144 3113 1236 3168; x_wconf 88' lang='lat' dir='ltr'><strong>ego</strong></span> <span class='ocrx_word' id='word_1_386' title='bbox 1266 3099 1540 3168; x_wconf 88' lang='lat' dir='ltr'><strong>implevero</strong></span> <span class='ocrx_word' id='word_1_387' title='bbox 1570 3103 1924 3171; x_wconf 73' lang='lat' dir='ltr'><strong>fortitudinem</strong></span> 
     </span>
    </p>
   </div>
   <div class='ocr_carea' id='block_1_47' title="bbox 2026 1913 3596 1988">
    <p class='ocr_par' dir='ltr' id='par_1_47' title="bbox 2026 1913 3596 1988">
     <span class='ocr_line' id='line_1_47' title="bbox 2026 1913 3596 1988; baseline 0.004 -22"><span class='ocrx_word' id='word_1_388' title='bbox 2026 1921 2206 1983; x_wconf 85' lang='lat' dir='ltr'><strong>potens</strong></span> <span class='ocrx_word' id='word_1_389' title='bbox 2254 1913 2308 1966; x_wconf 91' lang='lat' dir='ltr'><strong>in</strong></span> <span class='ocrx_word' id='word_1_390' title='bbox 2339 1915 2522 1984; x_wconf 88' lang='lat' dir='ltr'><strong>spiritu</strong></span> <span class='ocrx_word' id='word_1_391' title='bbox 2566 1931 2658 1968; x_wconf 91' lang='lat' dir='ltr'><strong>suo</strong></span> <span class='ocrx_word' id='word_1_392' title='bbox 2687 1916 2742 1968; x_wconf 92' lang='lat' dir='ltr'><strong>in</strong></span> <span class='ocrx_word' id='word_1_393' title='bbox 2772 1915 3007 1970; x_wconf 90' lang='lat' dir='ltr'><strong>manibus</strong></span> <span class='ocrx_word' id='word_1_394' title='bbox 3053 1918 3415 1988; x_wconf 88' lang='lat' dir='ltr'><strong>prophetarum</strong></span> <span class='ocrx_word' id='word_1_395' title='bbox 3449 1921 3596 1987; x_wconf 85' lang='lat' dir='ltr'><strong>prio-</strong></span> 
     </span>
    </p>
   </div>
   <div class='ocr_carea' id='block_1_48' title="bbox 2026 2004 3602 2078">
    <p class='ocr_par' dir='ltr' id='par_1_48' title="bbox 2026 2004 3602 2078">
     <span class='ocr_line' id='line_1_48' title="bbox 2026 2004 3602 2078; baseline 0.006 -23"><span class='ocrx_word' id='word_1_396' title='bbox 2026 2018 2141 2055; x_wconf 89' lang='lat' dir='ltr'><strong>rum</strong></span> <span class='ocrx_word' id='word_1_397' title='bbox 2170 2019 2188 2056; x_wconf 93' lang='lat'><strong><em>:</em></strong></span> <span class='ocrx_word' id='word_1_398' title='bbox 2214 2011 2262 2056; x_wconf 93' lang='lat' dir='ltr'><strong>et</strong></span> <span class='ocrx_word' id='word_1_399' title='bbox 2310 2006 2451 2074; x_wconf 81' lang='lat' dir='ltr'><strong>facta</strong></span> <span class='ocrx_word' id='word_1_400' title='bbox 2480 2012 2555 2058; x_wconf 89' lang='lat' dir='ltr'><strong>est</strong></span> <span class='ocrx_word' id='word_1_401' title='bbox 2589 2004 2672 2058; x_wconf 90' lang='lat' dir='ltr'><strong>ira</strong></span> <span class='ocrx_word' id='word_1_402' title='bbox 2711 2021 2903 2075; x_wconf 90' lang='lat' dir='ltr'><strong>magna</strong></span> <span class='ocrx_word' id='word_1_403' title='bbox 2931 2022 2964 2058; x_wconf 92' lang='lat' dir='ltr'><strong>a</strong></span> <span class='ocrx_word' id='word_1_404' title='bbox 3001 2005 3226 2061; x_wconf 90' lang='lat' dir='ltr'><strong>Domino</strong></span> <span class='ocrx_word' id='word_1_405' title='bbox 3253 2009 3602 2078; x_wconf 79' lang='lat' dir='ltr'><strong>omnipotente</strong></span> 
     </span>
    </p>
   </div>
   <div class='ocr_carea' id='block_1_49' title="bbox 2028 2093 3595 2170">
    <p class='ocr_par' dir='ltr' id='par_1_49' title="bbox 2028 2093 3595 2170">
     <span class='ocr_line' id='line_1_49' title="bbox 2028 2093 3595 2170; baseline 0.004 -24"><span class='ocrx_word' id='word_1_406' title='bbox 2028 2093 2211 2165; x_wconf 89' lang='lat' dir='ltr'><strong>(Zach.</strong></span> <span class='ocrx_word' id='word_1_407' title='bbox 2239 2109 2329 2158; x_wconf 84' lang='lat' dir='ltr'><strong>vn,</strong></span> <span class='ocrx_word' id='word_1_408' title='bbox 2355 2093 2530 2161; x_wconf 72' lang='lat'><strong>5-12).</strong></span> <span class='ocrx_word' id='word_1_409' title='bbox 2564 2094 2633 2148; x_wconf 92' lang='lat' dir='ltr'><strong>Et</strong></span> <span class='ocrx_word' id='word_1_410' title='bbox 2663 2098 2853 2150; x_wconf 88' lang='lat' dir='ltr'><strong>iterum</strong></span> <span class='ocrx_word' id='word_1_411' title='bbox 2885 2113 2897 2148; x_wconf 93' lang='lat'><strong>:</strong></span> <span class='ocrx_word' id='word_1_412' title='bbox 2929 2094 3187 2160; x_wconf 81' lang='lat' dir='ltr'><strong>Quoniam</strong></span> <span class='ocrx_word' id='word_1_413' title='bbox 3203 2100 3288 2170; x_wconf 89' lang='lat' dir='ltr'><strong>qui</strong></span> <span class='ocrx_word' id='word_1_414' title='bbox 3313 2099 3595 2170; x_wconf 86' lang='lat' dir='ltr'><strong>loqueban-</strong></span> 
     </span>
    </p>
   </div>
   <div class='ocr_carea' id='block_1_50' title="bbox 2026 2183 3596 2258">
    <p class='ocr_par' dir='ltr' id='par_1_50' title="bbox 2026 2183 3596 2258">
     <span class='ocr_line' id='line_1_50' title="bbox 2026 2183 3596 2258; baseline 0.006 -23"><span class='ocrx_word' id='word_1_415' title='bbox 2026 2190 2132 2250; x_wconf 87' lang='lat' dir='ltr'><strong>tur,</strong></span> <span class='ocrx_word' id='word_1_416' title='bbox 2173 2183 2328 2237; x_wconf 90' lang='lat' dir='ltr'><strong>locuti</strong></span> <span class='ocrx_word' id='word_1_417' title='bbox 2356 2194 2474 2238; x_wconf 90' lang='lat' dir='ltr'><strong>sunt</strong></span> <span class='ocrx_word' id='word_1_418' title='bbox 2501 2185 2783 2249; x_wconf 87' lang='lat' dir='ltr'><strong>molestias,</strong></span> <span class='ocrx_word' id='word_1_419' title='bbox 2810 2196 2859 2239; x_wconf 91' lang='lat' dir='ltr'><strong>et</strong></span> <span class='ocrx_word' id='word_1_420' title='bbox 2888 2186 3048 2240; x_wconf 86' lang='lat' dir='ltr'><strong>divini</strong></span> <span class='ocrx_word' id='word_1_421' title='bbox 3077 2188 3186 2241; x_wconf 89' lang='lat' dir='ltr'><strong>visa</strong></span> <span class='ocrx_word' id='word_1_422' title='bbox 3215 2188 3351 2258; x_wconf 91' lang='lat' dir='ltr'><strong>falsa</strong></span> <span class='ocrx_word' id='word_1_423' title='bbox 3376 2198 3424 2243; x_wconf 90' lang='lat' dir='ltr'><strong>et</strong></span> <span class='ocrx_word' id='word_1_424' title='bbox 3452 2206 3596 2244; x_wconf 85' lang='lat' dir='ltr'><strong>som-</strong></span> 
     </span>
    </p>
   </div>
   <div class='ocr_carea' id='block_1_51' title="bbox 2027 2274 3605 2351">
    <p class='ocr_par' dir='ltr' id='par_1_51' title="bbox 2027 2274 3605 2351">
     <span class='ocr_line' id='line_1_51' title="bbox 2027 2274 3605 2351; baseline 0.006 -25"><span class='ocrx_word' id='word_1_425' title='bbox 2027 2274 2116 2326; x_wconf 88' lang='lat' dir='ltr'><strong>nia</strong></span> <span class='ocrx_word' id='word_1_426' title='bbox 2149 2275 2284 2345; x_wconf 89' lang='lat' dir='ltr'><strong>falsa</strong></span> <span class='ocrx_word' id='word_1_427' title='bbox 2310 2275 2664 2347; x_wconf 88' lang='lat' dir='ltr'><strong>loquebantur,</strong></span> <span class='ocrx_word' id='word_1_428' title='bbox 2699 2286 2748 2330; x_wconf 90' lang='lat' dir='ltr'><strong>et</strong></span> <span class='ocrx_word' id='word_1_429' title='bbox 2771 2293 2900 2331; x_wconf 87' lang='lat' dir='ltr'><strong>vane</strong></span> <span class='ocrx_word' id='word_1_430' title='bbox 2923 2278 3321 2333; x_wconf 85' lang='lat' dir='ltr'><strong>consolabantur</strong></span> <span class='ocrx_word' id='word_1_431' title='bbox 3339 2297 3357 2334; x_wconf 89' lang='lat'><em>:</em></span> <span class='ocrx_word' id='word_1_432' title='bbox 3387 2290 3605 2351; x_wconf 77' lang='lat' dir='ltr'><strong>prapter</strong></span> 
     </span>
    </p>
   </div>
   <div class='ocr_carea' id='block_1_52' title="bbox 2026 2363 3598 2442">
    <p class='ocr_par' dir='ltr' id='par_1_52' title="bbox 2026 2363 3598 2442">
     <span class='ocr_line' id='line_1_52' title="bbox 2026 2363 3598 2442; baseline 0.006 -26"><span class='ocrx_word' id='word_1_433' title='bbox 2026 2363 2124 2418; x_wconf 85' lang='lat' dir='ltr'><strong>hoc</strong></span> <span class='ocrx_word' id='word_1_434' title='bbox 2152 2365 2287 2418; x_wconf 90' lang='lat' dir='ltr'><strong>aridi</strong></span> <span class='ocrx_word' id='word_1_435' title='bbox 2313 2367 2436 2436; x_wconf 86' lang='lat' dir='ltr'><strong>facti</strong></span> <span class='ocrx_word' id='word_1_436' title='bbox 2462 2376 2579 2420; x_wconf 89' lang='lat' dir='ltr'><strong>sunt</strong></span> <span class='ocrx_word' id='word_1_437' title='bbox 2601 2368 2731 2420; x_wconf 89' lang='lat' dir='ltr'><strong>sicut</strong></span> <span class='ocrx_word' id='word_1_438' title='bbox 2760 2384 2893 2431; x_wconf 88' lang='lat' dir='ltr'><strong>oves,</strong></span> <span class='ocrx_word' id='word_1_439' title='bbox 2929 2378 2977 2422; x_wconf 91' lang='lat' dir='ltr'><strong>et</strong></span> <span class='ocrx_word' id='word_1_440' title='bbox 3004 2369 3178 2438; x_wconf 72' lang='lat' dir='ltr'><strong>afflicti</strong></span> <span class='ocrx_word' id='word_1_441' title='bbox 3204 2380 3321 2424; x_wconf 86' lang='lat' dir='ltr'><strong>sunt</strong></span> <span class='ocrx_word' id='word_1_442' title='bbox 3355 2374 3598 2442; x_wconf 88' lang='lat' dir='ltr'><strong>quoniam</strong></span> 
     </span>
    </p>
   </div>
   <div class='ocr_carea' id='block_1_53' title="bbox 2027 2455 3598 2526">
    <p class='ocr_par' dir='ltr' id='par_1_53' title="bbox 2027 2455 3598 2526">
     <span class='ocr_line' id='line_1_53' title="bbox 2027 2455 3598 2526; baseline 0.005 -20"><span class='ocrx_word' id='word_1_443' title='bbox 2027 2469 2129 2508; x_wconf 90' lang='lat' dir='ltr'><strong>non</strong></span> <span class='ocrx_word' id='word_1_444' title='bbox 2156 2464 2268 2507; x_wconf 89' lang='lat' dir='ltr'><strong>erat</strong></span> <span class='ocrx_word' id='word_1_445' title='bbox 2309 2457 2527 2509; x_wconf 89' lang='lat' dir='ltr'><strong>sanitas.</strong></span> <span class='ocrx_word' id='word_1_446' title='bbox 2573 2455 2744 2526; x_wconf 88' lang='lat' dir='ltr'><strong>Super</strong></span> <span class='ocrx_word' id='word_1_447' title='bbox 2769 2465 3000 2525; x_wconf 90' lang='lat' dir='ltr'><strong>pastores</strong></span> <span class='ocrx_word' id='word_1_448' title='bbox 3036 2458 3347 2513; x_wconf 71' lang='lat' dir='ltr'><strong>exacerbata</strong></span> <span class='ocrx_word' id='word_1_449' title='bbox 3383 2471 3457 2514; x_wconf 90' lang='lat' dir='ltr'><strong>est</strong></span> <span class='ocrx_word' id='word_1_450' title='bbox 3485 2464 3598 2514; x_wconf 85' lang='lat' dir='ltr'><strong>ira-</strong></span> 
     </span>
    </p>
   </div>
   <div class='ocr_carea' id='block_1_54' title="bbox 2026 2544 3595 2619">
    <p class='ocr_par' dir='ltr' id='par_1_54' title="bbox 2026 2544 3595 2619">
     <span class='ocr_line' id='line_1_54' title="bbox 2026 2544 3595 2619; baseline 0.005 -24"><span class='ocrx_word' id='word_1_451' title='bbox 2026 2544 2216 2596; x_wconf 83' lang='lat' dir='ltr'><strong>cundia</strong></span> <span class='ocrx_word' id='word_1_452' title='bbox 2255 2559 2390 2608; x_wconf 88' lang='lat' dir='ltr'><strong>mea,</strong></span> <span class='ocrx_word' id='word_1_453' title='bbox 2423 2554 2472 2597; x_wconf 90' lang='lat' dir='ltr'><strong>et</strong></span> <span class='ocrx_word' id='word_1_454' title='bbox 2497 2560 2650 2614; x_wconf 88' lang='lat' dir='ltr'><strong>super</strong></span> <span class='ocrx_word' id='word_1_455' title='bbox 2678 2561 2842 2616; x_wconf 89' lang='lat' dir='ltr'><strong>agnos</strong></span> <span class='ocrx_word' id='word_1_456' title='bbox 2871 2545 3086 2601; x_wconf 87' lang='lat' dir='ltr'><strong>visitabo</strong></span> <span class='ocrx_word' id='word_1_457' title='bbox 3125 2547 3309 2619; x_wconf 89' lang='lat' dir='ltr'><strong>(Zach.</strong></span> <span class='ocrx_word' id='word_1_458' title='bbox 3339 2564 3393 2613; x_wconf 75' lang='grc' dir='ltr'><strong>ι,</strong></span> <span class='ocrx_word' id='word_1_459' title='bbox 3431 2547 3488 2615; x_wconf 75' lang='grc'><strong>2,</strong></span> <span class='ocrx_word' id='word_1_460' title='bbox 3517 2549 3595 2618; x_wconf 79' lang='grc'><strong>5).</strong></span> 
     </span>
    </p>
   </div>
   <div class='ocr_carea' id='block_1_55' title="bbox 2027 2631 3602 2710">
    <p class='ocr_par' dir='ltr' id='par_1_55' title="bbox 2027 2631 3602 2710">
     <span class='ocr_line' id='line_1_55' title="bbox 2027 2631 3602 2710; baseline 0.004 -23"><span class='ocrx_word' id='word_1_461' title='bbox 2027 2631 2088 2688; x_wconf 88' lang='lat' dir='ltr'><strong>Et</strong></span> <span class='ocrx_word' id='word_1_462' title='bbox 2116 2645 2237 2704; x_wconf 82' lang='lat' dir='ltr'><strong>post</strong></span> <span class='ocrx_word' id='word_1_463' title='bbox 2275 2649 2444 2705; x_wconf 89' lang='lat' dir='ltr'><strong>pauca</strong></span> <span class='ocrx_word' id='word_1_464' title='bbox 2490 2651 2509 2690; x_wconf 90' lang='lat'><strong><em>:</em></strong></span> <span class='ocrx_word' id='word_1_465' title='bbox 2549 2635 2663 2690; x_wconf 86' lang='lat' dir='ltr'><strong>Vox</strong></span> <span class='ocrx_word' id='word_1_466' title='bbox 2711 2638 3108 2693; x_wconf 89' lang='lat' dir='ltr'><strong>lamentantium</strong></span> <span class='ocrx_word' id='word_1_467' title='bbox 3151 2649 3436 2710; x_wconf 87' lang='lat' dir='ltr'><strong>pastorum,</strong></span> <span class='ocrx_word' id='word_1_468' title='bbox 3479 2643 3602 2696; x_wconf 89' lang='lat' dir='ltr'><strong>auia</strong></span> 
     </span>
    </p>
   </div>
   <div class='ocr_carea' id='block_1_56' title="bbox 2026 2725 3602 2804">
    <p class='ocr_par' dir='ltr' id='par_1_56' title="bbox 2026 2725 3602 2804">
     <span class='ocr_line' id='line_1_56' title="bbox 2026 2725 3602 2804; baseline 0.006 -26"><span class='ocrx_word' id='word_1_469' title='bbox 2026 2725 2216 2780; x_wconf 88' lang='lat' dir='ltr'><strong>misera</strong></span> <span class='ocrx_word' id='word_1_470' title='bbox 2259 2728 2402 2797; x_wconf 86' lang='lat' dir='ltr'><strong>facta</strong></span> <span class='ocrx_word' id='word_1_471' title='bbox 2446 2736 2523 2780; x_wconf 92' lang='lat' dir='ltr'><strong>est</strong></span> <span class='ocrx_word' id='word_1_472' title='bbox 2549 2729 2852 2797; x_wconf 86' lang='lat' dir='ltr'><strong>magnitudo</strong></span> <span class='ocrx_word' id='word_1_473' title='bbox 2900 2745 3096 2786; x_wconf 91' lang='lat' dir='ltr'><strong>eorum.</strong></span> <span class='ocrx_word' id='word_1_474' title='bbox 3151 2730 3266 2787; x_wconf 84' lang='lat' dir='ltr'><strong>Vox</strong></span> <span class='ocrx_word' id='word_1_475' title='bbox 3292 2733 3602 2804; x_wconf 84' lang='lat' dir='ltr'><strong>rugientium</strong></span> 
     </span>
    </p>
   </div>
   <div class='ocr_carea' id='block_1_57' title="bbox 2027 2813 3600 2889">
    <p class='ocr_par' dir='ltr' id='par_1_57' title="bbox 2027 2813 3600 2889">
     <span class='ocr_line' id='line_1_57' title="bbox 2027 2813 3600 2889; baseline 0.007 -22"><span class='ocrx_word' id='word_1_476' title='bbox 2027 2813 2248 2878; x_wconf 87' lang='lat' dir='ltr'><strong>leonum,</strong></span> <span class='ocrx_word' id='word_1_477' title='bbox 2279 2817 2526 2886; x_wconf 89' lang='lat' dir='ltr'><strong>quoniam</strong></span> <span class='ocrx_word' id='word_1_478' title='bbox 2554 2817 2709 2870; x_wconf 75' lang='lat' dir='ltr'><strong>miser</strong></span> <span class='ocrx_word' id='word_1_479' title='bbox 2740 2819 2908 2889; x_wconf 88' lang='lat' dir='ltr'><strong>factus</strong></span> <span class='ocrx_word' id='word_1_480' title='bbox 2946 2827 3023 2873; x_wconf 86' lang='lat' dir='ltr'><strong>est</strong></span> <span class='ocrx_word' id='word_1_481' title='bbox 3050 2820 3291 2876; x_wconf 86' lang='lat' dir='ltr'><strong>decursus</strong></span> <span class='ocrx_word' id='word_1_482' title='bbox 3326 2821 3600 2878; x_wconf 73' lang='lat' dir='ltr'><strong>Iordanis.</strong></span> 
     </span>
    </p>
   </div>
   <div class='ocr_carea' id='block_1_58' title="bbox 2025 2905 3604 2984">
    <p class='ocr_par' dir='ltr' id='par_1_58' title="bbox 2025 2905 3604 2984">
     <span class='ocr_line' id='line_1_58' title="bbox 2025 2905 3604 2984; baseline 0.005 -24"><span class='ocrx_word' id='word_1_483' title='bbox 2025 2905 2158 2961; x_wconf 70' lang='lat' dir='ltr'><strong>ﬂare</strong></span> <span class='ocrx_word' id='word_1_484' title='bbox 2186 2909 2311 2962; x_wconf 90' lang='lat' dir='ltr'><strong>dicit</strong></span> <span class='ocrx_word' id='word_1_485' title='bbox 2339 2907 2591 2964; x_wconf 83' lang='lat' dir='ltr'><strong>Dominus</strong></span> <span class='ocrx_word' id='word_1_486' title='bbox 2613 2912 2938 2981; x_wconf 84' lang='lat' dir='ltr'><strong>omnipotens</strong></span> <span class='ocrx_word' id='word_1_487' title='bbox 2967 2927 2986 2965; x_wconf 87' lang='lat'><strong><em>:</em></strong></span> <span class='ocrx_word' id='word_1_488' title='bbox 3015 2910 3115 2976; x_wconf 82' lang='lat' dir='ltr'><strong>Qui</strong></span> <span class='ocrx_word' id='word_1_489' title='bbox 3140 2913 3489 2984; x_wconf 88' lang='lat' dir='ltr'><strong>possidebant,</strong></span> <span class='ocrx_word' id='word_1_490' title='bbox 3518 2915 3604 2968; x_wconf 81' lang='lat' dir='ltr'><strong>in-</strong></span> 
     </span>
    </p>
   </div>
   <div class='ocr_carea' id='block_1_59' title="bbox 2027 2997 3603 3070">
    <p class='ocr_par' dir='ltr' id='par_1_59' title="bbox 2027 2997 3603 3070">
     <span class='ocr_line' id='line_1_59' title="bbox 2027 2997 3603 3070; baseline 0.008 -20"><span class='ocrx_word' id='word_1_491' title='bbox 2027 2997 2349 3066; x_wconf 82' lang='lat' dir='ltr'><strong>terficiebant</strong></span> <span class='ocrx_word' id='word_1_492' title='bbox 2373 3037 2389 3064; x_wconf 95' lang='lat'><strong>,</strong></span> <span class='ocrx_word' id='word_1_493' title='bbox 2427 3008 2477 3052; x_wconf 93' lang='lat' dir='ltr'><strong>et</strong></span> <span class='ocrx_word' id='word_1_494' title='bbox 2519 3015 2622 3053; x_wconf 90' lang='lat' dir='ltr'><strong>non</strong></span> <span class='ocrx_word' id='word_1_495' title='bbox 2663 3001 2899 3070; x_wconf 61' lang='lat' dir='ltr'><strong>paenituit</strong></span> <span class='ocrx_word' id='word_1_496' title='bbox 2933 3018 3054 3065; x_wconf 87' lang='lat' dir='ltr'><strong>eos;</strong></span> <span class='ocrx_word' id='word_1_497' title='bbox 3105 3009 3155 3055; x_wconf 91' lang='lat' dir='ltr'><strong>et</strong></span> <span class='ocrx_word' id='word_1_498' title='bbox 3193 3003 3278 3070; x_wconf 90' lang='lat' dir='ltr'><strong>qui</strong></span> <span class='ocrx_word' id='word_1_499' title='bbox 3317 3003 3603 3062; x_wconf 87' lang='lat' dir='ltr'><strong>vendebant</strong></span> 
     </span>
    </p>
   </div>
   <div class='ocr_carea' id='block_1_60' title="bbox 2025 3088 3601 3164">
    <p class='ocr_par' dir='ltr' id='par_1_60' title="bbox 2025 3088 3601 3164">
     <span class='ocr_line' id='line_1_60' title="bbox 2025 3088 3601 3164; baseline 0.006 -22"><span class='ocrx_word' id='word_1_500' title='bbox 2025 3104 2134 3154; x_wconf 89' lang='lat' dir='ltr'><strong>eas,</strong></span> <span class='ocrx_word' id='word_1_501' title='bbox 2184 3088 2474 3143; x_wconf 89' lang='lat' dir='ltr'><strong>dicebant:</strong></span> <span class='ocrx_word' id='word_1_502' title='bbox 2518 3089 2824 3146; x_wconf 86' lang='lat' dir='ltr'><strong>Benedictus</strong></span> <span class='ocrx_word' id='word_1_503' title='bbox 2864 3091 3135 3159; x_wconf 85' lang='lat' dir='ltr'><strong>Dominus,</strong></span> <span class='ocrx_word' id='word_1_504' title='bbox 3180 3095 3301 3164; x_wconf 88' lang='lat' dir='ltr'><strong>quia</strong></span> <span class='ocrx_word' id='word_1_505' title='bbox 3329 3095 3478 3150; x_wconf 88' lang='lat' dir='ltr'><strong>ditati</strong></span> <span class='ocrx_word' id='word_1_506' title='bbox 3507 3113 3601 3151; x_wconf 89' lang='lat' dir='ltr'><strong>su-</strong></span> 
     </span>
    </p>
   </div>
   <div class='ocr_carea' id='block_1_61' title="bbox 351 3182 3604 3272">
    <p class='ocr_par' dir='ltr' id='par_1_61' title="bbox 351 3182 3604 3272">
     <span class='ocr_line' id='line_1_61' title="bbox 351 3182 3604 3272; baseline 0.004 -37"><span class='ocrx_word' id='word_1_507' title='bbox 351 3183 408 3235; x_wconf 83' lang='lat' dir='ltr'><strong>in</strong></span> <span class='ocrx_word' id='word_1_508' title='bbox 435 3184 618 3252; x_wconf 84' lang='lat' dir='ltr'><strong>spiritu</strong></span> <span class='ocrx_word' id='word_1_509' title='bbox 648 3182 857 3237; x_wconf 89' lang='lat' dir='ltr'><strong>Domini</strong></span> <span class='ocrx_word' id='word_1_510' title='bbox 887 3194 937 3238; x_wconf 90' lang='lat' dir='ltr'><strong>et</strong></span> <span class='ocrx_word' id='word_1_511' title='bbox 952 3184 1151 3254; x_wconf 90' lang='lat' dir='ltr'><strong>judicio</strong></span> <span class='ocrx_word' id='word_1_512' title='bbox 1172 3193 1220 3239; x_wconf 87' lang='lat' dir='ltr'><strong>et</strong></span> <span class='ocrx_word' id='word_1_513' title='bbox 1248 3195 1516 3256; x_wconf 91' lang='lat' dir='ltr'><strong>potestate,</strong></span> <span class='ocrx_word' id='word_1_514' title='bbox 1546 3198 1600 3241; x_wconf 90' lang='lat' dir='ltr'><strong>ut</strong></span> <span class='ocrx_word' id='word_1_515' title='bbox 1626 3191 1925 3245; x_wconf 89' lang='lat' dir='ltr'><strong>annuntiem</strong></span> <span class='ocrx_word' id='word_1_516' title='bbox 1953 3211 1997 3272; x_wconf 75' lang='lat' dir='ltr'>C</span> <span class='ocrx_word' id='word_1_517' title='bbox 2028 3196 2177 3234; x_wconf 69' lang='grc' dir='ltr'><strong>ἠυδέ</strong></span> <span class='ocrx_word' id='word_1_518' title='bbox 2205 3191 2254 3234; x_wconf 76' lang='grc' dir='ltr'><em>ει</em></span> <span class='ocrx_word' id='word_1_519' title='bbox 2273 3191 2507 3250; x_wconf 73' lang='grc' dir='ltr'><strong>Ραδιονεε</strong></span> <span class='ocrx_word' id='word_1_520' title='bbox 2528 3199 2706 3272; x_wconf 52' lang='lat' dir='ltr'><strong>atrum</strong></span> <span class='ocrx_word' id='word_1_521' title='bbox 2727 3184 2855 3238; x_wconf 66' lang='lat' dir='ltr'><strong>nihil</strong></span> <span class='ocrx_word' id='word_1_522' title='bbox 2874 3186 3016 3254; x_wconf 70' lang='grc' dir='ltr'><strong><em>ραιδεὶ</em></strong></span> <span class='ocrx_word' id='word_1_523' title='bbox 3041 3196 3158 3240; x_wconf 65' lang='lat' dir='ltr'><strong>sunt</strong></span> <span class='ocrx_word' id='word_1_524' title='bbox 3187 3189 3238 3240; x_wconf 77' lang='grc' dir='ltr'><strong>ἱη</strong></span> <span class='ocrx_word' id='word_1_525' title='bbox 3259 3189 3352 3242; x_wconf 73' lang='grc' dir='ltr'><strong>εἱε-</strong></span> <span class='ocrx_word' id='word_1_526' title='bbox 3380 3189 3604 3262; x_wconf 78' lang='lat' dir='ltr'><strong>Propter</strong></span> 
     </span>
    </p>
   </div>
   <div class='ocr_carea' id='block_1_62' title="bbox 353 3270 1922 3348">
    <p class='ocr_par' dir='ltr' id='par_1_62' title="bbox 353 3270 1922 3348">
     <span class='ocr_line' id='line_1_62' title="bbox 353 3270 1922 3348; baseline 0.008 -23"><span class='ocrx_word' id='word_1_527' title='bbox 353 3271 528 3325; x_wconf 85' lang='lat' dir='ltr'><strong>domui</strong></span> <span class='ocrx_word' id='word_1_528' title='bbox 565 3270 728 3326; x_wconf 74' lang='lat' dir='ltr'><strong>Iacob</strong></span> <span class='ocrx_word' id='word_1_529' title='bbox 767 3274 1053 3344; x_wconf 86' lang='lat' dir='ltr'><strong>impietates</strong></span> <span class='ocrx_word' id='word_1_530' title='bbox 1103 3291 1227 3329; x_wconf 86' lang='lat' dir='ltr'><strong>suas</strong></span> <span class='ocrx_word' id='word_1_531' title='bbox 1263 3286 1312 3330; x_wconf 94' lang='lat' dir='ltr'><strong>et</strong></span> <span class='ocrx_word' id='word_1_532' title='bbox 1363 3276 1534 3332; x_wconf 89' lang='lat' dir='ltr'><strong>Israel</strong></span> <span class='ocrx_word' id='word_1_533' title='bbox 1568 3291 1778 3348; x_wconf 90' lang='lat' dir='ltr'><strong>peccata</strong></span> <span class='ocrx_word' id='word_1_534' title='bbox 1808 3299 1922 3339; x_wconf 87' lang='lat' dir='ltr'><strong>sua.</strong></span> 
     </span>
    </p>
   </div>
   <div class='ocr_carea' id='block_1_63' title="bbox 352 3359 1926 3432">
    <p class='ocr_par' dir='ltr' id='par_1_63' title="bbox 352 3359 1926 3432">
     <span class='ocr_line' id='line_1_63' title="bbox 352 3359 1926 3432; baseline 0.01 -21"><span class='ocrx_word' id='word_1_535' title='bbox 352 3359 543 3412; x_wconf 75' lang='lat' dir='ltr'><strong>Audite</strong></span> <span class='ocrx_word' id='word_1_536' title='bbox 585 3360 681 3413; x_wconf 92' lang='lat' dir='ltr'><strong>hoc</strong></span> <span class='ocrx_word' id='word_1_537' title='bbox 718 3362 892 3432; x_wconf 87' lang='lat' dir='ltr'><strong>itaque</strong></span> <span class='ocrx_word' id='word_1_538' title='bbox 921 3360 1074 3417; x_wconf 87' lang='lat' dir='ltr'><strong>duces</strong></span> <span class='ocrx_word' id='word_1_539' title='bbox 1111 3363 1291 3426; x_wconf 85' lang='lat' dir='ltr'><strong>domus</strong></span> <span class='ocrx_word' id='word_1_540' title='bbox 1318 3365 1480 3421; x_wconf 86' lang='lat' dir='ltr'><strong>Jacob</strong></span> <span class='ocrx_word' id='word_1_541' title='bbox 1527 3377 1576 3421; x_wconf 90' lang='lat' dir='ltr'><strong>et</strong></span> <span class='ocrx_word' id='word_1_542' title='bbox 1606 3370 1800 3424; x_wconf 87' lang='lat' dir='ltr'><strong>residui</strong></span> <span class='ocrx_word' id='word_1_543' title='bbox 1828 3372 1926 3426; x_wconf 91' lang='lat' dir='ltr'><strong>do-</strong></span> 
     </span>
    </p>
   </div>
   <div class='ocr_carea' id='block_1_64' title="bbox 351 3447 1927 3524">
    <p class='ocr_par' dir='ltr' id='par_1_64' title="bbox 351 3447 1927 3524">
     <span class='ocr_line' id='line_1_64' title="bbox 351 3447 1927 3524; baseline 0.009 -22"><span class='ocrx_word' id='word_1_544' title='bbox 351 3464 466 3502; x_wconf 89' lang='lat' dir='ltr'><strong>mus</strong></span> <span class='ocrx_word' id='word_1_545' title='bbox 501 3447 684 3515; x_wconf 83' lang='lat' dir='ltr'><strong>Israel,</strong></span> <span class='ocrx_word' id='word_1_546' title='bbox 713 3453 797 3522; x_wconf 90' lang='lat' dir='ltr'><strong>qui</strong></span> <span class='ocrx_word' id='word_1_547' title='bbox 825 3451 1192 3507; x_wconf 87' lang='lat' dir='ltr'><strong>abominamini</strong></span> <span class='ocrx_word' id='word_1_548' title='bbox 1217 3455 1472 3524; x_wconf 89' lang='lat' dir='ltr'><strong>judicium</strong></span> <span class='ocrx_word' id='word_1_549' title='bbox 1508 3468 1558 3511; x_wconf 90' lang='lat' dir='ltr'><strong>et</strong></span> <span class='ocrx_word' id='word_1_550' title='bbox 1585 3461 1758 3513; x_wconf 88' lang='lat' dir='ltr'><strong>omnia</strong></span> <span class='ocrx_word' id='word_1_551' title='bbox 1784 3470 1927 3516; x_wconf 89' lang='lat' dir='ltr'><strong>recta</strong></span> 
     </span>
    </p>
   </div>
   <div class='ocr_carea' id='block_1_65' title="bbox 352 3540 1926 3615">
    <p class='ocr_par' dir='ltr' id='par_1_65' title="bbox 352 3540 1926 3615">
     <span class='ocr_line' id='line_1_65' title="bbox 352 3540 1926 3615; baseline 0.007 -22"><span class='ocrx_word' id='word_1_552' title='bbox 352 3540 669 3608; x_wconf 81' lang='lat' dir='ltr'><strong>pervertitis,</strong></span> <span class='ocrx_word' id='word_1_553' title='bbox 700 3543 785 3612; x_wconf 90' lang='lat' dir='ltr'><strong>qui</strong></span> <span class='ocrx_word' id='word_1_554' title='bbox 824 3542 1094 3611; x_wconf 77' lang='lat' dir='ltr'><strong>tediﬁcatis</strong></span> <span class='ocrx_word' id='word_1_555' title='bbox 1121 3542 1249 3598; x_wconf 87' lang='lat' dir='ltr'><strong>Sion</strong></span> <span class='ocrx_word' id='word_1_556' title='bbox 1280 3545 1332 3598; x_wconf 91' lang='lat' dir='ltr'><strong>in</strong></span> <span class='ocrx_word' id='word_1_557' title='bbox 1371 3548 1657 3615; x_wconf 82' lang='lat' dir='ltr'><strong>sanguine,</strong></span> <span class='ocrx_word' id='word_1_558' title='bbox 1697 3558 1746 3602; x_wconf 90' lang='lat' dir='ltr'><strong>et</strong></span> <span class='ocrx_word' id='word_1_559' title='bbox 1773 3547 1926 3604; x_wconf 89' lang='lat' dir='ltr'><strong>Jeru-</strong></span> 
     </span>
    </p>
   </div>
   <div class='ocr_carea' id='block_1_66' title="bbox 352 3633 1926 3710">
    <p class='ocr_par' dir='ltr' id='par_1_66' title="bbox 352 3633 1926 3710">
     <span class='ocr_line' id='line_1_66' title="bbox 352 3633 1926 3710; baseline 0.005 -24"><span class='ocrx_word' id='word_1_560' title='bbox 352 3634 515 3687; x_wconf 87' lang='lat' dir='ltr'><strong>salem</strong></span> <span class='ocrx_word' id='word_1_561' title='bbox 531 3634 585 3686; x_wconf 88' lang='lat' dir='ltr'><strong>in</strong></span> <span class='ocrx_word' id='word_1_562' title='bbox 613 3633 983 3705; x_wconf 87' lang='lat' dir='ltr'><strong>iniquitatibus.</strong></span> <span class='ocrx_word' id='word_1_563' title='bbox 1003 3633 1173 3688; x_wconf 90' lang='lat' dir='ltr'><strong>Duces</strong></span> <span class='ocrx_word' id='word_1_564' title='bbox 1189 3635 1302 3706; x_wconf 90' lang='lat' dir='ltr'><strong>ejus</strong></span> <span class='ocrx_word' id='word_1_565' title='bbox 1322 3653 1438 3690; x_wconf 90' lang='lat' dir='ltr'><strong>cum</strong></span> <span class='ocrx_word' id='word_1_566' title='bbox 1466 3639 1757 3693; x_wconf 87' lang='lat' dir='ltr'><strong>muneribus</strong></span> <span class='ocrx_word' id='word_1_567' title='bbox 1777 3640 1926 3710; x_wconf 81' lang='lat' dir='ltr'><strong>judi-</strong></span> 
     </span>
    </p>
   </div>
   <div class='ocr_carea' id='block_1_67' title="bbox 354 3721 1924 3798">
    <p class='ocr_par' dir='ltr' id='par_1_67' title="bbox 354 3721 1924 3798">
     <span class='ocr_line' id='line_1_67' title="bbox 354 3721 1924 3798; baseline 0.005 -23"><span class='ocrx_word' id='word_1_568' title='bbox 354 3721 562 3790; x_wconf 88' lang='lat' dir='ltr'><strong>cabant,</strong></span> <span class='ocrx_word' id='word_1_569' title='bbox 590 3733 639 3777; x_wconf 91' lang='lat' dir='ltr'><strong>et</strong></span> <span class='ocrx_word' id='word_1_570' title='bbox 666 3724 956 3778; x_wconf 88' lang='lat' dir='ltr'><strong>sacerdotes</strong></span> <span class='ocrx_word' id='word_1_571' title='bbox 990 3726 1101 3794; x_wconf 88' lang='lat' dir='ltr'><strong>ejus</strong></span> <span class='ocrx_word' id='word_1_572' title='bbox 1125 3741 1239 3778; x_wconf 90' lang='lat' dir='ltr'><strong>cum</strong></span> <span class='ocrx_word' id='word_1_573' title='bbox 1273 3727 1503 3780; x_wconf 85' lang='lat' dir='ltr'><strong>mercede</strong></span> <span class='ocrx_word' id='word_1_574' title='bbox 1531 3729 1924 3798; x_wconf 88' lang='lat' dir='ltr'><strong>respondebant,</strong></span> 
     </span>
    </p>
   </div>
   <div class='ocr_carea' id='block_1_68' title="bbox 353 3814 1926 3885">
    <p class='ocr_par' dir='ltr' id='par_1_68' title="bbox 353 3814 1926 3885">
     <span class='ocr_line' id='line_1_68' title="bbox 353 3814 1926 3885; baseline 0.004 -18"><span class='ocrx_word' id='word_1_575' title='bbox 353 3823 404 3867; x_wconf 91' lang='lat' dir='ltr'><strong>et</strong></span> <span class='ocrx_word' id='word_1_576' title='bbox 444 3814 706 3884; x_wconf 79' lang='lat' dir='ltr'><strong>prapheta:</strong></span> <span class='ocrx_word' id='word_1_577' title='bbox 733 3815 843 3884; x_wconf 87' lang='lat' dir='ltr'><strong>ejus</strong></span> <span class='ocrx_word' id='word_1_578' title='bbox 873 3831 985 3868; x_wconf 87' lang='lat' dir='ltr'><strong>cum</strong></span> <span class='ocrx_word' id='word_1_579' title='bbox 1015 3817 1234 3885; x_wconf 83' lang='lat' dir='ltr'><strong>pecunia</strong></span> <span class='ocrx_word' id='word_1_580' title='bbox 1275 3817 1605 3881; x_wconf 90' lang='lat' dir='ltr'><strong>divinabant,</strong></span> <span class='ocrx_word' id='word_1_581' title='bbox 1645 3829 1694 3872; x_wconf 90' lang='lat' dir='ltr'><strong>et</strong></span> <span class='ocrx_word' id='word_1_582' title='bbox 1729 3821 1782 3874; x_wconf 92' lang='lat' dir='ltr'><strong>in</strong></span> <span class='ocrx_word' id='word_1_583' title='bbox 1813 3820 1926 3874; x_wconf 91' lang='lat' dir='ltr'><strong>Do-</strong></span> 
     </span>
    </p>
   </div>
   <div class='ocr_carea' id='block_1_69' title="bbox 351 3904 1927 3975">
    <p class='ocr_par' dir='ltr' id='par_1_69' title="bbox 351 3904 1927 3975">
     <span class='ocr_line' id='line_1_69' title="bbox 351 3904 1927 3975; baseline 0.006 -19"><span class='ocrx_word' id='word_1_584' title='bbox 351 3905 493 3958; x_wconf 92' lang='lat' dir='ltr'><strong>mino</strong></span> <span class='ocrx_word' id='word_1_585' title='bbox 522 3904 927 3975; x_wconf 86' lang='lat' dir='ltr'><strong>requiescebant,</strong></span> <span class='ocrx_word' id='word_1_586' title='bbox 957 3905 1184 3959; x_wconf 83' lang='lat' dir='ltr'><strong>dicentes</strong></span> <span class='ocrx_word' id='word_1_587' title='bbox 1213 3921 1231 3959; x_wconf 90' lang='lat'><strong><em>:</em></strong></span> <span class='ocrx_word' id='word_1_588' title='bbox 1263 3904 1454 3960; x_wconf 91' lang='lat' dir='ltr'><strong>Nonne</strong></span> <span class='ocrx_word' id='word_1_589' title='bbox 1484 3907 1730 3963; x_wconf 87' lang='lat' dir='ltr'><strong>Dominus</strong></span> <span class='ocrx_word' id='word_1_590' title='bbox 1751 3912 1804 3963; x_wconf 89' lang='lat' dir='ltr'><strong>in</strong></span> <span class='ocrx_word' id='word_1_591' title='bbox 1833 3928 1927 3966; x_wconf 90' lang='lat' dir='ltr'><strong>no-</strong></span> 
     </span>
    </p>
   </div>
   <div class='ocr_carea' id='block_1_70' title="bbox 353 3993 1926 4070">
    <p class='ocr_par' dir='ltr' id='par_1_70' title="bbox 353 3993 1926 4070">
     <span class='ocr_line' id='line_1_70' title="bbox 353 3993 1926 4070; baseline 0.005 -22"><span class='ocrx_word' id='word_1_592' title='bbox 353 3995 432 4049; x_wconf 87' lang='lat' dir='ltr'><strong>bis</strong></span> <span class='ocrx_word' id='word_1_593' title='bbox 459 3996 570 4049; x_wconf 88' lang='lat' dir='ltr'><strong>est?</strong></span> <span class='ocrx_word' id='word_1_594' title='bbox 593 3993 717 4049; x_wconf 91' lang='lat' dir='ltr'><strong>Non</strong></span> <span class='ocrx_word' id='word_1_595' title='bbox 746 3998 945 4048; x_wconf 88' lang='lat' dir='ltr'><strong>venient</strong></span> <span class='ocrx_word' id='word_1_596' title='bbox 972 4012 1124 4064; x_wconf 89' lang='lat' dir='ltr'><strong>super</strong></span> <span class='ocrx_word' id='word_1_597' title='bbox 1145 4013 1238 4050; x_wconf 89' lang='lat' dir='ltr'><strong>nos</strong></span> <span class='ocrx_word' id='word_1_598' title='bbox 1268 3997 1426 4051; x_wconf 85' lang='lat' dir='ltr'><strong>mala.</strong></span> <span class='ocrx_word' id='word_1_599' title='bbox 1456 3997 1578 4053; x_wconf 83' lang='lat' dir='ltr'><strong>Ideo</strong></span> <span class='ocrx_word' id='word_1_600' title='bbox 1606 4011 1814 4070; x_wconf 89' lang='lat' dir='ltr'><strong>propter</strong></span> <span class='ocrx_word' id='word_1_601' title='bbox 1841 4019 1926 4057; x_wconf 91' lang='lat' dir='ltr'><strong>vos</strong></span> 
     </span>
    </p>
   </div>
   <div class='ocr_carea' id='block_1_71' title="bbox 360 4085 1928 4165">
    <p class='ocr_par' dir='ltr' id='par_1_71' title="bbox 360 4085 1928 4165">
     <span class='ocr_line' id='line_1_71' title="bbox 360 4085 1928 4165; baseline 0.003 -25"><span class='ocrx_word' id='word_1_602' title='bbox 360 4085 492 4140; x_wconf 83' lang='lat' dir='ltr'><strong>Sion</strong></span> <span class='ocrx_word' id='word_1_603' title='bbox 527 4087 660 4140; x_wconf 88' lang='lat' dir='ltr'><strong>sicut</strong></span> <span class='ocrx_word' id='word_1_604' title='bbox 697 4101 821 4155; x_wconf 87' lang='lat' dir='ltr'><strong>ager</strong></span> <span class='ocrx_word' id='word_1_605' title='bbox 870 4087 1118 4152; x_wconf 87' lang='lat' dir='ltr'><strong>arabitur,</strong></span> <span class='ocrx_word' id='word_1_606' title='bbox 1149 4095 1198 4140; x_wconf 93' lang='lat' dir='ltr'><strong>et</strong></span> <span class='ocrx_word' id='word_1_607' title='bbox 1237 4087 1524 4142; x_wconf 84' lang='lat' dir='ltr'><strong>Jerusalem</strong></span> <span class='ocrx_word' id='word_1_608' title='bbox 1552 4091 1682 4143; x_wconf 89' lang='lat' dir='ltr'><strong>sicut</strong></span> <span class='ocrx_word' id='word_1_609' title='bbox 1721 4093 1928 4165; x_wconf 87' lang='lat' dir='ltr'><strong>specula</strong></span> 
     </span>
    </p>
   </div>
   <div class='ocr_carea' id='block_1_72' title="bbox 353 4176 1923 4252">
    <p class='ocr_par' dir='ltr' id='par_1_72' title="bbox 353 4176 1923 4252">
     <span class='ocr_line' id='line_1_72' title="bbox 353 4176 1923 4252; baseline 0.006 -25"><span class='ocrx_word' id='word_1_610' title='bbox 353 4176 575 4240; x_wconf 86' lang='lat' dir='ltr'><strong>pomarii</strong></span> <span class='ocrx_word' id='word_1_611' title='bbox 604 4176 720 4238; x_wconf 89' lang='lat' dir='ltr'><strong>erit,</strong></span> <span class='ocrx_word' id='word_1_612' title='bbox 750 4183 800 4228; x_wconf 90' lang='lat' dir='ltr'><strong>et</strong></span> <span class='ocrx_word' id='word_1_613' title='bbox 835 4192 981 4230; x_wconf 89' lang='lat' dir='ltr'><strong>mons</strong></span> <span class='ocrx_word' id='word_1_614' title='bbox 1010 4177 1191 4230; x_wconf 90' lang='lat' dir='ltr'><strong>domus</strong></span> <span class='ocrx_word' id='word_1_615' title='bbox 1219 4179 1349 4230; x_wconf 87' lang='lat' dir='ltr'><strong>sicut</strong></span> <span class='ocrx_word' id='word_1_616' title='bbox 1377 4180 1542 4233; x_wconf 87' lang='lat' dir='ltr'><strong>saltus</strong></span> <span class='ocrx_word' id='word_1_617' title='bbox 1567 4181 1710 4235; x_wconf 70' lang='lat' dir='ltr'><strong>silva:</strong></span> <span class='ocrx_word' id='word_1_618' title='bbox 1736 4181 1923 4252; x_wconf 81' lang='lat' dir='ltr'><strong>(Mich.</strong></span> 
     </span>
    </p>
   </div>
   <div class='ocr_carea' id='block_1_73' title="bbox 352 4265 1926 4344">
    <p class='ocr_par' dir='ltr' id='par_1_73' title="bbox 352 4265 1926 4344">
     <span class='ocr_line' id='line_1_73' title="bbox 352 4265 1926 4344; baseline 0.006 -24"><span class='ocrx_word' id='word_1_619' title='bbox 352 4281 431 4330; x_wconf 85' lang='lat' dir='ltr'><strong>tu,</strong></span> <span class='ocrx_word' id='word_1_620' title='bbox 458 4265 506 4332; x_wconf 80' lang='grc'><strong>1,</strong></span> <span class='ocrx_word' id='word_1_621' title='bbox 528 4265 636 4338; x_wconf 75' lang='lat'><strong>12).</strong></span> <span class='ocrx_word' id='word_1_622' title='bbox 661 4265 728 4319; x_wconf 87' lang='lat' dir='ltr'><strong>Et</strong></span> <span class='ocrx_word' id='word_1_623' title='bbox 754 4275 876 4336; x_wconf 87' lang='lat' dir='ltr'><strong>post</strong></span> <span class='ocrx_word' id='word_1_624' title='bbox 895 4267 1166 4336; x_wconf 87' lang='lat' dir='ltr'><strong>aliquanta</strong></span> <span class='ocrx_word' id='word_1_625' title='bbox 1188 4287 1200 4322; x_wconf 86' lang='lat'><strong>:</strong></span> <span class='ocrx_word' id='word_1_626' title='bbox 1219 4269 1336 4323; x_wconf 83' lang='lat' dir='ltr'><strong>lleu</strong></span> <span class='ocrx_word' id='word_1_627' title='bbox 1364 4288 1443 4324; x_wconf 90' lang='lat' dir='ltr'><strong>me</strong></span> <span class='ocrx_word' id='word_1_628' title='bbox 1461 4274 1604 4342; x_wconf 90' lang='lat' dir='ltr'><strong>lquia</strong></span> <span class='ocrx_word' id='word_1_629' title='bbox 1626 4276 1793 4344; x_wconf 88' lang='lat' dir='ltr'><strong>factus</strong></span> <span class='ocrx_word' id='word_1_630' title='bbox 1813 4291 1926 4328; x_wconf 89' lang='lat' dir='ltr'><strong>sum</strong></span> 
     </span>
    </p>
   </div>
   <div class='ocr_carea' id='block_1_74' title="bbox 351 4357 1924 4428">
    <p class='ocr_par' dir='ltr' id='par_1_74' title="bbox 351 4357 1924 4428">
     <span class='ocr_line' id='line_1_74' title="bbox 351 4357 1924 4428; baseline 0.007 -21"><span class='ocrx_word' id='word_1_631' title='bbox 351 4357 482 4408; x_wconf 90' lang='lat' dir='ltr'><strong>sicut</strong></span> <span class='ocrx_word' id='word_1_632' title='bbox 510 4358 595 4424; x_wconf 85' lang='lat' dir='ltr'><strong>qui</strong></span> <span class='ocrx_word' id='word_1_633' title='bbox 623 4357 818 4428; x_wconf 86' lang='lat' dir='ltr'><strong>colligit</strong></span> <span class='ocrx_word' id='word_1_634' title='bbox 844 4359 1086 4428; x_wconf 89' lang='lat' dir='ltr'><strong>stipulam</strong></span> <span class='ocrx_word' id='word_1_635' title='bbox 1112 4359 1167 4412; x_wconf 90' lang='lat' dir='ltr'><strong>in</strong></span> <span class='ocrx_word' id='word_1_636' title='bbox 1194 4376 1373 4424; x_wconf 89' lang='lat' dir='ltr'><strong>messe,</strong></span> <span class='ocrx_word' id='word_1_637' title='bbox 1397 4371 1445 4414; x_wconf 91' lang='lat' dir='ltr'><strong>et</strong></span> <span class='ocrx_word' id='word_1_638' title='bbox 1469 4363 1598 4415; x_wconf 89' lang='lat' dir='ltr'><strong>sicut</strong></span> <span class='ocrx_word' id='word_1_639' title='bbox 1619 4380 1850 4418; x_wconf 89' lang='lat' dir='ltr'><strong>racemus</strong></span> <span class='ocrx_word' id='word_1_640' title='bbox 1870 4367 1924 4420; x_wconf 91' lang='lat' dir='ltr'><strong>in</strong></span> 
     </span>
    </p>
   </div>
   <div class='ocr_carea' id='block_1_75' title="bbox 351 4444 1924 4524">
    <p class='ocr_par' dir='ltr' id='par_1_75' title="bbox 351 4444 1924 4524">
     <span class='ocr_line' id='line_1_75' title="bbox 351 4444 1924 4524; baseline 0.008 -28"><span class='ocrx_word' id='word_1_641' title='bbox 351 4444 624 4508; x_wconf 89' lang='lat' dir='ltr'><strong>vindemia,</strong></span> <span class='ocrx_word' id='word_1_642' title='bbox 660 4461 776 4498; x_wconf 90' lang='lat' dir='ltr'><strong>cum</strong></span> <span class='ocrx_word' id='word_1_643' title='bbox 815 4463 917 4501; x_wconf 86' lang='lat' dir='ltr'><strong>non</strong></span> <span class='ocrx_word' id='word_1_644' title='bbox 946 4449 1014 4500; x_wconf 86' lang='lat' dir='ltr'><strong>sit</strong></span> <span class='ocrx_word' id='word_1_645' title='bbox 1060 4447 1234 4502; x_wconf 90' lang='lat' dir='ltr'><strong>botrus</strong></span> <span class='ocrx_word' id='word_1_646' title='bbox 1274 4450 1342 4502; x_wconf 89' lang='lat' dir='ltr'><strong>ad</strong></span> <span class='ocrx_word' id='word_1_647' title='bbox 1368 4451 1781 4506; x_wconf 89' lang='lat' dir='ltr'><strong>manducandum</strong></span> <span class='ocrx_word' id='word_1_648' title='bbox 1812 4457 1924 4524; x_wconf 87' lang='lat' dir='ltr'><strong>pri-</strong></span> 
     </span>
    </p>
   </div>
   <div class='ocr_carea' id='block_1_76' title="bbox 352 4537 1920 4615">
    <p class='ocr_par' dir='ltr' id='par_1_76' title="bbox 352 4537 1920 4615">
     <span class='ocr_line' id='line_1_76' title="bbox 352 4537 1920 4615; baseline 0.006 -25"><span class='ocrx_word' id='word_1_649' title='bbox 352 4539 547 4591; x_wconf 90' lang='lat' dir='ltr'><strong>mitiva.</strong></span> <span class='ocrx_word' id='word_1_650' title='bbox 586 4537 702 4592; x_wconf 79' lang='lat' dir='ltr'><strong>Heu</strong></span> <span class='ocrx_word' id='word_1_651' title='bbox 733 4543 839 4596; x_wconf 85' lang='lat' dir='ltr'><strong>mel</strong></span> <span class='ocrx_word' id='word_1_652' title='bbox 863 4541 1036 4592; x_wconf 90' lang='lat' dir='ltr'><strong>anima</strong></span> <span class='ocrx_word' id='word_1_653' title='bbox 1063 4542 1182 4611; x_wconf 88' lang='lat' dir='ltr'><strong>quia</strong></span> <span class='ocrx_word' id='word_1_654' title='bbox 1211 4542 1362 4610; x_wconf 88' lang='lat' dir='ltr'><strong>periit</strong></span> <span class='ocrx_word' id='word_1_655' title='bbox 1393 4545 1606 4598; x_wconf 91' lang='lat' dir='ltr'><strong>terrenis</strong></span> <span class='ocrx_word' id='word_1_656' title='bbox 1636 4545 1872 4615; x_wconf 87' lang='lat' dir='ltr'><strong>operibus</strong></span> <span class='ocrx_word' id='word_1_657' title='bbox 1903 4563 1920 4600; x_wconf 92' lang='lat'><strong><em>:</em></strong></span> 
     </span>
    </p>
   </div>
   <div class='ocr_carea' id='block_1_77' title="bbox 350 4630 1923 4706">
    <p class='ocr_par' dir='ltr' id='par_1_77' title="bbox 350 4630 1923 4706">
     <span class='ocr_line' id='line_1_77' title="bbox 350 4630 1923 4706; baseline 0.008 -28"><span class='ocrx_word' id='word_1_658' title='bbox 350 4641 551 4691; x_wconf 89' lang='lat' dir='ltr'><strong>semper</strong></span> <span class='ocrx_word' id='word_1_659' title='bbox 589 4636 874 4681; x_wconf 79' lang='lat' dir='ltr'><strong>reverentia</strong></span> <span class='ocrx_word' id='word_1_660' title='bbox 903 4630 1137 4683; x_wconf 85' lang='lat' dir='ltr'><strong>exoritur</strong></span> <span class='ocrx_word' id='word_1_661' title='bbox 1178 4647 1410 4685; x_wconf 90' lang='lat' dir='ltr'><strong>reverens</strong></span> <span class='ocrx_word' id='word_1_662' title='bbox 1451 4649 1482 4684; x_wconf 91' lang='lat' dir='ltr'><strong>a</strong></span> <span class='ocrx_word' id='word_1_663' title='bbox 1529 4644 1668 4686; x_wconf 90' lang='lat' dir='ltr'><strong>terra</strong></span> <span class='ocrx_word' id='word_1_664' title='bbox 1695 4651 1713 4688; x_wconf 92' lang='lat'><strong><em>:</em></strong></span> <span class='ocrx_word' id='word_1_665' title='bbox 1756 4645 1806 4688; x_wconf 91' lang='lat' dir='ltr'><strong>et</strong></span> <span class='ocrx_word' id='word_1_666' title='bbox 1837 4639 1923 4706; x_wconf 89' lang='lat' dir='ltr'><strong>qui</strong></span> 
     </span>
    </p>
   </div>
   <div class='ocr_carea' id='block_1_78' title="bbox 350 4715 1924 4792">
    <p class='ocr_par' dir='ltr' id='par_1_78' title="bbox 350 4715 1924 4792">
     <span class='ocr_line' id='line_1_78' title="bbox 350 4715 1924 4792; baseline 0.008 -25"><span class='ocrx_word' id='word_1_667' title='bbox 350 4717 579 4785; x_wconf 88' lang='lat' dir='ltr'><strong>corrigat</strong></span> <span class='ocrx_word' id='word_1_668' title='bbox 611 4715 747 4769; x_wconf 90' lang='lat' dir='ltr'><strong>inter</strong></span> <span class='ocrx_word' id='word_1_669' title='bbox 774 4717 1005 4770; x_wconf 86' lang='lat' dir='ltr'><strong>homines</strong></span> <span class='ocrx_word' id='word_1_670' title='bbox 1039 4734 1142 4771; x_wconf 91' lang='lat' dir='ltr'><strong>non</strong></span> <span class='ocrx_word' id='word_1_671' title='bbox 1174 4729 1267 4772; x_wconf 91' lang='lat' dir='ltr'><strong>est.</strong></span> <span class='ocrx_word' id='word_1_672' title='bbox 1304 4717 1493 4775; x_wconf 89' lang='lat' dir='ltr'><strong>Omnes</strong></span> <span class='ocrx_word' id='word_1_673' title='bbox 1538 4723 1590 4775; x_wconf 92' lang='lat' dir='ltr'><strong>in</strong></span> <span class='ocrx_word' id='word_1_674' title='bbox 1619 4725 1924 4792; x_wconf 87' lang='lat' dir='ltr'><strong>sanguinem</strong></span> 
     </span>
    </p>
   </div>
   <div class='ocr_carea' id='block_1_79' title="bbox 347 4806 1923 4881">
    <p class='ocr_par' dir='ltr' id='par_1_79' title="bbox 347 4806 1923 4881">
     <span class='ocr_line' id='line_1_79' title="bbox 347 4806 1923 4881; baseline 0.008 -24"><span class='ocrx_word' id='word_1_675' title='bbox 347 4806 544 4876; x_wconf 89' lang='lat' dir='ltr'><strong>judicio</strong></span> <span class='ocrx_word' id='word_1_676' title='bbox 587 4807 928 4871; x_wconf 89' lang='lat' dir='ltr'><strong>contendunt,</strong></span> <span class='ocrx_word' id='word_1_677' title='bbox 979 4817 1030 4860; x_wconf 93' lang='lat' dir='ltr'><strong>et</strong></span> <span class='ocrx_word' id='word_1_678' title='bbox 1065 4811 1408 4880; x_wconf 88' lang='lat' dir='ltr'><strong>unusquisque</strong></span> <span class='ocrx_word' id='word_1_679' title='bbox 1447 4813 1736 4881; x_wconf 88' lang='lat' dir='ltr'><strong>proximum</strong></span> <span class='ocrx_word' id='word_1_680' title='bbox 1773 4830 1923 4870; x_wconf 90' lang='lat' dir='ltr'><strong>suum</strong></span> 
     </span>
    </p>
   </div>
   <div class='ocr_carea' id='block_1_80' title="bbox 351 4897 1922 4973">
    <p class='ocr_par' dir='ltr' id='par_1_80' title="bbox 351 4897 1922 4973">
     <span class='ocr_line' id='line_1_80' title="bbox 351 4897 1922 4973; baseline 0.005 -23"><span class='ocrx_word' id='word_1_681' title='bbox 351 4897 681 4951; x_wconf 81' lang='lat' dir='ltr'><strong>tribulatione</strong></span> <span class='ocrx_word' id='word_1_682' title='bbox 711 4898 951 4964; x_wconf 89' lang='lat' dir='ltr'><strong>tribulat,</strong></span> <span class='ocrx_word' id='word_1_683' title='bbox 990 4899 1045 4952; x_wconf 88' lang='lat' dir='ltr'><strong>in</strong></span> <span class='ocrx_word' id='word_1_684' title='bbox 1073 4899 1267 4952; x_wconf 89' lang='lat' dir='ltr'><strong>malum</strong></span> <span class='ocrx_word' id='word_1_685' title='bbox 1293 4915 1474 4954; x_wconf 89' lang='lat' dir='ltr'><strong>manus</strong></span> <span class='ocrx_word' id='word_1_686' title='bbox 1511 4917 1634 4954; x_wconf 90' lang='lat' dir='ltr'><strong>suas</strong></span> <span class='ocrx_word' id='word_1_687' title='bbox 1660 4916 1922 4973; x_wconf 74' lang='lat' dir='ltr'><strong>prxparat</strong></span> 
     </span>
    </p>
   </div>
   <div class='ocr_carea' id='block_1_81' title="bbox 349 4985 858 5058">
    <p class='ocr_par' dir='ltr' id='par_1_81' title="bbox 349 4985 858 5058">
     <span class='ocr_line' id='line_1_81' title="bbox 349 4985 858 5058; baseline 0.008 -22"><span class='ocrx_word' id='word_1_688' title='bbox 349 4985 534 5057; x_wconf 66' lang='lat' dir='ltr'><strong>(.ilich.</strong></span> <span class='ocrx_word' id='word_1_689' title='bbox 569 5001 660 5052; x_wconf 81' lang='lat' dir='ltr'><strong>vn,</strong></span> <span class='ocrx_word' id='word_1_690' title='bbox 698 4987 750 5052; x_wconf 83' lang='lat' dir='ltr'><strong>t,</strong></span> <span class='ocrx_word' id='word_1_691' title='bbox 780 4989 858 5058; x_wconf 70' lang='grc' dir='ltr'><strong>δ).</strong></span> 
     </span>
    </p>
   </div>
   <div class='ocr_carea' id='block_1_82' title="bbox 419 5078 1924 5152">
    <p class='ocr_par' dir='ltr' id='par_1_82' title="bbox 419 5078 1924 5152">
     <span class='ocr_line' id='line_1_82' title="bbox 419 5078 1924 5152; baseline 0.002 -18"><span class='ocrx_word' id='word_1_692' title='bbox 419 5078 546 5134; x_wconf 77' lang='lat' dir='ltr'><strong>CAP.</strong></span> <span class='ocrx_word' id='word_1_693' title='bbox 580 5095 692 5134; x_wconf 76' lang='lat' dir='ltr'><strong>xm.</strong></span> <span class='ocrx_word' id='word_1_694' title='bbox 726 5079 808 5134; x_wconf 86' lang='lat' dir='ltr'><strong>Ex</strong></span> <span class='ocrx_word' id='word_1_695' title='bbox 853 5080 1149 5152; x_wconf 78' lang='lat' dir='ltr'><strong>Sopltonia,</strong></span> <span class='ocrx_word' id='word_1_696' title='bbox 1197 5081 1484 5150; x_wconf 87' lang='lat' dir='ltr'><strong>Zacltaria,</strong></span> <span class='ocrx_word' id='word_1_697' title='bbox 1533 5082 1819 5138; x_wconf 82' lang='lat' dir='ltr'><strong>Malachia.</strong></span> <span class='ocrx_word' id='word_1_698' title='bbox 1849 5113 1924 5130; x_wconf 68' lang='grc' dir='ltr'><strong>-ο</strong></span> 
     </span>
    </p>
   </div>
   <div class='ocr_carea' id='block_1_83' title="bbox 350 5168 1922 5245">
    <p class='ocr_par' dir='ltr' id='par_1_83' title="bbox 350 5168 1922 5245">
     <span class='ocr_line' id='line_1_83' title="bbox 350 5168 1922 5245; baseline 0.005 -22"><span class='ocrx_word' id='word_1_699' title='bbox 350 5168 490 5237; x_wconf 84' lang='lat' dir='ltr'><strong>Quid</strong></span> <span class='ocrx_word' id='word_1_700' title='bbox 530 5170 830 5241; x_wconf 85' lang='lat' dir='ltr'><strong>Sophonias</strong></span> <span class='ocrx_word' id='word_1_701' title='bbox 857 5173 1020 5228; x_wconf 87' lang='lat' dir='ltr'><strong>etiam</strong></span> <span class='ocrx_word' id='word_1_702' title='bbox 1058 5173 1317 5244; x_wconf 87' lang='lat' dir='ltr'><strong>propheta</strong></span> <span class='ocrx_word' id='word_1_703' title='bbox 1364 5173 1608 5245; x_wconf 77' lang='lat' dir='ltr'><strong>egregius</strong></span> <span class='ocrx_word' id='word_1_704' title='bbox 1634 5175 1702 5230; x_wconf 88' lang='lat' dir='ltr'><strong>de</strong></span> <span class='ocrx_word' id='word_1_705' title='bbox 1729 5176 1922 5231; x_wconf 84' lang='lat' dir='ltr'><strong>vestris</strong></span> 
     </span>
    </p>
   </div>
   <div class='ocr_carea' id='block_1_84' title="bbox 353 5261 1922 5336">
    <p class='ocr_par' dir='ltr' id='par_1_84' title="bbox 353 5261 1922 5336">
     <span class='ocr_line' id='line_1_84' title="bbox 353 5261 1922 5336; baseline 0.004 -20"><span class='ocrx_word' id='word_1_706' title='bbox 353 5261 482 5316; x_wconf 88' lang='lat' dir='ltr'><strong>olim</strong></span> <span class='ocrx_word' id='word_1_707' title='bbox 509 5265 902 5321; x_wconf 87' lang='lat' dir='ltr'><strong>comessoribus</strong></span> <span class='ocrx_word' id='word_1_708' title='bbox 944 5265 1348 5336; x_wconf 83' lang='lat' dir='ltr'><strong>disceptaverit,</strong></span> <span class='ocrx_word' id='word_1_709' title='bbox 1400 5266 1658 5321; x_wconf 85' lang='lat' dir='ltr'><strong>attendite</strong></span> <span class='ocrx_word' id='word_1_710' title='bbox 1690 5283 1702 5319; x_wconf 92' lang='lat'>:</span> <span class='ocrx_word' id='word_1_711' title='bbox 1739 5266 1808 5322; x_wconf 90' lang='lat' dir='ltr'><strong>de</strong></span> <span class='ocrx_word' id='word_1_712' title='bbox 1832 5265 1922 5321; x_wconf 80' lang='lat' dir='ltr'><strong>Je-</strong></span> 
     </span>
    </p>
   </div>
   <div class='ocr_carea' id='block_1_85' title="bbox 351 5353 1918 5425">
    <p class='ocr_par' dir='ltr' id='par_1_85' title="bbox 351 5353 1918 5425">
     <span class='ocr_line' id='line_1_85' title="bbox 351 5353 1918 5425; baseline 0.001 -15"><span class='ocrx_word' id='word_1_713' title='bbox 351 5353 582 5410; x_wconf 82' lang='lat' dir='ltr'><strong>rusalem</strong></span> <span class='ocrx_word' id='word_1_714' title='bbox 596 5368 823 5424; x_wconf 90' lang='lat' dir='ltr'><strong>namque</strong></span> <span class='ocrx_word' id='word_1_715' title='bbox 835 5355 1171 5425; x_wconf 83' lang='lat' dir='ltr'><strong>loquebatur,</strong></span> <span class='ocrx_word' id='word_1_716' title='bbox 1194 5369 1313 5424; x_wconf 64' lang='lat' dir='ltr'><strong>quae</strong></span> <span class='ocrx_word' id='word_1_717' title='bbox 1323 5355 1672 5424; x_wconf 86' lang='lat' dir='ltr'><strong>spiritualiter</strong></span> <span class='ocrx_word' id='word_1_718' title='bbox 1682 5354 1918 5412; x_wconf 84' lang='lat' dir='ltr'><strong>Ecclesia</strong></span> 
     </span>
    </p>
   </div>
   <div class='ocr_carea' id='block_1_86' title="bbox 347 5442 1916 5519">
    <p class='ocr_par' dir='ltr' id='par_1_86' title="bbox 347 5442 1916 5519">
     <span class='ocr_line' id='line_1_86' title="bbox 347 5442 1916 5519; baseline 0.004 -23"><span class='ocrx_word' id='word_1_719' title='bbox 347 5443 435 5498; x_wconf 91' lang='lat' dir='ltr'><strong>vel</strong></span> <span class='ocrx_word' id='word_1_720' title='bbox 460 5442 634 5497; x_wconf 86' lang='lat' dir='ltr'><strong>anima</strong></span> <span class='ocrx_word' id='word_1_721' title='bbox 671 5445 998 5516; x_wconf 75' lang='lat' dir='ltr'><strong>intelligitur.</strong></span> <span class='ocrx_word' id='word_1_722' title='bbox 1046 5445 1114 5513; x_wconf 89' lang='grc' dir='ltr'><strong>Ο,</strong></span> <span class='ocrx_word' id='word_1_723' title='bbox 1145 5447 1418 5516; x_wconf 83' lang='lat' dir='ltr'><strong>inquiens,</strong></span> <span class='ocrx_word' id='word_1_724' title='bbox 1447 5463 1561 5519; x_wconf 66' lang='lat' dir='ltr'><strong>qua:</strong></span> <span class='ocrx_word' id='word_1_725' title='bbox 1585 5456 1696 5501; x_wconf 89' lang='lat' dir='ltr'><strong>erat</strong></span> <span class='ocrx_word' id='word_1_726' title='bbox 1741 5448 1916 5518; x_wconf 86' lang='lat' dir='ltr'><strong>splen-</strong></span> 
     </span>
    </p>
   </div>
   <div class='ocr_carea' id='block_1_87' title="bbox 347 5533 1916 5606">
    <p class='ocr_par' dir='ltr' id='par_1_87' title="bbox 347 5533 1916 5606">
     <span class='ocr_line' id='line_1_87' title="bbox 347 5533 1916 5606; baseline 0.003 -19"><span class='ocrx_word' id='word_1_727' title='bbox 347 5534 473 5588; x_wconf 85' lang='lat' dir='ltr'><strong>dida</strong></span> <span class='ocrx_word' id='word_1_728' title='bbox 502 5545 550 5588; x_wconf 89' lang='lat' dir='ltr'><strong>et</strong></span> <span class='ocrx_word' id='word_1_729' title='bbox 573 5533 790 5588; x_wconf 83' lang='lat' dir='ltr'><strong>liberata</strong></span> <span class='ocrx_word' id='word_1_730' title='bbox 828 5538 1026 5602; x_wconf 84' lang='lat' dir='ltr'><strong>civitas,</strong></span> <span class='ocrx_word' id='word_1_731' title='bbox 1051 5538 1316 5606; x_wconf 81' lang='lat' dir='ltr'><strong>conﬁdens</strong></span> <span class='ocrx_word' id='word_1_732' title='bbox 1343 5538 1598 5600; x_wconf 83' lang='lat' dir='ltr'><strong>columba,</strong></span> <span class='ocrx_word' id='word_1_733' title='bbox 1628 5555 1728 5592; x_wconf 89' lang='lat' dir='ltr'><strong>non</strong></span> <span class='ocrx_word' id='word_1_734' title='bbox 1756 5538 1916 5592; x_wconf 88' lang='lat' dir='ltr'><strong>obau-</strong></span> 
     </span>
    </p>
   </div>
   <div class='ocr_carea' id='block_1_88' title="bbox 347 5624 1914 5696">
    <p class='ocr_par' dir='ltr' id='par_1_88' title="bbox 347 5624 1914 5696">
     <span class='ocr_line' id='line_1_88' title="bbox 347 5624 1914 5696; baseline 0.004 -20"><span class='ocrx_word' id='word_1_735' title='bbox 347 5624 474 5678; x_wconf 76' lang='lat' dir='ltr'><strong>dirit</strong></span> <span class='ocrx_word' id='word_1_736' title='bbox 503 5640 673 5678; x_wconf 84' lang='lat' dir='ltr'><strong>vocem</strong></span> <span class='ocrx_word' id='word_1_737' title='bbox 701 5640 794 5678; x_wconf 82' lang='lat' dir='ltr'><strong>nec</strong></span> <span class='ocrx_word' id='word_1_738' title='bbox 823 5628 1047 5695; x_wconf 89' lang='lat' dir='ltr'><strong>percepit</strong></span> <span class='ocrx_word' id='word_1_739' title='bbox 1081 5627 1408 5696; x_wconf 88' lang='lat' dir='ltr'><strong>disciplinam</strong></span> <span class='ocrx_word' id='word_1_740' title='bbox 1435 5643 1454 5681; x_wconf 89' lang='lat'><em>:</em></span> <span class='ocrx_word' id='word_1_741' title='bbox 1477 5629 1531 5681; x_wconf 92' lang='lat' dir='ltr'><strong>in</strong></span> <span class='ocrx_word' id='word_1_742' title='bbox 1565 5627 1782 5683; x_wconf 90' lang='lat' dir='ltr'><strong>Domino</strong></span> <span class='ocrx_word' id='word_1_743' title='bbox 1811 5645 1914 5683; x_wconf 89' lang='lat' dir='ltr'><strong>non</strong></span> 
     </span>
    </p>
   </div>
   <div class='ocr_carea' id='block_1_89' title="bbox 349 5711 1910 5784">
    <p class='ocr_par' dir='ltr' id='par_1_89' title="bbox 349 5711 1910 5784">
     <span class='ocr_line' id='line_1_89' title="bbox 349 5711 1910 5784; baseline 0.003 -18"><span class='ocrx_word' id='word_1_744' title='bbox 349 5712 551 5782; x_wconf 76' lang='lat' dir='ltr'><strong>confisa</strong></span> <span class='ocrx_word' id='word_1_745' title='bbox 588 5723 684 5777; x_wconf 84' lang='lat' dir='ltr'><strong>est,</strong></span> <span class='ocrx_word' id='word_1_746' title='bbox 714 5722 763 5766; x_wconf 91' lang='lat' dir='ltr'><strong>et</strong></span> <span class='ocrx_word' id='word_1_747' title='bbox 797 5712 868 5765; x_wconf 89' lang='lat' dir='ltr'><strong>ad</strong></span> <span class='ocrx_word' id='word_1_748' title='bbox 905 5711 1070 5768; x_wconf 89' lang='lat' dir='ltr'><strong>Deum</strong></span> <span class='ocrx_word' id='word_1_749' title='bbox 1099 5731 1246 5769; x_wconf 90' lang='lat' dir='ltr'><strong>suum</strong></span> <span class='ocrx_word' id='word_1_750' title='bbox 1271 5732 1373 5770; x_wconf 89' lang='lat' dir='ltr'><strong>non</strong></span> <span class='ocrx_word' id='word_1_751' title='bbox 1410 5717 1623 5770; x_wconf 90' lang='lat' dir='ltr'><strong>accessit</strong></span> <span class='ocrx_word' id='word_1_752' title='bbox 1656 5716 1910 5784; x_wconf 88' lang='lat' dir='ltr'><strong>(Sophon.</strong></span> 
     </span>
    </p>
   </div>
   <div class='ocr_carea' id='block_1_90' title="bbox 353 5800 1912 5878">
    <p class='ocr_par' dir='ltr' id='par_1_90' title="bbox 353 5800 1912 5878">
     <span class='ocr_line' id='line_1_90' title="bbox 353 5800 1912 5878; baseline -0.001 -19"><span class='ocrx_word' id='word_1_753' title='bbox 353 5817 432 5870; x_wconf 81' lang='lat' dir='ltr'><strong>tu,</strong></span> <span class='ocrx_word' id='word_1_754' title='bbox 457 5801 506 5871; x_wconf 83' lang='grc'><strong>1,</strong></span> <span class='ocrx_word' id='word_1_755' title='bbox 533 5800 611 5875; x_wconf 74' lang='lat'><strong>2).</strong></span> <span class='ocrx_word' id='word_1_756' title='bbox 643 5801 712 5859; x_wconf 87' lang='lat' dir='ltr'><strong>Et</strong></span> <span class='ocrx_word' id='word_1_757' title='bbox 738 5801 788 5858; x_wconf 89' lang='lat' dir='ltr'><strong>id</strong></span> <span class='ocrx_word' id='word_1_758' title='bbox 816 5817 1002 5876; x_wconf 84' lang='lat' dir='ltr'><strong>quare,</strong></span> <span class='ocrx_word' id='word_1_759' title='bbox 1035 5804 1270 5861; x_wconf 83' lang='lat' dir='ltr'><strong>ostendit</strong></span> <span class='ocrx_word' id='word_1_760' title='bbox 1299 5823 1312 5860; x_wconf 88' lang='lat'><strong>:</strong></span> <span class='ocrx_word' id='word_1_761' title='bbox 1349 5804 1619 5876; x_wconf 77' lang='lat' dir='ltr'><strong>Principes</strong></span> <span class='ocrx_word' id='word_1_762' title='bbox 1644 5821 1754 5878; x_wconf 77' lang='lat' dir='ltr'><strong>ejus</strong></span> <span class='ocrx_word' id='word_1_763' title='bbox 1783 5807 1912 5861; x_wconf 80' lang='lat' dir='ltr'><strong>sicut</strong></span> 
     </span>
    </p>
   </div>
   <div class='ocr_carea' id='block_1_91' title="bbox 1952 4583 2005 4643">
    <p class='ocr_par' dir='ltr' id='par_1_91' title="bbox 1952 4583 2005 4643">
     <span class='ocr_line' id='line_1_91' title="bbox 1952 4583 2005 4643; baseline 0 0"><span class='ocrx_word' id='word_1_764' title='bbox 1952 4583 2005 4643; x_wconf 92' lang='lat' dir='ltr'><strong>D</strong></span> 
     </span>
    </p>
   </div>
   <div class='ocr_carea' id='block_1_92' title="bbox 2027 3271 3603 3345">
    <p class='ocr_par' dir='ltr' id='par_1_92' title="bbox 2027 3271 3603 3345">
     <span class='ocr_line' id='line_1_92' title="bbox 2027 3271 3603 3345; baseline 0.008 -24"><span class='ocrx_word' id='word_1_765' title='bbox 2027 3271 2162 3339; x_wconf 85' lang='lat' dir='ltr'><strong>quod</strong></span> <span class='ocrx_word' id='word_1_766' title='bbox 2185 3286 2287 3324; x_wconf 90' lang='lat' dir='ltr'><strong>non</strong></span> <span class='ocrx_word' id='word_1_767' title='bbox 2315 3288 2525 3340; x_wconf 90' lang='lat' dir='ltr'><strong>parcam</strong></span> <span class='ocrx_word' id='word_1_768' title='bbox 2545 3271 2659 3343; x_wconf 88' lang='lat' dir='ltr'><strong>jam</strong></span> <span class='ocrx_word' id='word_1_769' title='bbox 2681 3289 2833 3342; x_wconf 91' lang='lat' dir='ltr'><strong>super</strong></span> <span class='ocrx_word' id='word_1_770' title='bbox 2858 3274 3205 3331; x_wconf 81' lang='lat' dir='ltr'><strong>inhabitantes</strong></span> <span class='ocrx_word' id='word_1_771' title='bbox 3233 3286 3442 3345; x_wconf 87' lang='lat' dir='ltr'><strong>terram,</strong></span> <span class='ocrx_word' id='word_1_772' title='bbox 3477 3281 3603 3334; x_wconf 89' lang='lat' dir='ltr'><strong>dicit</strong></span> 
     </span>
    </p>
   </div>
   <div class='ocr_carea' id='block_1_93' title="bbox 2025 3359 3602 3435">
    <p class='ocr_par' dir='ltr' id='par_1_93' title="bbox 2025 3359 3602 3435">
     <span class='ocr_line' id='line_1_93' title="bbox 2025 3359 3602 3435; baseline 0.008 -22"><span class='ocrx_word' id='word_1_773' title='bbox 2025 3359 2278 3415; x_wconf 88' lang='lat' dir='ltr'><strong>Dominus</strong></span> <span class='ocrx_word' id='word_1_774' title='bbox 2309 3361 2496 3431; x_wconf 88' lang='lat' dir='ltr'><strong>(Zach.</strong></span> <span class='ocrx_word' id='word_1_775' title='bbox 2521 3378 2594 3428; x_wconf 76' lang='lat' dir='ltr'><strong>XI,</strong></span> <span class='ocrx_word' id='word_1_776' title='bbox 2619 3366 2678 3427; x_wconf 80' lang='lat'><strong>&#39;5,</strong></span> <span class='ocrx_word' id='word_1_777' title='bbox 2707 3363 2783 3433; x_wconf 85' lang='lat'><strong>6).</strong></span> <span class='ocrx_word' id='word_1_778' title='bbox 2812 3363 2946 3430; x_wconf 88' lang='lat' dir='ltr'><strong>Quid</strong></span> <span class='ocrx_word' id='word_1_779' title='bbox 2969 3374 3226 3435; x_wconf 64' lang='lat' dir='ltr'><strong>praeterea</strong></span> <span class='ocrx_word' id='word_1_780' title='bbox 3247 3378 3463 3425; x_wconf 86' lang='lat' dir='ltr'><strong>sanctus</strong></span> <span class='ocrx_word' id='word_1_781' title='bbox 3490 3370 3602 3427; x_wconf 81' lang='lat' dir='ltr'><strong>Ma-</strong></span> 
     </span>
    </p>
   </div>
   <div class='ocr_carea' id='block_1_94' title="bbox 2026 3450 3600 3526">
    <p class='ocr_par' dir='ltr' id='par_1_94' title="bbox 2026 3450 3600 3526">
     <span class='ocr_line' id='line_1_94' title="bbox 2026 3450 3600 3526; baseline 0.007 -23"><span class='ocrx_word' id='word_1_782' title='bbox 2026 3450 2230 3505; x_wconf 84' lang='lat' dir='ltr'><strong>lachias</strong></span> <span class='ocrx_word' id='word_1_783' title='bbox 2271 3452 2536 3520; x_wconf 86' lang='lat' dir='ltr'><strong>propheta</strong></span> <span class='ocrx_word' id='word_1_784' title='bbox 2582 3453 2734 3507; x_wconf 81' lang='lat' dir='ltr'><strong>vobis</strong></span> <span class='ocrx_word' id='word_1_785' title='bbox 2761 3452 3157 3510; x_wconf 87' lang='lat' dir='ltr'><strong>denuntiaverit</strong></span> <span class='ocrx_word' id='word_1_786' title='bbox 3197 3457 3377 3513; x_wconf 88' lang='lat' dir='ltr'><strong>audite</strong></span> <span class='ocrx_word' id='word_1_787' title='bbox 3409 3477 3421 3512; x_wconf 91' lang='lat'><strong>:</strong></span> <span class='ocrx_word' id='word_1_788' title='bbox 3474 3459 3600 3526; x_wconf 84' lang='lat' dir='ltr'><strong>Vos,</strong></span> 
     </span>
    </p>
   </div>
   <div class='ocr_carea' id='block_1_95' title="bbox 2026 3539 3603 3618">
    <p class='ocr_par' dir='ltr' id='par_1_95' title="bbox 2026 3539 3603 3618">
     <span class='ocr_line' id='line_1_95' title="bbox 2026 3539 3603 3618; baseline 0.008 -25"><span class='ocrx_word' id='word_1_789' title='bbox 2026 3539 2293 3609; x_wconf 88' lang='lat' dir='ltr'><strong>inquiens,</strong></span> <span class='ocrx_word' id='word_1_790' title='bbox 2345 3542 2638 3597; x_wconf 90' lang='lat' dir='ltr'><strong>sacerdotes</strong></span> <span class='ocrx_word' id='word_1_791' title='bbox 2665 3545 2750 3615; x_wconf 85' lang='lat' dir='ltr'><strong>qui</strong></span> <span class='ocrx_word' id='word_1_792' title='bbox 2795 3545 3040 3614; x_wconf 85' lang='lat' dir='ltr'><strong>spernitis</strong></span> <span class='ocrx_word' id='word_1_793' title='bbox 3067 3562 3252 3601; x_wconf 90' lang='lat' dir='ltr'><strong>nomen</strong></span> <span class='ocrx_word' id='word_1_794' title='bbox 3295 3565 3460 3604; x_wconf 89' lang='lat' dir='ltr'><strong>meum</strong></span> <span class='ocrx_word' id='word_1_795' title='bbox 3486 3592 3501 3618; x_wconf 92' lang='lat'><strong>,</strong></span> <span class='ocrx_word' id='word_1_796' title='bbox 3551 3562 3603 3605; x_wconf 88' lang='lat' dir='ltr'><strong>et</strong></span> 
     </span>
    </p>
   </div>
   <div class='ocr_carea' id='block_1_96' title="bbox 2027 3629 3600 3710">
    <p class='ocr_par' dir='ltr' id='par_1_96' title="bbox 2027 3629 3600 3710">
     <span class='ocr_line' id='line_1_96' title="bbox 2027 3629 3600 3710; baseline 0.008 -27"><span class='ocrx_word' id='word_1_797' title='bbox 2027 3630 2236 3684; x_wconf 88' lang='lat' dir='ltr'><strong>dixistis</strong></span> <span class='ocrx_word' id='word_1_798' title='bbox 2265 3647 2284 3685; x_wconf 91' lang='lat'><strong><em>:</em></strong></span> <span class='ocrx_word' id='word_1_799' title='bbox 2331 3629 2398 3685; x_wconf 84' lang='lat' dir='ltr'><strong>In</strong></span> <span class='ocrx_word' id='word_1_800' title='bbox 2427 3648 2524 3702; x_wconf 88' lang='lat' dir='ltr'><strong>quo</strong></span> <span class='ocrx_word' id='word_1_801' title='bbox 2552 3636 2839 3702; x_wconf 81' lang='lat' dir='ltr'><strong>spernimus</strong></span> <span class='ocrx_word' id='word_1_802' title='bbox 2869 3651 3053 3689; x_wconf 89' lang='lat' dir='ltr'><strong>nomen</strong></span> <span class='ocrx_word' id='word_1_803' title='bbox 3090 3638 3273 3691; x_wconf 82' lang='lat' dir='ltr'><strong>tuum?</strong></span> <span class='ocrx_word' id='word_1_804' title='bbox 3320 3638 3600 3710; x_wconf 74' lang='lat' dir='ltr'><strong>Offerendo</strong></span> 
     </span>
    </p>
   </div>
   <div class='ocr_carea' id='block_1_97' title="bbox 2027 3721 3599 3800">
    <p class='ocr_par' dir='ltr' id='par_1_97' title="bbox 2027 3721 3599 3800">
     <span class='ocr_line' id='line_1_97' title="bbox 2027 3721 3599 3800; baseline 0.008 -26"><span class='ocrx_word' id='word_1_805' title='bbox 2027 3721 2098 3774; x_wconf 92' lang='lat' dir='ltr'><strong>ad</strong></span> <span class='ocrx_word' id='word_1_806' title='bbox 2125 3722 2294 3776; x_wconf 91' lang='lat' dir='ltr'><strong>altare</strong></span> <span class='ocrx_word' id='word_1_807' title='bbox 2331 3739 2498 3778; x_wconf 89' lang='lat' dir='ltr'><strong>meum</strong></span> <span class='ocrx_word' id='word_1_808' title='bbox 2526 3740 2686 3794; x_wconf 88' lang='lat' dir='ltr'><strong>panes</strong></span> <span class='ocrx_word' id='word_1_809' title='bbox 2724 3725 2973 3794; x_wconf 90' lang='lat' dir='ltr'><strong>pollutos,</strong></span> <span class='ocrx_word' id='word_1_810' title='bbox 3001 3737 3052 3781; x_wconf 90' lang='lat' dir='ltr'><strong>et</strong></span> <span class='ocrx_word' id='word_1_811' title='bbox 3098 3729 3305 3784; x_wconf 79' lang='lat' dir='ltr'><strong>dixistis</strong></span> <span class='ocrx_word' id='word_1_812' title='bbox 3342 3747 3361 3785; x_wconf 89' lang='lat'><strong><em>:</em></strong></span> <span class='ocrx_word' id='word_1_813' title='bbox 3393 3731 3460 3786; x_wconf 84' lang='lat' dir='ltr'><strong>In</strong></span> <span class='ocrx_word' id='word_1_814' title='bbox 3500 3751 3599 3800; x_wconf 76' lang='lat' dir='ltr'><strong>quo</strong></span> 
     </span>
    </p>
   </div>
   <div class='ocr_carea' id='block_1_98' title="bbox 2026 3811 3600 3884">
    <p class='ocr_par' dir='ltr' id='par_1_98' title="bbox 2026 3811 3600 3884">
     <span class='ocr_line' id='line_1_98' title="bbox 2026 3811 3600 3884; baseline 0.007 -21"><span class='ocrx_word' id='word_1_815' title='bbox 2026 3811 2302 3879; x_wconf 84' lang='lat' dir='ltr'><strong>polluimus</strong></span> <span class='ocrx_word' id='word_1_816' title='bbox 2379 3812 2472 3872; x_wconf 79' lang='lat' dir='ltr'><strong>te?</strong></span> <span class='ocrx_word' id='word_1_817' title='bbox 2509 3811 2576 3866; x_wconf 85' lang='lat' dir='ltr'><strong>In</strong></span> <span class='ocrx_word' id='word_1_818' title='bbox 2617 3829 2676 3868; x_wconf 87' lang='lat' dir='ltr'><strong>eo</strong></span> <span class='ocrx_word' id='word_1_819' title='bbox 2714 3813 2850 3884; x_wconf 86' lang='lat' dir='ltr'><strong>quod</strong></span> <span class='ocrx_word' id='word_1_820' title='bbox 2885 3815 3137 3870; x_wconf 87' lang='lat' dir='ltr'><strong>dixistis:</strong></span> <span class='ocrx_word' id='word_1_821' title='bbox 3170 3817 3356 3872; x_wconf 78' lang='lat' dir='ltr'><strong>Mensa</strong></span> <span class='ocrx_word' id='word_1_822' title='bbox 3386 3819 3600 3875; x_wconf 87' lang='lat' dir='ltr'><strong>Domini</strong></span> 
     </span>
    </p>
   </div>
   <div class='ocr_carea' id='block_1_99' title="bbox 2026 3901 3598 3979">
    <p class='ocr_par' dir='ltr' id='par_1_99' title="bbox 2026 3901 3598 3979">
     <span class='ocr_line' id='line_1_99' title="bbox 2026 3901 3598 3979; baseline 0.011 -31"><span class='ocrx_word' id='word_1_823' title='bbox 2026 3916 2120 3970; x_wconf 86' lang='lat' dir='ltr'><strong>pro</strong></span> <span class='ocrx_word' id='word_1_824' title='bbox 2167 3901 2330 3955; x_wconf 91' lang='lat' dir='ltr'><strong>nihilo</strong></span> <span class='ocrx_word' id='word_1_825' title='bbox 2365 3909 2462 3956; x_wconf 90' lang='lat' dir='ltr'><strong>est.</strong></span> <span class='ocrx_word' id='word_1_826' title='bbox 2495 3901 2566 3955; x_wconf 88' lang='lat' dir='ltr'><strong>Et</strong></span> <span class='ocrx_word' id='word_1_827' title='bbox 2593 3919 2707 3972; x_wconf 69' lang='lat' dir='ltr'><strong>qua</strong></span> <span class='ocrx_word' id='word_1_828' title='bbox 2754 3907 3079 3976; x_wconf 90' lang='lat' dir='ltr'><strong>superposita</strong></span> <span class='ocrx_word' id='word_1_829' title='bbox 3121 3917 3241 3962; x_wconf 86' lang='lat' dir='ltr'><strong>sunt</strong></span> <span class='ocrx_word' id='word_1_830' title='bbox 3286 3911 3550 3979; x_wconf 89' lang='lat' dir='ltr'><strong>sprevistis</strong></span> <span class='ocrx_word' id='word_1_831' title='bbox 3580 3928 3598 3966; x_wconf 85' lang='lat'><strong>.&#39;</strong></span> 
     </span>
    </p>
   </div>
   <div class='ocr_carea' id='block_1_100' title="bbox 2025 3989 3596 4062">
    <p class='ocr_par' dir='ltr' id='par_1_100' title="bbox 2025 3989 3596 4062">
     <span class='ocr_line' id='line_1_100' title="bbox 2025 3989 3596 4062; baseline 0.007 -20"><span class='ocrx_word' id='word_1_832' title='bbox 2025 3991 2270 4059; x_wconf 87' lang='lat' dir='ltr'><strong>quoniam</strong></span> <span class='ocrx_word' id='word_1_833' title='bbox 2299 3991 2344 4044; x_wconf 89' lang='lat' dir='ltr'><strong>si</strong></span> <span class='ocrx_word' id='word_1_834' title='bbox 2372 3989 2645 4044; x_wconf 89' lang='lat' dir='ltr'><strong>adducatis</strong></span> <span class='ocrx_word' id='word_1_835' title='bbox 2673 4007 2863 4046; x_wconf 65' lang='lat' dir='ltr'><strong>caecum</strong></span> <span class='ocrx_word' id='word_1_836' title='bbox 2887 3993 2957 4046; x_wconf 91' lang='lat' dir='ltr'><strong>ad</strong></span> <span class='ocrx_word' id='word_1_837' title='bbox 2981 3996 3256 4062; x_wconf 89' lang='lat' dir='ltr'><strong>victimam,</strong></span> <span class='ocrx_word' id='word_1_838' title='bbox 3290 4014 3458 4052; x_wconf 89' lang='lat' dir='ltr'><strong>nonne</strong></span> <span class='ocrx_word' id='word_1_839' title='bbox 3482 4015 3596 4053; x_wconf 63' lang='lat' dir='ltr'><strong>ma.</strong></span> 
     </span>
    </p>
   </div>
   <div class='ocr_carea' id='block_1_101' title="bbox 2027 4080 3602 4159">
    <p class='ocr_par' dir='ltr' id='par_1_101' title="bbox 2027 4080 3602 4159">
     <span class='ocr_line' id='line_1_101' title="bbox 2027 4080 3602 4159; baseline 0.008 -24"><span class='ocrx_word' id='word_1_840' title='bbox 2027 4080 2172 4136; x_wconf 82' lang='lat' dir='ltr'><strong>lum?</strong></span> <span class='ocrx_word' id='word_1_841' title='bbox 2208 4082 2270 4137; x_wconf 90' lang='lat' dir='ltr'><strong>Si</strong></span> <span class='ocrx_word' id='word_1_842' title='bbox 2311 4081 2624 4137; x_wconf 89' lang='lat' dir='ltr'><strong>admoveatis</strong></span> <span class='ocrx_word' id='word_1_843' title='bbox 2656 4084 2896 4139; x_wconf 88' lang='lat' dir='ltr'><strong>claudum</strong></span> <span class='ocrx_word' id='word_1_844' title='bbox 2929 4095 3017 4139; x_wconf 89' lang='lat' dir='ltr'><strong>aut</strong></span> <span class='ocrx_word' id='word_1_845' title='bbox 3049 4087 3384 4159; x_wconf 89' lang='lat' dir='ltr'><strong>languidum,</strong></span> <span class='ocrx_word' id='word_1_846' title='bbox 3427 4107 3602 4147; x_wconf 83' lang='lat' dir='ltr'><strong>nonne</strong></span> 
     </span>
    </p>
   </div>
   <div class='ocr_carea' id='block_1_102' title="bbox 2026 4169 3601 4250">
    <p class='ocr_par' dir='ltr' id='par_1_102' title="bbox 2026 4169 3601 4250">
     <span class='ocr_line' id='line_1_102' title="bbox 2026 4169 3601 4250; baseline 0.005 -24"><span class='ocrx_word' id='word_1_847' title='bbox 2026 4172 2258 4226; x_wconf 82' lang='lat' dir='ltr'><strong>malum?</strong></span> <span class='ocrx_word' id='word_1_848' title='bbox 2287 4169 2432 4240; x_wconf 82' lang='lat' dir='ltr'><strong>Offer</strong></span> <span class='ocrx_word' id='word_1_849' title='bbox 2458 4173 2628 4243; x_wconf 89' lang='lat' dir='ltr'><strong>itaque</strong></span> <span class='ocrx_word' id='word_1_850' title='bbox 2655 4173 2786 4226; x_wconf 87' lang='lat' dir='ltr'><strong>illud</strong></span> <span class='ocrx_word' id='word_1_851' title='bbox 2829 4177 3107 4245; x_wconf 73' lang='lat' dir='ltr'><strong>prteposito</strong></span> <span class='ocrx_word' id='word_1_852' title='bbox 3151 4185 3255 4241; x_wconf 90' lang='lat' dir='ltr'><strong>tuo,</strong></span> <span class='ocrx_word' id='word_1_853' title='bbox 3287 4179 3333 4231; x_wconf 87' lang='lat' dir='ltr'><strong>si</strong></span> <span class='ocrx_word' id='word_1_854' title='bbox 3358 4181 3601 4250; x_wconf 84' lang='lat' dir='ltr'><strong>suscipiet</strong></span> 
     </span>
    </p>
   </div>
   <div class='ocr_carea' id='block_1_103' title="bbox 2026 4262 3602 4332">
    <p class='ocr_par' dir='ltr' id='par_1_103' title="bbox 2026 4262 3602 4332">
     <span class='ocr_line' id='line_1_103' title="bbox 2026 4262 3602 4332; baseline 0.005 -17"><span class='ocrx_word' id='word_1_855' title='bbox 2026 4263 2176 4324; x_wconf 91' lang='lat' dir='ltr'><strong>illud,</strong></span> <span class='ocrx_word' id='word_1_856' title='bbox 2207 4262 2254 4316; x_wconf 89' lang='lat' dir='ltr'><strong>si</strong></span> <span class='ocrx_word' id='word_1_857' title='bbox 2280 4262 2495 4331; x_wconf 89' lang='lat' dir='ltr'><strong>accipiet</strong></span> <span class='ocrx_word' id='word_1_858' title='bbox 2535 4278 2809 4332; x_wconf 87' lang='lat' dir='ltr'><strong>personam</strong></span> <span class='ocrx_word' id='word_1_859' title='bbox 2856 4274 3014 4328; x_wconf 90' lang='lat' dir='ltr'><strong>tuam,</strong></span> <span class='ocrx_word' id='word_1_860' title='bbox 3044 4265 3166 4318; x_wconf 88' lang='lat' dir='ltr'><strong>dicit</strong></span> <span class='ocrx_word' id='word_1_861' title='bbox 3195 4265 3450 4321; x_wconf 89' lang='lat' dir='ltr'><strong>Dominus</strong></span> <span class='ocrx_word' id='word_1_862' title='bbox 3487 4285 3602 4322; x_wconf 91' lang='lat' dir='ltr'><strong>om-</strong></span> 
     </span>
    </p>
   </div>
   <div class='ocr_carea' id='block_1_104' title="bbox 2026 4351 3603 4430">
    <p class='ocr_par' dir='ltr' id='par_1_104' title="bbox 2026 4351 3603 4430">
     <span class='ocr_line' id='line_1_104' title="bbox 2026 4351 3603 4430; baseline 0.006 -26"><span class='ocrx_word' id='word_1_863' title='bbox 2026 4353 2282 4421; x_wconf 86' lang='lat' dir='ltr'><strong>nipotens.</strong></span> <span class='ocrx_word' id='word_1_864' title='bbox 2308 4351 2379 4405; x_wconf 86' lang='lat' dir='ltr'><strong>Et</strong></span> <span class='ocrx_word' id='word_1_865' title='bbox 2407 4369 2543 4407; x_wconf 90' lang='lat' dir='ltr'><strong>nunc</strong></span> <span class='ocrx_word' id='word_1_866' title='bbox 2570 4365 2781 4409; x_wconf 87' lang='lat' dir='ltr'><strong>exorate</strong></span> <span class='ocrx_word' id='word_1_867' title='bbox 2809 4357 2994 4426; x_wconf 89' lang='lat' dir='ltr'><strong>faciem</strong></span> <span class='ocrx_word' id='word_1_868' title='bbox 3013 4356 3112 4410; x_wconf 91' lang='lat' dir='ltr'><strong>Dei</strong></span> <span class='ocrx_word' id='word_1_869' title='bbox 3141 4361 3312 4421; x_wconf 87' lang='lat' dir='ltr'><strong>vestri,</strong></span> <span class='ocrx_word' id='word_1_870' title='bbox 3344 4371 3393 4412; x_wconf 91' lang='lat' dir='ltr'><strong>et</strong></span> <span class='ocrx_word' id='word_1_871' title='bbox 3417 4360 3603 4430; x_wconf 86' lang='lat' dir='ltr'><strong>depre-</strong></span> 
     </span>
    </p>
   </div>
   <div class='ocr_carea' id='block_1_105' title="bbox 2027 4443 3604 4519">
    <p class='ocr_par' dir='ltr' id='par_1_105' title="bbox 2027 4443 3604 4519">
     <span class='ocr_line' id='line_1_105' title="bbox 2027 4443 3604 4519; baseline 0.009 -26"><span class='ocrx_word' id='word_1_872' title='bbox 2027 4443 2215 4495; x_wconf 90' lang='lat' dir='ltr'><strong>camini</strong></span> <span class='ocrx_word' id='word_1_873' title='bbox 2243 4459 2357 4496; x_wconf 91' lang='lat' dir='ltr'><strong>eum</strong></span> <span class='ocrx_word' id='word_1_874' title='bbox 2387 4459 2406 4497; x_wconf 91' lang='lat'><strong><em>:</em></strong></span> <span class='ocrx_word' id='word_1_875' title='bbox 2433 4446 2486 4498; x_wconf 90' lang='lat' dir='ltr'><strong>in</strong></span> <span class='ocrx_word' id='word_1_876' title='bbox 2507 4444 2741 4500; x_wconf 87' lang='lat' dir='ltr'><strong>manibus</strong></span> <span class='ocrx_word' id='word_1_877' title='bbox 2765 4449 2942 4502; x_wconf 89' lang='lat' dir='ltr'><strong>vestris</strong></span> <span class='ocrx_word' id='word_1_878' title='bbox 2971 4450 3111 4519; x_wconf 87' lang='lat' dir='ltr'><strong>facta</strong></span> <span class='ocrx_word' id='word_1_879' title='bbox 3133 4461 3251 4502; x_wconf 89' lang='lat' dir='ltr'><strong>sunt</strong></span> <span class='ocrx_word' id='word_1_880' title='bbox 3279 4451 3403 4516; x_wconf 68' lang='lat' dir='ltr'><strong>haec,</strong></span> <span class='ocrx_word' id='word_1_881' title='bbox 3439 4454 3483 4506; x_wconf 89' lang='lat' dir='ltr'><strong>si</strong></span> <span class='ocrx_word' id='word_1_882' title='bbox 3511 4469 3604 4506; x_wconf 85' lang='lat' dir='ltr'><strong>ac-</strong></span> 
     </span>
    </p>
   </div>
   <div class='ocr_carea' id='block_1_106' title="bbox 2027 4533 3603 4612">
    <p class='ocr_par' dir='ltr' id='par_1_106' title="bbox 2027 4533 3603 4612">
     <span class='ocr_line' id='line_1_106' title="bbox 2027 4533 3603 4612; baseline 0.01 -28"><span class='ocrx_word' id='word_1_883' title='bbox 2027 4533 2216 4601; x_wconf 88' lang='lat' dir='ltr'><strong>cipiam</strong></span> <span class='ocrx_word' id='word_1_884' title='bbox 2246 4549 2310 4587; x_wconf 81' lang='lat' dir='ltr'><strong>ex</strong></span> <span class='ocrx_word' id='word_1_885' title='bbox 2332 4533 2468 4588; x_wconf 88' lang='lat' dir='ltr'><strong>vobis</strong></span> <span class='ocrx_word' id='word_1_886' title='bbox 2495 4551 2742 4606; x_wconf 89' lang='lat' dir='ltr'><strong>personas</strong></span> <span class='ocrx_word' id='word_1_887' title='bbox 2766 4547 2956 4593; x_wconf 86' lang='lat' dir='ltr'><strong>vestras</strong></span> <span class='ocrx_word' id='word_1_888' title='bbox 2981 4539 3134 4608; x_wconf 79' lang='lat' dir='ltr'><strong>(Mal.</strong></span> <span class='ocrx_word' id='word_1_889' title='bbox 3160 4557 3195 4606; x_wconf 86' lang='grc' dir='ltr'><strong>ι,</strong></span> <span class='ocrx_word' id='word_1_890' title='bbox 3220 4540 3270 4607; x_wconf 89' lang='lat'><strong>6,</strong></span> <span class='ocrx_word' id='word_1_891' title='bbox 3299 4542 3376 4612; x_wconf 87' lang='lat'><strong>9).</strong></span> <span class='ocrx_word' id='word_1_892' title='bbox 3407 4541 3474 4597; x_wconf 87' lang='lat' dir='ltr'><strong>Et</strong></span> <span class='ocrx_word' id='word_1_893' title='bbox 3498 4542 3603 4600; x_wconf 77' lang='lat' dir='ltr'><strong>ite-</strong></span> 
     </span>
    </p>
   </div>
   <div class='ocr_carea' id='block_1_107' title="bbox 2026 4623 3601 4705">
    <p class='ocr_par' dir='ltr' id='par_1_107' title="bbox 2026 4623 3601 4705">
     <span class='ocr_line' id='line_1_107' title="bbox 2026 4623 3601 4705; baseline 0.007 -28"><span class='ocrx_word' id='word_1_894' title='bbox 2026 4638 2144 4677; x_wconf 85' lang='lat' dir='ltr'><strong>rum</strong></span> <span class='ocrx_word' id='word_1_895' title='bbox 2178 4641 2190 4675; x_wconf 93' lang='lat'>:</span> <span class='ocrx_word' id='word_1_896' title='bbox 2225 4623 2292 4676; x_wconf 79' lang='lat' dir='ltr'><strong>Et</strong></span> <span class='ocrx_word' id='word_1_897' title='bbox 2323 4626 2566 4679; x_wconf 89' lang='lat' dir='ltr'><strong>intulistis</strong></span> <span class='ocrx_word' id='word_1_898' title='bbox 2596 4627 2659 4680; x_wconf 89' lang='lat' dir='ltr'><strong>de</strong></span> <span class='ocrx_word' id='word_1_899' title='bbox 2692 4629 2878 4697; x_wconf 86' lang='lat' dir='ltr'><strong>rapina</strong></span> <span class='ocrx_word' id='word_1_900' title='bbox 2916 4631 3154 4684; x_wconf 88' lang='lat' dir='ltr'><strong>claudum</strong></span> <span class='ocrx_word' id='word_1_901' title='bbox 3183 4641 3232 4686; x_wconf 88' lang='lat' dir='ltr'><strong>et</strong></span> <span class='ocrx_word' id='word_1_902' title='bbox 3272 4633 3601 4705; x_wconf 80' lang='lat' dir='ltr'><strong>languidum,</strong></span> 
     </span>
    </p>
   </div>
   <div class='ocr_carea' id='block_1_108' title="bbox 2025 4712 3603 4790">
    <p class='ocr_par' dir='ltr' id='par_1_108' title="bbox 2025 4712 3603 4790">
     <span class='ocr_line' id='line_1_108' title="bbox 2025 4712 3603 4790; baseline 0.007 -23"><span class='ocrx_word' id='word_1_903' title='bbox 2025 4724 2076 4767; x_wconf 86' lang='lat' dir='ltr'><strong>et</strong></span> <span class='ocrx_word' id='word_1_904' title='bbox 2103 4712 2348 4769; x_wconf 87' lang='lat' dir='ltr'><strong>intulistis</strong></span> <span class='ocrx_word' id='word_1_905' title='bbox 2380 4732 2582 4770; x_wconf 90' lang='lat' dir='ltr'><strong>munus.</strong></span> <span class='ocrx_word' id='word_1_906' title='bbox 2612 4715 2866 4788; x_wconf 87' lang='lat' dir='ltr'><strong>Nunquid</strong></span> <span class='ocrx_word' id='word_1_907' title='bbox 2893 4722 3169 4790; x_wconf 88' lang='lat' dir='ltr'><strong>suscipiam</strong></span> <span class='ocrx_word' id='word_1_908' title='bbox 3197 4722 3330 4776; x_wconf 91' lang='lat' dir='ltr'><strong>illud</strong></span> <span class='ocrx_word' id='word_1_909' title='bbox 3349 4723 3411 4776; x_wconf 87' lang='lat' dir='ltr'><strong>de</strong></span> <span class='ocrx_word' id='word_1_910' title='bbox 3439 4740 3603 4779; x_wconf 77' lang='lat' dir='ltr'><strong>manu</strong></span> 
     </span>
    </p>
   </div>
   <div class='ocr_carea' id='block_1_109' title="bbox 2023 4803 3603 4884">
    <p class='ocr_par' dir='ltr' id='par_1_109' title="bbox 2023 4803 3603 4884">
     <span class='ocr_line' id='line_1_109' title="bbox 2023 4803 3603 4884; baseline 0.007 -27"><span class='ocrx_word' id='word_1_911' title='bbox 2023 4813 2192 4857; x_wconf 89' lang='lat' dir='ltr'><strong>vestra</strong></span> <span class='ocrx_word' id='word_1_912' title='bbox 2213 4844 2227 4869; x_wconf 95' lang='lat'><strong>,</strong></span> <span class='ocrx_word' id='word_1_913' title='bbox 2272 4804 2393 4857; x_wconf 90' lang='lat' dir='ltr'><strong>dicit</strong></span> <span class='ocrx_word' id='word_1_914' title='bbox 2423 4803 2711 4860; x_wconf 84' lang='lat' dir='ltr'><strong>Dominus?</strong></span> <span class='ocrx_word' id='word_1_915' title='bbox 2755 4807 3063 4864; x_wconf 81' lang='lat' dir='ltr'><strong>Maledictus</strong></span> <span class='ocrx_word' id='word_1_916' title='bbox 3093 4811 3300 4866; x_wconf 91' lang='lat' dir='ltr'><strong>dolosus</strong></span> <span class='ocrx_word' id='word_1_917' title='bbox 3328 4815 3414 4884; x_wconf 90' lang='lat' dir='ltr'><strong>qui</strong></span> <span class='ocrx_word' id='word_1_918' title='bbox 3445 4814 3603 4868; x_wconf 85' lang='lat' dir='ltr'><strong>habet</strong></span> 
     </span>
    </p>
   </div>
   <div class='ocr_carea' id='block_1_110' title="bbox 2023 4894 3598 4973">
    <p class='ocr_par' dir='ltr' id='par_1_110' title="bbox 2023 4894 3598 4973">
     <span class='ocr_line' id='line_1_110' title="bbox 2023 4894 3598 4973; baseline 0.01 -27"><span class='ocrx_word' id='word_1_919' title='bbox 2023 4894 2075 4947; x_wconf 90' lang='lat' dir='ltr'><strong>in</strong></span> <span class='ocrx_word' id='word_1_920' title='bbox 2107 4912 2257 4965; x_wconf 88' lang='lat' dir='ltr'><strong>grege</strong></span> <span class='ocrx_word' id='word_1_921' title='bbox 2293 4912 2386 4949; x_wconf 88' lang='lat' dir='ltr'><strong>suo</strong></span> <span class='ocrx_word' id='word_1_922' title='bbox 2415 4898 2715 4963; x_wconf 89' lang='lat' dir='ltr'><strong>masculum,</strong></span> <span class='ocrx_word' id='word_1_923' title='bbox 2756 4910 2804 4952; x_wconf 90' lang='lat' dir='ltr'><strong>et</strong></span> <span class='ocrx_word' id='word_1_924' title='bbox 2833 4911 3000 4954; x_wconf 82' lang='lat' dir='ltr'><strong>votum</strong></span> <span class='ocrx_word' id='word_1_925' title='bbox 3021 4904 3216 4973; x_wconf 86' lang='lat' dir='ltr'><strong>faciens</strong></span> <span class='ocrx_word' id='word_1_926' title='bbox 3237 4906 3472 4960; x_wconf 89' lang='lat' dir='ltr'><strong>immolat</strong></span> <span class='ocrx_word' id='word_1_927' title='bbox 3499 4907 3598 4962; x_wconf 90' lang='lat' dir='ltr'><strong>de-</strong></span> 
     </span>
    </p>
   </div>
   <div class='ocr_carea' id='block_1_111' title="bbox 2023 4984 3600 5063">
    <p class='ocr_par' dir='ltr' id='par_1_111' title="bbox 2023 4984 3600 5063">
     <span class='ocr_line' id='line_1_111' title="bbox 2023 4984 3600 5063; baseline 0.01 -26"><span class='ocrx_word' id='word_1_928' title='bbox 2023 4984 2122 5038; x_wconf 89' lang='lat' dir='ltr'><strong>bile</strong></span> <span class='ocrx_word' id='word_1_929' title='bbox 2151 4984 2396 5050; x_wconf 86' lang='lat' dir='ltr'><strong>Domino,</strong></span> <span class='ocrx_word' id='word_1_930' title='bbox 2449 4989 2568 5056; x_wconf 89' lang='lat' dir='ltr'><strong>quia</strong></span> <span class='ocrx_word' id='word_1_931' title='bbox 2599 4987 2712 5042; x_wconf 84' lang='lat' dir='ltr'><strong>Rex</strong></span> <span class='ocrx_word' id='word_1_932' title='bbox 2739 5006 2958 5061; x_wconf 89' lang='lat' dir='ltr'><strong>magnus</strong></span> <span class='ocrx_word' id='word_1_933' title='bbox 2987 5009 3080 5063; x_wconf 89' lang='lat' dir='ltr'><strong>ego</strong></span> <span class='ocrx_word' id='word_1_934' title='bbox 3106 5010 3235 5059; x_wconf 90' lang='lat' dir='ltr'><strong>sum,</strong></span> <span class='ocrx_word' id='word_1_935' title='bbox 3261 4995 3386 5050; x_wconf 89' lang='lat' dir='ltr'><strong>dicit</strong></span> <span class='ocrx_word' id='word_1_936' title='bbox 3412 4995 3600 5052; x_wconf 87' lang='lat' dir='ltr'><strong>Domi-</strong></span> 
     </span>
    </p>
   </div>
   <div class='ocr_carea' id='block_1_112' title="bbox 2020 5079 3600 5159">
    <p class='ocr_par' dir='ltr' id='par_1_112' title="bbox 2020 5079 3600 5159">
     <span class='ocr_line' id='line_1_112' title="bbox 2020 5079 3600 5159; baseline 0.009 -31"><span class='ocrx_word' id='word_1_937' title='bbox 2020 5090 2119 5128; x_wconf 87' lang='lat' dir='ltr'><strong>nus</strong></span> <span class='ocrx_word' id='word_1_938' title='bbox 2146 5079 2479 5141; x_wconf 88' lang='lat' dir='ltr'><strong>exercituum,</strong></span> <span class='ocrx_word' id='word_1_939' title='bbox 2512 5087 2560 5131; x_wconf 90' lang='lat' dir='ltr'><strong>et</strong></span> <span class='ocrx_word' id='word_1_940' title='bbox 2594 5095 2776 5132; x_wconf 88' lang='lat' dir='ltr'><strong>nomen</strong></span> <span class='ocrx_word' id='word_1_941' title='bbox 2806 5097 2972 5134; x_wconf 90' lang='lat' dir='ltr'><strong>meum</strong></span> <span class='ocrx_word' id='word_1_942' title='bbox 3005 5083 3252 5139; x_wconf 86' lang='lat' dir='ltr'><strong>horribile</strong></span> <span class='ocrx_word' id='word_1_943' title='bbox 3281 5087 3335 5139; x_wconf 89' lang='lat' dir='ltr'><strong>in</strong></span> <span class='ocrx_word' id='word_1_944' title='bbox 3362 5089 3600 5159; x_wconf 88' lang='lat' dir='ltr'><strong>gentibus</strong></span> 
     </span>
    </p>
   </div>
   <div class='ocr_carea' id='block_1_113' title="bbox 2023 5163 3600 5247">
    <p class='ocr_par' dir='ltr' id='par_1_113' title="bbox 2023 5163 3600 5247">
     <span class='ocr_line' id='line_1_113' title="bbox 2023 5163 3600 5247; baseline 0.01 -30"><span class='ocrx_word' id='word_1_945' title='bbox 2023 5163 2210 5235; x_wconf 90' lang='lat' dir='ltr'><strong>(lbid.,</strong></span> <span class='ocrx_word' id='word_1_946' title='bbox 2243 5165 2328 5229; x_wconf 74' lang='grc'><strong>15,</strong></span> <span class='ocrx_word' id='word_1_947' title='bbox 2360 5165 2468 5236; x_wconf 69' lang='lat'><strong>14,-.</strong></span> <span class='ocrx_word' id='word_1_948' title='bbox 2493 5166 2563 5221; x_wconf 87' lang='lat' dir='ltr'><strong>Et</strong></span> <span class='ocrx_word' id='word_1_949' title='bbox 2589 5185 2722 5222; x_wconf 89' lang='lat' dir='ltr'><strong>nunc</strong></span> <span class='ocrx_word' id='word_1_950' title='bbox 2754 5171 2822 5222; x_wconf 92' lang='lat' dir='ltr'><strong>ad</strong></span> <span class='ocrx_word' id='word_1_951' title='bbox 2851 5188 2937 5226; x_wconf 91' lang='lat' dir='ltr'><strong>vos</strong></span> <span class='ocrx_word' id='word_1_952' title='bbox 2966 5175 3266 5230; x_wconf 87' lang='lat' dir='ltr'><strong>mandatum</strong></span> <span class='ocrx_word' id='word_1_953' title='bbox 3295 5177 3411 5247; x_wconf 86' lang='lat' dir='ltr'><strong>hoc,</strong></span> <span class='ocrx_word' id='word_1_954' title='bbox 3452 5195 3483 5232; x_wconf 87' lang='grc' dir='ltr'><strong><em>ο</em></strong></span> <span class='ocrx_word' id='word_1_955' title='bbox 3512 5197 3600 5232; x_wconf 87' lang='lat' dir='ltr'><strong>sa-</strong></span> 
     </span>
    </p>
   </div>
   <div class='ocr_carea' id='block_1_114' title="bbox 2021 5255 3598 5338">
    <p class='ocr_par' dir='ltr' id='par_1_114' title="bbox 2021 5255 3598 5338">
     <span class='ocr_line' id='line_1_114' title="bbox 2021 5255 3598 5338; baseline 0.01 -31"><span class='ocrx_word' id='word_1_956' title='bbox 2021 5256 2270 5309; x_wconf 89' lang='lat' dir='ltr'><strong>cerdotes.</strong></span> <span class='ocrx_word' id='word_1_957' title='bbox 2305 5255 2366 5310; x_wconf 91' lang='lat' dir='ltr'><strong>Si</strong></span> <span class='ocrx_word' id='word_1_958' title='bbox 2395 5258 2661 5313; x_wconf 88' lang='lat' dir='ltr'><strong>nolueritis</strong></span> <span class='ocrx_word' id='word_1_959' title='bbox 2691 5260 2869 5314; x_wconf 88' lang='lat' dir='ltr'><strong>audire</strong></span> <span class='ocrx_word' id='word_1_960' title='bbox 2895 5272 2942 5315; x_wconf 87' lang='lat' dir='ltr'><strong>et</strong></span> <span class='ocrx_word' id='word_1_961' title='bbox 2985 5281 3177 5332; x_wconf 88' lang='lat' dir='ltr'><strong>ponere</strong></span> <span class='ocrx_word' id='word_1_962' title='bbox 3215 5283 3368 5338; x_wconf 89' lang='lat' dir='ltr'><strong>super</strong></span> <span class='ocrx_word' id='word_1_963' title='bbox 3401 5284 3508 5332; x_wconf 90' lang='lat' dir='ltr'><strong>cor,</strong></span> <span class='ocrx_word' id='word_1_964' title='bbox 3539 5279 3598 5322; x_wconf 82' lang='lat' dir='ltr'><strong>ut</strong></span> 
     </span>
    </p>
   </div>
   <div class='ocr_carea' id='block_1_115' title="bbox 2023 5349 3596 5419">
    <p class='ocr_par' dir='ltr' id='par_1_115' title="bbox 2023 5349 3596 5419">
     <span class='ocr_line' id='line_1_115' title="bbox 2023 5349 3596 5419; baseline 0.008 -18"><span class='ocrx_word' id='word_1_965' title='bbox 2023 5349 2153 5403; x_wconf 90' lang='lat' dir='ltr'><strong>detis</strong></span> <span class='ocrx_word' id='word_1_966' title='bbox 2182 5349 2402 5419; x_wconf 87' lang='lat' dir='ltr'><strong>gloriam</strong></span> <span class='ocrx_word' id='word_1_967' title='bbox 2429 5351 2625 5404; x_wconf 89' lang='lat' dir='ltr'><strong>nomini</strong></span> <span class='ocrx_word' id='word_1_968' title='bbox 2663 5369 2793 5414; x_wconf 87' lang='lat' dir='ltr'><strong>meo.</strong></span> <span class='ocrx_word' id='word_1_969' title='bbox 2846 5357 2921 5408; x_wconf 90' lang='lat' dir='ltr'><strong>ait</strong></span> <span class='ocrx_word' id='word_1_970' title='bbox 2949 5353 3202 5411; x_wconf 89' lang='lat' dir='ltr'><strong>Dominus</strong></span> <span class='ocrx_word' id='word_1_971' title='bbox 3231 5360 3543 5414; x_wconf 83' lang='lat' dir='ltr'><strong>exercituum</strong></span> <span class='ocrx_word' id='word_1_972' title='bbox 3574 5376 3596 5414; x_wconf 91' lang='lat'><strong><em>:</em></strong></span> 
     </span>
    </p>
   </div>
   <div class='ocr_carea' id='block_1_116' title="bbox 2023 5443 3598 5512">
    <p class='ocr_par' dir='ltr' id='par_1_116' title="bbox 2023 5443 3598 5512">
     <span class='ocr_line' id='line_1_116' title="bbox 2023 5443 3598 5512; baseline 0.009 -19"><span class='ocrx_word' id='word_1_973' title='bbox 2023 5443 2222 5495; x_wconf 89' lang='lat' dir='ltr'><strong>mittam</strong></span> <span class='ocrx_word' id='word_1_974' title='bbox 2242 5443 2296 5496; x_wconf 91' lang='lat' dir='ltr'><strong>in</strong></span> <span class='ocrx_word' id='word_1_975' title='bbox 2325 5459 2410 5497; x_wconf 90' lang='lat' dir='ltr'><strong>vos</strong></span> <span class='ocrx_word' id='word_1_976' title='bbox 2435 5454 2727 5512; x_wconf 84' lang='lat' dir='ltr'><strong>egestatem,</strong></span> <span class='ocrx_word' id='word_1_977' title='bbox 2760 5455 2808 5499; x_wconf 92' lang='lat' dir='ltr'><strong>et</strong></span> <span class='ocrx_word' id='word_1_978' title='bbox 2831 5449 3133 5503; x_wconf 89' lang='lat' dir='ltr'><strong>maledicam</strong></span> <span class='ocrx_word' id='word_1_979' title='bbox 3163 5449 3598 5507; x_wconf 77' lang='lat' dir='ltr'><strong>benedictionibus</strong></span> 
     </span>
    </p>
   </div>
   <div class='ocr_carea' id='block_1_117' title="bbox 2021 5533 3596 5613">
    <p class='ocr_par' dir='ltr' id='par_1_117' title="bbox 2021 5533 3596 5613">
     <span class='ocr_line' id='line_1_117' title="bbox 2021 5533 3596 5613; baseline 0.008 -28"><span class='ocrx_word' id='word_1_980' title='bbox 2021 5533 2475 5602; x_wconf 88' lang='lat' dir='ltr'><strong>vestris,quoniam</strong></span> <span class='ocrx_word' id='word_1_981' title='bbox 2503 5551 2605 5588; x_wconf 90' lang='lat' dir='ltr'><strong>non</strong></span> <span class='ocrx_word' id='word_1_982' title='bbox 2626 5538 2862 5605; x_wconf 88' lang='lat' dir='ltr'><strong>posuistis</strong></span> <span class='ocrx_word' id='word_1_983' title='bbox 2892 5556 3042 5607; x_wconf 89' lang='lat' dir='ltr'><strong>super</strong></span> <span class='ocrx_word' id='word_1_984' title='bbox 3057 5556 3163 5594; x_wconf 90' lang='lat' dir='ltr'><strong>cor.</strong></span> <span class='ocrx_word' id='word_1_985' title='bbox 3191 5539 3324 5596; x_wconf 88' lang='lat' dir='ltr'><strong>Ecce</strong></span> <span class='ocrx_word' id='word_1_986' title='bbox 3350 5559 3441 5613; x_wconf 86' lang='lat' dir='ltr'><strong>ego</strong></span> <span class='ocrx_word' id='word_1_987' title='bbox 3469 5560 3596 5612; x_wconf 83' lang='lat' dir='ltr'><strong>pro-</strong></span> 
     </span>
    </p>
   </div>
   <div class='ocr_carea' id='block_1_118' title="bbox 2021 5619 3593 5700">
    <p class='ocr_par' dir='ltr' id='par_1_118' title="bbox 2021 5619 3593 5700">
     <span class='ocr_line' id='line_1_118' title="bbox 2021 5619 3593 5700; baseline 0.006 -25"><span class='ocrx_word' id='word_1_988' title='bbox 2021 5619 2202 5687; x_wconf 73' lang='lat' dir='ltr'><strong>ficiam</strong></span> <span class='ocrx_word' id='word_1_989' title='bbox 2242 5623 2381 5677; x_wconf 87' lang='lat' dir='ltr'><strong>vobis</strong></span> <span class='ocrx_word' id='word_1_990' title='bbox 2428 5624 2692 5678; x_wconf 85' lang='lat' dir='ltr'><strong>brachium</strong></span> <span class='ocrx_word' id='word_1_991' title='bbox 2717 5667 2731 5690; x_wconf 94' lang='lat'><strong>,</strong></span> <span class='ocrx_word' id='word_1_992' title='bbox 2780 5635 2828 5679; x_wconf 91' lang='lat' dir='ltr'><strong>et</strong></span> <span class='ocrx_word' id='word_1_993' title='bbox 2869 5628 3161 5698; x_wconf 79' lang='lat' dir='ltr'><strong>dispergam</strong></span> <span class='ocrx_word' id='word_1_994' title='bbox 3198 5646 3351 5700; x_wconf 88' lang='lat' dir='ltr'><strong>super</strong></span> <span class='ocrx_word' id='word_1_995' title='bbox 3397 5631 3593 5685; x_wconf 85' lang='lat' dir='ltr'><strong>vultum</strong></span> 
     </span>
    </p>
   </div>
   <div class='ocr_carea' id='block_1_119' title="bbox 2023 5718 3590 5795">
    <p class='ocr_par' dir='ltr' id='par_1_119' title="bbox 2023 5718 3590 5795">
     <span class='ocr_line' id='line_1_119' title="bbox 2023 5718 3590 5795; baseline 0.005 -25"><span class='ocrx_word' id='word_1_996' title='bbox 2023 5719 2244 5770; x_wconf 84' lang='lat' dir='ltr'><strong>vestrum</strong></span> <span class='ocrx_word' id='word_1_997' title='bbox 2295 5725 2490 5771; x_wconf 87' lang='lat' dir='ltr'><strong>stercus</strong></span> <span class='ocrx_word' id='word_1_998' title='bbox 2543 5718 2922 5772; x_wconf 80' lang='lat' dir='ltr'><strong>solemnitatnm</strong></span> <span class='ocrx_word' id='word_1_999' title='bbox 2972 5731 3255 5781; x_wconf 81' lang='lat' dir='ltr'><strong>vestrarum</strong></span> <span class='ocrx_word' id='word_1_1000' title='bbox 3301 5721 3454 5795; x_wconf 78' lang='lat' dir='ltr'><strong>(Mal.</strong></span> <span class='ocrx_word' id='word_1_1001' title='bbox 3510 5739 3547 5778; x_wconf 86' lang='grc' dir='ltr'><strong>ιι</strong></span> <span class='ocrx_word' id='word_1_1002' title='bbox 3573 5762 3590 5788; x_wconf 88' lang='grc'><strong>.</strong></span> 
     </span>
    </p>
   </div>
   <div class='ocr_carea' id='block_1_120' title="bbox 2026 5804 2183 5876">
    <p class='ocr_par' dir='ltr' id='par_1_120' title="bbox 2026 5804 2183 5876">
     <span class='ocr_line' id='line_1_120' title="bbox 2026 5804 2183 5876; baseline 0 -16"><span class='ocrx_word' id='word_1_1003' title='bbox 2026 5804 2183 5876; x_wconf 81' lang='grc'><strong>1,5).</strong></span> 
     </span>
    </p>
   </div>
  </div>
