3954 6178
980 387 1177 447 LIBER
1220 388 1605 460 QUERULUS.
1651 393 1828 451 PARS
1867 394 1951 451 III.
1992 394 2405 452 INCREPATIO
2439 395 2509 451 IN
2560 391 2862 452 CLERUM.

3451 385 3558 444 38!

366 510 494 567 Cu.
531 526 638 565 xtv.
674 508 870 565 Rursus
899 527 963 565 ex
1001 509 1287 565 Malachia.
1318 542 1390 554 -—
1426 509 1533 567 Sed
1585 511 1789 566 interea
1818 519 1879 565 ut
1907 518 1953 575 Α
1980 530 2081 582 qua
2101 513 2357 583 principes
2390 512 2442 565 in
2473 509 2639 563 medio
2669 509 2782 578 ejus
2805 507 2937 561 sicut
2960 505 3134 560 leones
3163 504 3440 577 rugientes,
3466 518 3560 559 ra-

296 602 501 656 avidius
523 615 723 670 organa
751 601 1004 671 nequitiae
1030 602 1341 671 praeparetis
1368 601 1433 656 ad
1463 601 1623 667 bona,
1652 590 1779 673 quid
1806 602 1874 658 de

294 699 481 745 sancto
525 689 807 744 sacerdote
857 689 1003 744 dicat
1051 689 1114 754 (si
1143 689 1672 758 quantulumcunque
1701 689 1875 745 adhuc

294 779 489 834 interni
523 778 740 834 auditus
768 762 827 834 ini
864 779 1013 833 vobis
1041 782 1329 849 remanet),
1366 779 1661 834 auscultate
1687 796 1701 832 :
1727 778 1870 833 Pac-

295 879 399 922 tum
429 885 621 934 meum,
666 868 931 937 inquiens,
964 870 1063 939 fuit
1093 885 1206 922 cum
1255 886 1314 924 eo
1347 869 1435 939 (de
1470 868 1598 924 Levi
1642 883 1872 937 namque

292 958 374 1013 vel
405 958 596 1030 Moyse
637 959 932 1014 secundum
975 958 1251 1012 historiam
1302 957 1641 1026 loquebatur)
1682 960 1799 1012 vita:
1824 965 1874 1012 et

292 1050 436 1113 pacis
467 1065 489 1103 :
518 1049 637 1103 dedi
666 1051 713 1127 ei
743 1050 995 1115 timorem,
1045 1056 1094 1102 et
1124 1048 1293 1100 timuit
1319 1063 1401 1101 me
1427 1064 1446 1101 :
1494 1064 1526 1100 a
1555 1049 1689 1117 facie
1715 1047 1876 1101 nomi-

291 1144 370 1196 nis
402 1144 506 1197 mei
531 1143 768 1213 parebat.
810 1141 921 1197 Lex
949 1144 1178 1197 veritatis
1210 1143 1306 1214 fuit
1330 1143 1386 1196 in
1417 1159 1505 1197 ore
1525 1142 1656 1213 ejus,
1698 1152 1746 1196 et
1767 1144 1872 1196 ini-

289 1234 464 1304 quitas
495 1250 599 1287 non
645 1243 720 1287 est
747 1234 952 1287 inventa
981 1235 1037 1287 in
1083 1233 1234 1287 labiis
1260 1234 1372 1304 ejus
1419 1249 1437 1287 :
1476 1235 1530 1288 in
1571 1250 1698 1304 pace
1728 1243 1778 1286 et
1818 1234 1872 1286 in

290 1321 536 1394 equitate
564 1323 841 1377 ambulavit
866 1340 1062 1377 mecum
1089 1340 1108 1383 :
1150 1332 1199 1378 et
1241 1325 1430 1378 multos
1461 1326 1644 1379 avertit
1670 1325 1734 1378 ab
1766 1325 1871 1378 ini-

289 1412 509 1479 quitate.
544 1408 708 1464 Labia
735 1412 871 1464 enim
892 1411 1176 1465 sacerdotis
1200 1413 1488 1466 custodient
1511 1413 1797 1477 scientiam,
1824 1421 1875 1466 et

289 1498 453 1569 legem
476 1500 735 1570 requirent
750 1514 815 1552 ex
837 1516 925 1553 ore
938 1501 1050 1570 ejus
1073 1517 1091 1557 :
1114 1502 1233 1572 quia
1254 1501 1469 1572 angelus
1490 1500 1702 1556 Domini
1723 1519 1871 1557 exer—

289 1591 483 1643 cituum
494 1599 571 1643 est
584 1588 738 1661 (Mat.
752 1605 808 1654 ιι,
825 1587 875 1654 5,
897 1589 972 1657 7).
993 1589 1144 1645 Nunc
1160 1591 1285 1645 item
1307 1592 1532 1645 mutavit
1556 1606 1796 1657 sensum,
1815 1600 1873 1647 et

1977 603 2171 671 pientes
2199 603 2435 670 rapinas,
2463 600 2664 652 animas
2689 596 2988 651 devorantes
3018 595 3069 648 in
3091 595 3344 665 potentia,
3366 604 3416 650 et
3439 610 3561 665 prc-
3612 620 3621 625 -

1977 692 2047 744 tia
2076 691 2420 759 accipientes:
2446 697 2497 743 et
2524 689 2689 742 vidua;-
2721 697 2820 741 tute
2845 686 3199 756 multiplicata:
3218 695 3340 740 sunt
3367 687 3421 740 in
3450 702 3559 740 me-

1975 782 2060 835 dio
2092 782 2183 845 tui,
2226 788 2278 834 et
2304 780 2598 834 sacerdotes
2643 779 2756 850 ejus
2798 778 3140 846 despexerunt
3169 777 3331 848 legem
3362 793 3552 841 meam,

1972 880 2021 923 et
2049 870 2339 940 polluerunt
2382 877 2566 923 sancta
2589 886 2725 922 mea.
2769 867 2914 921 Inter
2946 878 3183 921 sanctum
3228 875 3278 921 et
3307 867 3556 937 pollutum

1974 978 2075 1015 non
2103 958 2507 1031 distinguebant,
2536 969 2585 1013 et
2612 960 2745 1013 inter
2772 958 2998 1012 medium
3026 958 3279 1012 immundi
3301 968 3350 1013 et
3377 959 3556 1014 mundi

1973 1066 2077 1104 non
2105 1050 2398 1104 dividebant
2424 1065 2441 1103 :
2483 1057 2532 1103 et
2561 1065 2594 1101 a
2619 1046 2847 1102 sabbatis
2884 1049 3013 1103 meis
3053 1046 3360 1102 obvelabant
3381 1048 3557 1105 oculos

1972 1156 2112 1203 suos,
2157 1150 2206 1194 et
2235 1140 2535 1211 polluebant
2571 1141 2625 1193 in
2654 1139 2823 1193 medio
2852 1154 3027 1192 eorum
3058 1137 3269 1206 (Ezeclt.
3304 1154 3435 1206 χχιι,
3460 1137 3551 1204 24,

1972 1229 2085 1299 26).
2112 1229 2177 1283 Et
2205 1231 2395 1284 iterum
2423 1247 2435 1282 :
2468 1228 2540 1282 Et
2572 1227 2860 1301 quaerebam
2889 1244 2954 1282 ex
2974 1229 3046 1282 eis
3079 1230 3236 1282 virum
3266 1236 3402 1283 recte
3427 1245 3556 1283 con-

1972 1330 2279 1387 versantem,
2312 1329 2361 1374 et
2390 1330 2613 1374 stantem
2638 1329 2759 1373 ante
2788 1320 2968 1390 faciem
2997 1319 3204 1373 omnino
3233 1320 3287 1372 in
3315 1326 3544 1389 tempore

1971 1414 2086 1478 iraa,
2118 1429 2183 1466 ne
2218 1413 2271 1465 in
2300 1413 2406 1481 ﬁne
2435 1411 2653 1465 delerent
2682 1426 2837 1464 eam:
2867 1417 2918 1464 et
2943 1425 3046 1464 non
3075 1410 3266 1464 inveni.
3297 1408 3366 1463 Et
3389 1410 3553 1480 effudi

1974 1502 2029 1555 in
2058 1518 2173 1555 eam
2201 1503 2429 1555 animum
2453 1517 2615 1555 meum
2645 1501 2700 1555 in
2728 1501 2847 1572 igne
2872 1501 2967 1554 irte
2994 1516 3122 1554 mea:
3161 1502 3230 1553 ad
3258 1517 3558 1557 consumen-

1976 1591 2095 1645 dum
2123 1608 2208 1647 eos
2232 1608 2250 1646 :
2293 1592 2402 1646 vias
2431 1608 2606 1645 eorum
2633 1591 2687 1645 in
2712 1600 2863 1660 caput
2899 1608 3075 1646 eorum
3118 1592 3255 1656 dedi,
3285 1592 3411 1647 dicit
3439 1591 3554 1648 Do-

289 1680 756 1771 malosincrepare
777 1696 886 1771 non
899 1680 1094 1737 desinit
1115 1699 1128 1734 :
1153 1682 1281 1751 Vos,
1298 1683 1564 1752 inquiens,
1589 1685 1870 1739 recessistis
1972 1682 2141 1734 minus
2173 1679 2361 1752 (Ibid.,
2401 1680 2490 1744 30,
2524 1679 2635 1751 5i).
2676 1679 2746 1733 Et
2773 1687 2897 1749 post
2931 1665 3245 1748 aliquanta:
3287 1678 3357 1732 Et
3387 1681 3555 1750 factus

291 1770 350 1824 de
369 1772 477 1835 via,
516 1780 569 1824 et
632 1769 1035 1852 scandalizastis
1064 1773 1310 1843 plurimos
1338 1774 1394 1827 in
1421 1775 1532 1845 lege
1553 1790 1572 1829 :
1591 1784 1638 1828 et
1664 1775 1871 1828 irritum
1973 1780 2049 1825 est
2071 1788 2238 1825 sermo
2270 1770 2476 1826 Domini
2504 1771 2574 1824 ad
2602 1788 2683 1825 me
2708 1771 2882 1825 dicens
2904 1788 2923 1825 :
2946 1769 3056 1826 Fili
3077 1771 3321 1835 hominis,
3350 1770 3558 1840 loquere

290 1861 491 1930 fecistis
519 1870 725 1929 pactum
753 1877 869 1915 cum
898 1859 1037 1928 Levi,
1089 1862 1213 1916 dicit
1250 1862 1506 1919 Dominus
1534 1866 1869 1919 exercituum.
1902 1875 1950 1935 Β
1975 1860 2099 1929 ﬁliis
2127 1862 2301 1932 populi
2345 1862 2464 1927 mei,
2495 1869 2545 1915 et
2571 1861 2713 1916 dices
2750 1861 2821 1914 ad
2847 1878 2933 1916 eos
2958 1878 2975 1915 :
3008 1860 3168 1915 Terra
3211 1863 3266 1915 in
3286 1878 3440 1933 quam
3462 1876 3555 1932 ego

292 1948 523 2020 Propter
548 1950 685 2022 quod
709 1960 760 2004 et
778 1968 872 2023 ego
893 1952 1012 2006 dedi
1035 1969 1122 2008 vos
1147 1954 1551 2025 contemptibiles
1580 1965 1629 2010 et
1658 1956 1873 2011 humiles

290 2042 339 2095 in
367 2042 610 2097 omnibus
650 2043 886 2114 populis,
918 2046 1049 2099 sicut
1078 2062 1181 2100 non
1211 2049 1452 2102 servastis
1489 2048 1600 2102 vias
1637 2065 1799 2115 meas,
1824 2058 1874 2103 et

289 2135 562 2203 accepistis
607 2136 792 2207 faciem
840 2138 895 2191 in
925 2138 1053 2208 lege.
1103 2136 1357 2208 Nunquid
1402 2156 1506 2194 non
1548 2125 1697 2211 pater
1738 2156 1872 2195 unus

287 2225 519 2277 omnium
569 2225 847 2280 nostrum?
894 2228 1128 2298 nunquid
1174 2244 1279 2283 non
1332 2227 1474 2284 Deus
1520 2247 1653 2285 unus
1682 2232 1874 2285 creavit

288 2313 425 2367 nos?
474 2330 638 2384 quare
676 2330 800 2386 ergo
846 2316 1060 2388 despicit
1085 2318 1435 2389 unusquisque
1463 2320 1679 2391 fratrem
1725 2336 1873 2374 suum

290 2402 479 2473 (Ibid.,
503 2403 557 2471 8,
584 2403 710 2473 l0)?
730 2404 798 2459 Et
826 2404 1017 2461 iterum
1050 2425 1063 2460 :
1095 2404 1230 2460 Ecce
1260 2409 1425 2461 veniet
1452 2406 1706 2462 Dominus
1725 2424 1874 2462 exer-

289 2496 482 2549 cituum
512 2504 611 2577 .‘let
648 2497 763 2567 quis
801 2500 988 2567 poterit
1017 2499 1244 2569 cogitare
1271 2498 1405 2551 diem
1435 2498 1680 2553 adventus
1713 2499 1826 2569 ejus
1848 2499 1873 2551 ?

288 2598 335 2643 et
369 2590 491 2661 quis
518 2588 676 2643 stabit
701 2590 772 2643 ad
794 2589 1064 2644 videndum
1091 2591 1242 2643 eum?
1271 2588 1392 2660 Ipse
1416 2591 1552 2644 enim
1581 2591 1873 2661 egredietur

1973 1951 2202 2022 gladium
2232 1952 2650 2022 superinducam,
2677 1962 2726 2005 et
2747 1953 2999 2023 acceperit
3026 1952 3245 2022 populus
3273 1960 3430 2011 teme
3454 1951 3552 2006 ho-

1975 2044 2160 2097 minem
2190 2060 2347 2096 unum
2374 2060 2438 2097 ex
2473 2044 2624 2114 ipsis,
2650 2053 2700 2097 et
2727 2043 2925 2097 dederit
2965 2059 3080 2097 eum
3107 2043 3207 2097 sibi
3227 2043 3281 2096 in
3304 2043 3549 2113 specula-

1974 2144 2133 2190 torem
2154 2151 2173 2199 ;
2203 2141 2250 2189 et
2273 2134 2456 2189 viderit
2479 2134 2711 2204 gladium
2750 2136 3032 2187 venientem
3056 2149 3210 2203 super
3250 2138 3462 2195 terram,
3504 2140 3557 2186 et

1976 2225 2096 2278 tuba
2122 2224 2381 2288 cecinerit,
2404 2231 2454 2277 et
2482 2223 2851 2293 signiﬁcaverit
2877 2222 3062 2293 populo
3085 2238 3103 2275 :
3130 2230 3179 2275 et
3207 2221 3430 2276 audierit
3466 2221 3554 2292 qui

1975 2312 2141 2374 audit,
2192 2311 2546 2377 vocem'tubaz,
2595 2320 2646 2364 et
2687 2326 2789 2364 non
2836 2309 3222 2373 observaverit;
3268 2319 3321 2362 et
3358 2310 3553 2363 venerit

1974 2404 2198 2476 gladius,
2247 2410 2297 2456 et
2343 2401 2782 2472 comprehenderit
2823 2415 2971 2454 eum:
3019 2401 3234 2470 sanguis
3264 2400 3372 2470 ejus
3400 2415 3555 2470 super

1974 2502 2125 2563 caput
2153 2494 2263 2564 ejus
2283 2494 2417 2558 erit;
2466 2492 2587 2564 quia
2625 2506 2737 2544 cum
2775 2507 2945 2544 vocem
2986 2489 3120 2544 tuba:
3148 2489 3392 2553 audierit,
3436 2505 3543 2542 non

1974 2583 2296 2639 observavit:
2341 2582 2555 2652 sanguis
2584 2580 2695 2651 ejus
2724 2582 2778 2634 in
2808 2581 2920 2649 ipso
2948 2580 3045 2632 erit
3065 2595 3083 2632 :
3126 2588 3176 2633 et
3212 2579 3293 2631 hic
3315 2578 3436 2647 quia
3462 2594 3554 2631 cu-

290 2682 433 2750 quasi
460 2680 599 2751 ignis
625 2681 836 2744 ardens,
868 2689 918 2735 et
950 2682 1098 2751 quasi
1119 2696 1221 2750 poa
1247 2681 1529 2735 lavantium
1562 2697 1580 2734 :
1613 2688 1662 2734 et
1683 2673 2180 2767 sedebithtodivit
2203 2674 2432 2725 animam
2460 2687 2624 2734 suam,
2650 2669 2901 2723 liberavit.
2933 2667 2998 2720 Et
3030 2668 3322 2737 speculator
3341 2670 3385 2721 si
3414 2668 3553 2723 vide-

293 2772 534 2843 conﬂans
579 2781 629 2826 et
666 2771 951 2826 emundans
989 2766 1263 2843 argentum
1287 2810 1302 2837 ,
1357 2780 1409 2826 et
1455 2770 1697 2843 purgabit
1732 2771 1871 2841 ﬁlios

293 2861 443 2927 Leni,
478 2875 526 2919 et
574 2863 762 2918 celabit
810 2880 898 2919 eos
942 2866 1088 2936 quasi
1116 2880 1297 2917 aurum
1327 2872 1377 2917 et
1420 2863 1568 2935 quasi
1602 2869 1872 2933 argentum

293 2953 451 3027 (Hal.
483 2970 566 3023 ιιι,
590 2953 645 3021 l,
672 2954 751 3024 3).
778 2953 847 3007 Et
874 2963 995 3024 post
1017 2968 1221 3024 pauca:
1253 2952 1590 3007 Invaluerunt
1616 2960 1768 3023 super
1791 2964 1893 3006 me'

293 3045 446 3098 verba
484 3051 671 3109 vestra,
703 3044 829 3097 dicit
876 3042 1171 3100 Dominus:
1201 3055 1250 3097 et
1289 3042 1500 3097 dixistis
1528 3060 1544 3098 :
1588 3041 1764 3097 Vanus
1789 3049 1868 3096 est

295 3139 379 3206 qui
404 3138 569 3191 servit
603 3136 710 3190 Deo
733 3153 751 3191 :
781 3145 830 3189 et
849 3135 986 3207 quod
1007 3134 1422 3198 emolumentum,
1448 3134 1568 3205 quia
1594 3132 1869 3187 custodiui-

1974 2762 2043 2819 rit
2082 2762 2310 2835 gladimn
2344 2764 2647 2826 venientem,
2690 2770 2739 2815 et
2782 2777 2886 2815 non
2920 2760 3235 2831 signiﬁcavit
3282 2754 3442 2825 tuba;
3497 2768 3549 2815 et

1972 2854 2189 2927 populus
2217 2870 2319 2909 non
2352 2852 2724 2916 observaverit;
2753 2861 2802 2905 et
2830 2851 3033 2905 veniens
3064 2850 3272 2921 gladius
3299 2850 3553 2919 acceperit

1971 2960 2037 2999 ex
2056 2946 2131 2998 eis
2167 2944 2397 2997 animam
2422 2959 2440 3007 ;
2466 2949 2515 2994 et
2544 2943 2656 3011 ipsa
2683 2951 2892 3011 propter
2932 2939 3256 3010 iniquitatem
3287 2953 3433 2991 suam
3463 2953 3551 2990 ca.

1971 3043 2061 3106 pta
2082 3042 2179 3099 est,
2202 3034 2505 3103 sanguinem
2534 3031 2596 3085 de
2617 3047 2775 3084 manu
2803 3030 3140 3100 speculatoris
3168 3030 3448 3100 requiram.
3482 3025 3557 3093 Et

1973 3131 2044 3187 tu,
2077 3123 2156 3193 ﬁli
2185 3122 2426 3182 hominis.
2456 3121 2830 3191 speculatorem
2861 3128 2909 3175 te
2934 3119 3050 3173 dedi
3080 3119 3253 3173 domui
3285 3117 3472 3183 Israel,
3503 3126 3553 3170 et

292 3244 400 3285 Ilus
435 3236 699 3299 pracepta
738 3206 870 3298 ejus,
912 3235 961 3281 et
988 3227 1108 3298 quia
1147 3225 1520 3280 ambulavimus
1546 3241 1720 3280 coram
1760 3223 1872 3278 Do-

1976 3214 2153 3267 audies
2173 3228 2237 3267 ex
2256 3228 2344 3267 ore
2364 3227 2474 3265 meo
2496 3209 2716 3274 verbum,
2742 3225 2858 3264 cum
2879 3209 3047 3264 dicam
3063 3209 3319 3281 peccatori
3341 3223 3361 3262 :
3384 3206 3554 3261 Morte

293 3321 432 3373 mino
459 3320 778 3372 exercituum
816 3317 1027 3372 tristes?
1073 3315 1213 3388 Ergo
1259 3332 1396 3370 nunc
1424 3314 1598 3370 beatos
1645 3314 1871 3369 dicemus
1912 3299 1941 3301 _
1972 3305 2252 3368 morieris;
2300 3312 2350 3357 et
2376 3318 2478 3361 non
2507 3302 2731 3371 loqueris
2755 3308 2813 3355 ut
2849 3308 3048 3355 avertat
3075 3317 3130 3354 se
3165 3317 3197 3353 α
3227 3299 3307 3353 via
3334 3314 3431 3352 sua
3458 3299 3553 3352 im-

291 3418 599 3480 arrogantes
624 3424 644 3462 :
671 3407 921 3480 siquidem
943 3407 1189 3477 azdiﬁcati
1214 3415 1332 3460 sunt
1359 3407 1607 3477 facientes
1628 3404 1873 3474 iniquita-

293 3508 388 3555 tem
406 3517 428 3558 :
446 3508 765 3554 tentaverunt
783 3498 965 3564 Deum,
988 3508 1038 3552 et
1055 3498 1185 3553 salvi
1196 3500 1322 3570 facti
1333 3505 1451 3552 sunt
1466 3495 1683 3568 (Ibid.,l
1695 3496 1775 3560 5,1
1787 3494 1864 3563 6).

357 3591 493 3648 CAP.
545 3608 633 3646 xv.
685 3589 772 3645 Ex
818 3588 1105 3645 Ezechiele.
1156 3618 1226 3631 —
1275 3588 1413 3656 Quid
1450 3603 1581 3644 vero
1622 3585 1870 3643 Ezechiel

293 3683 560 3753 propheta
580 3682 795 3748 dixerit,
827 3681 1088 3736 attendite
1113 3698 1126 3733 :
1166 3679 1287 3747 Vw,
1312 3679 1588 3749 inquiens,
1619 3693 1770 3748 super
1796 3691 1873 3731 vis

296 3775 480 3842 veniet,
511 3784 561 3828 et
581 3775 792 3828 nuntius
820 3790 973 3843 super
1011 3774 1246 3826 nuntium
1270 3772 1406 3826 erit:
1437 3779 1485 3825 et
1512 3779 1769 3843 quwretur
1794 3771 1870 3824 vi-

295 3865 369 3919 sio
390 3882 422 3919 a
450 3864 723 3936 propheta,
747 3873 796 3919 et
825 3864 910 3918 lex
934 3861 1118 3934 peribit
1147 3878 1180 3915 a
1209 3861 1497 3927 sacerdote,
1528 3869 1577 3914 et
1596 3861 1870 3914 consilium

298 3959 359 4015 de
382 3959 675 4014 senioribus
706 3956 918 4028 (Ezeeh.
946 3973 1039 4021 vit,
1069 3955 1183 4026 26).
1215 3954 1283 4008 Et
1311 3954 1503 4009 iterum
1528 3972 1541 4006 :
1587 3952 1718 4007 Hac
1746 3952 1871 4007 dicit

298 4049 550 4104 Dominus
572 4065 591 4103 :
624 4047 702 4102 Eo
722 4047 856 4119 quod
883 4062 1140 4101 sermones
1169 4043 1322 4099 vestri
1349 4052 1467 4097 sunt
1493 4042 1787 4107 mendaces,
1816 4050 1866 4096 et

299 4138 640 4193 divinationes
666 4145 844 4189 vestrm
868 4150 1051 4197 vanaz;
1081 4142 1290 4203 prapter
1309 4132 1404 4186 hoc
1424 4146 1538 4185 ecce
1558 4146 1651 4201 ego
1674 4129 1743 4182 ad
1764 4145 1868 4193 vos,

300 4228 418 4281 dicit
447 4225 704 4281 Dominus
726 4241 745 4278 :
794 4222 1090 4278 Extendam
1118 4239 1328 4276 manum
1356 4236 1521 4275 meam
1565 4236 1719 4289 super
1744 4235 1871 4288 pro-

300 4318 476 4386 phetas
504 4318 592 4388 qui
610 4316 780 4370 vident
799 4315 1088 4380 mendacia,
1119 4322 1168 4368 et
1187 4329 1274 4367 eos
1293 4312 1381 4382 qui
1395 4310 1671 4381 loquuntur
1690 4325 1826 4363 vana
1850 4324 1869 4362 :

297 4409 350 4460 in
379 4408 659 4477 disciplina
687 4407 861 4477 populi
889 4407 988 4458 mei
1009 4421 1110 4459 non
1138 4410 1304 4467 erunt,
1337 4412 1387 4455 et
1413 4402 1467 4454 in
1493 4402 1749 4469 scriptura
1780 4399 1875 4453 do-

298 4515 408 4553 mus
432 4497 601 4553 Israel
629 4514 731 4553 non
753 4498 1059 4563 scribentur,
1090 4505 1138 4549 et
1166 4496 1219 4548 in
1247 4502 1437 4547 terram
1466 4490 1633 4544 Israel
1661 4506 1763 4544 non
1786 4491 1871 4543 in-

1972 3399 2106 3468 pius,
2125 3407 2174 3450 et
2196 3398 2303 3466 ipse
2330 3396 2516 3466 impius
2544 3396 2600 3448 in
2624 3395 2898 3465 iniquitate
2923 3410 3019 3448 sua
3046 3392 3312 3471 morietur,
3341 3390 3553 3463 sangui-

1972 3501 2088 3538 nem
2115 3492 2284 3538 autem
2310 3484 2421 3554 ejus
2442 3483 2505 3536 de
2528 3499 2684 3536 manu
2709 3493 2796 3535 tua
2818 3482 3093 3551 requiram.
3121 3479 3197 3534 Tu
3219 3496 3334 3535 vero
3353 3479 3399 3533 si
3418 3494 3553 3545 pra:-

1972 3576 2167 3630 dixeris
2207 3576 2367 3645 impio
2397 3576 2532 3629 viam
2551 3574 2681 3644 ejus,
2710 3583 2768 3627 ut
2794 3580 2993 3627 avertat
3013 3588 3070 3627 se
3092 3570 3157 3625 ab
3181 3589 3262 3635 ea,
3292 3581 3342 3625 et
3371 3587 3473 3625 non
3498 3585 3554 3625 se

1972 3667 2214 3721 averterit
2232 3683 2265 3720 a
2286 3668 2367 3720 via
2385 3666 2615 3721 sua:hic
2636 3666 2690 3719 in
2715 3681 2810 3719 sua
2828 3665 3092 3734 impietate
3129 3664 3395 3728 morietur,
3414 3670 3465 3714 et
3497 3668 3552 3714 tu

1972 3761 2196 3815 animam
2220 3771 2359 3814 tuam
2385 3760 2617 3830 eripuisti
2644 3756 2856 3829 (Ezech.
2889 3772 3075 3822 χχχιιι,
3103 3753 3243 3825 2—9).

2043 3849 2171 3907 Ωιι».
2199 3856 2309 3906 in.
2338 3848 2428 3905 Ex
2452 3847 2738 3920 Evangelia
2763 3846 3019 3902 Matthxi.
3049 3875 3123 3888 —-
3148 3842 3255 3900 Sed
3283 3841 3552 3899 sufﬁciant

1972 3942 2087 3998 haec
2131 3956 2301 4012 pauca
2347 3940 2417 3996 de
2466 3940 2711 4011 pluribus
2767 3937 3152 4009 prophetarum
3205 3935 3548 4002 testimoniis,

1971 4036 2125 4105 queis
2168 4032 2472 4090 retunditur
2514 4031 2768 4102 superbia
2812 4028 2899 4085 vel
2947 4029 3156 4098 ignavia
3204 4027 3551 4085 sacerdotum

1972 4124 2389 4189 contumacium,
2414 4137 2482 4177 ne
2508 4127 2699 4193 putent
2728 4133 2827 4174 nos
2854 4118 3067 4191 propria
3093 4116 3271 4188 potius
3290 4115 3551 4170 adiuven-

1974 4217 2122 4270 tione
2149 4230 2309 4284 quam
2336 4214 2469 4283 legis
2497 4220 2808 4269 sanctorum
2848 4211 2933 4265 vel
2962 4208 3282 4264 auctoritate
3311 4206 3390 4262 eis
3419 4204 3547 4260 talia

1972 4306 2306 4361 denuntiare.
2357 4304 2643 4359 Videamus
2691 4302 2851 4370 igitur
2900 4298 3026 4369 quid
3072 4296 3377 4365 evangelica
3420 4295 3552 4350 tuba

1972 4395 2172 4450 mundo
2192 4407 2490 4464 personans
2510 4390 2824 4446 inordinatis
2846 4385 3213 4445 sacerdotibus
3233 4385 3550 4455 eloquatur:

1974 4501 2082 4540 non
2104 4486 2246 4540 enim
2274 4484 2342 4539 de
2389 4483 2512 4547 illis,
2543 4489 2603 4535 ut
2640 4481 2749 4549 jam
2798 4479 3052 4542 diximus,
3079 4476 3172 4546 qui
3191 4474 3553 4545 apostolicam

300 4591 541 4643 trabunt:
570 4597 620 4643 et
650 4590 839 4652 scietis,
871 4589 990 4660 quia
1028 4603 1120 4657 ego
1155 4584 1426 4640 Dominus.
1460 4581 1751 4653 Propterea
1777 4600 1873 4653 po-
1903 4610 1951 4670 υ
1974 4575 2154 4631 sedem
2184 4573 2421 4643 legitime
2455 4572 2720 4635 obtinent,
2750 4568 2949 4638 quique
2976 4567 3116 4621 bene
3146 4571 3343 4670 norunt
3369 4563 3553 4670 largiri

297 4678 475 4746 pulum
503 4694 669 4733 meum
697 4678 1031 4740 seduxerunt,
1066 4676 1289 4729 dicentes
1312 4690 1332 4728 :
1382 4672 1498 4727 Pax
1526 4672 1737 4727 Domini
1756 4689 1775 4737 ;
1823 4682 1873 4726 et

299 4786 401 4824 non
425 4780 505 4825 est
530 4785 636 4841 pax
676 4767 910 4824 Domini.
952 4766 1057 4822 Hic
1084 4768 1234 4821 struit
1261 4767 1547 4837 parietem;
1578 4773 1626 4819 et
1654 4765 1754 4833 ipsi
1774 4781 1876 4818 un-

298 4870 424 4930 gunt
451 4876 591 4928 eum,
611 4868 661 4913 et
688 4860 836 4913 cadet
858 4857 1072 4929 (Each.
1103 4872 1220 4922 χιιι,
1246 4855 1303 4922 8,
1336 4853 1444 4924 10).
1496 4854 1564 4908 Et
1608 4861 1733 4923 post
1775 4853 1875 4907 ali-

297 4962 495 5021 quanta
520 4970 533 5005 :
575 4951 668 5007 Va:
688 4951 768 5005 his
792 4951 880 5022 qui
918 4950 1231 5004 concinnant
1255 4945 1526 5001 cervicalia
1554 4943 1729 4998 subtus
1763 4960 1873 4997 om-

200 5064 209 5077 υ
298 5058 415 5096 item
443 5042 666 5097 cubitum
692 5057 898 5104 manus,
940 5047 992 5094 et
1030 5037 1229 5109 faciunt
1251 5037 1505 5092 velamina
1530 5050 1683 5104 super
1721 5049 1874 5088 omne

297 5140 451 5200 caput
477 5132 732 5186 universes
771 5131 939 5185 aetatis
969 5128 1038 5182 ad
1084 5126 1445 5183 subvertendas
1474 5126 1694 5178 animos.
1741 5124 1874 5177 Ani-

298 5237 492 5290 quue
518 5204 771 5275 [subversa
798 5226 917 5274 sunt
955 5218 1132 5289 populi
1171 5217 1291 5281 mei,
1319 5223 1367 5269 et
1393 5215 1597 5267 animas
1638 5213 1874 5283 posside-

298 5306 447 5373 bant,
471 5319 521 5363 et
546 5306 975 5362 contuminabaut
1001 5322 1083 5360 me
1104 5304 1175 5359 ad
1199 5305 1443 5375 populum
1470 5316 1639 5357 meum
1666 5312 1877 5373 propter

298 5418 511 5455 unum
533 5401 737 5470 plenam
765 5398 949 5454 hordei
975 5407 1026 5452 et
1062 5407 1270 5467 propter
1315 5398 1664 5467 fragmentum
1700 5394 1872 5464 panis,

301 5490 372 5542 ad
399 5489 706 5543 occidendos
733 5489 938 5542 animas
967 5502 1094 5557 quas
1123 5498 1227 5539 non
1270 5483 1535 5555 oportebat
1557 5484 1709 5548 mori,
1738 5493 1788 5537 et
1809 5482 1879 5536 ad

302 5580 598 5635 liberandas
620 5581 824 5633 animos
848 5594 978 5648 quas
1003 5594 1107 5632 non
1142 5574 1408 5647 oportebat
1435 5576 1616 5640 vivere,
1651 5575 1770 5628 dum
1799 5575 1879 5629 lo-

300 5671 517 5742 quiasini
536 5671 722 5742 populo
743 5669 1044 5724 exaudienti
1067 5685 1200 5723 vana
1219 5667 1420 5739 eloquia
1445 5664 1630 5736 (Ibid.,
1656 5664 1743 5730 18,
1766 5663 1878 5735 l9).

303 5760 373 5815 Et
402 5761 534 5817 infra
561 5779 575 5815 :
606 5759 714 5815 Fili
744 5760 963 5815 hominis
992 5760 1075 5815 die
1095 5776 1114 5815 :
1147 5760 1222 5815 Tu
1242 5775 1297 5813 es
1321 5766 1463 5812 terra
1480 5771 1595 5828 qua:
1614 5772 1714 5810 non
1737 5771 1880 5811 cont-

306 5852 519 5920 tluitur,
545 5866 705 5923 neque
731 5849 898 5919 pluvia
926 5851 1063 5921 facta
1087 5862 1161 5909 est
1188 5865 1344 5923 super
1382 5857 1429 5902 te
1458 5847 1512 5901 in
1544 5845 1625 5901 die
1653 5848 1787 5915 irw;
1818 5847 1875 5901 in

1978 4665 2272 4735 spiritualia
2304 4662 2579 4719 conservis
2634 4660 2747 4715 suis
2776 4660 2826 4713 in
2868 4666 3109 4728 tempore
3137 4655 3336 4711 cibaria
3367 4654 3431 4727 (si
3461 4653 3554 4725 qui

1980 4766 2157 4813 tamen
2187 4756 2337 4811 multi
2368 4752 2827 4824 inprmsentiarum
2851 4747 3016 4821 sunt),
3043 4746 3137 4803 sed
3162 4743 3230 4802 de
3252 4743 3556 4816 pastoribus

1979 4848 2258 4920 imperitis,
2304 4846 2397 4916 qui
2426 4844 2802 4913 derelinquunt
2844 4857 2974 4897 oves
3019 4847 3076 4896 et
3121 4843 3348 4910 pascunt
3392 4849 3551 4901 vana,

1978 4949 2032 4994 et
2055 4956 2160 4994 non
2189 4938 2391 4993 habent
2415 4935 2576 4990 verba
2605 4935 2835 5004 pastoris
2857 4931 3038 5002 periti,
3070 4927 3222 4983 nobis
3248 4939 3428 4979 sermo
3447 4931 3551 4978 est.

1980 5029 2210 5084 Evidens
2238 5042 2369 5097 ergo
2397 5026 2648 5081 indicium
2678 5031 2784 5090 est,
2813 5038 2922 5077 non
2952 5034 3069 5076 esse
3103 5018 3227 5073 eum
3256 5013 3553 5082 legitimum

1976 5129 2267 5192 pastorem,
2313 5118 2407 5173 sed
2436 5118 2758 5174 mediocrem
2788 5113 3001 5185 quidem
3028 5109 3410 5174 Christianum,
3459 5107 3555 5176 qui

1979 5209 2094 5263 haec
2118 5224 2221 5263 non
2253 5215 2359 5260 tam
2396 5215 2577 5261 nostra
2608 5205 2720 5275 (qui
2748 5204 2903 5257 valde
2931 5199 3107 5269 exigui
3134 5199 3363 5266 sumus),
3391 5211 3553 5266 quam

1978 5298 2189 5355 Veteris
2214 5296 2453 5366 Novique
2481 5293 2809 5349 Testameoti
2838 5292 3053 5345 decreta
3081 5286 3342 5343 recusarit
3368 5285 3455 5341 vel
3479 5286 3558 5340 in-

1985 5392 2196 5448 liciatus
2225 5389 2404 5454 fuerit,
2447 5387 2586 5443 sicut
2630 5386 2767 5440 bene
2810 5382 3025 5453 quidam
3070 5386 3375 5434 nostrorum
3420 5379 3498 5433 ait
3532 5394 3549 5433 :

1990 5501 2008 5534 ι
2035 5479 2353 5551 Optahiliter
2390 5478 2636 5548 cupimus
2664 5482 2723 5529 ut
2749 5474 2931 5528 hostes
2958 5469 3210 5526 Ecclesiae
3249 5470 3360 5525 sint
3386 5468 3555 5524 nostri

1981 5583 2196 5639 quoque
2223 5569 2425 5637 absque
2454 5567 2565 5623 ullo
2593 5562 2799 5621 {cedere
2827 5563 3033 5625 hostes,
3084 5568 3141 5616 et
3181 5559 3339 5615 amici
3367 5573 3432 5615 ac
3455 5558 3557 5613 de-

1978 5659 2223 5716 fensores
2248 5657 2415 5713 nostri
2446 5673 2555 5714 non
2583 5655 2758 5712 solum
2811 5651 3085 5721 fmdcrati,
3124 5649 3217 5707 sed
3254 5650 3418 5706 etiam
3463 5661 3532 5718 pa

1978 5759 2091 5808 tres
2134 5762 2202 5805 ac
2248 5747 2448 5804 domini
2497 5748 2817 5805 habeantur.
2861 5764 2880 5799 ι
2937 5741 3276 5799 Conveniam
3325 5749 3560 5806 namque

1978 5838 2169 5912 singuli
2198 5854 2327 5896 vero
2348 5840 2592 5896 examine
2621 5835 3007 5893 conscientiam
3037 5847 3210 5897 suam,
3252 5839 3309 5886 et
3354 5829 3427 5885 ita
3464 5824 3557 5880 de-
