3966 6170
303 304 412 359 383

1195 294 1423 351 GILDA‘I
1462 290 1750 350 SAPlENT
1776 289 1814 345 S
1850 288 1939 344 DE
1977 288 2242 344 EXClDlO
2279 286 2672 345 ΒΒΙΤΛΝΝΙᾹΞ

3450 289 3555 345 δκι

305 416 641 492 prehenderit
667 430 733 470 an
764 411 1057 469 secundum
1093 416 1298 464 rectam
1334 408 1601 461 rationem
1630 418 1725 459 sac
1759 402 1883 459 rdo-
1914 408 1960 467 Α
1990 399 2231 466 Domine,
2270 399 2517 468 Domine,
2560 397 2777 455 intrabit
2813 399 2867 453 in
2906 414 3118 468 regnum
3154 399 3440 454 culorum:
3470 401 3560 455 sed.

306 491 402 565 tali
449 505 718 563 cathedra:
767 502 1049 557 insideant.
1100 499 1419 565 Videamus,
1471 495 1707 565 inquam,
1755 491 1885 561 quid

306 599 562 657 Salvator
586 595 772 653 mundi
803 593 1081 662 factorque
1108 591 1288 645 dicat:
1344 588 1447 643 Vos
1495 587 1638 651 estis,
1689 585 1881 654 inquit,

306 689 389 745 sal
421 696 593 742 teme.
647 681 798 747 Quod
825 682 870 735 si
898 682 977 735 sal
1006 679 1290 742 evanuerit,
1321 678 1375 730 in
1405 692 1502 744 quo
1531 672 1791 728 salietur?
1818 670 1888 725 ad

309 780 530 834 nihilum
547 775 680 830 valet
703 775 861 838 ultra,
890 772 991 826 nisi
1014 780 1068 823 ut
1093 768 1399 840 projiciatur
1419 767 1583 836 foras,
1606 772 1655 818 et
1676 764 1886 817 concul—

308 880 453 925 cetur
479 867 545 922 ab
575 862 860 920 hominibus
888 860 1103 933 (Matth.
1129 874 1184 924 v,
1212 855 1323 928 l5).
1367 855 1481 910 Hoc
1524 869 1688 909 unum
1732 851 1885 906 testi-

312 960 555 1015 mo‘nium
583 957 650 1011 ad
678 952 1036 1010 conintandos
1053 949 1393 1020 impudentes
1413 961 1655 1016 quosque
1677 942 1889 998 abunde

310 1046 558 1104 sufficere
582 1050 786 1115 posset.
815 1038 921 1095 Sed
961 1046 1018 1092 ut
1040 1034 1460 1092 evidentioribus
1488 1032 1663 1087 adhuc
1690 1030 1883 1098 astipu-

309 1138 620 1201 lationibus,
668 1134 887 1205 quantis
938 1131 1258 1201 semetipsos
1307 1124 1735 1182 intolerabilibus
1770 1135 1890 1176 sce-

314 1228 486 1283 lerum
515 1225 752 1283 fascibus
779 1223 899 1278 falsi
930 1222 983 1277 hi
1011 1219 1320 1279 sacerdotes
1345 1215 1684 1286 opprimant,
1713 1210 1893 1265 verbis

310 1316 507 1373 Christi
528 1314 929 1385 comprobctur,
959 1310 1135 1379 aliqua
1166 1304 1499 1362 adnectenda
1528 1309 1671 1356 sunt.
1699 1298 1892 1367 Sequi-

315 1414 406 1461 tur
442 1405 628 1460 enim:
688 1402 793 1457 Vos
823 1402 945 1456 estis
984 1400 1074 1454 lux
1113 1395 1311 1451 mundi.
1360 1391 1484 1447 Non
1524 1398 1687 1461 potest
1715 1389 1894 1442 civitas

318 1495 566 1550 abscondi
592 1509 751 1563 supra
792 1499 1018 1546 montem
1045 1495 1235 1561 posita.
1278 1483 1457 1555 Neque
1485 1477 1768 1535 accendunt
1809 1477 1894 1532 lu-

311 1602 544 1651 cernam,
573 1592 622 1637 et
650 1588 852 1654 ponunt
870 1595 985 1633 eam
1014 1577 1105 1632 sub
1132 1574 1322 1637 modio,
1354 1571 1447 1627 sed
1476 1586 1629 1640 super
1646 1565 1895 1621 candela-

316 1676 483 1741 brum,
511 1684 566 1728 ut
595 1674 763 1728 luceat
784 1669 1016 1726 omnibus
1044 1668 1129 1739 qui
1157 1667 1212 1720 in
1237 1680 1393 1719 oomo
1410 1671 1530 1716 sunt
1559 1656 1746 1731 (Ibid.,
1783 1654 1891 1726 l4).

1989 495 2075 564 qui
2112 494 2239 564 facit
2259 491 2580 546 ‘voluntatem
2606 488 2789 543 Patris
2830 489 2930 542 mei
2958 489 3043 559 qui
3070 490 3123 541 in
3152 489 3295 543 ctelis
3327 498 3425 559 est,
3454 492 3558 561 ipse

1989 583 2201 637 intrabit
2229 584 2281 636 in
2309 597 2522 653 regnum
2546 580 2786 634 castorum
2819 577 3005 649 (lbid.,
3031 577 3142 645 21).

2060 676 2188 728 CAP.
2226 689 2353 727 xvn.
2390 671 2585 726 Iterum
2623 685 2687 724 ea:
2728 669 3011 741 Evangelio
3040 666 3299 723 Matthari.
3330 698 3401 711 ——
3428 666 3561 734 Quid

1990 781 2119 821 sane
2144 765 2295 820 vobis
2324 762 2414 818 fiet
2440 764 2550 832 qui,
2583 770 2642 816 ut
2676 761 2945 831 pr0plteta
2974 759 3110 814 dixit
3137 757 3560 830 (Iso.xnx,15),

1991 856 2147 910 labiis
2178 863 2386 909 tantum
2431 859 2487 907 et
2522 867 2629 905 non
2666 851 2829 906 corde
2873 848 2986 905 Deo
3024 848 3289 904 creditis?
3329 848 3564 913 Qualiter

1993 955 2171 1001 autem
2204 942 2436 1012 impletis
2459 939 2604 1010 quod
2625 939 2868 1007 sequitur
2894 957 2906 992 :
2942 936 3092 1004 Ecce,
3123 935 3317 1005 inquit,
3347 953 3441 1006 ego
3459 938 3559 990 mit-

1995 1047 2044 1092 to
2073 1053 2163 1093 vos
2189 1037 2323 1090 sicut
2352 1049 2468 1088 oves
2514 1034 2571 1086 in
2616 1032 2786 1085 medio
2835 1029 3073 1100 luporum
3116 1027 3340 1099 (Matth.
3376 1044 3425 1092 ιι,
3460 1027 3562 1096 16),

1992 1126 2086 1197 qui
2115 1139 2268 1180 versa
2296 1123 2415 1179 vice
2461 1129 2523 1177 ut
2559 1121 2669 1191 lupi
2700 1122 2753 1174 in
2779 1134 2998 1190 gregem
3029 1119 3210 1174 ovium
3237 1118 3566 1188 proceditis?

1992 1219 2079 1273 vel
2105 1216 2251 1289 quod
2271 1216 2384 1270 ait:
2416 1213 2597 1267 Estote
2623 1211 2899 1278 prudentes
2927 1211 3059 1264 sicut
3084 1217 3373 1280 serpentes,
3392 1218 3440 1262 et
3457 1208 3571 1263 sim-

1994 1309 2155 1382 plices
2180 1309 2313 1362 sicut
2337 1304 2586 1362 columbo:
2615 1301 2850 1373 (Ibid)?
2877 1300 3176 1356 Prudentes
3202 1298 3422 1368 quidem
3448 1298 3570 1353 estis

1999 1406 2060 1453 ut
2084 1398 2318 1465 aliquem
2356 1409 2455 1450 ore
2483 1392 2746 1448 exitiabili
2793 1389 3103 1455 mordeatis,
3152 1404 3264 1445 non
3311 1395 3370 1443 ut
3416 1395 3571 1458 caput

1994 1495 2233 1543 vestrum
2275 1484 2420 1553 quod
2464 1491 2546 1539 est
2583 1480 2860 1547 Christus,
2916 1479 3133 1549 objecta
3179 1477 3570 1547 quodammodo

1996 1577 2246 1648 corporis
2293 1574 2621 1639 defendatis,
2669 1587 2830 1643 quem
2872 1572 3001 1626 totis
3030 1583 3276 1641 'Operum
3318 1568 3571 1624 malorum

1999 1670 2282 1727 conatibus
2317 1666 2667 1723 conculcatis.
2709 1664 2818 1721 Nec
2862 1663 3005 1718 enim
3053 1662 3454 1732 simplicitatem
3481 1676 3571 1716 co-

318 1766 449 1833 Quis
476 1778 605 1832 ergo
633 1762 973 1818 sacerdotum
1003 1758 1163 1827 hujus
1192 1754 1448 1825 temporis
1487 1753 1559 1805 ita
1584 1747 1897 1819 ignorantia:

2006 1761 2300 1817 lumbarum
2345 1758 2577 1825 habetis,
2627 1757 2755 1827 quin
2799 1755 2980 1827 potius
3025 1755 3256 1810 corvina
3305 1753 3571 1809 assimilati

316 1857 563 1911 caecitate
596 1866 898 1924 possessus,
948 1857 1007 1903 ut
1045 1847 1138 1901 lux
1182 1835 1494 1901 clarissimas
1539 1839 1794 1903 lucernae,
1836 1836 1891 1889 in

317 1951 496 2020 aliqua
538 1947 699 2003 domo
722 1944 931 2001 cunctis
959 1947 1124 1997 noctu
1152 1935 1510 1993 residentibus
1553 1929 1792 1987 scientiae
1819 1926 1895 1981 si-

319 2016 434 2094 mul
480 2046 536 2094 et
580 2037 846 2091 bonorum
888 2044 1113 2101 operum
1163 2024 1413 2096 lampade
1440 2020 1630 2077 lucet?
1665 2017 1796 2085 Quis
1823 2016 1896 2070 ita

316 2127 582 2185 universis
628 2124 887 2184 Ecclesiae
925 2121 1066 2186 filiis,
1115 2127 1309 2180 tutum,
1360 2114 1634 2185 publicum
1683 2108 1901 2177 conspi-

318 2232 587 2287 cuumque
627 2214 911 2283 refugium,
966 2220 1026 2266 ut
1070 2210 1141 2265 sit
1181 2208 1390 2263 civibus
1430 2202 1733 2258 ﬁrmissima
1759 2197 1899 2254 forte

317 2310 446 2366 editi
472 2308 670 2364 montis
695 2306 888 2362 civitas
914 2303 1118 2359 vertice
1143 2299 1456 2362 constituta,
1494 2291 1765 2350 habetur?
1792 2288 1899 2344 Sed

321 2409 376 2456 et
402 2397 546 2470 quod
573 2397 852 2467 sequitur:
885 2393 976 2450 Sic
1016 2393 1182 2447 luceat
1211 2390 1300 2444 lux
1324 2396 1495 2442 vestra
1530 2400 1705 2438 coram
1726 2382 1901 2435 homi-

323 2492 508 2556 nibus,
553 2498 610 2543 ut
654 2489 858 2543 videant
904 2500 1063 2554 opera
1092 2491 1261 2537 vestra
1290 2479 1443 2543 bona,
1493 2485 1543 2532 et
1570 2474 1901 2546 magniﬁcent

324 2579 536 2638 Patrem
562 2586 802 2641 vestrum,
853 2575 937 2646 qui
983 2573 1039 2626 in
1088 2570 1227 2624 caelis
1275 2577 1352 2623 est
1382 2565 1569 2637 (Ibid.,
1602 2564 1729 2633 l6):
1780 2562 1901 2633 quis

322 2686 511 2729 eorum
537 2684 647 2724 uno
674 2668 865 2723 saltem
904 2664 992 2718 die
1032 2667 1211 2733 potest
1250 2657 1520 2730 implere?
1562 2655 1699 2722 Quin
1721 2652 1902 2724 potius

325 2761 640 2819 densissima
668 2756 911 2828 quasdam
962 2768 1151 2810 eorum
1193 2750 1405 2815 nebula,
1452 2756 1677 2816 atraque
1703 2759 1898 2817 pecca-

324 2855 530 2909 minum
557 2851 704 2908 omni
726 2848 925 2905 Insulae
952 2846 1027 2902 ita
1052 2843 1311 2901 incumbit
1338 2857 1466 2907 nox,
1499 2847 1560 2895 ut
1585 2853 1776 2896 omnes
1803 2852 1901 2908 pe-

2001 1854 2222 1924 nigrori,
2262 1868 2327 1908 ac
2353 1838 2521 1907 semel
2548 1850 2615 1905 de
2642 1864 2797 1913 arca,
2824 1848 2877 1903 id
2905 1855 2990 1903 est
3017 1845 3286 1911 Ecclesia,
3319 1846 3572 1901 evolitan-

1999 1955 2101 2010 tes,
2148 1946 2381 2002 inventis
2409 1944 2707 2001 carnalium
2735 1944 3073 2014 voluptatum
3117 1941 3402 2005 fetoribus,
3447 1956 3569 1996 nus—

2000 2050 2164 2105 quam
2195 2034 2262 2089 ad
2287 2049 2407 2089 eam
2436 2049 2573 2102 puro
2601 2032 2763 2089 corde
2801 2032 3107 2088 revolastis.
3158 2030 3271 2087 Sed
3311 2031 3573 2087 videamus

2000 2133 2057 2180 et
2082 2136 2295 2181 caetera.
2326 2123 2524 2190 Nolite,
2557 2124 2652 2192 ait,
2683 2124 2862 2178 timere
2888 2140 2972 2177 eos
2995 2123 3081 2193 qui
3108 2121 3354 2177 occidunt
3376 2139 3568 2192 corpus.

1956 2262 1962 2269 .
1999 2218 2229 2272 animam
2255 2227 2426 2272 autem
2456 2234 2561 2272 non
2586 2224 2800 2288 possunt
2818 2216 3085 2280 occidere;
3109 2215 3207 2269 sed
3226 2217 3392 2285 potius
3414 2215 3575 2269 timete

1999 2323 2137 2369 eum,
2165 2308 2251 2378 qui
2276 2314 2444 2375 potest
2458 2314 2508 2360 et
2533 2308 2761 2360 animam
2782 2313 2831 2359 et
2858 2321 3043 2371 corpus
3071 2306 3293 2376 perdere
3320 2306 3375 2360 in
3398 2306 3571 2377 gehen-

2000 2412 2121 2449 nam
2144 2396 2330 2467 (lbid.,
2354 2395 2464 2466 l8).
2487 2395 2752 2462 Quidnam
2774 2395 2966 2450 horum
2983 2394 3245 2459 feceritis,
3270 2396 3569 2465 recogitate.

2000 2483 2172 2551 Quem
2215 2500 2346 2541 vero
2392 2492 2631 2542 vestrum
2674 2498 2912 2554 sequens
2966 2484 3337 2540 testimonium
3378 2500 3482 2541 non
3522 2486 3572 2541 in

2000 2574 2269 2647 profundo
2319 2575 2500 2631 cordis
2540 2590 2739 2631 arcano
2780 2575 3045 2642 vulneret,
3098 2575 3253 2644 quod
3297 2575 3364 2632 de
3402 2576 3570 2646 pravis

2002 2665 2332 2721 antistitibus
2367 2665 2617 2721 Salvator
2659 2664 2727 2721 ad
2771 2666 3048 2736 apostolos
3075 2665 3365 2736 loquitur?
3411 2665 3572 2722 Sinite

1998 2757 2118 2814 illos
2139 2773 2157 2812 :
2181 2758 2304 2812 eieci
2332 2766 2451 2812 sunt
2474 2756 2631 2810 duces
2658 2772 2910 2811 caecorum
2934 2773 2953 2810 :
2983 2772 3149 2811 aecus
3179 2765 3352 2811 autem
3370 2759 3419 2811 si
3446 2772 3570 2812 caeco

2001 2845 2247 2900 ducatum
2273 2852 2507 2915 prestat,
2529 2843 2679 2898 ambo
2706 2844 2762 2897 in
2790 2845 2989 2915 foveam
3031 2843 3224 2899 cadent
3254 2843 3463 2917 (Matth.
3484 2860 3568 2910 xv,

325 2965 396 3005 ne
424 2946 564 3003 avia
592 2953 743 3001 recta
771 2948 997 3006 avertat,
1047 2954 1113 2995 ac
1156 2952 1254 3009 per
1299 2936 1473 2991 invios
1508 2932 1903 3003 impeditosque
2002 2935 2114 3006 14).
2154 2934 2329 3005 Egent
2352 2949 2497 2991 sane
2519 2934 2701 3005 populi
2728 2934 2922 3005 quibus
2959 2935 3230 3004 prmestis,
3276 2936 3362 2991 vel
3401 2936 3570 3006 potius

322 3039 586 3095 scelerum
610 3037 776 3093 calles
804 3048 989 3090 errare
1016 3031 1199 3099 faciat,
1224 3043 1455 3099 quorum
1484 3042 1593 3081 non
1612 3024 1772 3081 modo
1800 3022 1903 3078 Pa-
2002 3041 2140 3098 quos
2167 3025 2472 3096 decepistis,
2500 3024 2710 3080 audire.
2750 3025 3027 3081 Attendite
3075 3027 3245 3082 verba
3273 3025 3477 3083 Domini
3505 3025 3566 3081 ad

327 3138 414 3185 ter
437 3127 673 3185 caelestis
702 3141 811 3181 non
830 3123 1079 3179 laudatur
1104 3136 1202 3192 per
1226 3134 1416 3190 opera.
1448 3116 1544 3174 sed
1568 3116 1732 3172 etiam
1758 3115 1900 3169 into-
1927 3149 1973 3212 ο
2005 3116 2284 3188 apostolos
2334 3122 2393 3170 et
2437 3114 2506 3170 ad
2551 3114 2736 3171 turbas
2780 3114 3069 3183 loquentis,
3121 3130 3247 3184 qua:
3285 3123 3340 3171 et
3381 3130 3490 3178 vos,
3517 3121 3571 3169 ut

323 3220 621 3277 lerabiliter
647 3218 1069 3287 blasphematur.
1086 3212 1259 3269 Velim
1281 3211 1498 3281 quidem
1521 3210 1637 3264 haec
1656 3207 1900 3277 Scriptu-

326 3324 401 3365 ra:
420 3323 587 3364 sacra:
608 3307 911 3374 testimonia
931 3305 1055 3360 huic
1074 3303 1315 3374 epistolte
1337 3302 1533 3356 inserta
1559 3299 1642 3356 vel
1657 3300 1902 3354 inseren-

325 3400 416 3465 da,
436 3400 580 3454 sicut
605 3405 787 3453 nostra
812 3371 1156 3463 mediocritas
1189 3400 1391 3464 posset.
1423 3391 1604 3447 omnia
1633 3398 1904 3459 utcunque

329 3488 590 3545 historico
635 3487 721 3543 vel
764 3485 957 3542 morali
1005 3500 1168 3542 sensu
1197 3482 1562 3553 interpretari.
1604 3481 1714 3537 Sed
1752 3496 1821 3536 ne
1850 3480 1904 3535 in

329 3581 647 3636 immensum
677 3578 897 3633 modum
924 3576 1241 3647 opusculum
1270 3575 1379 3629 hoc
1427 3574 1511 3628 his
1540 3574 1631 3644 qui
1658 3588 1769 3628 non
1796 3579 1929 3626 tam.

329 3678 514 3726 nostra
561 3684 723 3739 quam
765 3669 864 3724 Dei
909 3668 1239 3737 despiciunt,
1286 3664 1585 3730 fastidiunt,
1633 3671 1903 3728 avertunt,

327 3760 646 3832 proteletur,
672 3758 992 3829 simpliciter
1017 3765 1074 3813 et
1100 3757 1303 3825 absque
1332 3754 1441 3809 ulla
1481 3753 1772 3809 verborum
1800 3753 1910 3808 cir-

330 3852 571 3907 cuitione
594 3858 851 3920 congesta
876 3848 962 3903 vel
986 3845 1328 3916 congerenda
1350 3853 1494 3900 sunt.
1527 3844 1597 3898 Et
1625 3852 1749 3916 post
1775 3858 1911 3914 pau-

329 3957 394 3997 ca
419 3959 432 3995 :
464 3939 565 4005 Qui
590 3942 726 3995 enim
749 3939 957 3994 solverit
983 3955 1142 3993 unum
1162 3938 1227 3992 de
1246 3938 1509 3992 mandatis
1528 3937 1641 3992 istis
1661 3937 1907 4002 minimis,

331 4042 382 4087 et
408 4033 636 4087 docuerit
664 4033 740 4086 sic
780 4031 1031 4091 homines.
1085 4030 1331 4083 minimus
1374 4027 1637 4084 vocabitur
1669 4030 1725 4082 in
1754 4043 1911 4098 regno

332 4123 578 4177 calorum
612 4120 828 4186 (Matth.
858 4136 912 4185 v,
944 4119 1057 4190 l9).
1097 4117 1165 4173 Et
1184 4120 1415 4174 iterum:
1448 4117 1627 4173 Nolite
1647 4118 1908 4189 judicare,

330 4221 389 4265 ut
416 4227 521 4265 non
552 4210 862 4281 judicemini
882 4226 901 4264 :
940 4210 997 4263 in
1024 4225 1123 4279 quo
1152 4210 1291 4263 enim
1306 4208 1508 4280 judicio
1530 4208 1908 4280 judicaveritis,

325 4299 648 4372 judicabitur
676 4299 741 4354 de
771 4298 910 4354 vobis
939 4297 1153 4371 (Matth.
1185 4313 1276 4366 vn,
1328 4297 1380 4365 ‘l,
1421 4297 1500 4369 2).
1547 4296 1710 4365 Quis,
1757 4312 1911 4368 rogo,

333 4398 572 4446 vestrum
617 4389 870 4457 respiciet
898 4387 953 4443 id
979 4389 1123 4457 quod
1148 4389 1433 4459 sequitur?
1482 4387 1620 4453 Quid
1648 4398 1820 4445 autem
1846 4391 1917 4444 vi-

2002 3208 2183 3269 audio.
2212 3207 2266 3261 in
2298 3204 2533 3260 medium
2556 3205 2745 3260 crebro
2774 3203 3017 3275 proferre
3054 3220 3162 3260 non
3191 3205 3377 3276 pudet.
3409 3205 3570 3272 Super

2002 3304 2303 3360 cathedram
2327 3302 2499 3374 Moysi
2521 3302 2762 3356 sederunt
2791 3299 2992 3357 Scribis
3014 3312 3065 3357 et
3085 3301 3363 3358 Pharistei.
3394 3301 3569 3357 Omnia

2003 3413 2129 3469 ergo
2156 3412 2468 3469 quaecunque
2494 3395 2725 3450 dixerint
2750 3393 2911 3459 vobis,
2956 3404 3156 3449 servate
3192 3403 3246 3450 et
3273 3396 3463 3467 facite:
3496 3408 3571 3446 se-

2004 3489 2227 3543 cundum
2256 3504 2373 3542 vero
2395 3503 2552 3556 opera
2577 3500 2752 3541 eorum
2778 3486 2939 3540 nolite
2973 3470 3145 3557 facere
3167 3502 3187 3540 :
3227 3486 3402 3540 dicunt
3424 3486 3570 3550 enim,

2004 3589 2055 3636 et
2100 3581 2202 3652 ipsi
2244 3596 2351 3636 non
2381 3580 2578 3651 faciunt
2633 3577 2852 3649 (Matth.
2878 3593 3029 3645 χχιιι,
3056 3576 3111 3645 2,
3148 3577 3230 3649 '5).
3279 3576 3571 3632 Periculosa

2010 3677 2161 3725 certe
2188 3684 2255 3725 ac
2281 3682 2614 3738 supervacua
2643 3665 3017 3723 sacerdotibus
3043 3666 3292 3722 doctrina
3319 3674 3418 3733 est,
3463 3677 3572 3734 qua:

2011 3761 2193 3831 pravis
2221 3760 2476 3831 Operibus
2504 3758 2833 3813 obfuscatur.
2872 3756 2966 3812 γω
2992 3756 3152 3823 vobis,
3186 3754 3571 3829 hypocritat,qtti

2009 3850 2252 3906 clauditis
2300 3866 2511 3921 regnum
2541 3848 2785 3904 calorum
2820 3856 2941 3902 ante
2967 3849 3200 3904 homines
3223 3865 3243 3904 :
3291 3865 3376 3903 vos
3416 3854 3572 3901 autem

2009 3957 2114 3996 non
2133 3941 2363 4007 intratis,
2393 3955 2484 3994 nec
2511 3940 2824 3994 introeuntes
2850 3940 3021 3994 sinitis
3043 3940 3243 3994 intrare
3267 3937 3448 4012 (Ibid.,
3472 3935 3572 4005 l5).

2011 4029 2128 4086 Non
2175 4028 2348 4085 solum
2407 4027 2553 4084 enim
2606 4043 2718 4099 pra:
2764 4028 2927 4083 tantis
2970 4028 3237 4084 malorum
3279 4025 3574 4083 criminibus

2012 4133 2135 4189 quas
2160 4118 2365 4188 geritis,
2408 4118 2462 4173 in
2488 4116 2687 4186 futuro,
2737 4117 2832 4173 sed
2859 4118 3023 4173 etiam
3054 4133 3153 4187 pro
3180 4118 3268 4173 his
3296 4117 3387 4188 qui
3412 4120 3574 4171 vestro

2013 4209 2255 4280 quotidie
2279 4206 2530 4280 exemplo
2557 4216 2804 4280 pereunt,
2836 4209 3034 4278 pmnali
3062 4224 3222 4279 poena
3250 4204 3572 4280 plectemini:

2014 4316 2243 4370 quorum
2268 4300 2486 4378 sanguis
2511 4300 2566 4354 in
2592 4299 2680 4355 die
2704 4299 2892 4369 iudicii
2913 4300 2985 4355 de
3008 4301 3203 4356 vestris
3232 4299 3470 4355 manibus
3494 4308 3575 4350 re-

2014 4389 2276 4458 quiretur.
2308 4387 2416 4443 Sed
2437 4387 2567 4457 quid
2594 4388 2719 4443 mali
2742 4387 2886 4457 quod
2914 4388 3054 4445 servi
3084 4388 3342 4458 parabola
3366 4392 3579 4458 praeten-

256 4484 265 4493 ’
337 4481 454 4548 des,
483 4480 677 4548 inquit,
711 4482 961 4550 festucam
984 4481 1037 4533 in
1067 4479 1216 4534 oculo
1242 4481 1422 4551 fratris
1444 4482 1536 4545 tui,
1558 4488 1610 4535 et
1637 4480 1834 4535 trabem
1859 4482 1913 4534 in
1944 4514 1995 4572 Ι)
2016 4478 2156 4534 derit
2182 4477 2451 4548 inspicite,
2480 4477 2711 4533 dicentis
2746 4480 2803 4532 in
2843 4478 2996 4534 corde
3040 4495 3176 4534 suo:
3222 4479 3422 4534 Moram
3462 4475 3576 4548 facit

335 4572 486 4629 oculo
516 4579 603 4626 tuo
627 4586 729 4624 non
757 4571 1100 4625 consideras?
1145 4571 1246 4623 Aut
1293 4572 1547 4642 quomodo
1590 4572 1719 4627 dicis
1760 4573 1916 4646 fratri
1945 4568 1981 4572 —
2021 4569 2258 4624 dominus
2285 4583 2428 4623 meus
2451 4569 2642 4624 venire.
2670 4568 2773 4635 Qui
2801 4584 2902 4639 pro
2934 4570 3038 4625 hoc
3067 4569 3292 4626 forsitan
3316 4571 3576 4637 incteperat

337 4669 449 4729 tuo,
477 4658 603 4715 Sine
629 4659 838 4728 ejiciam
865 4660 1113 4728 festucam
1146 4659 1209 4713 de
1238 4660 1385 4714 oculo
1416 4668 1522 4721 tuo,
1554 4667 1603 4713 et
1628 4675 1744 4714 ecce
1774 4658 1914 4713 trabs

335 4752 392 4806 in
440 4752 591 4807 oculo
628 4759 714 4806 tuo
752 4759 830 4804 est
873 4748 1063 4819 (Ibid.,
1094 4747 1150 4816 5,
1190 4749 1266 4820 4).
1311 4750 1405 4807 Vel
1444 4751 1589 4818 quod
1633 4751 1913 4819 sequitur:

338 4839 397 4896 Ν
400 4842 521 4896 olite
548 4842 675 4896 dare
700 4850 937 4895 sanctum
962 4840 1198 4907 canibus,
1231 4856 1392 4911 neque
1432 4842 1672 4896 miseritis
1701 4857 1915 4912 marga-

335 4933 468 4986 ritas
494 4940 692 4986 vestras
717 4940 838 4985 ante
865 4944 1047 4996 porcos
1076 4945 1093 4982 :
1124 4944 1189 4981 ne
1224 4930 1357 5001 forte
1385 4929 1681 4984 conculcent
1706 4945 1797 4984 eas
1822 4946 1915 5000 pe-

334 5020 489 5075 dibus
528 5022 671 5089 suis,
718 5031 768 5081 et
806 5020 1037 5075 conversi
1076 5021 1401 5091 disrumpunt
1444 5035 1534 5093 vos
1579 5018 1765 5088 (Ibid.,
1816 5019 1920 5090 6):

338 5111 487 5182 quod
515 5113 809 5181 saepissime
844 5111 1001 5166 vobis
1047 5110 1247 5166 evenit.
1294 5108 1359 5163 Et
1402 5109 1664 5180 populum
1694 5125 1922 5167 monens

343 5217 418 5259 ne
452 5218 486 5258 a
514 5202 716 5258 dolosis
742 5203 1084 5267 doctoribus,
1135 5210 1196 5256 ut
1221 5201 1352 5258 estis
1374 5216 1472 5257 vos
1490 5239 1505 5265 ,
1553 5202 1918 5268 seduceretur,

338 5293 514 5350 dixit:
546 5293 804 5348 Attendite
829 5293 971 5348 vobis
989 5311 1022 5347 a
1049 5293 1201 5364 falsis
1227 5292 1488 5363 prophetis
1514 5294 1601 5363 qui
1620 5294 1828 5347 veniunt
1854 5294 1924 5347 ad

341 5399 432 5441 vos
457 5384 515 5438 iis
550 5384 732 5438 vestitu
760 5385 949 5451 ovium,
995 5384 1303 5440 intrinsecus
1342 5393 1513 5438 autem
1541 5393 1661 5438 sunt
1690 5383 1801 5454 lupi
1827 5400 1924 5439 ra-

342 5491 537 5551 paces:
583 5493 618 5530 a
656 5476 904 5547 fructibus
951 5494 1127 5532 eorum
1153 5479 1468 5550 cognoscetis
1507 5495 1616 5533 eos.
1672 5477 1925 5549 Nunquid

346 5566 596 5638 colligunt
640 5566 707 5621 de
739 5567 905 5637 spinis
943 5583 1087 5632 uvas,
1131 5578 1221 5622 aut
1255 5569 1320 5622 de
1365 5569 1568 5623 tribulis
1616 5568 1793 5639 ﬁcus?
1833 5568 1926 5624 Sic

342 5659 514 5714 omnis
538 5656 697 5711 arbor
722 5655 857 5712 bona
888 5654 1048 5711 bonos
1077 5660 1275 5728 fructus
1304 5660 1453 5727 facit,
1500 5667 1551 5712 et
1597 5657 1738 5712 mala
1761 5658 1924 5712 malos

347 5747 537 5820 (ιδιά.
571 5742 779 5819 15-17).
830 5746 897 5802 Ει
925 5746 1100 5804 infra:
1144 5745 1269 5804 Non
1310 5750 1478 5804 omnis
1507 5750 1592 5819 qui
1618 5749 1747 5803 dicit
1774 5750 1922 5815 mihi,

2020 4668 2280 4728 percutere
2320 4658 2589 4713 conservos
2634 4675 2776 4725 suos,
2827 4659 3150 4714 manducans
3194 4672 3244 4715 et
3284 4659 3448 4713 bibens
3475 4671 3576 4709 cum

2020 4748 2195 4804 ebriis.
2232 4749 2407 4803 Veniet
2436 4764 2579 4819 ergo,
2612 4749 2803 4818 inquit,
2833 4750 3073 4805 dominus
3100 4754 3230 4805 servi
3259 4752 3393 4805 illius
3428 4750 3479 4802 in
3503 4745 3577 4798 die

2022 4856 2126 4910 qua
2163 4855 2266 4894 non
2311 4848 2505 4909 sperat,
2548 4849 2597 4894 et
2635 4841 2764 4895 hora
2792 4858 2892 4911 qua
2916 4844 3159 4913 ignorat:
3196 4851 3245 4896 et
3268 4840 3452 4895 dividet
3474 4851 3599 4891 eum:

2026 4933 2082 5000 (τι
2106 4931 2303 4986 sanctis
2323 4930 2530 4987 scilicet
2556 4932 2949 5002 sacerdotibus)
2979 4942 3275 5005 partemmte
3308 4932 3415 5003 ejus
3437 4933 3576 5001 ponet

2023 5038 2139 5076 cum
2177 5023 2458 5093 hypocritis
2503 5024 2647 5092 (cum
2678 5025 2756 5080 eis
2802 5034 2973 5093 certe,
3020 5026 3111 5094 qui
3138 5027 3237 5081 sub
3275 5018 3571 5080 sacerdotali

2024 5112 2257 5179 tegmine
2277 5106 2501 5167 multum
2520 5111 2844 5168 obumbrant
2859 5115 3130 5183 nequitize)
3150 5133 3163 5168 :
3188 5115 3312 5179 illic,
3328 5110 3571 5180 inquiens,

2023 5205 2120 5257 erit
2158 5203 2309 5271 fletus
2336 5212 2387 5257 et
2421 5204 2615 5258 stridor
2653 5206 2882 5259 dentium
2925 5203 3139 5269 (Matth.
3171 5220 3312 5268 xxrv,
3341 5195 3569 5266 58-51);

2024 5293 2218 5360 quibus
2244 5294 2296 5347 in
2323 5293 2424 5347 hac
2451 5294 2561 5348 vita
2594 5310 2701 5349 non
2738 5296 2930 5350 crebro
2959 5296 3137 5349 evenit
3164 5296 3233 5349 ob
3259 5289 3571 5363 quotidianss

2026 5383 2279 5441 Ecclesiae
2305 5387 2495 5443 matris
2521 5388 2704 5443 ruinas
2733 5385 2986 5455 filiorum,
3016 5386 3104 5442 vel
3141 5384 3399 5442 desideria
3436 5375 3569 5447 regni

2027 5479 2308 5534 caelorum.
2918 5494 2923 5500 '

2097 5568 2225 5624 CAP.
2259 5583 2403 5623 xvm.
2436 5566 2522 5623 Ex
2552 5566 2709 5622 Pauli
2733 5566 2973 5638 Epistola
2992 5566 3062 5621 ad
3091 5567 3365 5623 Romanos.
3387 5592 3457 5607 --
3476 5554 3570 5613 sed

2027 5659 2304 5714 videamus
2349 5659 2478 5729 quid
2527 5657 2728 5715 Christi
2772 5672 2931 5714 verus
2975 5659 3264 5730 discipulus
3289 5699 3306 5725 ,
3345 5650 3571 5720 magister

2028 5751 2296 5819 gentium,
2358 5750 2585 5819 Paulus,
2650 5750 2743 5822 qui
2788 5748 2935 5807 omni
2980 5750 3355 5809 ecclesiastico
3396 5734 3577 5797 doctori
