3954 6178
360 237 459 293 335

1041 241 1242 298 LIBER
1280 241 1671 309 QUEllULUS.
1712 246 1886 301 PARS
1927 247 2009 301 lll.
2052 248 2462 303 lNCREl‘ATlO
2498 248 2565 304 IN
2600 248 2900 306 CLERUM.

3493 254 3601 310 386

357 355 638 412 imitandus
659 364 738 414 est
769 355 785 425 (
812 356 938 409 sicut
967 367 1014 408 et
1041 373 1134 426 ego
1163 356 1352 411 Christi
1382 356 1436 426 [1
1468 357 1584 412 Cor.
1618 375 1691 424 XI,
1728 358 1838 429 1]),
1872 361 1922 414 in
1953 365 2005 422 Α
2031 363 2111 414 (iis
2142 361 2317 429 (Rom.
2351 380 2463 427 xm,
2494 364 2576 430 12,
2614 364 2724 434 14).
2775 365 2842 418 Et
2864 366 3057 420 iterum
3098 367 3166 422 ad
3195 368 3504 428 Corinthios
3545 373 3602 429 in

357 447 442 501 tali
493 447 708 515 negotio
737 445 1101 514 prmioquatur
1146 447 1198 500 in
1229 448 1400 516 prima
1429 447 1665 517 Epistola
1697 450 1918 504 dicens:

356 537 484 600 Quia
511 552 624 590 cum
648 537 1001 607 cognovissent
1029 535 1214 600 Deum,
1243 553 1345 589 non
1376 538 1506 589 sicut
1529 536 1692 590 Deum
1722 539 1924 608 magni-

351 626 650 696 ficaverunt,
676 636 766 678 aut
791 627 986 695 gratias
1009 634 1215 696 egerunt
1239 642 1257 679 :
1297 626 1386 678 sed
1424 637 1734 680 evanuerunt
1762 629 1814 682 in
1839 644 1925 681 co-

352 716 676 788 gitationibus
717 717 866 780 suis;
917 724 966 769 et
1005 715 1313 770 obcacatum
1345 724 1419 770 est
1448 717 1694 785 insipiens
1722 734 1809 770 cor
1833 734 1923 770 eo-

350 821 459 858 rum
481 821 499 858 :
529 805 756 858 dicentes
782 821 836 857 se
857 821 967 858 esse
982 806 1259 874 sapientes,
1289 806 1429 860 stulti
1454 808 1578 876 facti
1600 816 1717 860 sunt
1743 805 1916 877 (Rom.

349 910 384 956 l,
412 893 502 958 21,
531 893 648 963 22).
700 892 852 948 Licet
881 893 986 949 hoc
1013 895 1262 962 gentibus
1308 896 1409 950 dici
1439 896 1704 961 videatur,
1751 898 1924 952 intue-

348 986 477 1040 mini
507 995 686 1040 tamen
709 986 833 1056 quia
861 979 1228 1057 competenter
1254 989 1405 1043 istius
1427 990 1526 1043 usvi
1553 990 1925 1044 sacerdotibus

347 1090 466 1131 cum
501 1076 714 1145 populis
742 1075 1098 1145 coaptabitur.
1131 1076 1195 1130 Et
1243 1086 1363 1146 post
1392 1093 1562 1148 pauca
1590 1095 1602 1130 :
1638 1077 1736 1141 Qui
1781 1096 1922 1132 com-

348 1175 692 1230 mutaverunt,
720 1166 908 1236 inquit,
940 1169 1200 1220 veritatem
1233 1166 1327 1220 Dei
1369 1169 1422 1221 in
1469 1169 1788 1222 mendacium
1812 1185 1830 1222 :
1877 1179 1925 1222 et

347 1258 632 1319 coluerunt,
665 1265 712 1310 et
726 1259 1004 1311 servierunt
1031 1266 1279 1313 creatura
1305 1261 1471 1328 potius
1493 1276 1646 1331 quam
1669 1260 1921 1326 Creatori,

347 1352 427 1419 qui
455 1361 536 1403 est
569 1351 857 1404 benedictus
899 1351 954 1404 in
985 1351 1194 1406 sacula.
1237 1349 1521 1421 PrOpterea
1564 1352 1778 1406 tradidit
1808 1352 1924 1406 illos

348 1439 490 1496 Deus
530 1444 586 1496 in
611 1444 880 1512 passiones
921 1443 1219 1513 ignominia
1249 1440 1436 1511 (Ibid.,
1465 1441 1554 1508 ‘25,
1585 1441 1697 1513 26).
1730 1442 1794 1495 Et
1822 1444 1924 1497 ite-

346 1549 464 1588 rum
492 1549 506 1585 :
555 1531 626 1586 Et
668 1533 801 1586 sicut
831 1550 932 1586 non
961 1531 1303 1602 probaverunt
1343 1531 1509 1586 Deum
1540 1532 1725 1586 habere
1750 1532 1804 1585 in
1832 1548 1926 1586 no-

350 1627 486 1690 titia,
517 1624 733 1678 tradidit
773 1624 891 1678 illos
924 1623 1060 1677 Deus
1104 1624 1157 1677 in
1189 1621 1463 1693 reprobum
1501 1639 1726 1686 sensum,
1767 1633 1824 1676 ut
1853 1626 1930 1693 fa-

2029 451 2196 517 priuia
2228 450 2468 520 Epistula
2503 471 2513 504 :
2552 453 2618 506 Ut
2669 455 2899 524 sapiens,
2932 455 3122 524 inquit,
3147 459 3453 514 architectus
3483 463 3606 531 fun-

2027 542 2319 595 damentum
2337 546 2484 612 posui
2521 560 2538 596 .·
2558 546 2688 599 alter
2711 548 3111 618 superadiﬁcat.
3142 550 3497 624 Unusquisque
3516 571 3606 608 au-

2027 641 2124 686 tem
2179 634 2383 698 videat,
2434 639 2683 706 quomodo
2731 640 3128 710 superadiﬁcet.
3179 641 3604 700 Fundamentum

2025 725 2159 776 enim
2189 725 2332 777 aliud
2353 744 2498 780 nemo
2522 737 2684 796 potest
2713 747 2927 798 ponere,
2962 742 3148 800 prater
3174 735 3225 788 id
3248 737 3384 805 quod
3409 746 3485 790 est
3512 737 3600 791 Je-

2025 829 2110 864 sus
2143 810 2394 868 Christus.
2429 815 2488 870 Si
2544 820 2655 887 quis
2703 828 2871 872 autem
2918 824 3289 894 superadificct
3333 843 3484 896 super
3511 828 3606 882 hoc

2028 921 2207 956 aurum
2237 914 2285 957 et
2315 916 2602 976 argentum,
2651 910 2846 986 lapides
2897 915 3168 980 pretiosos,
3199 917 3361 986 ligna,
3409 920 3604 987 fenum,

2026 994 2314 1062 stipulam:
2355 999 2746 1068 unumquodque
2788 1017 2914 1070 opus
2943 1005 3274 1073 manifestum
3321 1007 3435 1059 erit.
3479 1005 3606 1062 Dies

2026 1084 2160 1134 cnim
2184 1081 2393 1136 Domini
2425 1085 2706 1139 declarabit
2728 1087 2874 1153 illud,
2907 1089 3025 1159 quia
3046 1091 3098 1142 in
3121 1092 3236 1160 igne
3255 1093 3556 1147 revelabitur
3584 1110 3605 1150 :

2027 1180 2075 1223 et
2101 1173 2503 1244 uniuscujusque
2531 1192 2659 1244 opus
2682 1177 2832 1247 quale
2856 1179 2942 1243 sit,
2966 1179 3101 1250 ignis
3129 1181 3386 1249 probabit.
3420 1183 3480 1238 Si
3511 1201 3602 1238 cu-

2020 1261 2109 1332 jus
2138 1279 2261 1331 opus
2288 1266 2555 1330 manserit,
2586 1268 2760 1319 omnia
2788 1286 2878 1336 per
2899 1271 3068 1340 ignem
3087 1273 3473 1342 judicabuntur.
3505 1273 3604 1340 Qui

2027 1352 2533 1421 superadiﬁcaverit,
2583 1359 2862 1411 mercedem
2913 1361 3144 1431 accipiet.
3177 1363 3237 1418 Si
3281 1365 3425 1434 cujus
3477 1385 3606 1437 Opus

2027 1441 2230 1506 arserit,
2256 1443 2616 1497 detrimentum
2643 1448 2865 1514 patietur
2890 1447 2938 1520 (1
2966 1449 3085 1505 Cor.
3131 1468 3208 1514 tu,
3243 1454 3328 1518 10,
3361 1453 3469 1523 15).
3493 1455 3605 1510 Νε-

2027 1530 2170 1583 scitis
2199 1532 2318 1601 quia
2350 1534 2587 1602 templum
2615 1533 2712 1589 Dei
2734 1537 2875 1604 estis,
2895 1548 2944 1591 et
2964 1539 3191 1610 Spiritus
3216 1541 3310 1597 Dei
3330 1545 3524 1600 habitat
3549 1549 3605 1601 in

2026 1621 2200 1694 vobis?
2230 1623 2289 1676 Si
2317 1623 2429 1691 quis
2453 1634 2622 1679 autem
2648 1629 2889 1698 templum
2914 1629 3005 1685 Dei
3036 1633 3316 1700 violaverit,
3345 1637 3603 1708 disperdet

350 1717 496 1769 ciant
539 1730 652 1785 qua
681 1730 782 1768 non
821 1715 1147 1780 conveniunt,
1189 1713 1410 1783 repletos
1452 1714 1592 1767 omni
1633 1713 1922 1784 iniquitate,
1959 1748 2000 1806 Β
2029 1711 2174 1766 illum
2207 1713 2340 1768 Deus
2366 1714 2551 1787 (Ibid,
2581 1717 2667 1784 16,
2696 1720 2803 1792 17).
2830 1721 2896 1776 Et
2919 1724 3110 1780 iterum
3136 1743 3153 1780 :
3185 1729 3245 1782 Si
3268 1733 3380 1800 quis
3411 1733 3607 1786 videtur

349 1806 576 1870 malitia,
612 1804 954 1874 impudicitia,
1004 1805 1364 1876 fornicatione,
1393 1806 1632 1871 avaritia,
1674 1805 1923 1877 nequitia,

349 1893 530 1964 plenos
578 1893 791 1958 invidia,
839 1893 1114 1948 homicidio
1146 1893 1371 1964 (scilicet
1398 1893 1692 1947 animarum
1721 1893 1925 1965 pOpuli)

350 1987 700 2054 contentione,
727 1986 865 2051 dolo,
899 1985 1258 2056 malignitate:
1299 2001 1627 2053 susurrones,
1669 1985 1930 2039 detracto-

350 2094 453 2142 res,
484 2077 597 2132 Deo
627 2076 860 2143 odibiles,
891 2075 1305 2143 contumeliosos,
1343 2073 1603 2144 superbos,
1633 2075 1816 2142 elatos,
1847 2075 1930 2128 in-

349 2178 586 2224 ventores
614 2169 888 2237 malorum,
915 2167 1208 2238 parentibus
1229 2166 1594 2232 inobedientes,
1618 2168 1926 2232 insensatos,

349 2260 745 2328 incompositos,
787 2259 900 2312 sine
944 2257 1317 2322 misericordia,
1349 2257 1460 2310 sine
1487 2257 1780 2326 affectione.
1829 2255 1931 2321 Qui

350 2367 472 2404 cum
511 2350 772 2421 justitiam
815 2348 914 2404 Dei
955 2350 1338 2421 cognovissent,
1389 2365 1492 2403 non
1537 2350 1928 2418 intellexerunt,

351 2442 598 2511 quoniam
616 2441 700 2512 qui
729 2440 851 2494 talia
874 2448 1051 2510 agunt,
1097 2439 1237 2510 digni
1265 2447 1385 2493 sunt
1416 2448 1578 2492 morte
1603 2437 1792 2510 (Ibid.,
1835 2437 1934 2491 28-

355 2531 463 2603 52).
527 2531 785 2598 Quisnam
826 2530 1253 2601 supradictorum
1302 2529 1386 2585 his
1423 2529 1671 2584 omnibus
1709 2528 1763 2583 in
1793 2528 1932 2584 veri-

356 2634 463 2683 tate
487 2626 708 2682 caruit?
737 2625 783 2681 si
828 2625 970 2680 enim
998 2632 1159 2691 esset,
1203 2622 1341 2678 forte
1376 2630 1662 2692 caperetur
1687 2621 1932 2691 subjecto

355 2733 539 2784 sensu,
586 2718 642 2773 in
685 2732 794 2787 quo
842 2717 953 2772 ait:
1005 2713 1128 2771 Non
1163 2715 1328 2770 solum
1373 2716 1463 2788 qui
1481 2714 1681 2784 faciunt
1720 2731 1802 2782 ea,
1842 2714 1934 2768 sed

357 2810 512 2862 etiam
544 2808 630 2879 qui
661 2806 983 2862 consentiunt
1025 2805 1331 2878 facientibus
1379 2802 1567 2873 (Ibid.,
1598 2804 1688 2874 32)
1719 2821 1734 2871 ;
1785 2804 1932 2859 nullo

357 2900 568 2954 scilicet
598 2898 701 2953 hoc
722 2897 864 2952 malo
891 2911 1076 2952 eorum
1101 2902 1346 2950 exstante
1370 2895 1612 2950 immuni.
1633 2892 1724 2948 -Et
1755 2894 1890 2948 intra
1916 2909 1930 2948 :

361 2987 433 3041 Tu
457 2997 632 3042 autem
659 2985 934 3040 secundum
962 2984 1206 3038 duritiam
1228 2993 1386 3049 tuam,
1406 2991 1456 3037 et
1481 2998 1570 3036 cor
1590 2982 1931 3053 impanitens,

359 3078 679 3132 thesaurizas
709 3077 796 3130 tibi
825 3077 954 3130 iram
976 3077 1032 3130 in
1051 3075 1135 3129 die
1175 3076 1288 3143 ira,
1338 3083 1388 3128 et
1434 3073 1762 3129 reuelationis
1801 3074 1932 3144 justi
1959 3106 2004 3169 c

352 3170 541 3240 judicii
570 3169 690 3234 Dei,
731 3169 815 3238 qui
841 3168 1017 3222 reddet
1037 3168 1306 3239 unicuique
1351 3166 1630 3222 secundum
1653 3181 1812 3236 opera
1839 3181 1934 3219 sua

358 3261 542 3330 (Rom.
574 3275 632 3328 ιι,
662 3258 713 3326 5,
744 3260 821 3330 6).
869 3257 935 3313 Ει
963 3259 1196 3314 iterum:
1245 3256 1368 3312 Non
1410 3267 1486 3312 est
1529 3259 1664 3312 enim
1709 3257 1934 3325 acceptio

358 3366 703 3420 personarum
745 3349 883 3420 apud
922 3349 1106 3404 Deum.
1157 3347 1454 3421 Quicunque
1497 3349 1634 3403 enim
1673 3349 1785 3403 sine
1825 3351 1938 3419 lege

359 3449 716 3512 peccaverunt,
747 3443 857 3496 sine
885 3441 996 3512 lege
1021 3439 1258 3510 peribunt
1290 3455 1310 3495 :
1353 3447 1403 3492 et
1438 3439 1720 3511 quicunque
1745 3439 1801 3492 in
1826 3438 1936 3510 lege

357 3543 717 3604 peccaverunt,
745 3551 834 3602 per
863 3535 1020 3606 legem
1042 3533 1428 3604 judicabantur.
1465 3529 1587 3587 Non
1617 3533 1752 3586 enim
1785 3531 1937 3586 audi-

361 3637 496 3682 tores
541 3627 668 3697 legis
691 3627 820 3697 justi
862 3633 981 3680 sunt
1019 3624 1156 3694 apud
1196 3622 1380 3690 Deum,
1428 3623 1518 3678 sed
1551 3625 1773 3692 factores
1808 3623 1936 3695 legis

351 3717 782 3789 justiﬁcabuntur
823 3715 1006 3788 (Ibid.,
1051 3714 1286 3787 11-15).
1319 3713 1455 3782 Quid
1483 3729 1610 3785 ergo
1637 3716 1939 3772 severitatis

357 3807 564 3877 ingruit
603 3806 685 3861 his
711 3806 804 3875 qui
842 3821 949 3862 non
977 3804 1149 3862 solum
1177 3805 1444 3876 implenda
1474 3821 1580 3860 non
1624 3804 1844 3869 faciunt,
1884 3812 1941 3861 et

349 3895 632 3968 prohibita
674 3911 782 3950 non
822 3895 1109 3978 declinant,
1141 3894 1233 3951 sed
1261 3895 1424 3951 etiam
1453 3895 1624 3965 ipsam
1655 3895 1938 3951 verborum

360 3987 457 4042 Dei
503 3986 796 4042 lectionem
841 3984 929 4041 vel
976 3987 1208 4040 tenuiter
1261 3983 1478 4040 auribus
1522 3985 1785 4056 ingestam
1837 4001 1939 4058 pro

360 4077 659 4133 εκγίεείωο
689 4090 862 4145 angue
885 4074 1200 4144 refugiunt?
1781 4089 1804 4120 τι
1821 4076 1860 4122 at

429 4167 564 4222 Cn.
589 4182 697 4222 xu.
720 4164 870 4233 Item,
894 4182 959 4220 ea:
985 4165 1160 4220 eadem
1176 4163 1414 4237 Epistola
1432 4174 1480 4220 et
1507 4182 1572 4220 ea:
1597 4165 1792 4220 duabus
1807 4164 1939 4238 Epi-

361 4260 512 4314 stolis
545 4259 612 4312 ad
641 4256 956 4313 Corinthios.
980 4289 1034 4299 —
1056 4255 1161 4310 Sed
1189 4264 1521 4310 transeamus
1545 4255 1611 4310 ad
1635 4256 1934 4325 sequentia.

361 4349 505 4415 Quid
535 4367 676 4421 ergo,
700 4349 892 4418 inquit,
924 4347 1193 4401 dicemus?
1237 4346 1603 4400 Permanemus
1636 4348 1690 4400 in
1710 4356 1934 4418 peccato,

2030 1805 2170 1873 apud
2197 1821 2281 1859 vos
2309 1808 2517 1876 sapiens
2545 1824 2654 1862 esse
2681 1811 2735 1862 in
2765 1811 2858 1864 hoc
2883 1815 3090 1880 saculo,
3124 1819 3306 1872 stultus
3327 1821 3441 1888 ﬁat,
3466 1831 3520 1874 ut
3538 1823 3607 1876 sit

2027 1896 2255 1963 sapiens.
2279 1895 2551 1966 Sapientia
2572 1901 2707 1952 enim
2729 1901 2881 1972 hujus
2913 1907 3107 1971 mundi,
3132 1909 3350 1963 stultitia
3371 1919 3446 1964 est
3467 1912 3605 1982 apud

2026 1983 2192 2038 Deum
2224 1985 2408 2056 (Ibid,
2443 1986 2529 2051 18,
2575 1988 2684 2057 19).
2725 1989 2792 2044 Et
2819 2002 2940 2060 post
2969 1995 3236 2064 aliquanta
3270 2016 3282 2052 :
3317 1998 3440 2054 Non
3471 2002 3605 2056 bona

2027 2077 2273 2146 gloriatio
2293 2086 2479 2131 vestra.
2505 2077 2732 2134 Nescitis
2756 2084 2875 2152 quia
2923 2086 3176 2140 modicum
3199 2089 3500 2158 fermentum
3529 2101 3607 2147 to-

2031 2175 2136 2218 tam
2165 2183 2388 2220 massam
2417 2171 2735 2239 corrumpit?
2777 2170 3078 2244 Expurgate
3123 2179 3279 2247 igitur
3328 2190 3464 2234 vetus
3501 2184 3607 2252 fer-

2030 2265 2274 2323 mentum,
2305 2266 2360 2310 ut
2389 2258 2500 2312 sitis
2523 2275 2652 2314 nova
2680 2266 2970 2331 conspersio
2995 2264 3048 2334 (Ι
3073 2264 3192 2320 Cor.
3218 2284 3269 2333 ν,
3293 2267 3346 2334 6,
3371 2270 3445 2340 7).
3469 2270 3609 2338 Quo-

2031 2346 2194 2402 modo
2245 2350 2626 2418 expurgabitur
2648 2359 2804 2407 vetus
2845 2353 3184 2421 fermentum,
3219 2358 3268 2412 id
3300 2367 3381 2415 est
3409 2376 3606 2429 pecca-

2033 2445 2167 2504 tum,
2191 2437 2333 2506 quod
2362 2454 2393 2493 a
2421 2439 2608 2495 diebus
2646 2441 2698 2494 in
2725 2441 2838 2496 dies
2879 2445 3084 2500 cunctis
3115 2447 3392 2502 conatibus
3418 2463 3608 2504 cumu-

2032 2526 2208 2582 latur?
2235 2526 2300 2582 Et
2328 2529 2519 2584 iterum
2555 2548 2566 2582 :
2600 2530 2800 2601 Scripsi
2822 2531 2958 2587 vobis
2980 2535 3034 2587 in
3064 2533 3300 2605 Epistola
3322 2554 3341 2591 :
3367 2537 3451 2592 Ne
3467 2556 3578 2594 com
3601 2569 3608 2581 -

2033 2617 2352 2672 misceamini
2381 2619 2696 2690 fornicariis.
2729 2619 2853 2676 Non
2907 2624 3077 2694 utique
3122 2627 3416 2697 fornicariis
3454 2629 3606 2700 hujus

2033 2709 2228 2774 mundi,
2255 2719 2346 2762 aut
2388 2713 2580 2779 avaris,
2612 2722 2701 2765 aut
2726 2715 3032 2784 rapacibus,
3054 2727 3144 2770 aut
3162 2717 3314 2772 idolis
3341 2722 3609 2774 servienti-

2034 2798 2126 2852 bus
2153 2815 2170 2852 :
2198 2800 2424 2871 alioquin
2453 2801 2742 2857 debueratis
2772 2804 2835 2857 de
2880 2805 2977 2859 hoc
3025 2808 3218 2862 mundo
3247 2809 3406 2863 exire.
3450 2809 3608 2864 Nunc

2035 2898 2203 2943 autem
2229 2892 2412 2960 scripsi
2442 2892 2578 2946 vobis
2609 2910 2709 2946 non
2737 2896 3056 2949 commisceri
3085 2912 3103 2950 :
3133 2898 3177 2950 si
3216 2900 3328 2968 quis
3363 2901 3598 2952 nomina-

2037 2988 2118 3032 tur
2138 2982 2323 3051 frater,
2352 2993 2401 3035 et
2420 2992 2497 3036 est
2517 2985 2822 3055 fornicator,
2853 2996 2940 3039 aut
2969 3003 3172 3053 avarus,
3204 2997 3292 3042 aut
3320 2991 3472 3044 idolis
3499 3007 3606 3045 ser-

2035 3071 2196 3139 viens,
2223 3081 2312 3125 aut
2333 3073 2631 3138 maledicus,
2655 3083 2743 3127 aut
2763 3076 3012 3142 ebriosus,
3045 3086 3133 3130 aut
3159 3095 3357 3149 rapax;
3384 3095 3496 3133 cum
3513 3082 3609 3134 hu-

2031 3159 2259 3231 jusmodi
2281 3177 2373 3216 nec
2402 3163 2570 3216 cibum
2610 3165 2811 3232 quidem
2834 3183 3032 3220 sumere
3061 3166 3249 3239 (Ibid.,
3278 3168 3330 3235 9,
3359 3169 3467 3239 11).
3500 3170 3608 3225 Sed

2036 3252 2174 3307 latro
2199 3267 2535 3322 nequaquam
2559 3269 2656 3324 pro
2675 3253 2817 3310 furto
2838 3257 2923 3311 vel
2944 3257 3227 3314 latrocinio
3253 3259 3423 3315 iurem
3445 3261 3606 3317 alium

2035 3344 2273 3408 damnat,
2301 3359 2460 3412 quem
2490 3345 2672 3415 potius
2700 3355 2872 3418 optat,
2897 3356 3095 3416 tuetur,
3119 3359 3283 3416 amat,
3309 3362 3507 3424 utpote
3526 3355 3609 3409 sui

2035 3434 2254 3491 sceleris
2281 3445 2608 3490 consortem.
2640 3435 2771 3492 Item
2817 3439 2872 3493 in
2918 3439 3159 3508 Epistola
3197 3442 3262 3495 ad
3303 3442 3612 3500 Corinthios

2035 3523 2264 3582 secunda
2299 3542 2311 3577 :
2346 3523 2496 3593 Ideo,
2536 3526 2724 3595 inquit,
2757 3528 3000 3582 habentes
3026 3529 3163 3583 hanc
3191 3532 3609 3588 administratio-

2036 3629 2152 3667 nem
2184 3614 2339 3685 juxta
2367 3615 2501 3680 quod
2528 3617 2936 3671 misericordiam
2965 3619 3224 3672 consecuti
3269 3637 3444 3675 sumus
3463 3663 3478 3688 ,
3506 3639 3611 3678 non

2038 3704 2344 3774 deﬁciamus
2365 3721 2383 3758 :
2411 3707 2502 3759 sed
2530 3706 2833 3777 abjiciamus
2855 3713 3051 3762 occulta
3076 3709 3357 3776 dedecoris,
3374 3729 3475 3766 non
3501 3730 3621 3767 am-

2038 3791 2271 3848 bulantes
2310 3795 2366 3847 in
2411 3796 2623 3862 astutia,
2665 3812 2827 3866 neque
2871 3797 3217 3853 adulterantes
3264 3799 3465 3853 verbum
3516 3802 3615 3856 Dei

2040 3882 2129 3956 (II
2169 3885 2289 3939 Cor.
2332 3901 2404 3953 ιν,
2438 3886 2488 3950 1,
2517 3884 2594 3953 2).
2625 3883 2683 3939 In
2734 3887 3182 3957 subsequentibus
3213 3899 3392 3944 autem
3442 3891 3514 3945 ita
3543 3891 3612 3946 de

2039 3977 2194 4032 malis
2220 3976 2531 4032 doctoribus
2552 3977 2681 4032 dicit
2706 3996 2718 4031 :
2751 3976 2896 4043 Nam
2925 3979 3178 4048 ejusmodi
3199 3982 3612 4052 pseudoapostoli

2039 4077 2158 4124 sunt
2185 4069 2409 4139 operarii
2450 4067 2682 4131 subdoli,
2719 4069 3147 4138 transﬁgurantes
3186 4086 3240 4124 se
3267 4073 3317 4124 in
3347 4074 3610 4142 apostolos

2040 4160 2251 4215 Christi.
2278 4159 2347 4213 Et
2370 4176 2472 4214 non
2495 4162 2678 4215 mirum
2697 4177 2714 4214 :
2731 4161 2839 4229 ipse
2859 4163 2995 4215 enim
3018 4161 3246 4217 Satanas
3270 4169 3608 4238 transﬁgurat

2038 4265 2094 4303 se
2118 4251 2172 4302 in
2200 4249 2438 4320 angelum
2465 4248 2612 4303 lucis.
2641 4248 2764 4303 Non
2791 4259 2871 4303 est
2893 4267 3135 4322 magnum
3170 4255 3346 4324 igitur,
3368 4259 3410 4309 si
3433 4258 3612 4312 minis-

2039 4339 2106 4392 tri
2125 4340 2238 4408 ejus
2267 4340 2700 4410 transﬁgurentur
2721 4350 2776 4392 ut
2798 4343 2969 4410 angeli
2981 4342 3220 4411 justitia,
3250 4361 3463 4415 quorum
3489 4348 3614 4418 finis

356 4454 414 4497 ut
444 4445 621 4516 gratia
651 4441 912 4494 abundet?
940 4439 1091 4492 absit.
1114 4435 1214 4501 Qui
1236 4438 1371 4491 enim
1400 4437 1588 4491 mortui
1612 4453 1786 4491 sumus
1814 4453 1932 4507 pec-
1962 4463 2013 4522 Β
2035 4429 2438 4522 eritsecundun:
2451 4445 2608 4522 opera
2636 4446 2810 4483 eorum
2841 4429 2931 4522 (II
2961 4431 3081 4486 Cor.
3107 4449 3178 4497 xl,
3206 4435 3290 4494 13,
3323 4435 3432 4506 15).

355 4543 504 4600 cato,
526 4531 778 4604 quomodo
815 4531 999 4584 iterum
1025 4528 1245 4582 vivemus
1265 4528 1318 4581 in
1340 4527 1429 4580 illo
1461 4525 1636 4599 (Rom.
1667 4543 1742 4587 vs.
1766 4527 1815 4592 1,
1839 4526 1935 4598 2)?

357 4621 424 4677 Et
444 4609 584 4694 post.
599 4621 870 4690 aliquanta
895 4636 907 4672 :
939 4617 1064 4682 Quis
1087 4635 1199 4682 nos,
1228 4619 1322 4682 ait,
1347 4616 1607 4688 separabit
1627 4633 1659 4672 a
1684 4617 1940 4671 charitate

355 4711 603 4768 Christi?
633 4710 914 4775 tribulatio,
945 4725 1014 4761 an
1037 4707 1298 4778 angustia,
1321 4722 1388 4759 an
1418 4708 1731 4777 persecutio,
1751 4722 1820 4759 an
1849 4707 1936 4778 fa-

351 4819 489 4867 nes,
523 4819 592 4855 an
609 4801 836 4865 auditu,
865 4815 933 4852 an
957 4797 1261 4870 periculum,
1290 4813 1358 4850 an
1377 4797 1582 4867 gladius
1619 4795 1794 4868 (Rom.
1821 4811 1934 4865 vui,

354 4894 449 4965 35)
465 4896 492 4948 ?
521 4893 689 4962 Quem
712 4900 970 4955 vestrum,
992 4904 1194 4959 quaeso,
1221 4887 1345 4942 talis
1374 4888 1561 4942 intimo
1586 4887 1748 4942 corde
1775 4901 1939 4942 occu-

352 4988 515 5058 pabit
542 4985 782 5054 allectus,
807 4983 897 5054 qui
921 4996 1028 5036 non
1056 4980 1217 5036 modo
1244 4993 1342 5050 pro
1370 4978 1573 5048 pietate
1593 4993 1702 5033 non
1726 4977 1937 5032 labora—

353 5083 445 5146 tis,
476 5081 576 5135 sed
599 5079 761 5134 etiam
788 5085 848 5134 ut
876 5077 1056 5145 inique
1075 5074 1244 5145 agatis
1265 5081 1319 5128 et
1339 5072 1608 5128 Christum
1631 5068 1935 5134 oll‘endatis,

351 5168 538 5222 multa
565 5167 852 5237 patimini?
879 5165 976 5220 Vel
1001 5162 1146 5233 quod
1173 5162 1416 5231 sequitur
1446 5177 1460 5216 :
1491 5158 1616 5215 Nox
1652 5160 1948 5231 pracessit,.

353 5259 472 5312 dia
495 5266 668 5312 autem
708 5254 1157 5327 appropinquavit.
1188 5251 1504 5323 Abjiciamus
1529 5268 1650 5322 ergo
1678 5267 1834 5320 opera
1863 5258 1938 5303 te-

349 5349 664 5412 nebrarum,
691 5356 741 5401 et
778 5345 1056 5399 induamur
1103 5358 1251 5396 arma
1280 5341 1429 5395 lucis.
1466 5339 1612 5395 Sicut
1632 5341 1686 5393 in
1716 5340 1816 5405 die,
1841 5338 1935 5392 ho-

349 5449 511 5494 neste
543 5439 851 5493 anibslemus
875 5453 893 5491 :
918 5452 1022 5490 non
1069 5437 1124 5501 in
1163 5432 1614 5489 comessationibus
1640 5441 1689 5485 et
1715 5431 1936 5485 ebrieta-

351 5531 522 5593 tibus,
550 5545 647 5582 non
674 5530 731 5582 in
760 5525 1005 5580 cubilibus
1033 5534 1081 5580 et
1105 5523 1463 5594 impudicitiis,
1493 5538 1597 5576 non
1630 5521 1686 5575 in
1727 5531 1938 5574 conten-

355 5623 507 5672 tione
535 5626 584 5671 et
628 5617 957 5673 mulatione
981 5632 999 5670 :
1029 5615 1120 5671 sed
1155 5613 1431 5669 induimini
1463 5610 1736 5666 Dominum
1761 5610 1938 5666 Iesum

354 5713 650 5782 Christum,
670 5721 719 5768 et
743 5713 915 5767 carnis
949 5726 1121 5768 curam
1151 5728 1215 5770 ne
1242 5711 1464 5786 feceritis
1491 5710 1543 5765 in
1573 5709 1938 5780 concupiscen-

2107 4518 2236 4575 Csp.
2270 4535 2359 4573 xx.
2392 4518 2477 4574 Ea:
2501 4518 2771 4590 Epistolis,
2802 4522 2871 4574 ad
2895 4521 3163 4593 Ephesios,
3189 4526 3258 4578 ad
3282 4525 3615 4583 Thessaloni-

2039 4625 2211 4664 censes
2236 4608 2285 4674 1,
2317 4619 2367 4664 et
2389 4610 2458 4664 ad
2480 4609 2826 4667 Colosseuses.
2851 4643 2922 4654 —-
2950 4614 3224 4671 Attendite
3252 4632 3466 4688 quoque
3487 4621 3614 4688 quid

2028 4705 2106 4770 ad
2128 4702 2388 4774 Ephesios
2410 4704 2573 4760 dicat.
2604 4706 2682 4761 An
2725 4708 2944 4762 nescitis
2971 4723 3067 4764 vos
3089 4724 3188 4778 pro
3217 4711 3319 4765 hoc
3349 4711 3402 4765 in
3432 4712 3613 4780 aliquo

2039 4809 2163 4850 reos
2191 4797 2398 4852 teneri?
2445 4796 2581 4862 Hoc,
2613 4797 2888 4866 inquiens,
2919 4800 3035 4854 dico
3064 4811 3112 4854 et
3157 4802 3401 4872 testiﬁcor
3422 4803 3477 4855 in
3509 4801 3613 4856 Do-

2041 4889 2200 4952 mino,
2230 4898 2286 4940 ut
2308 4889 2422 4959 jam
2451 4905 2553 4944 non
2577 4890 2849 4945 ambuletis
2897 4893 3030 4946 sicut
3066 4902 3238 4962 gentes
3272 4892 3536 4948 ambuatnt
3556 4897 3611 4949 in

2041 4981 2266 5033 vanitate
2287 4996 2462 5035 sensus
2487 4982 2587 5045 sui,
2612 4982 2829 5036 tenebris
2851 4981 3173 5036 obscuratum
3196 4982 3436 5037 habentes
3463 4985 3613 5038 intel-

2043 5068 2257 5134 lectum;
2281 5070 2494 5124 alienati
2514 5088 2545 5124 a
2572 5073 2674 5125 vita
2698 5071 2816 5139 Dei,
2847 5089 2936 5140 per
2959 5072 3306 5142 ignorantiam
3327 5089 3440 5140 qua
3462 5084 3537 5128 est
3559 5076 3613 5130 in

2041 5161 2145 5215 illis
2167 5170 2374 5230 propter
2406 5163 2687 5216 cacitatem
2726 5162 2896 5216 cordis
2937 5178 3145 5226 eorum;
3173 5163 3257 5234 qui
3286 5163 3614 5232 desperantes

2041 5253 2338 5320 semetipsos
2391 5251 2714 5305 tradiderunt
2766 5252 3103 5320 impudicitia
3148 5254 3205 5306 in
3265 5256 3612 5323 operationem

2042 5345 2568 5400 omnisimmunditia
2595 5353 2643 5399 et
2664 5346 2897 5399 avaritia
2929 5344 3146 5415 (Ephes.
3180 5361 3253 5410 tv,
3288 5347 3372 5411 t7,
3405 5347 3517 5417 19).
3549 5346 3613 5402 Et

2039 5437 2159 5506 quis
2189 5446 2422 5491 vestrum
2468 5444 2662 5506 sponte
2702 5437 2995 5505 expleverit
3041 5438 3093 5493 id
3137 5439 3282 5508 quod
3329 5441 3616 5510 sequitur?

2040 5525 2322 5593 Propterea
2369 5526 2529 5579 nolite
2573 5525 3101 5594 ﬁeriimprudentes,
3131 5530 3222 5583 sed
3265 5531 3616 5602 intelligentes

2040 5630 2154 5688 qua
2200 5614 2267 5666 sit
2294 5615 2528 5669 voluntas
2558 5613 2653 5668 Dei
2682 5630 2700 5667 :
2729 5624 2778 5668 et
2809 5616 2966 5670 nolite
3007 5617 3259 5673 inebriari
3300 5622 3417 5675 vino
3437 5621 3620 5690 inquo

2041 5717 2117 5764 est
2145 5705 2371 5776 luxuria,
2403 5705 2490 5761 sed
2543 5703 2806 5777 replentini
2860 5705 3060 5780 Spiritu
3107 5718 3288 5765 sancto
3317 5708 3534 5784 (Ep/tes.
3564 5722 3624 5776 ν,
