3954 6178
397 276 498 332 587

1276 269 1502 328 ClLDsE
1542 265 1889 324 SAPIENTIS
1928 265 2016 320 DE
2056 262 2326 319 EXClDlO
2364 255 2754 314 BliiTANNL-E

3534 257 3633 312 588

398 385 486 450 l7,
513 381 624 452 18).
656 380 762 438 Sed
791 389 846 436 et
867 367 1008 450 quoii
1030 379 1097 433 ad
1125 377 1630 432 Thessalonicenses
1654 375 1785 430 dicit
1816 391 1828 427 :
1863 371 1967 426 Ne-
1991 382 2038 439 Α
2068 370 2416 433 coronabitur,
2441 368 2541 421 nisi
2565 367 2788 436 legitime
2813 366 3080 419 certaverit
3107 363 3194 434 (11
3225 365 3358 420 Tim.
3403 382 3461 433 ll,
3482 365 3536 431 3,
3558 366 3636 435 5).

396 490 492 546 que
529 473 665 526 enim
694 473 881 543 fuimus
910 469 1047 538 apud
1075 485 1160 521 vos
1189 467 1470 538 aliquando
1499 469 1554 520 in
1575 481 1808 519 sermone
1835 463 1967 516 adu—

371 563 631 628 lationis,
661 563 792 614 sicut
846 559 1028 612 scitis:
1061 573 1221 625 neque
1274 559 1326 610 in
1375 557 1641 611 occasione
1697 553 1968 607 avaritiam

399 671 490 708 nec
536 661 822 725 quaerentes
849 648 912 701 ab
958 647 1247 702 hominibus
1277 647 1523 718 gloriari,
1553 662 1712 716 neque
1741 661 1772 697 α
1811 642 1967 708 vobis,

400 760 558 814 neque
599 741 661 793 ab
690 740 839 803 aliis;
864 755 976 792 cum
1007 755 1271 809 possemus
1325 737 1473 790 oneri
1495 752 1622 800 esse,
1654 735 1783 788 sicut
1804 732 1974 787 cceteri

400 832 622 904 apostoli
649 829 861 884 Christi.
893 827 1000 883 Sed
1025 830 1152 896 facti
1180 843 1354 879 suntus
1400 827 1528 878 sicut
1558 823 1754 892 parvuli
1787 823 1838 874 in
1864 837 1974 874 me-

402 921 488 973 dio
532 925 774 984 vestrum,
815 915 892 969 vel
920 923 1166 985 tanquam
1205 914 1248 966 si
1295 913 1471 964 nutrix
1521 913 1686 980 foveat
1737 909 1975 978 parvulos

403 1027 544 1064 suos.
573 1008 598 1063 1
605 1019 657 1062 ta
679 1007 1028 1060 desiderantes
1057 1021 1165 1070 vos,
1189 1003 1369 1072 cupide
1395 1001 1682 1056 volebamus
1702 999 1838 1054 vobis
1867 1007 1980 1052 tra-

404 1099 523 1152 dere
549 1115 650 1151 non
678 1096 844 1150 solum
870 1093 1230 1164 Evangelium,
1255 1092 1345 1145 scd
1372 1092 1527 1145 etiam
1551 1091 1750 1143 animas
1774 1099 1977 1142 nostras

408 1189 460 1258 (ι
496 1189 674 1241 Thess.
702 1203 757 1250 ιι,
789 1183 838 1250 5,
871 1183 946 1252 8).
980 1183 1036 1238 Si
1067 1185 1208 1237 hunc
1238 1199 1332 1236 vos
1361 1181 1602 1250 Apostoli
1646 1179 1886 1233 retinetis
1926 1177 1978 1230 in

405 1275 652 1332 omnibus
676 1273 950 1339 allectum,
975 1271 1093 1340 ejus
1113 1287 1324 1340 quoque
1352 1267 1622 1325 cathedrzc
1643 1267 1879 1335 legitime
1899 1266 1984 1320 in-

403 1363 578 1420 sidere
611 1362 863 1417 noseatis.
894 1359 988 1414 Vel
1010 1360 1171 1414 etiam
1201 1357 1342 1426 quoi
1367 1355 1607 1424 sequitur
1640 1372 1653 1406 :
1689 1354 1866 1416 Scitis,
1894 1351 1982 1405 in-

406 1452 543 1522 quit,
571 1467 682 1523 qute
721 1457 979 1520 prazcepta
1004 1447 1230 1500 dederim
1275 1445 1432 1500 vobis.
1466 1443 1596 1498 lltec
1629 1452 1704 1497 est
1745 1443 1982 1496 voluntas

406 1540 504 1594 Dei
545 1538 888 1610 sanctiﬁcatio
943 1546 1112 1590 vestra
1134 1553 1151 1590 :
1174 1545 1228 1588 ut
1257 1534 1558 1588 abstineatis
1588 1549 1674 1586 vos
1696 1549 1727 1584 a
1755 1532 1985 1603 fornicap

408 1631 564 1691 tione,
599 1638 653 1683 ut
681 1630 811 1683 sciat
830 1629 1171 1698 unusquisque
1189 1635 1406 1680 vestrum
1438 1641 1527 1678 vas
1556 1640 1703 1678 suum
1722 1623 1983 1692 possidere

2073 460 2199 515 Haec
2217 458 2431 528 quidem
2459 459 2721 510 bonorum
2767 453 3092 514 adhortatio.
3134 454 3287 520 Quod
3334 471 3464 509 vero
3514 455 3640 510 item

2071 547 2504 619 comprehendit,
2535 545 2796 598 malorum
2843 545 3116 598 hominum
3165 549 3256 614 (ut
3297 561 3391 600 vos
3424 545 3644 614 quibus-

2073 657 2178 711 que
2232 637 2648 707 intelligentibus
2701 636 3008 706 apparetis)
3058 635 3388 690 denuntiatio
3435 646 3538 690 est.
3582 636 3644 692 Si

2073 731 2206 802 quis,
2237 729 2426 798 inquit,
2459 728 2609 780 aliter
2635 726 2796 790 docet,
2828 734 2876 778 et
2897 741 3000 778 non
3025 727 3300 796 acquiescit
3329 727 3644 780 sermonibus

2075 823 2218 878 sanis
2242 821 2450 874 Domini
2474 821 2635 874 nostri
2666 817 2792 872 Iesu
2821 816 3031 881 Christi,
3061 828 3108 870 et
3157 819 3206 871 ei
3233 834 3346 888 qua:
3369 819 3645 871 secundum

2077 917 2322 985 pietatem
2349 922 2424 965 est
2452 911 2720 973 doctrinm,
2763 908 3007 973 superbus
3033 917 3138 973 est,
3171 908 3301 961 nihil
3345 910 3530 972 sciens,
3558 909 3650 961 sed

2075 1003 2410 1071 languescens
2459 1016 2582 1070 erga
2609 999 2912 1069 qutcslioncs
2944 1007 2991 1049 et
3018 1013 3218 1066 pugnas
3247 995 3510 1051 verborunt
3534 1012 3553 1051 :
3583 1014 3647 1050 ea:

2078 1090 2256 1162 quibus
2302 1090 2536 1143 oriuntur
2577 1088 2803 1148 incidite,
2846 1087 3234 1152 contentiones,
3285 1085 3646 1154 blasphemiae,

2079 1183 2394 1252 suspiciones
2425 1179 2595 1243 mulce,
2619 1178 3026 1246 conflictationes
3048 1178 3309 1230 hominum
3337 1186 3504 1230 mente
3531 1194 3649 1230 cor-

2080 1280 2364 1341 ruptorum,
2401 1269 2488 1339 qui
2518 1269 2727 1321 veritate
2753 1267 2937 1336 privati
2965 1276 3104 1332 sunt,
3133 1268 3484 1320 existimantes
3511 1284 3652 1337 qute-

2083 1367 2214 1410 stum
2232 1373 2342 1410 esse
2371 1357 2612 1426 pietatem
2639 1353 2688 1424 (1
2716 1354 2846 1407 Tim.
2865 1370 2934 1418 vi,
2959 1353 3012 1416 5,
3038 1351 3114 1422 5).
3147 1353 3254 1408 Sed
3275 1354 3400 1422 quid
3425 1357 3648 1424 sparsim

2083 1447 2273 1518 positis
2300 1445 2528 1516 amplius
2558 1454 2769 1499 utentes
2822 1444 3172 1510 testimoniis,
3199 1459 3450 1498 sensuum
3479 1461 3542 1499 ac
3571 1446 3651 1499 di-

2083 1551 2362 1591 versorum
2392 1536 2548 1589 undis
2591 1535 2642 1588 in
2671 1535 2920 1604 despecta
2945 1535 3142 1602 ingenii
3191 1535 3358 1589 nostri
3405 1536 3650 1605 cymbula

2084 1624 2496 1681 ﬂuctuabimur‘l
2519 1624 2813 1679 Recurrere
2837 1623 3051 1680 tandem
3088 1623 3371 1692 aliquando
3393 1639 3560 1692 usque
3583 1625 3654 1680 ad

405 1720 462 1773 in
489 1719 680 1772 honore
707 1727 756 1771 et
783 1717 1212 1786 sanctiﬁcatione,
1242 1730 1344 1768 non
1367 1716 1420 1767 in
1453 1714 1693 1784 passione
1719 1712 1980 1778 desiderii,
2015 1727 2057 1784 Β
2087 1717 2347 1772 lectiones
2367 1716 2484 1770 illas
2507 1717 2647 1787 (qua:
2675 1715 2742 1768 ad
2769 1716 2870 1770 hoc
2900 1730 3006 1769 non
3046 1715 3217 1770 solum
3262 1725 3320 1770 ut
3343 1719 3648 1784 recitantur,

413 1809 543 1862 sicut
563 1816 614 1861 et
640 1816 814 1878 gentes
837 1823 951 1878 qua:
980 1807 1220 1877 ignorant
1246 1803 1433 1858 Deum.
1464 1801 1533 1856 Et
1569 1819 1633 1857 ne
1661 1804 1771 1874 quis
1801 1818 1982 1871 super-

411 1896 676 1967 grediatur
706 1912 864 1967 neque
883 1895 1247 1949 circumveniat
1269 1895 1321 1946 in
1352 1895 1557 1964 negotio
1575 1895 1788 1964 fratrem
1814 1908 1983 1959 suum,

407 1989 649 2061 quoniam
695 1989 881 2043 vindex
926 1997 1002 2041 est
1049 1987 1301 2040 Dominus
1351 1987 1413 2040 de
1453 1987 1532 2040 his
1579 1984 1832 2040 omnibus.
1859 1983 1985 2039 Non

408 2081 546 2134 enim
569 2079 762 2132 vocavit
777 2093 870 2132 nos
902 2077 1042 2132 Deus
1067 2078 1122 2130 in
1148 2074 1653 2143 immunditiam,sed
1673 2076 1726 2128 in
1749 2075 1980 2144 sanctifi-

409 2171 681 2224 cationem.
716 2166 899 2238 Itaque
919 2167 1006 2239 qui
1031 2167 1140 2222 hazc
1167 2167 1392 2236 spernit,
1426 2182 1529 2220 non
1553 2165 1811 2219 hominem
1837 2181 1986 2234 sper-

411 2263 507 2325 nit,
532 2261 622 2315 sed
651 2259 814 2314 Deum
843 2258 893 2331 (l
920 2259 1100 2314 Thess.
1126 2274 1198 2325 ιν,
1221 2258 1275 2324 2,
1303 2257 1381 2328 8).
1408 2258 1538 2324 Quis
1565 2259 1728 2313 etiam
1752 2265 1986 2312 vestrum

411 2353 798 2422 circumspecte
844 2357 1110 2421 cauteque
1137 2351 1427 2406 custodivit
1455 2349 1504 2404 id
1533 2349 1674 2419 quod
1710 2351 1987 2419 sequitur?

410 2439 730 2510 Mortiﬁcate
753 2457 874 2511 ergo
897 2439 1124 2493 membra
1147 2451 1312 2494 vestra
1331 2455 1445 2511 qua:
1465 2447 1584 2492 sunt
1603 2455 1754 2510 super
1773 2447 1984 2504 terram,

411 2532 836 2602 fornicationem,
866 2528 1267 2594 immunditiam,
1317 2530 1600 2595 libidinem,
1642 2539 1690 2583 et
1739 2531 1986 2600 concupi-

410 2623 660 2675 scentiam
681 2621 873 2674 malam
890 2637 908 2674 :
931 2629 1137 2691 prapter
1155 2637 1269 2691 qua:
1288 2622 1420 2674 venit
1441 2623 1523 2674 ira
1538 2620 1635 2674 Dei
1658 2622 1712 2674 in
1729 2621 1868 2690 ﬁlios
1880 2622 1986 2693 dif-

410 2713 640 2784 fidentia:
661 2711 854 2784 (Colos.
885 2727 962 2779 ιιι,
993 2710 1048 2780 5,
1077 2711 1153 2781 6).
1179 2711 1380 2766 Videtis
1402 2712 1544 2766 enim
1565 2727 1663 2783 pro
1682 2714 1834 2780 queis
1860 2727 1988 2784 pec-

411 2804 549 2860 catis
569 2799 646 2857 i’ra
675 2802 769 2858 Dei
797 2803 1129 2873 potissimum
1151 2810 1459 2872 consurgat.

480 2892 612 2951 CAP.
643 2911 752 2950 ιιι.
785 2895 869 2949 Ea:
899 2893 1148 2965 Epistolis
1170 2895 1238 2949 ad
1271 2894 1587 2950 Timotheum
1615 2904 1664 2950 et
1692 2897 1762 2950 ad
1792 2896 1980 2952 Titum.

408 3017 482 3031 —
507 2986 702 3042 Audite
751 2987 930 3056 itaque
957 2985 1086 3055 quid
1130 2987 1197 3042 de
1241 2986 1396 3041 vobis
1437 2986 1752 3056 prophetico
1795 2987 1983 3058 spiritu

2087 1807 2182 1863 sed
2210 1807 2370 1862 etiam
2417 1807 2770 1877 astipulentur
2817 1806 3179 1862 benedictioni
3225 1821 3329 1876 qua
3379 1808 3655 1864 initiantur

2085 1898 2429 1954 sacerdotum
2458 1896 2543 1952 vel
2595 1895 2960 1950 ministrorum
2989 1910 3198 1962 manus,
3229 1911 3430 1966 eosque
3459 1914 3654 1968 perpe-

2088 1999 2180 2046 tuo
2207 1989 2457 2054 doceant,
2486 1987 2560 2042 uti
2592 2003 2659 2042 ne
2686 2002 2716 2040 a
2746 1987 3009 2040 mandatis
3054 2001 3171 2057 qua:
3224 1986 3451 2043 lideliter
3479 1991 3652 2045 conti-

2087 2086 2284 2134 nentur
2303 2078 2358 2134 in
2384 2079 2484 2146 eis,
2513 2076 2836 2132 sacerdotali
2864 2075 3123 2144 dignitate
3149 2076 3539 2147 degenerantes
3570 2096 3654 2134 re-

2087 2169 2302 2235 cedant,
2328 2184 2395 2224 ex
2425 2169 2571 2224 omni
2600 2182 2737 2238 pene
2765 2183 3039 2223 sacrarum
3069 2167 3365 2224 litterarum
3383 2178 3532 2225 textu
3552 2187 3659 2226 me-

2086 2260 2192 2316 rito
2221 2269 2488 2331 excerpta:
2515 2261 2660 2330 sunt)
2705 2261 3064 2314 necessarium
3111 2260 3388 2329 duximus,
3417 2272 3475 2316 ut
3502 2279 3658 2334 aper-

2086 2350 2192 2406 tius
2219 2352 2424 2406 cunctis
2451 2358 2633 2422 pateat
2659 2358 2859 2405 :eterna
2887 2351 3144 2421 supplicia
3178 2367 3427 2408 mansura
3455 2369 3568 2417 eos,
3601 2365 3658 2411 et

2087 2457 2196 2498 non
2226 2456 2346 2497 esse
2372 2441 2683 2497 sacerdotes
2729 2441 2814 2496 vel
2866 2439 2961 2495 Dei
3011 2442 3283 2497 ministros
3304 2483 3320 2509 ,
3351 2445 3442 2512 qui
3471 2459 3657 2500 earum

2086 2531 2361 2587 doctrinas
2385 2539 2548 2600 atque
2570 2530 2820 2586 mandata
2840 2545 3004 2602 opere
3041 2533 3334 2586 secundum
3362 2534 3505 2590 vires
3530 2551 3658 2592 suas

2088 2636 2196 2676 non
2222 2620 2654 2690 adimpleverint.

2156 2709 2287 2766 Cu».
2333 2726 2463 2764 xxn.
2491 2709 2576 2764 Ex
2603 2711 2821 2780 epistola
2846 2710 2876 2763 Ι
2905 2709 3071 2765 Petri.
3099 2742 3169 2753 —
3195 2711 3484 2767 Audiamus
3527 2728 3658 2783 ergo

2085 2801 2214 2871 quid
2237 2801 2483 2871 princeps
2505 2801 2872 2870 apostolorum
2895 2802 3085 2856 beatus
3111 2801 3300 2858 Petrus
3329 2803 3396 2859 de
3438 2805 3529 2858 tali
3557 2821 3654 2860 ne-

2085 2891 2234 2960 gotio
2255 2891 2546 2966 signaverit
2570 2908 2583 2942 :
2617 2889 2940 2954 Benedictus,
2967 2891 3230 2960 inquiens,
3253 2891 3394 2947 Deus
3417 2903 3464 2947 et
3494 2893 3659 2949 Pater

2086 2979 2298 3035 Domini
2328 2982 2490 3034 nostri
2511 2979 2634 3034 Iesu
2656 2978 2865 3045 Christi,
2889 2981 2975 3051 qui
3001 2998 3091 3050 per
3110 2999 3349 3053 magnam
3377 2985 3658 3039 misericor-

409 3088 627 3133 sanctus
656 3076 794 3132 idem
823 3077 1097 3146 apostolus
1123 3076 1421 3146 vestrisque
1465 3077 1830 3132 consimilibus
1849 3091 1986 3147 prae-
2009 3089 2054 3151 c
2086 3069 2227 3124 diam
2256 3085 2404 3123 suam
2437 3069 2754 3139 regeneravit
2783 3085 2876 3122 nos
2914 3070 2967 3121 in
2996 3085 3137 3137 spem
3165 3072 3280 3133 vita:
3307 3080 3532 3134 (eterna.
3565 3089 3660 3142 per

409 3168 621 3234 dixerit,
652 3168 717 3222 ad
746 3166 1086 3223 TimOtheum
1130 3177 1318 3238 aperte
1361 3168 1644 3224 scribens:
1685 3166 1800 3222 Hoc
1844 3169 1982 3221 enim

409 3260 554 3322 scito,
578 3257 787 3328 quodin
810 3257 1099 3311 novissimis
1128 3257 1301 3312 diebus
1334 3255 1598 3312 instabunt
1625 3266 1854 3324 tempora
1893 3273 1982 3327 pe-

409 3349 653 3402 riculosa.
679 3345 850 3399 Erunt
877 3348 1014 3400 enim
1038 3347 1267 3401 homines
1295 3349 1595 3416 semetipsos
1621 3357 1870 3412 amantes,
1901 3362 1985 3398 cu-

408 3436 537 3507 pidi,
569 3436 712 3498 elati,
743 3435 972 3505 superbi,
999 3437 1310 3504 blasphemi,
1341 3437 1636 3507 parentibus
1679 3437 1980 3492 inobedien-

407 3533 505 3590 tes,
531 3527 746 3596 ingrati,
774 3525 998 3591 scelesti,
1027 3526 1139 3580 sine
1169 3527 1459 3594 affectione,
1489 3527 1884 3591 incontinentes,
1902 3525 2000 3582 im-

406 3623 574 3686 mites,
618 3623 730 3676 sine
775 3621 1107 3692 benignitate,
1152 3621 1471 3691 proditores,
1500 3621 1746 3690 protervi,
1779 3620 1980 3684 tumidi,

405 3715 722 3783 voluptatum
770 3721 1028 3766 amatores
1055 3713 1224 3782 magis
1266 3727 1420 3782 quam
1449 3709 1568 3775 Dei,
1599 3708 1843 3763 habentes
1871 3709 1984 3779 qui-

406 3802 520 3856 dem
548 3803 766 3873 speciem
791 3802 1017 3871 pietatis,
1040 3802 1274 3854 virtutem
1297 3808 1466 3855 autem
1507 3801 1619 3870 ejus
1649 3797 1978 3869 ubnegantes.

404 3892 476 3948 Et
498 3893 586 3948 hos
616 3893 784 3947 devita
807 3890 898 3961 (II
927 3891 1059 3947 Tim.
1087 3907 1164 3956 ιιι,
1196 3891 1218 3944 1
1244 3932 1258 3959 ,
1308 3889 1384 3960 5).
1418 3889 1590 3962 (Sicut
1635 3899 1690 3944 et
1718 3889 1982 3958 propheta

405 3985 535 4040 dicit
561 4001 574 4037 :
609 3984 760 4037 0divi
787 3983 1054 4037 ecclesiam
1080 3983 1440 4053 malignorum,
1471 3991 1520 4036 et
1539 3997 1654 4034 cum
1681 3981 1855 4050 impiis
1879 3996 1982 4033 non

405 4075 589 4130 sedebo
611 4074 784 4147 [Psal.
808 4090 936 4140 xxv,
964 4072 1024 4144 5}
1052 4073 1091 4142 ).
1125 4071 1192 4126 Et
1220 4080 1343 4142 post
1370 4071 1639 4142 aliquanta
1663 4071 1826 4142 (quod
1857 4085 1983 4126 nos-

407 4175 491 4220 tro
523 4175 762 4234 tempore
782 4163 1027 4219 videmus
1054 4161 1342 4232 pullulare)
1369 4162 1443 4216 ait
1477 4180 1490 4214 :
1526 4162 1741 4235 Semper
1779 4161 1983 4216 discen-

407 4263 503 4320 tes,
541 4264 592 4307 et
637 4267 898 4324 nunquam
940 4252 1010 4305 ad
1054 4252 1323 4305 scientiam
1352 4253 1583 4306 veritatis
1609 4253 1978 4323 pervenientes.

409 4343 850 4408 Quemadmodum
895 4342 1030 4395 enim
1067 4339 1296 4395 Joannes
1325 4351 1372 4394 et
1399 4338 1660 4393 Mambres
1688 4343 1982 4396 restiterunt

405 4431 610 4503 Moysi;
642 4433 716 4485 ita
740 4440 789 4485 et
829 4432 917 4485 isti
962 4431 1206 4484 resistunt
1232 4430 1453 4497 veritati,
1485 4430 1712 4484 homines
1751 4432 1978 4502 corrupti
2009 4467 2055 4523 Ι)

401 4531 593 4585 mente,
617 4521 821 4591 reprobi
843 4524 983 4573 circa
1027 4519 1219 4589 ﬁdem;
1246 4519 1337 4572 sed
1364 4519 1503 4572 ultra
1533 4536 1636 4574 non
1665 4519 1934 4590 proﬁcient
1957 4536 1976 4575 :

402 4616 703 4685 insipientia
733 4615 871 4667 enim
919 4628 1094 4666 eorum
1121 4613 1399 4682 manifesta
1434 4612 1534 4666 erit
1561 4610 1816 4678 omnibus,
1845 4612 1980 4665 sicut

401 4715 452 4763 et
473 4707 680 4762 illorum
717 4707 816 4778 fuit
863 4703 952 4776 (ll
982 4704 1118 4758 Tim.
1157 4719 1234 4770 ιιι,
1264 4703 1320 4771 7,
1357 4703 1435 4771 9).
1469 4702 1678 4758 Etenim
1705 4705 1983 4760 evidenter

401 4796 658 4864 ostendit,
685 4795 916 4865 qualiter
943 4809 1003 4849 se
1029 4793 1321 4849 exhibeant
1341 4791 1521 4848 olﬁcio
1547 4794 1878 4862 sacerdotes,
1906 4797 1980 4849 ita

401 4887 471 4947 ad
499 4885 675 4941 Titum
705 4885 948 4941 scribens
977 4901 992 4938 :
1022 4882 1093 4937 Te
1118 4885 1287 4954 ipsum
1315 4882 1485 4953 praebe
1515 4886 1802 4954 exemplum
1824 4883 1978 4938 bono-

402 4993 517 5030 rum
541 4991 774 5046 operum,
794 4975 849 5028 in
879 4973 1147 5041 doctrina,
1174 4974 1228 5026 in
1251 4973 1567 5043 integritate,
1598 4975 1653 5026 in
1699 4975 1973 5044 gravitate,

398 5063 606 5120 verbum
657 5080 838 5118 sanum
875 5062 1089 5126 habens,
1120 5061 1598 5132 irreprehensibile;
1629 5072 1684 5116 ut
1728 5065 1774 5117 is
1802 5066 1887 5135 qui
1911 5081 1976 5119 ea:

400 5154 612 5210 adverso
634 5163 728 5219 est,
753 5161 986 5208 vereatur
1004 5195 1019 5220 ,
1051 5152 1248 5206 nullum
1276 5151 1470 5206 malum
1491 5152 1684 5207 habens
1716 5153 1885 5208 dicere
1911 5155 1978 5208 de

401 5245 549 5302 nobis
570 5245 698 5318 (Tit.
732 5261 791 5308 ιι,
823 5245 873 5310 7,
899 5244 976 5311 8).
1010 5243 1078 5297 Et
1112 5243 1302 5298 iterum
1333 5243 1398 5297 ad
1450 5243 1788 5300 Timotheum
1821 5262 1838 5300 :
1869 5243 1976 5300 La-

399 5336 545 5402 bora,
576 5336 766 5404 inquit,
795 5337 925 5390 sicut
952 5335 1111 5389 bonus
1136 5333 1277 5387 miles
1299 5333 1491 5387 Christi
1509 5333 1652 5388 Iesu.
1679 5333 1846 5391 Nemo
1876 5340 1973 5391 mi-

398 5426 558 5482 litans
587 5425 716 5492 Deo,
743 5426 976 5492 implicat
995 5441 1050 5478 se
1071 5424 1288 5494 negotiis
1311 5424 1662 5489 saecularibus,
1688 5436 1745 5478 ut
1768 5427 1971 5496 placeat

395 5519 444 5574 ei
465 5517 548 5572 cui
567 5533 622 5572 se
648 5516 897 5588 probavit.
932 5515 1073 5572 Nam
1096 5526 1144 5572 et
1165 5518 1250 5577 aui
1279 5516 1539 5572 contendit
1567 5518 1620 5571 in
1643 5535 1969 5589 agone,vnon

2084 3160 2509 3214 resurrectionem
2532 3175 2565 3211 a
2592 3160 2807 3213 mortuis
2832 3159 3042 3214 Domini
3071 3162 3233 3215 nostri
3274 3160 3399 3216 Iesu
3441 3162 3654 3226 Christi,

2084 3248 2140 3300 in
2171 3245 2520 3300 hereditatem
2547 3247 3017 3316 incorruptibilem,
3049 3250 3536 3316 immarcescibilem,
3581 3253 3661 3306 in-

2083 3337 2516 3402 contaminatam,
2547 3347 2899 3390 conservatam
2925 3339 2978 3392 in
3000 3340 3138 3393 caelis
3158 3340 3212 3394 in
3241 3357 3345 3406 vos,
3369 3343 3454 3412 qui
3476 3344 3528 3396 in
3554 3344 3659 3396 vir-

2083 3433 2191 3480 tute
2223 3424 2321 3479 Dei
2354 3427 2682 3480 custodimini
2713 3425 2765 3497 (I
2795 3426 2941 3481 Petr.
2971 3444 3009 3495 ι,
3033 3428 3084 3493 5,
3109 3427 3185 3499 5).
3214 3429 3388 3496 Quare
3416 3432 3557 3486 enim
3583 3434 3660 3487 in-

2082 3519 2343 3590 sipienter
2369 3534 2400 3573 a
2428 3520 2581 3575 vobis
2604 3519 2836 3574 violatur
2881 3520 3001 3575 talis
3046 3521 3349 3585 hereditas,
3380 3539 3497 3592 qua:
3546 3541 3661 3581 non

2082 3612 2222 3667 sicut
2272 3621 2508 3679 terrena,
2545 3611 2804 3677 decidua;
2852 3612 2946 3666 sed
2993 3613 3444 3670 immarcescibilis
3495 3625 3662 3685 atque

2081 3709 2282 3756 :eterna
2306 3703 2424 3756 est?
2445 3700 2512 3754 Et
2536 3709 2660 3771 post
2679 3702 2949 3771 aliquanta
2975 3721 2988 3753 :
3015 3703 3236 3776 Propter
3257 3707 3392 3775 quod
3411 3711 3662 3763 succincti

2081 3801 2242 3848 estote
2261 3792 2457 3847 lumbos
2485 3795 2670 3847 mentis
2700 3805 2903 3861 vestrae,
2926 3795 3110 3860 sobrii,
3139 3799 3362 3868 perfecte
3386 3811 3661 3868 sperantes

2080 3889 2136 3940 in
2162 3903 2277 3940 eam
2301 3903 2415 3958 qua:
2443 3887 2659 3955 offertur
2685 3887 2821 3940 vobis
2850 3889 3073 3959 gratiam
3122 3889 3174 3942 in
3203 3890 3509 3946 revelatione
3528 3891 3660 3946 Iesu

2084 3977 2276 4031 Christi
2309 3975 2494 4048 (Ibid.,
2521 3976 2631 4047 1'5).
2657 3977 2945 4032 Rimamini
2975 3992 3204 4046 namque
3227 3981 3463 4049 pectoris
3490 3983 3662 4036 vestri

2081 4068 2364 4139 profunda,
2396 4083 2462 4121 an
2513 4067 2679 4122 sobrii
2707 4069 2850 4135 sitis,
2883 4076 2938 4123 et
2988 4069 3224 4138 perlecte
3270 4071 3661 4127 sacerdotalem

2081 4157 2307 4226 gratiam
2329 4156 2737 4213 examinandum
2768 4159 2821 4213 in
2851 4159 3060 4214 Domini
3089 4161 3416 4216 revelatione
3445 4177 3664 4219 conser-

2080 4249 2240 4304 vctis.
2274 4246 2338 4301 Et
2367 4249 2559 4302 iterum
2609 4248 2775 4303 dicit:
2810 4247 2972 4312 Quasi
3009 4250 3107 4319 ﬁlii
3155 4250 3523 4308 benedictionis
3554 4271 3663 4308 non

2079 4340 2463 4412 conﬁgurantes
2485 4356 2572 4393 vos
2597 4338 2702 4393 illis
2730 4337 2984 4410 prioribus
3015 4342 3326 4411 ignorantia
3351 4353 3527 4396 vestrte
3570 4343 3664 4398 de-

2079 4431 2285 4485 sideriis
2309 4447 2325 4484 :
2356 4431 2446 4484 sed
2467 4429 2744 4483 secundum
2772 4446 2886 4484 eum
2916 4431 3000 4501 qui
3028 4447 3114 4485 vos
3135 4433 3329 4485 vocavit
3357 4443 3563 4486 sanctos
3597 4442 3622 4468 δ·
3643 4471 3659 4496 ,

2079 4531 2128 4578 et
2161 4539 2246 4577 vos
2291 4525 2457 4576 sancti
2498 4524 2550 4575 in
2580 4523 2719 4576 omni
2767 4523 3151 4576 conversatione
3200 4531 3382 4578 estote.
3434 4525 3664 4595 Propter

2080 4612 2217 4684 quod
2269 4613 2514 4682 scriptum
2541 4623 2615 4664 est
2643 4628 2662 4666 :
2699 4611 2880 4667 Sancti
2909 4621 3087 4678 estote,
3126 4614 3245 4682 quia
3275 4629 3366 4684 ego
3393 4631 3504 4668 sum
3530 4631 3661 4668 san-

2083 4713 2196 4756 ctus
2229 4701 2415 4773 (Ibid.,
2449 4701 2533 4766 M,
2562 4701 2670 4771 16).
2713 4701 2841 4768 Quis
2869 4715 3001 4771 rogo
3043 4711 3278 4757 vestrum
3308 4704 3380 4757 ita
3409 4705 3665 4759 sanctita-

2083 4801 2190 4849 tem
2225 4802 2339 4849 toto
2387 4794 2546 4847 animi
2577 4794 2769 4848 ardore
2797 4802 3036 4848 sectatus
3065 4803 3164 4854 est,
3190 4804 3249 4848 ut
3274 4796 3377 4852 hoc
3397 4805 3662 4864 quantum

2081 4885 2140 4942 in
2167 4901 2226 4941 se
2264 4894 2365 4950 est,
2395 4884 2670 4940 festinaret
2712 4886 2970 4956 implere?
2991 4887 3095 4941 Sed
3127 4888 3401 4943 videamus
3437 4889 3568 4959 quid
3599 4891 3658 4946 in

2078 4974 2194 5044 ejus
2219 4975 2450 5030 secunda
2475 4975 2706 5030 lectione
2726 4975 3084 5030 contineatur.
3114 4975 3436 5044 Charissimi,
3462 4979 3655 5048 inquit,

2079 5068 2283 5120 animas
2311 5075 2504 5120 vestras
2534 5067 2820 5136 casti/icate
2848 5067 2916 5120 ad
2939 5066 3276 5120 obedientium
3297 5068 3421 5136 ﬁdei
3441 5087 3532 5138 per
3557 5071 3660 5140 spi-

2079 5159 2235 5211 ritum
2263 5159 2318 5211 in
2348 5157 2618 5222 charitate,
2645 5159 2699 5210 in
2729 5159 3070 5226 fraternitate,
3093 5173 3157 5210 ex
3177 5157 3330 5212 corde
3357 5174 3473 5212 vero
3519 5160 3660 5214 invi-

2078 5267 2188 5305 cem
2214 5243 2486 5320 diligentes
2514 5259 2916 5318 perseveranter,
2946 5251 3090 5319 quasi
3121 5251 3288 5303 renati
3334 5267 3436 5304 non
3482 5267 3550 5306 ex
3574 5269 3658 5306 se-

2077 5342 2216 5394 mine
2243 5341 2582 5408 corruptibili,
2609 5339 2700 5394 sed
2729 5339 3106 5406 incorruptibili
3151 5339 3298 5394 verbo
3356 5342 3449 5395 Dei
3480 5343 3579 5395 vivi
3606 5353 3656 5396 et

2078 5431 2425 5501 permanentis
2453 5432 2504 5484 in
2541 5441 2789 5486 wternum
2816 5429 3000 5502 (Ibid.,
3041 5430 3127 5494 22,
3155 5431 3266 5503 25).
3293 5431 3417 5488 Han
3437 5433 3655 5501 quidem

2076 5522 2144 5577 ab
2191 5521 2451 5592 Apostolo
2480 5523 2753 5589 mandata,
2787 5529 2843 5579 et
2871 5521 2925 5578 in
2951 5522 3038 5578 die
3067 5532 3255 5578 vestrae.
3304 5524 3654 5581 ordinationis

469 5711 497 5741 ι
533 5699 685 5769 Vulg.
707 5737 722 5765 ,
745 5707 996 5752 sanctum.
1031 5696 1094 5752 Et
1139 5699 1298 5770 paulo
1329 5708 1472 5766 ante,
1507 5699 1602 5754 ﬁlii
1631 5698 1952 5756 obedientite.
1995 5697 2084 5758 Sic
2106 5709 2161 5755 ct
2187 5698 2362 5758 Graec.
