3954 6178
330 260 437 318 589

1030 270 1230 326 LIBER
1267 272 1656 341 QUERULUS.
1700 277 1872 332 l’AllS
1910 277 1993 332 lli.
2036 279 2440 338 INCREPATIO
2478 283 2542 338 IN
2579 283 2876 340 CLERUM.

3473 291 3580 350 590

332 378 512 469 lecta,
537 385 593 433 ut
621 393 683 434 ea
715 380 982 452 iudirupte
1025 385 1396 451 custodiretis;
1427 386 1520 441 sed
1567 402 1904 457 nequaquam
1935 395 1980 450 Α
2009 388 2501 459 irreprehensibilem
2521 411 2631 449 esse
2662 394 2851 468 (Ibid.,
2879 395 2953 466 Ξ).
2984 395 3041 451 1η
3073 396 3174 454 hoc
3196 413 3423 469 namque
3463 415 3579 456 ser-

332 481 364 519 a
393 467 545 522 vobis
574 469 627 523 in
667 470 872 538 judicio
901 473 1140 544 impleta,
1171 475 1266 529 sed
1296 491 1395 530 nec
1422 476 1644 530 multum
1673 478 1906 546 cogitata

330 559 416 614 vel
447 559 723 616 intellecta
751 571 895 618 sunt.
954 563 1021 618 Et
1051 565 1184 620 infra
1215 586 1227 620 :
1260 567 1585 638 Deponentes
1613 571 1772 640 igitur
1799 587 1908 623 om-

331 666 448 702 nem
491 653 766 716 malitiam,
797 663 848 707 et
874 671 1074 709 onmem
1118 656 1313 723 dolum,
1344 667 1392 709 et
1420 658 1829 722 simulationem,
1861 668 1910 712 et

329 739 593 801 invidiam,
627 750 675 794 et
703 742 1067 810 detractiones,
1091 746 1222 798 sicut
1256 746 1406 799 modo
1455 748 1612 817 geniti
1660 747 1907 817 infantes,

331 831 686 896 rationabiles,
714 842 763 885 et
781 835 894 887 sine
913 834 1033 888 dolo
1055 836 1135 888 lac
1163 837 1524 905 concupiscite,
1543 846 1596 889 ut
1621 854 1680 891 eo
1706 854 1909 892 cresca-

332 921 396 973 tis
435 922 490 974 in
531 922 1051 996 salutem:quoniam
1079 925 1244 981 dulcis
1273 935 1349 982 est
1390 927 1643 982 Dominus
1674 927 1724 999 (1
1761 929 1908 983 Petr.

330 1025 388 1075 ιι,
420 1011 472 1074 1,
501 1011 579 1080 '5).
615 1011 930 1082 Recogitate
958 1031 1023 1068 an
1055 1017 1168 1071 hmo
1195 1032 1410 1087 quoque
1439 1017 1612 1071 surdis
1644 1019 1860 1072 auribus
1879 1034 1910 1072 a

329 1099 485 1153 vobis
512 1099 692 1154 audita
723 1102 985 1171 crebrius,
1013 1105 1416 1159 conculcentur.
1451 1105 1519 1158 Et
1542 1105 1734 1160 iterum
1761 1124 1774 1158 :
1807 1106 1911 1162 Vos

333 1201 503 1243 autem
534 1209 691 1262 genus
721 1193 955 1254 electum,
981 1196 1153 1265 regale
1177 1197 1541 1264 sacerdotium,
1565 1215 1688 1268 gens
1709 1207 1908 1263 sancta,

331 1282 553 1348 p0pulus
582 1283 634 1334 in
667 1285 1012 1354 adeptionem,
1038 1294 1092 1337 ut
1115 1286 1322 1340 virtutes
1351 1289 1666 1341 annuntietis
1695 1288 1806 1358 ejus
1827 1287 1914 1358 qui

332 1371 396 1424 de
431 1373 653 1425 tenebris
681 1389 769 1426 vos
798 1375 993 1427 vocavit
1017 1375 1070 1427 in
1101 1375 1231 1427 illud
1273 1384 1375 1428 tam
1406 1376 1712 1428 admirabile
1743 1377 1912 1429 lumen

332 1479 484 1516 suum
517 1462 706 1530 (Ibid.,
735 1463 807 1532 9).
841 1463 956 1518 Non
981 1466 1153 1519 solum
1183 1481 1281 1535 per
1308 1482 1404 1520 vos
1426 1469 1650 1521 virtutes
1679 1467 1772 1521 Dei
1804 1485 1910 1521 non

332 1553 723 1607 annuntiantur
750 1554 830 1607 vel
860 1555 1230 1621 meliorantur,
1263 1557 1356 1610 sed
1387 1557 1548 1610 etiam
1582 1558 1910 1625 pravissimis

330 1642 529 1696 vestris
557 1642 696 1714 apud
730 1643 1036 1699 incredulos
1062 1659 1305 1714 quosque
1333 1646 1701 1716 despiciuntur
1729 1663 1915 1702 exem-

329 1732 463 1803 plis.

407 1821 534 1876 Car.
565 1838 714 1876 nui.
770 1821 854 1876 Ea:
898 1822 1108 1878 Actibus
1152 1824 1502 1894 apostolorum
1546 1834 1595 1880 et
1641 1844 1820 1882 rursus
1847 1844 1912 1882 ea:

328 1913 573 1984 Epistola
597 1912 625 1968 I
648 1915 716 1967 ad
742 1913 1079 1969 Timotheum.
1102 1946 1176 1956 —
1208 1915 1443 1970 Audistis
1480 1915 1618 1970 forte
1647 1918 1696 1971 in
1720 1919 1911 1973 eadem

327 2007 424 2060 die
468 2005 611 2074 quod
641 2005 693 2060 in
722 2005 953 2060 lectione
981 2006 1146 2059 Actus
1173 2006 1540 2076 apostolorum
1568 2007 1766 2062 lectum
1797 2017 1910 2078 est,

328 2098 496 2152 Petro
526 2098 578 2151 in
627 2097 805 2152 medio
859 2097 1242 2168 discipulorum
1297 2106 1564 2167 surgente,
1592 2099 1682 2167 qui
1734 2099 1907 2153 dixit:

337 2189 458 2243 Viri
487 2191 696 2260 fratres,
721 2197 920 2259 Oportet
939 2191 1252 2260 scripturam
1273 2191 1474 2260 impleri
1494 2207 1648 2260 quam
1664 2190 1911 2260 prtedixit

327 2281 563 2350 Spiritus
591 2292 800 2334 sanctus
825 2298 915 2350 per
936 2297 991 2334 os
1019 2279 1191 2334 David
1213 2281 1277 2333 de
1296 2280 1435 2334 Juda
1461 2281 1597 2352 (Act.
1624 2297 1660 2345 ι,
1686 2279 1905 2348 l5,16).

326 2375 400 2428 Et
421 2375 580 2444 paulo
602 2381 725 2444 post
755 2389 768 2425 :
797 2372 900 2427 Hic
921 2374 1091 2444 itaque
1110 2374 1377 2442 acquisivit
1395 2389 1576 2443 agrum
1600 2372 1662 2426 de
1679 2373 1910 2426 mercede

325 2467 621 2536 in’quitalis
650 2463 839 2533 (Ibid.,
880 2464 993 2534 18).
1025 2464 1140 2520 Hoc
1163 2481 1357 2520 securo
1393 2467 1480 2521 vel
1521 2465 1700 2535 potius
1728 2465 1907 2520 hebeti

324 2555 518 2623 corde,
543 2556 694 2625 quasi
723 2571 831 2610 non
879 2555 948 2610 de
992 2555 1144 2610 vobis
1181 2556 1380 2610 lectum
1429 2555 1634 2624 fuisset,
1664 2555 1908 2611 audistis.

327 2647 486 2715 Quis,
513 2663 715 2718 qmeso,
738 2655 975 2702 vestrum
1000 2663 1105 2704 non
1129 2646 1320 2716 quierit
1357 2660 1541 2715 agrum
1563 2646 1632 2702 de
1659 2645 1911 2702 mercede

327 2737 665 2805 iniquitatis?
691 2735 853 2792 Judas
900 2752 1132 2806 namque
1161 2737 1372 2792 loculos
1415 2737 1738 2807 compilabat
1768 2754 1781 2788 :
1815 2751 1909 2791 vos

328 2827 589 2884 Ecclesiae
632 2827 851 2883 donaria
902 2828 1239 2897 filiorumque
1267 2829 1473 2883 animas
1519 2826 1634 2896 ejus
1663 2829 1904 2885 vastatis.

321 2921 425 2977 Ille
445 2920 576 2975 adiit
595 2918 811 2974 Judteos
840 2928 900 2974 ut
930 2919 1095 2975 Deum
1124 2919 1382 2974 venderet
1413 2936 1425 2971 :
1454 2934 1553 2974 vos
1577 2927 1909 2990 tyrannoset

328 3021 540 3081 patrem
589 3017 826 3065 vestrum
867 3009 1144 3064 diabolum
1188 3000 1245 3064 ut
1275 3008 1547 3065 Christum
1575 3010 1903 3080 despiciatis.

2010 492 2169 532 mone
2197 479 2446 550 lacryniis
2473 483 2640 550 magis
2688 498 2846 552 quam
2896 485 3073 539 verbis
3121 501 3254 556 opus
3277 495 3390 555 est;
3420 503 3484 543 ac
3530 488 3580 544 si

2010 568 2232 625 dixisset
2253 572 2538 642 Apostolus
2559 591 2681 630 eum
2723 592 2840 632 esse
2864 579 3110 634 omnibus
3140 579 3583 650 irreprehensibi-

2011 659 2198 714 liorem
2225 661 2441 717 debere.
2477 663 2642 720 Unius
2671 669 2849 721 uxoris
2880 670 3040 722 virum
3073 669 3284 741 (lbid.).
3338 669 3478 738 Quid
3509 673 3583 727 itl

2011 749 2153 818 apud
2183 766 2281 806 nos
2312 767 2524 822 quoque
2564 757 2941 820 contemnitur,
2973 760 3123 826 quasi
3152 776 3256 814 non
3286 761 3580 830 audiretur,

2012 839 2098 893 vel
2130 839 2270 894 idem
2302 841 2482 896 dicere
2504 851 2559 897 et
2585 844 2754 899 virum
2784 849 3040 902 uxorum?
3070 847 3330 914 Sobrium,
3365 851 3590 922 pruden-

2013 939 2112 982 tem
2143 929 2354 1002 (Ibid.).
2377 931 2505 998 Quis
2528 935 2689 988 etiam
2719 951 2784 990 ex
2806 939 2956 992 vobis
2976 938 3075 994 hoc
3096 939 3378 1008 aliquando
3400 943 3581 1001 inesse

2012 1019 2113 1074 sibi
2139 1020 2326 1075 saltem
2353 1023 2593 1092 optavit?
2638 1024 2959 1095 Hospitalem
2993 1027 3201 1101 (Ibid.).
3252 1031 3308 1084 ld
3353 1031 3396 1086 si
3440 1032 3582 1088 forte

2012 1123 2141 1162 casu
2173 1113 2432 1176 evenerit,
2465 1113 2740 1182 popularis
2772 1131 2914 1170 aura:
2943 1119 3119 1186 potius
3147 1134 3309 1188 quam
3329 1124 3582 1193 praecepti

2013 1203 2183 1269 gratia
2213 1203 2431 1271 factum,
2459 1222 2563 1262 non
2591 1208 2829 1277 prodest,
2856 1210 3079 1267 Domino
3106 1212 3382 1271 Salvatore
3405 1216 3480 1270 ita
3505 1217 3589 1271 di-

2015 1299 2171 1345 cente
2199 1309 2211 1344 :
2242 1292 2403 1347 Amen
2449 1295 2564 1349 dico
2615 1295 2774 1364 vobis,
2805 1310 3100 1368 receperunt
3127 1304 3406 1356 mercedem
3433 1320 3582 1358 suam

2015 1379 2226 1452 (Matth.
2259 1397 2329 1446 γι,
2361 1382 2436 1440 2).
2470 1381 2754 1450 Ornatam,
2786 1404 2887 1440 non
2942 1390 3271 1457 vinolentum,
3306 1409 3411 1446 non
3455 1411 3574 1463 per-

2015 1487 2289 1537 cussorem,
2323 1474 2413 1526 sed
2433 1475 2735 1542 modestum,
2761 1495 2864 1532 non
2890 1479 3187 1550 litigiosum,
3212 1499 3314 1536 non
3339 1485 3578 1553 cupidum

2016 1560 2069 1632 (Ι
2100 1561 2229 1614 Tim.
2262 1579 2337 1630 ιιι,
2368 1563 2422 1629 2,
2447 1565 2524 1636 5).
2568 1563 2612 1618 Ο
2639 1566 2816 1622 feralis
2859 1569 3184 1625 immutatio!
3227 1569 3271 1625 Ο
3317 1573 3582 1629 horrenda

2014 1661 2404 1722 praeceptorum
2426 1655 2721 1711 cmlestium
2746 1660 3108 1715 conculcatio!
3138 1661 3322 1718 Nonne
3346 1663 3584 1732 infatiga-

1943 1756 1988 1814 B
2015 1742 2192 1799 biliter
2219 1745 2286 1799 ad
2313 1746 2425 1802 haec
2451 1751 2800 1818 expugnanda
2818 1793 2832 1817 ,
2861 1753 2948 1807 vel
2979 1755 3158 1823 potius
3186 1755 3457 1810 obruenda
3486 1773 3582 1813 ac-

2017 1842 2167 1890 tuum
2188 1837 2579 1908 verborumque
2600 1855 2749 1894 arma
2771 1843 3058 1913 corripitis,
3081 1859 3178 1915 pro
3200 1845 3354 1915 queis
3374 1861 3584 1901 conser-

2012 1926 2200 1981 vandis
2229 1936 2389 1997 atque
2419 1928 2715 1998 ﬁrmandis,
2745 1933 2790 1986 si
2835 1948 3051 1988 necesse
3104 1933 3308 2002 fuisset,
3340 1944 3396 1990 et
3424 1952 3580 2007 paena

2013 2018 2154 2075 ultro
2182 2020 2477 2086 subeunda,
2513 2030 2569 2077 et
2597 2021 2704 2078 vita
2733 2025 2977 2094 ponenda
2998 2026 3146 2080 erat?
3172 2026 3280 2081 Sed
3307 2027 3582 2083 videamus

2013 2119 2068 2163 et
2113 2112 2432 2178 sequentia:
2470 2111 2711 2180 Domum,
2739 2113 2930 2183 inquit,
2962 2131 3108 2168 suam
3137 2115 3261 2170 bene
3301 2126 3578 2188 regentem,

2011 2200 2150 2269 ﬁlios
2178 2200 2445 2256 habentem
2473 2203 2704 2258 subditos
2741 2221 2857 2258 cum
2903 2208 3043 2260 omni
3095 2208 3331 2262 castitate
3358 2208 3412 2277 (I
3443 2208 3575 2264 Tim.

2011 2304 2087 2354 ιιι,
2117 2288 2172 2359 4)
2203 2289 2344 2360 Ergo
2363 2292 2670 2361 imperfecta
2717 2301 2800 2348 est
2823 2303 3040 2364 patrum
3066 2295 3302 2362 castitas,
3333 2297 3376 2350 si
3406 2297 3579 2352 eidem

2011 2396 2116 2435 non
2147 2388 2202 2434 et
2223 2379 2450 2436 ﬁliorum
2479 2383 2864 2437 accumuletur.
2897 2383 3004 2438 Sed
3043 2385 3169 2453 quid
3195 2386 3325 2451 erit,
3358 2387 3448 2440 ubi
3477 2401 3578 2442 nec

2011 2479 2163 2542 pater
2191 2487 2291 2526 nec
2345 2471 2484 2527 filius
2531 2473 2657 2527 mali
2712 2475 2970 2542 genitoris
3025 2476 3270 2546 exemplo
3325 2485 3580 2547 pravatus

2010 2561 2338 2631 conspicitur
2365 2563 2577 2616 castus?
2599 2562 2660 2618 Si
2684 2565 2794 2635 quis
2818 2575 2987 2618 autem
3011 2566 3187 2619 domui
3225 2582 3332 2621 sua:
3358 2583 3580 2636 prazesse

2009 2657 2190 2721 nescit,
2220 2655 2469 2726 quomodo
2516 2653 2765 2709 Ecclesia:
2813 2654 2912 2709 Dei
2958 2657 3276 2728 diligentiam
3322 2657 3579 2712 adhibebit

2011 2743 2195 2816 (Ibid.,
2228 2743 2322 2814 5)?
2352 2743 2476 2799 HtBC
2501 2753 2625 2799 sunt
2643 2745 2802 2800 verba
2827 2760 2945 2814 qua:
2966 2747 3275 2801 indubitatis
3304 2747 3578 2804 eﬂectibus

2007 2836 2390 2906 approbantur.
2423 2834 2686 2890 Diaconos
2729 2837 2966 2890 similiter
3009 2837 3239 2908 pudicos,
3271 2855 3374 2893 non
3419 2839 3577 2894 bilin-

2008 2942 2154 2996 gues,
2178 2941 2280 2980 non
2303 2927 2419 2980 vino
2441 2925 2654 2980 multant
2681 2927 2904 2992 deditos,
2927 2943 3030 2981 non
3063 2938 3206 2998 turpe
3231 2929 3428 2983 lucrum
3467 2947 3577 2984 sec-

2009 3025 2196 3083 tantes,
2227 3016 2468 3072 habentes
2511 3019 2806 3089 mysterium
2834 3019 2956 3088 ﬁdei
2996 3021 3051 3072 in
3082 3021 3394 3073 conscientia
3422 3038 3574 3090 pura.

329 3103 429 3158 Ille
461 3103 674 3172 triginta
709 3102 976 3171 argenteis
1016 3101 1262 3156 venalem
1305 3101 1492 3156 habuit
1520 3102 1757 3155 omnium
1789 3099 1907 3155 Sal-
1935 3114 1980 3176 ρ
2010 3103 2085 3158 Hi
2110 3112 2280 3158 autem
2307 3104 2584 3174 probentur
2602 3107 2842 3175 primum,
2871 3115 2920 3160 et
2938 3106 3012 3159 sic
3042 3107 3350 3171 ministrent,
3377 3108 3576 3162 nullum

330 3203 580 3248 vatnrem
611 3211 626 3247 :
657 3208 753 3248 vos
776 3192 860 3247 vel
890 3207 997 3246 uno
1027 3191 1208 3247 obolo.
1229 3190 1364 3258 Quid
1385 3192 1570 3262 plura?
1597 3190 1788 3246 Fertur
1807 3207 1903 3248 vo-

329 3285 415 3342 bis
464 3286 518 3340 in
571 3284 804 3340 medium
852 3283 1089 3338 Matthiae
1143 3283 1195 3338 in
1249 3281 1614 3338 confusionem
1668 3291 1900 3338 vestram

330 3374 660 3446 exemplum,
682 3385 990 3430 sanctorum
1012 3389 1228 3445 quoque
1249 3374 1615 3444 apostolorum
1641 3373 1903 3429 electione

329 3466 414 3521 vel
431 3465 637 3536 judicio
665 3463 890 3532 Christi,
916 3480 1021 3520 non
1043 3465 1258 3535 propria
1286 3465 1559 3519 voluntate
1584 3463 1759 3518 sortiti
1790 3480 1803 3516 :
1835 3462 1904 3518 ad

329 3555 479 3627 quod
525 3556 652 3611 θεβοί
687 3555 864 3611 effecti
902 3571 1010 3610 non
1038 3555 1230 3610 videtis
1273 3569 1433 3623 quam
1458 3553 1615 3622 longe
1643 3568 1672 3607 a
1697 3552 1902 3608 meritis

331 3647 450 3716 ejus
467 3647 700 3712 distetis,
731 3645 854 3700 dum
884 3643 936 3698 in
957 3659 1193 3699 amorem
1219 3653 1275 3699 et
1300 3642 1550 3698 effectum
1577 3640 1724 3697 Iuda:
1748 3642 1904 3696 tradi-

333 3737 465 3793 toris
487 3744 683 3807 sponte
709 3735 1007 3792 corruistis.
1039 3733 1274 3804 Apparet
1299 3746 1426 3801 ergo
1451 3747 1572 3787 eum
1595 3732 1686 3802 qui
1708 3746 1804 3786 vos
1821 3746 1905 3786 sa-

333 3828 578 3884 cerdotes
605 3827 782 3882 sciens
802 3841 870 3881 ex
888 3825 1052 3882 corde
1078 3825 1237 3890 dicit,
1263 3839 1370 3879 non
1393 3837 1512 3878 esse
1532 3837 1719 3878 verm:
1747 3821 1903 3878 Chri-

333 3919 584 3973 stianum.
607 3917 751 3973 Sane
770 3916 914 3986 quod
938 3917 1132 3980 sentio,
1161 3915 1451 3985 proferam.
1476 3913 1665 3970 Posset
1685 3913 1900 3986 quidem

334 4008 504 4064 leuior
532 4007 646 4064 ﬁeri
676 4008 970 4079 increpatio
996 4025 1008 4058 τ
1034 4007 1128 4064 sed
1151 4005 1279 4076 quid
1300 4005 1518 4076 prodest
1533 4006 1720 4060 vulnus
1738 4021 1899 4060 manu

336 4108 540 4153 tantum
589 4100 826 4169 palpare,
857 4106 1198 4166 unguentnve
1250 4109 1470 4165 ungere,
1501 4094 1646 4166 quod
1691 4101 1902 4149 tumore

340 4187 441 4250 iam
492 4192 579 4241 vel
607 4190 777 4241 fetore
823 4187 923 4240 sibi
972 4186 1290 4241 horrescens
1337 4185 1575 4240 cauterio
1604 4191 1660 4238 et
1686 4183 1900 4253 publico

333 4277 466 4346 ignis
507 4277 860 4332 medicamine
912 4284 1062 4345 eget;
1091 4277 1135 4332 si
1178 4286 1356 4332 tamen
1380 4275 1492 4330 ullo
1521 4275 1682 4330 modo
1722 4275 1899 4330 sanari

328 4369 518 4438 possit,
547 4383 691 4438 azgro
737 4383 1071 4438 nequaquam
1121 4369 1382 4423 medelam
1431 4374 1723 4438 quaarente,
1751 4374 1806 4421 et
1833 4366 1900 4421 ab

2005 3196 2200 3250 crimen
2228 3195 2467 3250 habentes
2498 3194 2684 3266 (Ibid.,
2709 3196 2763 3262 8,
2794 3195 2904 3266 l0).
2949 3195 3046 3252 His
3087 3196 3334 3251 nimirum
3386 3197 3576 3254 horre-

2005 3299 2162 3342 scens
2190 3285 2280 3339 diu
2311 3285 2586 3340 immoravi
2621 3302 2633 3338 :
2667 3300 2828 3339 unum
2864 3285 3095 3340 veridice
3122 3301 3336 3354 possum
3365 3287 3566 3355 dicere,

2003 3378 2131 3447 quin
2156 3377 2268 3431 huic
2290 3377 2470 3431 omnia
2496 3377 2548 3430 in
2577 3377 2874 3431 contrarios
2898 3384 3046 3431 actus
3074 3384 3372 3441 mutentur;
3402 3377 3475 3432 ita
3512 3384 3575 3432 ut

2002 3467 2182 3523 clerici
2207 3467 2370 3538 (quod
2400 3481 2506 3521 non
2553 3467 2753 3534 absque
2805 3465 2994 3520 dolore
3019 3465 3196 3520 cordis
3225 3465 3418 3534 fateor)
3467 3467 3571 3519 im-

2005 3557 2201 3629 pudici,
2225 3557 2505 3625 bilingues,
2531 3555 2685 3620 ebrii,
2711 3555 2879 3624 turpis
2903 3554 3034 3609 lueri
3063 3554 3274 3624 cupidi,
3315 3554 3574 3609 habentes

2005 3648 2162 3704 ﬁdem
2192 3655 2247 3702 et
2269 3647 2348 3719 (ut
2377 3646 2558 3702 verius
2585 3643 2779 3714 dicam)
2811 3643 3180 3699 inﬁdelitatem
3213 3645 3266 3698 in
3295 3645 3572 3699 conscien-

2006 3739 2078 3792 tia
2127 3738 2357 3806 impura,
2390 3751 2496 3790 non
2525 3735 2735 3805 probati
2762 3734 2814 3788 in
2845 3733 3008 3798 bono,
3031 3732 3124 3788 sed
3154 3733 3206 3787 in
3236 3733 3378 3788 malo
3405 3749 3573 3804 opere

2005 3829 2238 3901 ιιι-ειεεοίῑὶ
2259 3827 2642 3894 ministrantes,
2673 3834 2728 3880 et
2754 3825 3035 3880 innumera
3062 3824 3285 3880 crimina
3312 3825 3572 3881 habentes

1999 3934 2158 3976 sacro
2185 3919 2480 3972 ministerio
2501 3917 2882 3972 adsciscantur.
3463 3971 3474 3988 ἱ

2071 4011 2197 4067 CAP.
2224 4023 2368 4065 xxrv.
2405 4008 2606 4063 Iterum
2646 4023 2712 4062 ea:
2750 4006 2990 4061 Matthtei
3030 4005 3332 4078 Evangelia.
3363 4038 3435 4049 —
3462 4006 3573 4061 Au-

2001 4102 2152 4158 distis
2178 4101 2341 4156 etiam
2389 4099 2478 4154 illo
2527 4099 2615 4153 die
2659 4099 2788 4168 (quo
2833 4096 3002 4151 multo
3048 4096 3259 4165 dignius
3297 4096 3574 4168 multoque

2000 4192 2201 4248 rectius
2229 4198 2364 4254 erat,
2411 4197 2465 4244 ut
2496 4188 2562 4242 ad
2603 4203 2872 4243 carcerem
2908 4187 2992 4242 vel
3009 4194 3276 4243 oetastam
3305 4187 3573 4258 poenalem

2000 4297 2160 4353 quam
2202 4281 2270 4336 ad
2313 4279 2670 4334 sacerdotium
2720 4275 3087 4346 traheremini)
3133 4277 3359 4331 Domino
3392 4277 3573 4333 scisci-

2000 4372 2156 4436 tanti,
2206 4385 2364 4440 quem
2393 4383 2451 4423 se
2478 4382 2597 4422 esse
2639 4374 2888 4438 putarent
2935 4366 3200 4436 discipuli,
3245 4367 3570 4423 Petrumre-

332 4459 432 4516 hoc
461 4461 673 4515 medico
694 4460 906 4530 lengius
933 4460 1255 4515 recedente?
1282 4458 1326 4513 0
1354 4458 1553 4513 inimici
1575 4458 1690 4524 Dei,
1714 4466 1767 4512 et
1791 4473 1896 4512 non
1922 4468 1966 4523 ι)
2001 4459 2280 4531 spondisse
2305 4476 2317 4510 :
2343 4457 2416 4510 Tu
2439 4474 2492 4510 es
2513 4455 2746 4511 Christus
2769 4455 2936 4510 Filius
2964 4455 3062 4509 Dei
3090 4455 3184 4509 vivi
3215 4455 3427 4527 (Matth.
3460 4473 3572 4525 xvt,

326 4551 662 4616 sacerdotes,
691 4550 929 4606 veterani
949 4549 1213 4604 malorum
1235 4557 1290 4602 et
1314 4563 1421 4602 non
1446 4545 1729 4619 pontifices
1747 4583 1761 4608 ,
1789 4554 1898 4600 tra-

327 4639 528 4697 ditores
552 4649 608 4697 et
636 4657 743 4696 non
789 4649 1098 4696 sanctorum
1140 4641 1507 4711 apostolorum
1534 4652 1892 4704 successores,

325 4741 378 4788 et
408 4749 514 4790 non
541 4733 741 4789 Christi
769 4733 1018 4788 ministri.
1041 4731 1392 4788 Auscultastis
1415 4731 1627 4800 quidem
1647 4729 1894 4785 secunda:

327 4825 573 4880 iectionis
591 4825 821 4895 apostoli
845 4823 994 4878 Pauli
1023 4825 1308 4879 verborum
1331 4839 1520 4878 sonum
1541 4821 1652 4894 (sed
1673 4821 1726 4875 in
1747 4821 1892 4876 nullo

326 4918 484 4973 modo
505 4919 709 4973 monita
730 4918 1090 4986 virtutemque
1114 4915 1390 4982 servastis,
1414 4921 1468 4969 et
1482 4913 1892 4968 simulacrorum

329 5010 488 5065 modo
515 5025 634 5078 qua:
655 5026 763 5066 non
792 5010 973 5064 vident
999 5024 1172 5079 neque
1199 5009 1450 5072 audiunt,
1481 5005 1676 5061 eodem
1705 5004 1791 5060 die
1813 5003 1894 5056 al-

328 5101 424 5155 tari
479 5100 747 5169 astitistis)
795 5107 924 5155 tunc
971 5108 1028 5154 et
1070 5099 1310 5168 quotidie
1362 5097 1518 5154 vobis
1557 5094 1889 5149 intonantis:

329 5188 559 5253 Fratres,
589 5190 780 5260 inquit,
812 5191 980 5260 ﬁdelis
1008 5205 1172 5244 sermo
1199 5199 1294 5254 est,
1343 5199 1392 5243 et
1435 5189 1574 5243 omni
1602 5189 1894 5254 acceptione

329 5281 509 5351 dignus
532 5279 590 5351 (1
623 5279 757 5335 Tim.
789 5296 874 5344 ιιι,
903 5279 978 5348 i).
1009 5279 1103 5335 llle
1128 5279 1264 5334 dixit
1292 5279 1502 5334 fidelem
1532 5286 1587 5333 et
1633 5277 1848 5347 dignum
1875 5294 1888 5330 :

323 5387 414 5426 vos
437 5383 495 5427 ut
517 5371 786 5427 inﬁdelem
816 5379 871 5427 et
899 5372 1172 5440 indignum
1217 5370 1512 5441 sprevistis.
1548 5369 1608 5425 Si
1638 5369 1749 5439 quis
1775 5369 1886 5438 epi-

321 5472 586 5532 scopatum
608 5463 768 5532 cupit,
796 5462 982 5517 bonum
1003 5478 1130 5531 opus
1152 5457 1610 5531 desiderat(lbid.)
1645 5458 1750 5513 Vos
1773 5456 1890 5526 epi-

321 5558 591 5619 scopatum
622 5563 946 5620 magnopere
973 5550 1210 5604 avaritiie
1238 5550 1427 5617 gratia,
1461 5564 1565 5603 non
1593 5545 1888 5616 spiritualis

321 5641 584 5710 profectus
611 5641 837 5696 obtentu
863 5640 1082 5711 cupitis,
1112 5648 1168 5695 et
1194 5640 1390 5694 bonum
1420 5655 1554 5709 opus
1587 5639 1662 5693 illi
1701 5635 1886 5692 condi-

324 5744 479 5801 suum
526 5746 865 5804 nequaquam
919 5731 1146 5790 habetis.
1199 5728 1410 5801 Oportet
1437 5745 1558 5800 ergo
1587 5728 1880 5800 hujusmodi

2008 4551 2132 4622 16);
2161 4551 2315 4620 eique
2346 4549 2630 4605 Dominum
2678 4561 2776 4617 pro
2821 4548 2924 4602 tali-
2958 4547 3295 4604 confessione
3332 4549 3572 4617 dixisse:

2007 4641 2197 4697 Beatus
2224 4659 2297 4708 es,
2322 4641 2502 4697 Simon
2527 4638 2823 4707 Bar-Jona,
2857 4641 2974 4712 quia
3002 4656 3122 4695 caro
3165 4650 3214 4695 et
3232 4643 3445 4714 sanguis
3469 4659 3572 4698 non

2003 4737 2237 4791 reuelauit
2269 4735 2376 4801 tibi,
2420 4735 2510 4790 sed
2542 4735 2698 4788 Pater
2723 4751 2861 4788 meus
2890 4736 2974 4806 qui
3004 4735 3060 4789 in
3103 4735 3241 4790 caelis
3275 4745 3349 4790 est
3380 4735 3570 4806 (Ibid.,

2003 4826 2114 4899 17).
2150 4827 2286 4896 Ergo
2316 4826 2505 4883 Petrus
2532 4842 2560 4881 a
2583 4826 2695 4882 Deo
2725 4826 2884 4882 Patre
2912 4826 3105 4883 doctus
3129 4837 3274 4883 recte
3301 4827 3568 4882 Christum

2001 4917 2322 4972 confitetur:
2364 4932 2459 4972 vos
2487 4927 2663 4971 autem
2693 4918 2880 4973 moniti
2908 4933 2937 4972 a
2967 4927 3120 4988 patre
3148 4926 3326 4972 vestro
3353 4917 3568 4973 diabolo

1995 5005 2176 5076 inique
2203 5005 2536 5061 Salvatorem
2577 5007 2732 5062 malis
2757 5008 2967 5062 actibus
2992 5008 3284 5075 denegatis.
3314 5005 3452 5060 Vero
3481 5022 3567 5062 sa-

1993 5098 2196 5153 cerdoti
2225 5095 2416 5152 dicitur
2452 5115 2464 5150 :
2496 5096 2570 5151 Tu
2597 5114 2650 5151 es
2675 5096 2882 5161 Petrus,
2928 5107 2977 5150 et
3019 5113 3170 5165 super
3208 5097 3340 5149 hanc
3366 5105 3564 5165 petram

1994 5186 2262 5256 tedi/icabo
2305 5185 2594 5239 Ecclesium
2637 5202 2803 5239 meam
2844 5185 3030 5252 (Ibid.,
3059 5185 3170 5254 l8).
3211 5184 3319 5239 Vos
3347 5185 3562 5254 quidem

1995 5278 2357 5334 assimilamini
2397 5277 2503 5331 viro
2543 5278 2717 5342 stulto,
2759 5277 2844 5348 qui
2870 5276 3140 5344 aediﬁcavit
3171 5275 3376 5330 domum
3414 5291 3565 5330 suam

1991 5384 2145 5438 super
2171 5385 2384 5422 arenam
2413 5366 2626 5435 (Matth.
2654 5383 2745 5429 vu,
2787 5365 2899 5436 26).
2944 5365 3246 5420 Notandum
3289 5380 3421 5420 vero
3458 5374 3560 5433 est,

1990 5460 2134 5529 quod
2154 5458 2524 5528 insipientibus
2546 5459 2600 5513 in
2621 5456 2927 5512 aedificanda
2948 5457 3108 5511 domo
3130 5472 3411 5513 arenarum
3437 5474 3564 5530 pen-

1991 5547 2128 5602 dula:
2159 5549 2435 5602 mobilitati
2465 5547 2717 5601 Dominus
2761 5562 2867 5601 non
2895 5557 3238 5617 cooperetur,
3267 5549 3560 5606 secundum

1989 5636 2118 5691 illud
2149 5655 2162 5689 :
2197 5635 2450 5691 Fecerunt
2475 5638 2572 5692 sibi
2603 5652 2767 5707 reges,
2799 5638 2888 5692 sed
2910 5655 3011 5696 non
3040 5654 3130 5707 per
3159 5655 3237 5692 me
3267 5635 3414 5708 (Ose.
3445 5654 3558 5706 vui,

1988 5726 2064 5798 4).
2097 5724 2392 5796 Itidemque
2416 5726 2558 5798 quod
2601 5725 2844 5796 sequitur
2869 5729 3055 5784 eadem
3099 5735 3258 5784 sonat
3289 5725 3557 5787 dicendo:
