3966 6170
394 287 490 342 591

1737 281 2070 341 PELACIUS
2108 281 2288 340 PAPA
2320 279 2360 334 1.

3547 238 3649 298 392

399 396 467 455 Et
493 409 654 471 porta:
697 400 854 471 inferi
899 413 1000 451 non
1044 397 1386 466 prwvalebunt
1433 395 1645 464 (Matth.
1691 411 1800 463 xvt,
1839 396 1961 464 18):
1997 416 2043 460 Α
2073 397 2247 451 solum
2303 388 2629 447 conscientia
2676 387 3035 458 supplaudat,
3090 400 3212 440 cum
3258 399 3446 439 eorum
3503 384 3656 454 queis

368 489 620 558 ‘ejusque
647 494 865 557 peccata
896 486 1281 552 intelliguntur.
1325 485 1400 540 De
1430 495 1604 540 vestra
1638 486 1764 554 quid
1785 487 1976 540 exitia-

397 578 489 632 bili
519 585 780 631 structura
802 575 1210 644 pronuntiatur?
1250 574 1504 628 Venerunt
1531 576 1767 643 flumina,
1799 584 1846 628 et
1872 575 1977 643 [la-

397 675 575 720 verunt
601 667 755 728 venti,
805 675 854 717 et
884 665 1202 733 impegerunt
1229 665 1285 717 in
1311 665 1517 717 domum
1555 664 1719 727 illam,
1759 672 1813 720 ,et
1843 667 1976 717 ccci-

399 753 513 807 dit:
541 763 590 807 et
620 755 715 823 fuit
759 752 908 805 ruina
938 752 1046 821 ejus
1077 767 1264 821 magna
1294 750 1508 819 (Matth.
1547 769 1639 818 vn,
1670 751 1781 821 Ἦ).
1819 751 1978 806 Petro

399 845 619 912 ejusque
657 843 1053 897 successoribus
1095 840 1220 894 dicit
1267 841 1562 894 Dominus:
1598 840 1662 893 Et
1710 841 1800 893 tibi
1847 839 1977 893 dabo

398 936 562 988 claves
593 935 736 1003 regni
783 935 1021 985 cwlorum
1045 930 1278 1002 (Matth.
1311 947 1422 998 va,
1455 931 1540 1002 19)
1570 949 1582 983 :
1617 930 1780 985 Vobis
1809 944 1975 983 vero:

401 1023 525 1078 Νοη
572 1023 687 1076 novi
734 1039 820 1076 vos
851 1036 868 1073 :
901 1021 1144 1074 discedite
1191 1037 1222 1073 a
1268 1037 1366 1083 me,
1418 1021 1644 1089 operarii
1691 1019 1978 1089 iniquitatis

400 1113 614 1185 (Matth.
648 1127 737 1173 vn,
771 1110 875 1176 25;
927 1109 1054 1163 Luc.
1083 1125 1197 1175 xm,
1227 1108 1350 1176 27);
1405 1117 1462 1162 ut
1500 1108 1733 1178 separati
1754 1098 1979 1161 sinistrae

400 1203 570 1274 partis
599 1218 718 1257 cum
758 1202 950 1265 haedis,
983 1202 1118 1256 eatis
1144 1201 1196 1254 in
1228 1201 1403 1268 ignem
1431 1208 1709 1253 internum.
1742 1197 1980 1266 Itemque

403 1295 549 1349 omni
593 1301 778 1347 sancto
826 1293 1092 1347 sacerdoti
1135 1291 1468 1362 promittitur
1511 1305 1523 1341 :
1563 1286 1630 1340 Et
1676 1304 1982 1359 quiscunque

404 1382 616 1439 solveris
640 1399 792 1453 super
811 1390 1020 1446 terram,
1043 1391 1191 1435 erunt
1215 1379 1384 1434 soluta
1412 1388 1460 1432 et
1487 1380 1541 1431 in
1570 1378 1710 1431 caelis
1733 1394 1750 1431 :
1773 1386 1822 1430 et
1851 1393 1984 1449 qua:-

377 1499 379 1502 ⁴
404 1490 601 1543 cunque
629 1472 864 1542 ligaveris
895 1488 1046 1541 super
1069 1480 1278 1534 terram,
1329 1477 1477 1538 erunt
1504 1470 1667 1538 ligata
1694 1476 1743 1520 et
1769 1469 1822 1520 in
1845 1467 1981 1520 cazlis

405 1561 618 1634 (Matth.
652 1578 758 1628 xvi,
794 1562 905 1632 l9).
939 1562 1045 1617 Sed
1085 1560 1354 1630 quomodo
1383 1575 1480 1614 vos
1520 1559 1717 1627 aliquid
1765 1559 1983 1614 solvetis

371 1659 464 1705 'ut
493 1652 562 1704 sit
591 1650 825 1704 solutum
855 1658 908 1704 et
939 1651 990 1704 in
1020 1651 1189 1716 coclis,
1240 1666 1270 1704 a
1301 1651 1438 1705 cmlo
1468 1650 1537 1705 ob
1565 1650 1767 1704 scelera
1800 1649 1985 1703 adem-

2075 492 2270 555 prazest
2299 483 2366 553 (si
2396 482 2487 551 qui
2531 488 2751 550 propter
2793 478 2906 547 cjus
2934 476 3253 545 imperitiam
3277 473 3364 528 vel
3392 473 3654 528 desidiam

2076 591 2170 630 seu
2202 574 2564 628 adulationem
2588 569 2862 640 perierint)
2895 574 2947 622 in
2978 568 3064 622 die
3087 567 3274 636 judicii
3312 565 3379 621 de
3415 565 3654 636 ejusdem

2076 663 2342 727 manibus,
2390 661 2555 714 veluti
2599 659 2992 719 interfectoris,
3043 657 3231 710 animae
3280 657 3652 727 exquiruntur.

2076 755 2211 822 Quia
2256 769 2356 808 nec
2382 752 2586 806 dulcior
2628 765 2772 805 mors
2801 765 2919 820 qua:
2951 749 3173 802 infertur
3199 764 3228 802 a
3257 748 3400 803 bono
3438 735 3656 817 quoque

2079 847 2314 911 homine,
2347 859 2505 914 quam
2552 843 2714 897 malo.
2749 841 2998 911 Alioquin
3029 857 3132 893 non
3164 839 3389 894 dixisset
3423 841 3656 910 Aposto-

2076 936 2179 1000 lus,
2202 935 2350 990 velut
2375 943 2657 1002 paternum
2686 931 2915 999 legatum
2942 929 3050 983 suis
3073 929 3472 983 successoribus
3497 929 3653 983 dere—

2078 1025 2322 1094 linquens
2347 1042 2359 1076 :
2383 1021 2607 1076 Mundus
2635 1037 2728 1091 ego
2751 1036 2860 1072 sum
2889 1019 2951 1070 ab
2983 1017 3205 1072 omnium
3236 1028 3504 1088 sanguine.
3530 1017 3655 1080 Non

2078 1114 2214 1168 enim
2233 1111 2515 1182 subterfugi
2554 1111 2824 1178 quominus
2847 1109 3206 1162 annuntiarem
3228 1108 3370 1162 vobis
3388 1125 3537 1161 omne
3551 1125 3657 1176 mg-

2077 1204 2286 1257 sterium
2321 1202 2412 1254 Dei
2445 1201 2581 1270 (Act.
2607 1215 2700 1266 xx,
2725 1197 2814 1260 26,
2847 1197 2958 1267 27).
3008 1196 3172 1250 Multo
3210 1213 3439 1266 namque
3468 1214 3566 1252 usu
3593 1214 3658 1253 ac

2078 1290 2377 1358 frequentia
2405 1288 2427 1326 δ
2454 1295 2797 1358 peccatorum
2840 1285 3110 1354 inebriati,
3139 1295 3193 1340 et
3222 1287 3551 1342 incessanter
3581 1291 3654 1342 ir-

2080 1381 2356 1433 ruentibus
2388 1379 2538 1431 vobis
2580 1378 2843 1432 scelerum
2874 1377 3267 1432 cumulatorum
3310 1393 3374 1434 ac
3412 1380 3456 1434 si
3501 1381 3657 1436 undis

2079 1471 2338 1540 quassati,
2392 1485 2552 1523 unam
2600 1469 2764 1523 veluti
2805 1477 2926 1538 post
2971 1467 3305 1539 naufragium
3343 1470 3418 1542 (in
3455 1487 3559 1541 qua
3588 1474 3656 1527 ad

2080 1565 2322 1618 vivorum
2365 1572 2561 1616 terram
2593 1560 2853 1630 evadatis)
2898 1561 3227 1631 poenitentiae
3275 1562 3507 1617 tabulam
3541 1572 3657 1618 toto

2082 1651 2246 1706 animi
2293 1651 2412 1704 nisu
2463 1649 2745 1720 exquirite,
2791 1659 2849 1702 ut
2887 1657 3160 1703 avertatur
3206 1649 3355 1704 furor
3390 1651 3597 1705 Domini
3627 1667 3657 1705 a

373 1760 376 1762 ·
404 1741 499 1810 pti,
549 1748 604 1794 et
632 1741 941 1795 immanium
960 1750 1316 1811 peccatorum
1348 1741 1559 1795 funibus
1586 1742 1894 1810 compediti,
1925 1749 1983 1795 ut
2013 1753 2060 1812 Β
2085 1744 2236 1798 vobis
2264 1740 2681 1796 misericorditer
2717 1740 2980 1793 dicentis:
3010 1737 3147 1792 Nolo
3183 1751 3396 1793 mortem
3423 1750 3660 1809 peccato-

371 1831 658 1886 'Salomon
688 1847 902 1901 quoque
928 1834 1004 1887 ait
1045 1851 1058 1885 :
1098 1832 1371 1887 Criniculis
1408 1842 1732 1903 peccatorum
1776 1850 1982 1888 suorum

405 1923 747 1992 unusquisque
776 1924 1148 1994 constringitur
1177 1923 1354 1994 (Prov.
1385 1940 1441 1992 v,
1479 1924 1607 1995 22)?
1641 1923 1863 1994 Quaque
1893 1941 1981 1978 ra-

407 2012 553 2066 tione
583 2011 782 2080 aliquid
810 2015 864 2068 in
897 2021 1038 2067 terra
1081 2014 1310 2083 ligabitis
1338 2015 1481 2083 quod
1525 2030 1680 2084 supra
1731 2014 1984 2068 mundum

405 2101 564 2154 etiam
593 2102 786 2170 ligetur
805 2112 1025 2173 propter
1049 2113 1074 2141 λ
1098 2105 1472 2173 vosmetipsos,“
1494 2105 1582 2172 qui
1608 2105 1681 2157 ita
1710 2103 1855 2173 ligati
1885 2104 1985 2158 ini-

379 2191 696 2260 quitatibus
724 2193 776 2247 in
809 2194 918 2248 hoc
947 2193 1143 2248 mundo
1188 2195 1465 2256 tenemini,
1510 2202 1569 2248 ut
1613 2195 1668 2248 in
1711 2194 1860 2249 cmlis
1890 2208 1986 2250 ne-

377 2309 380 2312 -
406 2295 674 2350 quaquam
701 2284 1019 2347 ascendatis,
1043 2283 1140 2338 sed
1158 2284 1211 2338 in
1237 2284 1460 2338 infausta
1483 2283 1670 2337 tartari
1693 2283 1984 2351 ergastula,

377 2398 385 2406 --
406 2386 514 2426 non
544 2375 786 2428 conversi
839 2374 890 2428 in
941 2375 1042 2430 hac
1089 2375 1199 2428 vita
1247 2376 1312 2429 ad
1357 2376 1661 2442 Dominum,
1686 2375 1985 2430 decidatis't

379 2459 518 2516 Nec
545 2461 646 2516 sibi
691 2461 975 2530 quisquam
1027 2463 1363 2518 sacerdotum
1409 2464 1478 2519 de
1525 2465 1766 2534 corporis
1801 2463 1986 2519 mundi
2049 2459 2052 2472 '

480 2599 504 2627 ι
528 2590 791 2665 lta_recte,
815 2594 1121 2665 utvid‘etur,
1145 2595 1281 2651 Bibl.
1305 2594 1408 2649 PP.
1435 2595 1602 2652 Paris.
1626 2595 1810 2665 Neque
1835 2597 1981 2651 enim

409 2659 587 2743 placet
615 2662 774 2714 lectio
801 2663 932 2743 edit.
963 2659 1156 2731 Oxon},
1185 2681 1341 2735 supra
1377 2665 1583 2720 modum
1609 2659 1765 2719 etiam
1793 2665 1979 2737 ligetur

410 2738 596 2800 prater
623 2738 967 2801 vosmetipsos.

458 2835 576 2867 vim

2083 1837 2175 1899 ris,
2224 1835 2314 1889 sed
2360 1842 2415 1887 ut
2458 1844 2782 1888 convertatur
2820 1844 2867 1886 et
2907 1836 3037 1887 vivat
3079 1832 3288 1903 (Ezech.
3322 1849 3506 1897 sunt,
3542 1833 3655 1903 il).

2083 1923 2201 1997 Ipse
2237 1925 2576 1994 omnipotens
2613 1923 2750 1978 Deus
2791 1916 2940 1978 totius
2981 1924 3348 1978 consolationis
3383 1933 3430 1977 et
3455 1927 3657 1978 miseri-

2085 2016 2274 2071 cordia:
2302 2013 2387 2086 (II
2409 2014 2529 2070 Cor.
2551 2031 2590 2082 ι,
2618 2014 2672 2087 5)
2702 2015 3050 2084 paucissimos
3077 2014 3246 2068 bonos
3271 2023 3513 2083 pastores
3534 2031 3657 2070 con-

2085 2114 2266 2162 servet
2294 2107 2360 2161 ab
2389 2107 2536 2161 omni
2566 2107 2726 2172 malo,
2770 2115 2824 2161 et
2863 2106 3159 2175 municipes
3204 2105 3382 2170 faciat,
3432 2107 3658 2162 subacto

2087 2197 2356 2251 communi
2397 2196 2583 2262 hoste,
2631 2194 2860 2251 civitatis
2895 2193 3188 2249 Jerusalem
3237 2195 3504 2260 caelestis,
3553 2197 3660 2251 huc

2086 2294 2170 2341 est
2212 2295 2518 2342 sanctorum
2548 2287 2786 2342 omnium
2817 2286 3264 2354 congregationis,
3305 2286 3463 2341 Pater
3489 2295 3544 2341 et
3571 2287 3662 2341 Fi-

2086 2375 2189 2432 lius
2213 2385 2268 2432 et
2296 2375 2524 2448 Spiritus
2565 2385 2783 2432 sanctus
2810 2395 2822 2428 :
2849 2377 2933 2431 cui
2977 2376 3047 2430 sit
3089 2375 3264 2430 honor
3302 2384 3357 2431 et
3397 2377 3562 2446 gloria
3603 2377 3662 2433 in

2089 2467 2284 2523 saecula
2307 2467 2644 2524 saeculorum.
2678 2467 2870 2522 Amen.

2159 2596 2186 2635 δ
2215 2595 2542 2670 Hic_iterum_
2555 2599 2832 2670 sequimur
2857 2599 2991 2654 Bibl.
3014 2597 3119 2653 PP.
3150 2597 3345 2668 Paris.,
3362 2598 3560 2670 rejecta
3580 2600 3663 2657 le-

2087 2667 2269 2723 ctione
2295 2666 2494 2736 Oxon.,
2517 2666 2833 2740 Multumque
2857 2686 2978 2723 nam
3007 2687 3123 2724 usu.

949 2871 965 2872 η
2471 2871 2630 2875 ww
2645 2871 2836 2874 __-.____7
2859 2871 3176 2877 _.i-_______
3219 2871 3650 2877 s__-_____._

1643 3001 1812 3046 ANNO
1855 2999 2086 3044 DOMINI
2130 2999 2410 3043 Βιν-ῡιι
2424 3026 2440 3042 .

914 2999 2907 3464 pELAcﬁiilpA
2997 3167 3157 3369 Ι.

1550 3568 1822 3625 norma
1853 3569 1945 3640 (ex
1975 3568 2134 3626 Libro
2170 3569 2510 3645 Pontilicali).

481 3723 726 3793 Pelagius
755 3732 780 3760 ι
810 3723 1028 3777 natione
1062 3721 1353 3786 Romanus,
1385 3736 1452 3776 ex
1484 3730 1640 3790 patre
1663 3721 1869 3778 Joanne
1898 3723 1980 3779 νίς
2015 3727 2060 3790 C
2093 3741 2219 3782 vere
2248 3728 2344 3798 (a).
2378 3727 2446 3782 Et
2489 3730 2774 3788 multitudo
2813 3734 3200 3805 religiosorum,
3245 3744 3564 3812 sapientium
3604 3758 3658 3804 et

407 3816 648 3883 cariano,
694 3813 832 3868 sedit
860 3829 1030 3868 annos
1056 3813 1319 3878 undecim,
1349 3816 1363 3846 ι
1395 3828 1605 3868 menses
1632 3814 1840 3881 decem,
1869 3816 1986 3872 dies

407 3904 709 3959 octodecim
736 3903 783 3957 δ.
833 3904 899 3958 Ει
927 3904 1051 3958 dum
1081 3917 1188 3959 non
1238 3913 1418 3960 essent
1462 3907 1700 3976 episcopi
1729 3908 1829 3977 qui”
1862 3924 1982 3964 eum

409 3995 718 4049 ordinarent
747 4035 763 4060 ,
809 3995 1008 4048 inventi
1047 4003 1170 4049 sunt
1210 3995 1314 4049 duo
1372 3995 1628 4066 epiSCOpi,
1660 3995 1891 4054 JOannes‘
1919 4000 1985 4055 de

409 4082 650 4149 Perusio,
694 4092 748 4138 et
780 4084 957 4138 Bonus
984 4083 1050 4138 de
1077 4083 1383 4151 Ferentino,
1426 4095 1479 4141 et
1504 4085 1744 4144 Andreas
1764 4089 1987 4161 presby-

410 4183 492 4228 ter
517 4173 584 4229 de
612 4173 789 4237 Ostia;
834 4183 890 4228 et
917 4175 1297 4229 ordinaverunt
1325 4191 1447 4230 eum
1476 4177 1803 4247 pontificem.
1833 4179 1985 4237 Tunc

391 4264 550 4319 'enim
579 4277 686 4320 non
715 4272 871 4320 erant
909 4265 962 4318 in
1004 4265 1166 4330 clero,
1197 4264 1292 4334 qui
1330 4279 1452 4320 eum
1499 4273 1716 4342 possent
1757 4283 1979 4338 promo-

2091 3821 2368 3887 nobilium,
2398 3823 2760 3878 subduxeraut
2789 3842 2845 3881 se
2868 3843 2896 3881 a
2919 3824 3290 3890 cummunione
3318 3836 3452 3905 ejus,
3481 3839 3660 3894 dicen-

2097 3920 2198 3977 tes,
2229 3913 2352 3981 quia
2394 3915 2448 3968 in
2479 3923 2650 3970 morte
2678 3916 2851 3986 Vigilii
2873 3935 3026 3991 papa:
3045 3937 3102 3976 se
3129 3923 3433 3992 immiscuit,
3462 3937 3521 3982 ut
3545 3939 3659 3984 tan-

2096 4003 2165 4056 tis
2193 4003 2364 4074 ptnnis
2392 4004 2732 4073 alﬂigeretur.
2765 4006 2966 4062 Eodem
2996 4018 3237 4080 tempore
3263 4012 3454 4069 Narses
3483 4027 3537 4071 et
3562 4016 3660 4073 Pe-

2091 4085 2260 4159 lagius
2287 4107 2444 4162 papa,
2477 4094 2700 4148 consilio
2723 4094 2871 4160 inito,
2903 4097 3024 4152 data
3055 4099 3236 4155 litania
3265 4118 3296 4156 a
3321 4114 3507 4160 sancto
3531 4105 3660 4161 Pan-

2083 4181 2264 4235 cratio
2309 4181 2380 4253 (b)
2412 4199 2532 4237 cum
2564 4183 2773 4256 hymnis
2801 4197 2855 4242 et
2877 4189 3098 4244 canticis
3123 4191 3466 4261 spiritalibus,
3500 4213 3658 4253 vene-

2088 4279 2213 4327 runt
2261 4273 2328 4327 ad
2370 4265 2613 4330 sanétum
2641 4275 2854 4331 Petrum
2900 4281 3216 4348 apostolum.
3267 4283 3368 4350 Qui
3420 4287 3658 4358 Pelagius

478 4455 505 4480 ιι
537 4441 691 4495 Anno
734 4438 930 4520 Christi
968 4437 1328 4521 redemptoris
1367 4435 1492 4519 55$,
1538 4438 1636 4521 _qui
1675 4446 1757 4521 e_st
1783 4439 1977 4521 vigesi:
1999 4443 2052 4501 'D
2080 4451 2253 4512 gentes
2277 4445 2609 4521 imaginibus,
2641 4457 2692 4521 et
2720 4465 3040 4521 nunc_usque
3070 4454 3311 4510 hactenus
3336 4476 3366 4511 a
3396 4459 3542 4514 nobis
3567 4479 3649 4517 ve-

394 4529 529 4568 -mus
578 4525 748 4564 nonus
795 4509 1002 4577 imperii
1027 4507 1355 4572 Justniiani,
1404 4507 1643 4576 ejusdem
1691 4507 1978 4564 Justiniani

409 4580 745 4651 imperatoris
774 4579 1137 4651 promotione,
1169 4578 1223 4631 in
1252 4577 1980 4651 locumVigilii‘subrogatus

408 4647 501 4705 est
530 4648 773 4715 Pelagius
799 4647 1246 4718 archidiaconus,
1275 4649 1365 4715 qui
1401 4648 1470 4718 ob
1506 4647 1872 4718 imminentem
1896 4648 1981 4718 ja-

397 4729 614 4775 cturam
636 4716 914 4771 catholicxe
933 4716 1076 4779 fidei,
1109 4716 1194 4769 vel
1217 4717 1559 4783 ignominiam
1579 4716 1981 4772 Chalcedonen-

407 4791 483 4846 sis
501 4787 717 4843 concilii
737 4785 1064 4855 eyitandam,
1089 4787 1330 4855 quintam
1358 4787 1619 4855 synodum
1633 4788 1976 4855 approbavit.

407 4859 584 4934 Quare
612 4872 732 4910 cum
759 4852 1128 4934 Occidentales
1156 4852 1404 4934 episcopi
1419 4855 1625 4934 majore
1651 4852 1879 4934 scissura
1899 4858 1980 4934 d_i-

406 4923 732 4989 viderentur,
765 4939 862 4993 per
890 4923 1092 4977 litteras
1128 4923 1408 4992 aliquoties
1433 4939 1464 4978 a
1491 4938 1550 4979 se
1577 4923 1774 4979 frustra
1801 4926 1974 4980 moni-

408 5006 494 5053 tos
567 4995 912 5050 .r-Narsetem
942 4993 1188 5061 compelli
1216 4994 1440 5046 curavit.

480 5011 647 5120 H‘iiius
676 5063 1006 5120 temporibus
1029 5063 1238 5120 Franci.
1281 5077 1405 5116 cum

531 5065 647 5133 ujns
676 5063 1006 5133 temporibus
1029 5063 1238 5129 Franci,
1261 5077 1405 5133 _cum
1446 5063 1702 5133 plurimas
1729 5063 1978 5131 regiones

405 5130 576 5190 [ιλιὶαὲ
589 5130 897 5203 depOpulati
923 5131 1171 5196 fuissent,
1191 5147 1222 5203 a
1251 5130 1550 5203 Justiniano
1589 5130 1862 5203 debellati,
1889 5143 1976 5187 at-

406 5218 513 5274 que
541 5201 803 5274 Romano
829 5203 1056 5270 imperio
1087 5205 1105 5222 '
1133 5201 1339 5274 subacti
1385 5201 1633 5274 leguntur
1671 5203 1810 5274 apud
1839 5202 1980 5274 Aga-

409 5270 596 5327 fhiam.
646 5272 947 5326 Hadrianus
991 5285 1128 5340 papa
1168 5272 1221 5341 i_n
1249 5273 1476 5341 epistola
1497 5271 1563 5324 ad
1589 5270 1977 5341 Carolum_Ma-

408 5355 572 5409 gnum
601 5341 668 5394 de
695 5339 1027 5409 imaginibus,
1065 5339 1141 5395 de
1171 5339 1384 5410 Pelagio
1413 5342 1525 5395 tunc
1552 5341 1738 5396 scribit
1767 5358 1782 5394 :
1811 5339 1978 5395 Multo

410 5411 631 5478 amplius
656 5427 771 5480 vero
796 5412 908 5480 ejus
933 5411 1243 5480 sanctissimi
1276 5427 1589 5465 successores
1629 5410 1846 5480 domnus
1874 5410 1978 5474 Pe:-

409 5477 652 5550 lagiuset
679 5477 893 5550 domnus
935 5479 1186 5546 Joannes,
1236 5482 1381 5535 mine
1407 5477 1783 5550 magnitudini)
1817 5480 1978 5550 eccle-

409 5548 541 5604 siam
562 5548 919 5618 Apostolorum
944 5566 975 5601 a
997 5551 1102 5604 solo
1125 5550 1457 5619 wdiﬁcantes,
1483 5548 1726 5603 historias
1751 5549 1977 5602 diversus

412 5629 518 5673 tam
539 5621 592 5672 in
614 5619 806 5671 musivo
833 5633 983 5683 quam
1006 5621 1059 5672 in
1080 5622 1232 5674 variis
1259 5620 1512 5674 coloribus
1541 5635 1661 5674 cum
1686 5620 1984 5689 sacrispin-

475 5697 498 5721 ’
519 5697 624 5749 Hoc
641 5694 962 5746 falstssimutn.

2077 4505 2349 4567 iterantur.
2383 4505 2530 4569 flante
2550 4505 2831 4594 ecclesiam
2859 4505 3104 4594 Pelagius
3125 4505 3656 4594 inaedifiééﬁtﬁés

2080 4595 2214 4663 verti
2239 4599 2516 4663 successor
2542 4585 2660 4663 _ejus
2690 4588 2929 4663 perfecit,
2970 4585 3130 4660 atque
3157 4585 3311 4650 titulo
3341 4585 3653 4656 Sanctorum

2081 4649 2310 4732 Philippi
2335 4663 2387 4707 et
2409 4649 2594 4732 Jaeobi
2623 4649 2866 4732 eamdem
2893 4649 3244 4727 consecravit,
3267 4649 3418 4732 juxta

2079 4732 2240 4797 quem
2287 4730 2444 4797 tesle_
2478 4723 2715 4797 Baronio
2751 4727 2966 4797 antiqua
3015 4723 3358 4789 monumenta
3388 4723 3653 4794 Vaticana

2074 4787 2314 4845 basilicae
2337 4806 2365 4845 a
2397 4792 2592 4848 Manlio
2619 4795 2842 4850 collecta
2873 4787 3071 4852 habent
3095 4818 3108 4852 :

2222 4883 2467 4953 Pelagius
2488 4889 2657 4955 ccepit,
2689 4890 2956 4957 complevit
2982 4909 3119 4959 papa
3147 4891 3400 4950 Joannes.

2149 4973 2278 5030 Ssv.
2309 4973 2506 5029 BINIUS.

2148 5063 2177 5103 ιι
2206 5064 2942 5138 ᾼιιξειὲιείἰᾼοριιιιιιεηιιιιιίιις,
2972 5073 3062 5138 qui
3103 5081 3243 5127 teste
3270 5071 3502 5131 Baronio
3529 5078 3652 5133 scri-

2082 5142 2208 5218 ptus
2229 5134 2454 5188 habetur
2479 5135 2532 5189 in
2555 5135 2872 5218 bibliotheca
2891 5134 3172 5218 Vaticana,
3199 5144 3361 5218 habet
3386 5145 3651 5218 Pelagium

2083 5204 2286 5273 sedisse
2311 5220 2482 5258 annos
2508 5214 2736 5273 quatuor
2761 5222 2970 5262 menses
2997 5204 3178 5265 decem
3217 5223 3273 5266 et
3298 5215 3412 5269 dies
3439 5204 3653 5273 oct‘bde-

2082 5273 2209 5327 cim.
2241 5271 2314 5326 Ita
2347 5271 2605 5327 Baronius
2633 5290 2774 5328 anno
2803 5275 2925 5340 559,
2959 5294 3106 5333 num.
3142 5279 3189 5333 l.
3223 5282 3350 5337 Ssv.
3384 5271 3578 5340 Brutus.

2153 5341 2228 5412 (a)
2247 5342 2389 5418 _C_od._
2415 5343 2569 5418 Luci,
2586 5415 2594 5418 Α
2612 5346 2696 5411 qui
2727 5354 2964 5413 poterant
3003 5355 3308 5418 promoveri.
3334 5353 3652 5409 Monasteria

2081 5418 2131 5463 et
2152 5412 2420 5482 multitudo
2448 5412 2824 5482 religiosorum.

2157 5479 2230 5550 (b)
2253 5479 2400 5536 Idem
2427 5479 2572 5547 codf,
2603 5483 2676 5534 ad
2703 5483 2954 5538 Sanctum
2984 5485 3339 5547 Pancratium.

2159 5618 2309 5698 {Alii
2335 5634 2504 5698 annos
2534 5620 2618 5682 10,
2649 5637 2858 5679 menses
2890 5623 2953 5677 lO
2974 5665 2989 5691 ,
3020 5626 3132 5683 dies
3164 5627 3229 5684 18
3253 5671 3267 5698 ,
3299 5631 3387 5686 alii
3428 5647 3597 5690 annos
3625 5635 3655 5690 6

2089 5695 2295 5743 tantum
2321 5689 2370 5744 ei
2399 5690 2654 5744 tribuunt.
