3954 6178
284 303 382 358 3'93

1424 295 1689 352 PELACll
1729 295 1932 351 ΡΑΡΑΞ
1973 297 1989 352 ι
2030 294 2403 354 ΕΡῙΞΤΟΙΛΙ.

3457 303 3526 350 5‘3
3539 308 3566 350 ὅ

278 428 474 474 tenens
520 414 812 485 Evangelia
863 423 918 468 et
980 429 1196 470 crucem
1240 409 1454 468 Domini
1503 428 1666 483 super
1713 421 1874 483 caput
1903 418 1953 476 Α
1980 427 2100 467 eum
2130 412 2208 479 (b)
2240 428 2412 482 usque
2442 413 2507 466 ad
2554 410 2783 482 primum
2831 411 3054 482 gradum
3102 411 3308 466 venire.
3363 408 3566 465 Eodem

279 522 454 570 suum,
489 507 542 560 in
571 506 857 560 ambonem
887 503 1149 559 ascendit.
1184 503 1251 557 Et
1290 505 1368 558 sic
1395 503 1653 558 satisfecit
1679 513 1874 559 cuncto

282 592 480 664 pOpuio
529 600 586 646 et
614 591 757 662 plebi
788 593 888 663 (a),
921 591 1048 663 quia
1095 591 1299 646 nullum
1349 591 1550 646 malum
1581 592 1875 662 peregisset

280 693 470 740 contra
501 681 773 751 Vigilium.

345 771 484 829 Item
511 773 708 843 adjecit
731 773 980 842 Pelagius
1027 789 1187 845 papa,
1235 783 1292 830 et
1319 775 1455 830 dixit
1479 793 1492 828 :
1529 775 1662 830 Peto
1692 784 1753 828 ut
1781 789 1875 844 pe-

279 866 529 921 titionem
577 881 756 921 meam
803 866 1156 932 contirmetis,
1207 875 1266 923 ut
1308 869 1352 923 si
1400 869 1521 938 quis
1559 868 1648 923 ille
1676 875 1759 923 est
1782 867 1876 936 qui

277 956 683 1028 promovendos
710 965 795 1011 est
833 957 886 1011 in
930 966 1116 1012 sancta
1147 957 1406 1023 Ecclesia,
1438 959 1505 1013 ab
1535 957 1757 1013 ostiario
1784 971 1878 1011 us-

276 1065 383 1120 que
405 1050 476 1104 ad
497 1049 722 1118 gradum
751 1049 1114 1120 episcopatus,
1147 1064 1324 1119 neque
1349 1065 1448 1120 per
1467 1064 1678 1116 aurum,
1701 1061 1879 1117 neque

280 1157 374 1210 per
403 1141 618 1209 aliquas
660 1141 1049 1211 promissiones
1077 1139 1328 1211 proﬁciat
1370 1141 1488 1214 (vos
1515 1141 1658 1197 enim
1688 1154 1879 1196 omnes

277 1233 429 1289 scitis
483 1234 612 1302 quia
641 1234 747 1288 hoc
774 1233 1130 1289 simoniacum
1157 1233 1265 1304 est)
1291 1251 1304 1287 :
1335 1233 1430 1289 sed
1459 1233 1505 1288 si
1533 1231 1654 1303 quis
1683 1231 1772 1286 ille
1792 1240 1880 1287 est

276 1321 475 1377 doctus
523 1323 578 1377 in
627 1339 796 1395 opere
824 1322 940 1390 Dei,
970 1324 1170 1378 bonam
1199 1324 1363 1379 vitam
1389 1324 1619 1390 habens,
1649 1339 1757 1378 non
1781 1337 1880 1392 per

277 1409 579 1478 dationem,
623 1411 716 1468 sed
749 1427 845 1482 per
871 1412 1068 1467 bonam
1095 1413 1584 1482 conversationem,
1619 1412 1872 1482 jubemus

348 1582 376 1608 -ι
409 1571 487 1627 Ex
516 1571 755 1641 antiquis
783 1571 1055 1628 Vaticana:
1085 1571 1318 1641 basilica:
1344 1571 1728 1636 monumentis,
1760 1585 1876 1638 qua:

275 1640 517 1714 Manlius
531 1640 770 1712 collegit,
793 1643 1126 1714 epitaphium
1148 1640 1365 1710 Pelagio
1385 1656 1539 1714 papa:
1561 1641 1875 1711 inscriptum

274 1712 386 1768 hoc
413 1713 709 1769 recitatur:
829 1712 842 1714 ’
942 1712 959 1714 “
1388 1712 1410 1763 ἶ

348 1783 636 1856 Terrenum
653 1782 1121 1856 corpusctaudant
1150 1783 1258 1838 [uec
1283 1785 1416 1856 forte
1443 1783 1681 1854 sepulcra

425 1852 481 1906 Ν
488 1855 524 1907 it
551 1855 719 1906 sancti
742 1852 938 1906 meritis
963 1852 1421 1924 derogatura'viti.

357 1923 499 1994 Vit-it
528 1925 581 1978 in
607 1940 728 1994 arce
756 1924 864 1994 poli
883 1923 1073 1978 cmlesti
1094 1923 1216 1977 ’luce
1246 1925 1441 1988 beatus,

430 1993 570 2049 Vivit
591 2003 642 2047 et
670 1993 753 2046 hic
782 1994 977 2046 cunctis
1002 2009 1094 2064 per
1118 1994 1207 2063 pia
1236 1996 1376 2064 facta
1406 1994 1552 2048 locis.

340 2065 590 2136 Surgere
601 2064 805 2134 judicio
831 2073 1018 2127 certus,
1045 2063 1383 2136 dextramque
1412 2071 1663 2119 tenentem

423 2135 676 2206 Angelica
699 2143 898 2204 partem
925 2151 980 2206 se
1006 2135 1241 2206 rapiente
1267 2151 1446 2206 manu.

353 2203 625 2258 Virtutum
656 2203 886 2257 numeret
908 2205 1084 2258 titulos
1113 2203 1350 2258 Ecclesia
1375 2203 1490 2268 Dei,

426 2275 573 2339 Quos
602 2271 816 2327 ventura
843 2283 899 2326 ut
926 2275 1118 2344 siccata
1149 2276 1284 2344 ferre
1312 2285 1519 2344 queant.

351 2345 554 2400 Rector
581 2344 882 2412 apostolica:
903 2343 1049 2412 ﬁdei,
1094 2343 1386 2396 veneranda
1413 2347 1595 2398 retexit

429 2415 716 2486 Dogmata,
738 2430 852 2484 qua:
874 2413 1015 2468 clare
1042 2415 1354 2486 constituere
1381 2413 1591 2486 Patres.

353 2484 588 2556 Eloquio
609 2500 798 2537 curans
819 2500 1052 2537 errorum
1072 2484 1350 2556 schismate
1371 2485 1570 2556 lapsos,

428 2553 502 2610 Ut
523 2571 696 2608 veram
728 2562 936 2607 teneant
965 2553 1123 2607 corda
1144 2556 1356 2619 placata
1383 2555 1565 2623 ﬁdem.

342 2626 601 2680 Sacravit
625 2624 819 2677 multos
848 2623 1024 2677 divina
1050 2625 1162 2695 lege
1189 2624 1477 2690 ministros,

1983 515 2225 573 tempore
2267 504 2512 559 ecclesia:
2559 505 2719 560 rebus
2744 501 2818 575 (ε)
2851 504 3086 576 prmfecit
3113 504 3192 576 (ά)
3225 501 3569 558 Valentinum

1983 595 2252 650 notarium
2281 610 2438 650 suum
2465 595 2747 651 timentem
2773 595 2960 662 Deum,
2979 604 3036 651 et
3063 595 3276 650 restitui
3299 596 3426 651 fecit
3449 611 3568 650 oui-

1983 684 2070 739 nia
2098 700 2228 739 vasa
2258 699 2422 739 aurea
2450 695 2504 739 et
2531 695 2806 754 argentea,
2857 692 2911 740 et
2946 684 3106 756 pallia
3136 699 3232 754 per
3258 699 3450 740 omnes
3475 699 3568 742 ec-

1982 776 2194 833 clesias.
2222 774 2426 831 Eodem
2455 784 2700 849 tempore
2730 776 2940 831 initiata
2987 783 3069 831 est
3095 774 3316 830 basilica
3346 783 3569 846 aposto-

1983 869 2158 923 lorum
2185 867 2415 938 Philippi
2445 875 2501 922 et
2526 865 2732 923 Jacobi.
2764 866 2895 934 Qua:
2922 866 3049 922 dum
3079 867 3385 921 initiaretur
3409 865 3574 922 fabri-

1981 959 2115 1023 cari,
2143 966 2392 1014 mortuus
2421 967 2504 1013 est
2531 967 2580 1024 ι,
2606 966 2662 1013 et
2679 959 2920 1029 sepultus
2943 957 2997 1012 in
3021 957 3244 1013 basilica
3263 958 3408 1013 beati
3427 957 3572 1014 Petri

1983 1049 2213 1119 apostoli
2255 1057 2412 1104 sexto
2458 1064 2631 1104 nonas
2671 1048 2890 1103 Martias
2927 1047 3021 1121 (ε).
3055 1047 3155 1104 Hic
3180 1047 3309 1104 fecit
3351 1047 3572 1104 ordina-

1983 1139 2161 1194 tiones
2197 1138 2334 1194 duas
2370 1153 2471 1210 per
2519 1155 2762 1194 mensem
2792 1139 3186 1205 Decembrium,
3228 1137 3576 1208 presbyteros

1980 1230 2166 1300 viginti
2195 1246 2311 1296 sex,
2360 1230 2619 1286 diacones
2655 1245 2874 1299 novem,
2922 1229 3205 1301 episcopos
3237 1244 3334 1300 per
3361 1228 3572 1284 diversa

1981 1323 2098 1379 loca
2129 1339 2353 1378 numero
2378 1322 2730 1394 quadraginta
2762 1337 2980 1378 novem.
3003 1321 3070 1375 Et
3100 1322 3333 1379 cessavit
3359 1321 3575 1391 episco-

1984 1423 2142 1484 patus
2170 1427 2386 1468 menses
2415 1421 2526 1468 tres
2555 1412 2630 1484 (Ι)
2658 1411 2774 1467 dies
2793 1411 2980 1481 viginti
3009 1411 3265 1482 quinque.

2131 1567 2227 1623 Nil
2248 1569 2413 1639 pretio
2436 1569 2631 1640 faciens
2652 1569 2988 1640 immaculata
3013 1582 3219 1622 manus.

2054 1637 2297 1710 Captivos
2325 1637 2603 1710 redimens,
2634 1639 2837 1692 miseris
2857 1654 3154 1692 succurrere
3177 1649 3442 1710 promptus

2126 1707 2474 1780 Pauperibus,
2506 1725 2768 1780 nunquam
2789 1716 2943 1778 parta
2973 1725 3163 1779 negare
3182 1708 3299 1762 sibi.

2059 1778 2255 1834 Tristia
2280 1778 2634 1850 participans,
2649 1779 2760 1850 laeti
2786 1778 3085 1850 moderator
3109 1780 3312 1849 apimus

2128 1847 2353 1903 Alterius
2383 1847 2600 1922 gemitus
2623 1847 2844 1902 credidit
2870 1865 2983 1902 esse
3006 1847 3148 1902 suos.

2055 1927 2281 1983 Additur
2307 1929 2498 1983 eodem
2530 1928 2650 1982 loco
2675 1945 2687 1980 :
2714 1926 2817 1980 Hic
2845 1927 3116 1999 requiescit
3139 1925 3384 1999 Pelagius
3413 1945 3570 1999 papa,

1907 1993 1953 2050 B
1979 1999 2069 2068 qui
2095 1999 2228 2052 sedit
2271 2015 2436 2052 annos
2459 2007 2702 2068 quatuor,
2734 1993 2938 2068 menses
2959 1996 3176 2068 decem,_
3195 1993 3304 2050 dies
3327 1993 3501 2068 decerpi
3528 1993 3578 2054 et

1985 2064 2133 2192 2:06
2153 2069 2432 2191 ιέξξοεὶιυδ
2459 2064 2644 2138 quarto
2689 2083 2857 2122 nonas
2886 2065 3089 2120 Martii.
3131 2064 3258 2123 Haec
3281 2081 3348 2122 ex
3373 2066 3575 2124 Baron.

2062 2154 2092 2190 n
2200 2156 2232 2190 ι)
2274 2177 2286 2192 .

2062 2154 2133 2192 no
2163 2154 2286 2192 θον.

2059 2277 2138 2346 (a)
2168 2277 2227 2333 In
2249 2276 2440 2347 eodem
2470 2288 2521 2331 et
2549 2276 2685 2347 plebi
2710 2274 2881 2331 deest.

2061 2345 2136 2418 (ὑ)
2165 2347 2228 2418 ln
2256 2346 2470 2411 eodem,
2495 2345 2882 2418 juibemus‘eu‘m
2906 2345 3078 2418 deest.

2060 2415 2132 2487 (ε)
2163 2415 2220 2471 ln
2249 2418 2441 2474 eodem
2470 2415 2614 2482 cod.,
2644 2415 2879 2470 ecclesia:
2907 2415 3057 2470 rebus
3081 2416 3254 2476 deest.

2071 2487 2152 2558 (d)
2173 2487 2326 2558 fidem
2340 2487 2498 2558 icod.,
2529 2487 2722 2557 posuit.

2066 2555 2141 2628 (ei
2169 2557 2225 2628 lin
2251 2557 2464 2628 eodem,
2491 2555 2636 2612 sexto
2664 2572 2832 2612 nonas
2857 2555 3081 2613 Martias
3104 2557 3276 2615 deest.

2071 2627 2150 2699 (ί)
2179 2627 2348 2695 ldem,
2373 2627 2505 2682 duos

289 2743 3573 2778 .________———————._____________________.____

1171 2836 1942 2954 pannos!
2018 2791 2562 2958 Pun:
2634 2848 2710 2959 ι

1515 3053 2368 3185 ΕΡΙΞΤΟΙΛΕ.

637 3438 975 3496 ΕΡιδτοιΑ
1012 3437 1227 3493 PRIMA
1275 3437 1421 3509 (olim
1451 3437 1542 3504 ll.)

861 3570 928 3607 AD
968 3567 1250 3607 NARSE'I'EI
1279 3553 1313 3606 ‘.

286 3670 550 3728 Hortatur
576 3678 631 3722 ut
663 3667 846 3738 legatis
869 3666 1124 3738 auxilium
1152 3673 1360 3738 praestet
1391 3663 1462 3716 ad
1483 3666 1749 3738 episcopos
1781 3661 1886 3716 Ec—

600 3734 774 3793 clesia:
803 3734 1191 3808 perturbatores
1220 3734 1578 3805 corrigendos.

360 3854 642 3924 Pelagius,
666 3852 850 3908 Narsm
875 3850 1104 3921 patricio
1129 3858 1186 3906 et
1213 3849 1336 3904 duci
1364 3849 1418 3903 in
1450 3847 1603 3902 Italia
1631 3849 1668 3900 '.

367 3946 526 4013 Quali
560 3960 660 4000 nos
683 3943 752 3997 de
777 3942 962 4011 gloriae
987 3947 1184 3995 vestra:
1211 3937 1401 3993 studi-is
1424 3935 1627 4007 judicio
1653 3935 1892 4005 gratule-

287 4054 416 4092 mur
431 4079 446 4101 ,
469 4053 583 4092 non
606 4035 783 4090 solum
816 4041 1070 4098 vestram,
1096 4031 1188 4086 sed
1212 4029 1506 4084 niultorum
1531 4045 1597 4083 ac
1613 4042 1757 4098 pene
1777 4041 1897 4081 om-

290 4127 445 4180 nium
477 4124 749 4179 credimus
779 4122 982 4177 habere
1023 4119 1302 4185 notitiam;
1344 4127 1400 4173 et
1429 4118 1630 4174 idcirco
1658 4133 1800 4173 nunc
1828 4117 1900 4172 de

290 4216 381 4270 his
412 4230 532 4284 qua:
554 4214 706 4268 vobis
729 4211 1080 4283 pncsentibus
1107 4209 1177 4264 ibi
1209 4210 1322 4264 tieri
1335 4217 1640 4280 stupemus,
1672 4208 1896 4264 ﬁducia-

289 4308 423 4360 titer
450 4304 594 4375 apud
631 4304 862 4372 gloriam
885 4311 1120 4357 vestram
1149 4300 1402 4356 duximus
1429 4297 1894 4370 conquerendum.

293 4395 571 4450 Thracius
617 4392 880 4462 siquidem
920 4399 1085 4460 atque
1116 4389 1510 4445 Maximilianus
1534 4390 1752 4444 nomina
1782 4396 1902 4443 tan-

295 4497 423 4540 tum
478 4486 860 4556 episcoporum
913 4483 1218 4547 habentes;
1262 4491 1320 4538 et
1365 4481 1788 4538 ecclesiasticam
1827 4481 1900 4536 ibi

291 4581 564 4632 unitatem
593 4576 915 4648 perturbare
941 4574 1196 4629 dicuntur
1218 4615 1234 4640 ,
1266 4582 1322 4629 et
1362 4589 1550 4628 omnes
1570 4572 1900 4628 ecclesiasti-

289 4687 394 4725 cas
448 4686 534 4724 res
581 4670 691 4724 suis
718 4667 907 4722 usibus
937 4667 1256 4737 applicare:
1314 4665 1578 4719 intantum
1625 4673 1684 4718 ut
1711 4673 1900 4719 contra

1915 3444 1960 3506 C
1991 3439 2186 3495 affectu
2208 3440 2434 3510 gloriam
2464 3452 2720 3510 vestram,
2755 3444 2990 3514 petimus
3019 3454 3079 3498 ut
3125 3445 3384 3514 prmfatis,
3412 3461 3506 3516 qut
3551 3463 3583 3505 ι

1997 3541 2182 3588 nostra
2204 3534 2333 3590 sede
2360 3534 2551 3590 directi
2579 3545 2726 3602 sunt,
2755 3537 2811 3590 in
2837 3536 3088 3591 omnibus
3107 3537 3393 3605 praebeatis
3431 3539 3594 3594 auxi-

1996 3627 2158 3695 lium;
2202 3643 2304 3684 nec
2333 3629 2534 3700 putetis
2561 3628 2794 3698 alicujus
2817 3643 2939 3684 esse
2959 3629 3188 3699 peccati,
3209 3630 3256 3684 si
3283 3629 3588 3699 huiusmodi

1997 3717 2242 3775 homines
2278 3721 2730 3790 comprimuntur.
2764 3718 2883 3776 Hoc
2921 3721 3068 3777 enim
3095 3729 3150 3776 et
3172 3721 3367 3776 divinae
3394 3728 3451 3776 et
3489 3723 3589 3777 hu-

1997 3825 2171 3865 mana:
2202 3810 2298 3884 [aL
2351 3810 2660 3883 mundanas]
2691 3811 2836 3880 leges
2863 3820 3198 3879 statuerunt,
3221 3820 3281 3867 ut
3304 3813 3378 3868 ab.
3399 3811 3591 3869 Eccle-

2000 3901 2094 3957 siae
2120 3901 2327 3957 unitate
2354 3902 2509 3957 divisi
2533 3944 2548 3968 ,
2573 3911 2632 3958 et.
2652 3904 2770 3973 ejus
2797 3919 2988 3974 pacem
3013 3905 3346 3974 iniquissime
3373 3915 3589 3976 pertur-

2001 3994 2212 4060 bantes,
2236 4011 2268 4049 a
2296 3996 2640 4053 smeularibus
2663 3999 2825 4054 etiam
2849 3999 3206 4069 potestatibus
3233 3999 3593 4068 compriman-

2004 4094 2111 4142 tur.
2143 4085 2255 4142 Nec
2296 4087 2587 4159 quidquam
2617 4088 2791 4158 majus
2815 4098 2924 4157 est,
2966 4089 3108 4144 unde
3137 4089 3248 4145 Deo
3277 4089 3594 4144 sacriﬁcium:

2004 4177 2224 4248 possitis
2252 4178 2447 4234 otlerre
2469 4217 2487 4244 ,
2516 4194 2680 4248 quam
2729 4179 2776 4233 si
2820 4178 2872 4234 id
2919 4178 3181 4234 ordinetis
3204 4217 3220 4240 ,
3252 4189 3314 4232 ut
3340 4179 3392 4233 lii
3422 4179 3512 4246 qui
3543 4178 3596 4231 in

2005 4283 2158 4324 suam
2207 4276 2264 4323 et
2307 4268 2535 4324 aliorum
2581 4270 2877 4340 perniciem
2919 4268 3594 4336 debacclianttn',-compe-

2005 4356 2139 4413 tenti
2167 4357 2400 4414 debeant
2423 4359 2604 4428 vigore
2632 4359 2923 4430 compesci.

2412 4469 2749 4525 EPISTOLA
2787 4470 2829 4524 ιι
2867 4467 3034 4542 (Olim
3063 4470 3173 4541 ιιι).

2616 4577 2685 4616 AD
2725 4577 2964 4618 EUIDEI.

2331 4651 2512 4708 Monet
2539 4661 2598 4707 ut
2630 4655 2992 4709 schismaticos
3015 4665 3267 4710 coerceat.

291 4779 471 4816 unum
488 4777 693 4825 eorum,
721 4759 773 4814 id
796 4768 878 4813 est
908 4758 1351 4826 Maximilianum,
1382 4773 1552 4827 usque
1574 4757 1640 4811 ad
1669 4773 1770 4813 nos
1797 4773 1894 4828 per
1924 4761 1974 4817 Ι)
2069 4769 2185 4825 Non
2211 4784 2309 4824 vos
2336 4769 2614 4824 hominum
2639 4770 2943 4838 vaniloquia
2971 4771 3268 4835 retardent,
3302 4769 3595 4825 dicentium

290 4867 414 4911 tam
466 4857 681 4922 longum
711 4854 836 4919 iter,
892 4852 1214 4907 necessitate
1242 4851 1630 4921 compellente,
1680 4851 1896 4920 quidam

291 4947 710 5014 infatigabiliter
736 4945 1049 5008 venientes,
1081 4959 1272 5014 preces
1299 4942 1572 4999 ollerrent.

370 5037 464 5090 οι)
501 5052 660 5106 quam
700 5051 919 5091 causam
960 5033 1178 5090 Petrum
1208 5034 1580 5106 presbyterum
1611 5034 1753 5089 sedis
1799 5051 1899 5088 no-

289 5142 459 5193 str-:12,
489 5131 580 5185 sed
597 5139 651 5184 rt
684 5128 988 5197 Projcctum
1013 5127 1280 5181 notarium
1304 5128 1370 5180 ad
1399 5127 1589 5181 eadem
1615 5128 1728 5181 loca
1749 5127 1902 5182 duxi-

290 5238 429 5276 mus
463 5220 828 5286 destinandos,
863 5228 921 5273 ut
947 5235 1011 5274 ea
1036 5234 1156 5289 qua:
1177 5219 1450 5275 canonicis
1479 5221 1693 5274 statutis
1716 5236 1747 5275 a
1770 5237 1903 5290 prm-

290 5313 474 5369 dictis
513 5309 989 5383 pseudoepiScopis
1043 5312 1408 5381 compererint
1453 5313 1742 5368 commissa
1771 5355 1785 5378 ,
1819 5314 1904 5368 vel

2003 4862 2126 4931 quia
2170 4862 2601 4931 persecutionem
2633 4861 2875 4918 Ecclesia
2907 4861 3084 4926 faciat,
3117 4862 3242 4916 dum
3271 4862 3356 4915 vel
3383 4877 3444 4916 ea
3475 4877 3593 4931 qua:

2003 4953 2411 5007 committuntur
2431 4955 2692 5024 reprimit,
2717 4954 2801 5008 vel
2823 4954 3121 5008 animarum
3152 4954 3377 5008 salutem
3410 4956 3587 5022 requi-

2006 5043 2078 5096 rit
2122 5044 2163 5095 ¹.
2213 5040 2408 5097 Errant
2464 5044 2767 5112 hujusmodi
2813 5043 3044 5097 rumoris
3073 5041 3418 5096 labulatores.
3477 5041 3594 5098 Non

2007 5134 2382 5204 persequitur,
2428 5136 2528 5190 nisi
2557 5136 2649 5203 qui
2677 5136 2742 5189 ad
2773 5135 2970 5190 malum
3002 5134 3163 5201 cogit.
3194 5133 3296 5200 Qui
3332 5150 3463 5189 vero
3493 5152 3610 5190 nia-

2013 5226 2122 5279 lum
2154 5225 2240 5280 vel
2266 5224 2462 5280 factum
2486 5226 2596 5294 jam
2629 5225 2821 5294 punit,
2843 5225 2928 5278 vel
2957 5225 3208 5294 prohibet
3238 5243 3303 5279 ne
3334 5224 3456 5286 fiat;
3493 5245 3598 5290 non

2011 5317 2355 5385 persequitur
2385 5316 2518 5382 iste,
2550 5314 2646 5368 sed
2676 5315 2864 5384 diligit.
2890 5313 3021 5368 Nam
3053 5315 3093 5368 si
3121 5356 3138 5382 ,
3171 5324 3229 5369 ut
3269 5315 3342 5369 illi
3370 5328 3556 5386 putant
3579 5355 3593 5376 .

291 5407 476 5474 digna
502 5405 730 5460 debeant
755 5403 829 5457 ibi
855 5403 1060 5457 ultione
1087 5417 1453 5472 compescere,
1477 5402 1561 5457 vel
1591 5402 1813 5459 eosdem
1836 5405 1906 5459 ad
2014 5422 2174 5463 nemo
2225 5423 2326 5463 nec
2369 5407 2742 5479 reprimendus
2767 5424 2796 5462 a
2826 5407 2965 5462 malo
2990 5447 3005 5470 ,
3038 5422 3140 5462 nec
3171 5409 3526 5466 retrahendus
3569 5425 3598 5462 a

291 5509 409 5554 nos
456 5511 621 5566 usque
669 5494 989 5565 perducere.
1037 5490 1106 5547 Et
1159 5492 1284 5549 ideo
1332 5494 1628 5551 salutantes
1674 5506 1905 5567 paterno
2008 5499 2153 5554 malo
2172 5499 2238 5555 ad
2261 5500 2460 5556 bonum
2485 5501 2882 5567 est,humanas
2903 5509 2957 5557 et
2975 5501 3186 5559 divinas
3213 5504 3361 5574 leges
3379 5514 3600 5558 necesse

447 5629 655 5709 Duples
682 5637 936 5709 usurpata
967 5613 1052 5709 est
1080 5628 1236 5700 hujus
1260 5631 1494 5687 nominis
1514 5630 1822 5700 declinatio,
1849 5639 1908 5709 ut

296 5703 513 5760 lecturi
534 5697 693 5756 Tacite
721 5697 948 5768 patebit.
982 5697 1132 5753 EDIT.

380 5780 396 5805 ‘
451 5773 657 5834 Anscl.,
691 5769 783 5822 lib.
817 5784 909 5830 xu,
938 5783 1054 5837 cap.
1081 5769 1173 5834 46;
1203 5770 1406 5845 Polyc,
1441 5771 1563 5827 ibid.

687 5862 855 5920 Pun
886 5876 958 5918 .L.
1002 5861 1218 5925 LXIX.

2017 5725 2042 5778 r
2087 5635 2134 5757 ’χ
2149 5630 2357 5762 Ρὲιζὲ,
2389 5635 2483 5692 lib.
2511 5653 2602 5705 vn,
2636 5634 2719 5689 tit.
2751 5633 2801 5690 5.
2837 5636 3115 5697 Ans..'lib.
3144 5653 3241 5703 xu,
3269 5652 3316 5690 c.
3361 5635 3451 5692 i5.
3484 5634 3604 5692 lvo.

3175 5859 3245 5920 13
