3954 6178
409 301 510 357 ΞΘἹ
1751 299 2020 357 PELAGII
2062 301 2262 356 PAl’.-E
2303 301 2322 353 l

3571 287 3668 340 ξ’ναί

406 431 486 474 cst
512 417 758 473 evacuari
785 459 797 484 ,
831 432 947 488 qua:
977 425 1030 471 et
1058 415 1209 470 malis
1231 431 1466 486 prunam,
1499 425 1552 469 et
1582 415 1734 469 bouis
1765 417 1981 484 prmmia
2013 425 2056 475 Α
2087 425 2180 468 aut
2211 415 2353 468 aliud
2386 416 2554 468 altare
2585 413 2837 479 erexerit,
2888 427 2983 467 seu
3028 413 3258 468 schisma
3297 407 3526 472 fecerit;
3577 406 3670 459 iste

400 510 606 581 Justitia
643 508 900 565 suadente
929 507 1279 563 constituunt.
1312 506 1508 561 Malum
1531 515 1710 560 autem
1754 506 1986 560 schisma

404 619 545 669 esse,
574 610 630 657 et
649 615 744 672 per
771 609 984 655 exteras
1011 597 1174 652 etiam
1203 606 1501 668 potestates
1540 595 1843 667 huiusmodi
1891 597 1982 652 ho-

405 697 573 752 mines
593 695 789 752 debere
818 693 1067 764 opprimi,
1095 700 1149 747 et
1177 692 1450 746 canonica:
1482 689 1769 760 Scriptura:
1798 697 1990 744 aucto-

402 791 532 844 ritas
555 829 572 855 ,
599 796 655 842 et
683 794 1027 857 paternarum
1056 784 1362 853 regularum
1394 798 1491 836 nos
1528 783 1727 836 veritas
1756 782 1917 835 docet
1947 782 1984 834 ί.

403 879 656 948 Quisquis
687 890 816 945 ergo
843 875 910 929 ab
939 873 1248 943 apostolicis
1279 872 1479 926 divisus
1509 879 1590 925 est
1633 871 1848 925 sedibus
1871 911 1885 936 ,
1935 871 1989 924 in

403 972 690 1027 schismate
716 982 838 1022 eum
867 979 984 1019 esse
1010 979 1116 1018 non
1156 963 1372 1017 dubium
1419 970 1530 1027 est,
1572 970 1626 1016 et
1651 970 1838 1017 contra
1871 962 1988 1015 uni-

403 1059 664 1115 vcrsalem
693 1055 986 1111 Ecclesiam
1019 1053 1188 1108 altare
1217 1061 1446 1107 conatur
1475 1053 1702 1120 erigere.
1735 1050 1838 1105 Sed
1862 1051 1988 1121 quid

403 1153 469 1206 de
493 1151 687 1205 talibus
717 1148 948 1202 insertus
973 1144 1398 1201 Chalcedonensi
1438 1143 1647 1214 synodo
1678 1146 1852 1199 canon
1879 1153 1989 1199 sta-

405 1249 547 1307 tuat,
572 1239 738 1309 gloria
769 1246 945 1291 vestra
974 1233 1299 1300 consideret,
1324 1235 1413 1288 ubi
1442 1242 1564 1304 post
1593 1234 1696 1287 alia
1724 1234 1799 1289 sic
1825 1233 1984 1288 dicit:

403 1332 504 1399 Qui
532 1346 561 1384 a
601 1327 982 1384 communione
1024 1325 1260 1394 scipsum
1289 1325 1596 1394 suspendit,
1623 1332 1676 1378 et
1706 1324 1987 1378 collectam

403 1424 548 1489 facit,
577 1431 633 1477 et
661 1421 828 1475 altare
841 1417 1150 1483 constituit;
1171 1425 1225 1472 et
1247 1416 1479 1472 noluerit
1493 1417 1703 1471 vocanti
1732 1417 1987 1487 episcopo

401 1515 727 1578 consentire,
754 1520 807 1565 et
835 1509 1066 1565 noluerit
1089 1508 1262 1563 eidem
1285 1509 1648 1576 acquiescere,
1666 1523 1841 1576 neque
1867 1507 1991 1560 obe-

402 1606 516 1660 dire
546 1604 717 1673 primo
747 1609 802 1656 et
829 1597 1067 1656 secundo
1152 1598 1388 1664 vocanti,
1422 1598 1567 1652 hunc
1594 1598 1812 1652 omnino
1837 1597 1990 1650 dam-

403 1697 540 1763 nari,
557 1709 655 1748 nec
685 1705 918 1760 unquam
940 1688 1028 1744 vel
1053 1687 1352 1743 orationem
1378 1687 1595 1754 mereri,
1621 1703 1721 1742 nec
1749 1686 1989 1757 recipere

402 1803 523 1842 cum
538 1799 695 1855 posse
706 1778 1050 1836 houorem.Si
1065 1778 1205 1831 enim
1220 1777 1576 1848 permanserit
1590 1777 1770 1831 turbas
1784 1776 1986 1833 faciens
2017 1795 2064 1853 Β

400 1888 455 1932 et
475 1876 767 1933 seditiones
796 1870 1074 1936 Ecclesize,
1107 1885 1205 1940 per
1234 1878 1475 1924 exteram
1502 1877 1828 1939 potestatem
1862 1879 1981 1922 tan-

401 1983 558 2038 quam
612 1963 924 2020 seditiosum
968 1960 1272 2030 comprimi.
1315 1959 1384 2013 Et
1420 1959 1612 2015 beatus
1657 1960 1984 2028 Augustinus

399 2065 474 2113 de
499 2059 692 2112 talibus
737 2057 869 2111 dicit
921 2055 1163 2128 (Enchir.
1205 2070 1253 2109 c.
1289 2053 1376 2123 7‘2.)
1421 2072 1434 2106 :
1467 2053 1632 2108 Multa
1660 2054 1823 2108 etiam
1861 2070 1982 2107 cu-n

401 2147 582 2203 invitis
609 2147 839 2215 benigna
876 2145 1107 2214 quadam
1137 2145 1429 2215 asperitate
1457 2144 1755 2214 plectendis
1779 2143 1984 2214 agenda

400 2247 552 2304 sunt,
595 2253 823 2308 quorum
852 2237 1031 2307 potius
1062 2235 1277 2290 utilitati
1305 2235 1691 2290 consulendum
1720 2244 1803 2292 est
1823 2251 1984 2304 quam

401 2332 684 2388 voluntati.
727 2330 858 2384 Nam
889 2331 942 2384 in
969 2329 1314 2401 corripiendo
1361 2327 1501 2395 tilio,
1531 2330 1872 2399 quantumvis
1900 2345 1986 2385 as-

401 2438 547 2492 pere,
581 2436 852 2490 nunquam
882 2428 1140 2490 pateruus
1179 2435 1332 2474 amor
1361 2421 1623 2475 amittitur
1655 2440 1666 2475 :
1699 2421 1756 2476 lit
1786 2433 1982 2490 tamen,

401 2513 545 2582 quod
568 2513 734 2567 nollet
757 2553 770 2580 ,
797 2520 856 2566 ut
881 2512 1091 2579 doleat,
1123 2512 1213 2581 qui
1243 2515 1407 2567 etiam
1438 2514 1634 2568 invitus
1661 2515 1870 2570 videtur
1891 2517 1988 2571 do—

402 2606 516 2659 lore
563 2603 853 2658 sanandus.
905 2603 1047 2658 Ecce
1106 2603 1297 2658 videtis
1351 2606 1809 2674 quemadmodum
1855 2609 1988 2663 tanti

404 2695 711 2749 testimonio
741 2692 915 2747 Patris
961 2708 1068 2747 nou
1096 2704 1454 2763 persequatur
1481 2696 1784 2751 coercendo
1815 2697 1940 2750 talia
1969 2737 1983 2762 ,

400 2785 495 2842 sed
528 2785 713 2852 diligat
740 2784 1078 2840 emendando
1110 2785 1244 2839 tales
1273 2799 1486 2854 semper
1510 2784 1775 2842 Ecclesia.
1806 2787 1990 2844 Facite

401 2889 530 2944 ergo
560 2876 724 2930 etiam
749 2890 867 2943 vos,
914 2873 1057 2944 quod
1087 2874 1320 2929 scientes
1349 2875 1702 2930 intentionem
1727 2876 1987 2932 Christiac

403 2969 584 3024 uitatis
610 2977 804 3024 vestrae
854 2969 1167 3039 frequenter
1195 2971 1508 3037 hortamur;
1536 2980 1591 3025 et
1621 2971 1745 3028 date
1770 2989 1988 3044 operam

403 3068 461 3115 ut
491 3059 615 3114 talia
648 3059 760 3114 lieri
795 3059 934 3114 ultra
959 3075 1072 3114 non
1103 3059 1263 3115 liceat
1286 3103 1301 3127 ,
1332 3062 1425 3117 sed
1455 3063 1617 3117 etiam
1646 3062 1812 3133 (quod
1837 3063 1990 3123 vobis

2093 505 2593 559 excommunicetur
2607 513 2768 574 atque
2781 504 3079 558 damnetur.
3096 501 3250 568 Quod
3279 501 3322 556 si
3339 499 3476 554 forte
3498 505 3551 552 et
3572 499 3672 552 hoc

2090 595 2476 664 contempserit
2499 603 2602 664 ,ct
2649 593 3005 664 permanserit
3033 592 3321 647 divisiones
3358 598 3413 643 et
3441 588 3669 644 schisma

2090 685 2364 750 faciendo,
2398 701 2494 754 per
2523 692 2817 754 potestates
2843 682 3084 752 publicas
3124 681 3478 750 opprimatur.
3506 676 3671 744 Ecce,

2089 777 2308 832 domine
2332 820 2349 846 ,
2376 777 2518 846 quod
2546 778 2754 831 animus
2801 785 2978 831 vester
3020 775 3160 830 forte
3206 773 3421 828 timidus
3447 782 3560 839 est,
3604 785 3674 826 ne

2089 872 2339 940 persequi
2368 871 2598 926 videaris
2622 912 2636 932 ,
2663 870 2729 924 de
2759 869 2978 924 Patrum
3007 867 3161 923 vobis
3198 865 3518 920 auctoritate
3555 861 3673 916 luce

2088 962 2325 1016 breviter
2345 961 2619 1031 dirigenda
2649 962 2857 1017 curavit
2879 961 2965 1034 [L.
2983 956 3188 1030 curavi]
3211 977 3224 1010 :
3250 973 3370 1012 cum
3391 955 3539 1009 mille
3565 956 3669 1009 alia

2089 1054 2331 1126 exempla
2348 1063 2403 1108 et
2427 1056 2842 1110 constitutiones
2860 1055 2967 1111 sint
2989 1053 3182 1122 quibus
3209 1050 3486 1106 evidenter
3503 1062 3673 1118 agno-

2087 1146 2272 1210 scitur,
2296 1155 2354 1200 ut
2381 1147 2640 1202 facientes
2666 1147 2928 1202 scissuras
2955 1147 3008 1200 in
3034 1152 3220 1200 sancta
3249 1143 3488 1198 Ecclesia
3511 1183 3527 1207 ,
3560 1157 3670 1197 non

2089 1238 2261 1293 solum
2284 1239 2506 1304 exsiliis,
2525 1239 2618 1294 sed
2643 1241 2805 1294 etiam
2835 1237 3226 1308 proscriptione
3255 1249 3434 1290 rerum
3457 1242 3514 1288 et
3537 1231 3670 1287 dura

2089 1329 2331 1385 custodia
2359 1345 2455 1400 per
2485 1329 2725 1399 publicas
2755 1335 3052 1398 potestates
3081 1327 3316 1381 debeant
3343 1339 3602 1380 coerceri.

2498 1460 2831 1517 EPISTOLA
2870 1461 2932 1515 111
2977 1461 3119 1532 (olim
3171 1459 3276 1529 IV).

2559 1590 2625 1628 AD
2665 1590 2862 1630 NARSEN
2905 1589 3207 1627 PATRICIUM.

2095 1683 2164 1738 Ut
2191 1683 2546 1738 schismaticos
2566 1725 2582 1748 ,
2616 1701 2646 1736 a
2675 1683 2856 1754 quibus
2898 1685 3064 1753 fuerat
3095 1684 3288 1749 injuste
3314 1684 3675 1737 communione

2545 1755 2848 1807 interdictas
2873 1797 2886 1819 ,
2937 1755 3196 1823 reprimat.

2162 1863 2408 1935 Pelagius
2441 1863 2621 1920 Narsa:
2647 1864 2875 1934 patricio
2897 1866 2916 1894 ²

2160 1977 2478 2044 Relegentes
2526 1976 2732 2030 litteras
2761 1973 3088 2029 excellentiae
3115 1983 3307 2028 vestrae
3335 2013 3349 2039 ,
3379 1973 3445 2028 de
3474 1973 3676 2044 injuria

2087 2069 2300 2137 quidem
2330 2085 2490 2138 quam
2520 2069 2672 2124 vobis
2693 2069 2994 2137 iniquorum
3024 2067 3299 2123 hominum
3326 2066 3680 2136 praesumptio

2089 2160 2328 2228 ingessit,
2370 2159 2526 2213 valde
2553 2159 2840 2214 doluimus.
2902 2156 3009 2212 Sed
3053 2157 3179 2226 quia
3226 2157 3427 2211 scimus
3457 2155 3680 2210 occulto

2088 2247 2183 2302 Dei
2202 2246 2403 2316 judicio
2433 2247 2667 2300 animam
2700 2253 2950 2310 vestram,
2975 2246 3075 2300 etsi
3103 2245 3446 2314 peraliorum
3474 2244 3677 2312 iniqui~

2088 2345 2254 2391 tatem
2285 2343 2340 2390 et
2367 2336 2672 2406 superbiam
2693 2377 2708 2403 ,
2738 2343 2793 2390 et
2819 2351 2849 2388 a
2880 2335 3337 2389 contaminatione
3365 2333 3679 2390 schismatis

2088 2427 2446 2493 cuStoditam;
2495 2427 2701 2496 egimus
2746 2426 3098 2497 omnipotenti
3142 2426 3255 2480 Deo
3297 2426 3524 2494 gratias,
3578 2427 3679 2494 qui

2089 2519 2252 2573 etiam
2293 2517 2358 2573 de
2398 2518 2554 2572 malis
2599 2517 2876 2571 hominum
2906 2517 3112 2572 actibus
3140 2517 3282 2571 bona
3303 2517 3518 2587 operari
3546 2532 3682 2572 cou-

2088 2613 2280 2666 suevit.
2321 2610 2431 2666 Nec
2459 2611 2600 2665 enim
2629 2611 2746 2664 sine
2785 2610 2926 2664 illius
2972 2609 3304 2680 providentia
3331 2607 3528 2663 factum
3548 2623 3681 2663 esse

2089 2704 2415 2760 credendum
2442 2711 2545 2770 est,
2595 2713 2653 2758 ut
2695 2704 2952 2758 insensati
2986 2713 3040 2758 et
3070 2703 3306 2774 perversi
3328 2704 3577 2758 homines
3613 2703 3686 2758 ad

2089 2796 2196 2851 hoc
2225 2810 2395 2865 usque
2423 2795 2730 2865 prosilirent
2753 2833 2768 2859 ,
2818 2804 2878 2848 ut
2921 2809 3070 2849 suam
3108 2793 3421 2847 divisionem
3448 2793 3685 2848 catholi-

2091 2901 2211 2940 carn
2241 2900 2361 2940 esse
2399 2884 2682 2940 credentes
2718 2883 3013 2959 Ecclesiam
3032 2925 3046 2950 ,
3077 2898 3106 2937 a
3137 2899 3232 2938 sua
3258 2899 3352 2938 vos
3380 2882 3687 2953 pollutione

2092 2979 2461 3049 prohiberent.
2510 2975 2601 3031 Sic
2628 2978 2772 3031 enim
2801 2992 2898 3047 per
2934 2975 3352 3032 misericordiam
3385 2975 3478 3030 Dei
3507 2976 3688 3029 etiam

2093 3069 2455 3125 nescientibus
2477 3069 2581 3124 illis
2600 3070 2707 3125 hoc
2733 3069 2932 3124 factum
2954 3078 3057 3136 est,
3084 3079 3189 3124 uta
3209 3069 3690 3124 schismaticoru

403 3151 710 3206 facillimum
737 3165 857 3205 esse
889 3166 996 3205 non
1025 3149 1233 3218 dubito)
1276 3152 1330 3205 hi
1360 3152 1450 3223 qui
1481 3152 1609 3206 talia
1635 3167 1985 3224 pmsumpse—

2093 3161 2326 3217 factione
2353 3159 2493 3215 eruti
2519 3202 2533 3228 ,
2557 3159 2864 3225 catholicm,
2895 3175 3056 3229 quam
3083 3160 3319 3228 diligitis,
3349 3160 3554 3214 servari
3585 3175 3697 3215 vos

404 3251 525 3296 ruut
545 3284 559 3309 ,
585 3241 650 3295 ad
673 3241 970 3311 piissimum
1010 3240 1308 3313 principem
1334 3242 1432 3297 sub
1453 3241 1610 3312 digna
1639 3243 1878 3298 custodia
1908 3244 1985 3298 di-

2095 3251 2404 3320 contigisset
2431 3248 2702 3304 Ecclesiae.
2737 3249 2993 3316 Quamvis
3021 3251 3182 3320 igitur
3219 3259 3399 3305 vestra
3424 3265 3521 3320 per
3552 3251 3684 3306 illo-

404 3333 664 3401 rigantur.
699 3331 965 3386 Recolere
985 3331 1129 3386 enim
1150 3332 1312 3388 debet
1333 3333 1596 3389 celsitudo
1622 3341 1799 3390 vestra
1815 3377 1828 3402 ,
1862 3337 1987 3405 quid

403 3437 500 3492 per
526 3437 624 3477 vos
645 3421 785 3476 Deus
813 3419 1000 3477 fecerit
1021 3430 1268 3491 tempore
1291 3424 1383 3479 illo
1408 3439 1539 3493 quo,
1569 3424 1779 3480 Istriam
1803 3433 1859 3481 et
1889 3425 1990 3482 Ve-

403 3513 572 3567 netias
588 3519 816 3584 tyranno
839 3511 1014 3567 Totila
1033 3513 1361 3582 possidente,
1377 3514 1597 3570 Francis
1612 3516 1774 3571 etiam
1795 3527 1988 3572 cuncta

403 3603 734 3657 vastantibus
756 3643 772 3670 ,
805 3617 912 3657 non
944 3613 1073 3659 ante
1095 3612 1274 3660 tamen
1303 3605 1758 3663 Mediolanensem
1781 3609 1990 3678 episco-

401 3706 528 3761 pum
552 3691 668 3746 tieri
691 3692 1031 3761 permisistis,
1062 3693 1166 3749 nisi
1193 3695 1667 3750 clementissimum
1693 3697 1987 3769 principem

403 3783 596 3839 exinde
623 3783 946 3839 retulissetis
975 3803 988 3837 :
1022 3793 1077 3839 et
1110 3786 1238 3854 quid
1278 3785 1392 3840 ﬁeri
1421 3787 1715 3854 debuisset,
1741 3788 1856 3857 ejus
1885 3791 1989 3846 ite-

400 3889 519 3930 rum
547 3873 764 3943 scriptis
788 3875 1242 3944 recognovissetis
1266 3914 1280 3940 ,
1311 3884 1366 3931 et
1393 3877 1534 3932 inter
1557 3879 1751 3948 ubique
1779 3880 1990 3937 ferven-

400 3976 483 4024 tes
511 3969 728 4034 hostes,
763 3967 1075 4023 Ravennam
1103 3978 1284 4026 tamen
1323 3980 1376 4027 et
1422 3972 1468 4027 is
1504 3974 1596 4043 qui
1618 3974 1987 4045 ordinabatur,

400 4068 456 4114 et
485 4060 530 4114 is
557 4059 650 4128 qui
677 4058 1022 4115 ordinaturus
1061 4069 1206 4127 erat,
1239 4063 1574 4133 providentia
1617 4065 1863 4124 culminis
1889 4085 1986 4124 ve-

399 4151 496 4206 stri
526 4149 739 4205 deducti
767 4158 912 4204 sunt.
948 4149 1025 4205 De
1070 4150 1354 4222 Liguribus
1379 4195 1394 4220 ,
1426 4165 1585 4224 atque
1618 4155 1901 4224 Veneticis,
1935 4171 1990 4216 et

399 4243 566 4300 lstriis
609 4240 879 4311 episcOpis
906 4241 1035 4310 quid
1074 4242 1250 4298 dicam
1269 4244 1292 4298 ?
1313 4259 1450 4313 quos
1479 4245 1670 4300 idonea
1699 4257 1782 4302 est
1810 4250 1991 4306 excel-

398 4338 562 4392 lentia
607 4343 788 4391 vestra
837 4342 893 4390 et
945 4335 1158 4390 ratione
1193 4344 1249 4390 et
1287 4345 1559 4406 potestate
1588 4339 1901 4409 reprimere,
1933 4349 1990 4398 et

396 4429 665 4485 dimittitis
691 4443 787 4482 eos
837 4427 891 4481 in
934 4434 1305 4498 contemptum
1333 4429 1751 4499 apostolicarum
1779 4433 1985 4489 sedium

395 4520 462 4574 de
482 4534 579 4574 sua
609 4517 910 4572 rusticitate
954 4517 1174 4586 gloriari
1201 4536 1214 4572 :
1245 4533 1390 4587 cum,
1415 4520 1459 4574 si
1480 4520 1605 4590 quid
1631 4537 1724 4577 eos
1752 4524 1820 4579 de
1844 4523 1987 4593 judi-

395 4611 480 4666 cio
507 4608 824 4688 universalis
849 4607 1056 4679 synodi,
1089 4609 1236 4678 quod
1263 4610 1728 4681 Constantinopoli
1752 4627 1851 4683 per
1876 4614 1986 4683 pri-

397 4717 538 4756 mam
566 4716 738 4770 nuper
785 4699 1022 4768 elapsam
1059 4700 1413 4757 .indictionem
1462 4712 1640 4759 aetum
1685 4712 1798 4774 est,
1845 4705 1986 4760 forte

399 4795 691 4863 movebat,
723 4791 788 4846 ad
817 4791 998 4847 sedem
1028 4794 1380 4863 apostolicam
1431 4795 1726 4864 (quomodo
1769 4813 1985 4870 semper

396 4891 594 4943 factum
624 4885 726 4956 est)
756 4885 946 4940 electis
971 4884 1236 4954 aliquibus
1267 4884 1336 4941 de
1374 4887 1516 4952 suis,
1549 4890 1640 4957 qui
1661 4889 1794 4944 dare
1815 4899 1868 4945 et
1888 4907 1982 4946 ac-

393 4984 574 5051 cipere
612 4980 875 5038 rationem
913 4988 1153 5048 possent,
1184 4979 1414 5048 dirigere
1432 4979 1758 5047 debuerunt;
1795 4991 1849 5036 et
1873 4999 1980 5038 non

2091 3357 2208 3396 rum
2237 3341 2415 3397 scelus
2436 3341 2638 3395 utilitas
2663 3339 2796 3394 facta
2826 3341 2922 3405 sit,
2956 3341 3122 3396 nolite
3158 3350 3334 3396 tamen
3357 3341 3694 3410 impunitam

2091 3433 2565 3503 przesumptionem
2582 3431 2884 3501 iniquorum
2911 3431 3183 3486 hominum
3205 3431 3432 3500 grassari
3454 3433 3700 3501 permit~

2091 3535 2225 3581 tere.
2257 3523 2314 3579 Si
2341 3525 2484 3579 enim
2513 3524 2771 3593 hocquod
2799 3525 2854 3578 in
2875 3533 3105 3578 vestram
3128 3524 3349 3593 gloriam
3377 3539 3695 3594 praesump-

2092 3623 2298 3681 serunt,
2352 3630 2460 3671 non
2516 3614 2676 3670 fuerit
2723 3614 2954 3670 vindicta
3004 3630 3400 3685 compressum,
3440 3615 3598 3686 quod
3639 3616 3697 3669 in

2093 3709 2390 3765 minoribus
2435 3723 2544 3763 non
2570 3707 2781 3762 valeant
2818 3707 3024 3777 puniri,
3058 3708 3253 3776 ambigi
3276 3708 3414 3762 ultra
3442 3723 3556 3762 non
3592 3707 3702 3762 de~

2093 3804 2204 3857 bet.
2233 3801 2498 3857 Exercete
2527 3800 2687 3869 igitur
2716 3799 2770 3853 in
2795 3800 2990 3855 talibus
3019 3799 3253 3855 debitam
3274 3801 3697 3862 auctoritatem,

2092 3905 2148 3950 et
2174 3910 2242 3950 ne
2279 3895 2358 3950 eis
2399 3893 2628 3963 amplius
2655 3892 2783 3946 talia
2808 3892 3175 3947 committendi
3204 3892 3418 3962 spiritus
3447 3903 3696 3960 crescat,

2091 3987 2288 4042 vestris
2316 3983 2732 4041 coercitionibus
2761 3983 3139 4054 reprimuntur.
3172 3983 3251 4036 Ad
3279 3983 3385 4038 hoc
3414 3982 3702 4053 siquidem

2093 4079 2188 4135 Dei
2235 4086 2366 4132 nutu
2397 4077 2559 4132 etiam
2600 4083 2790 4130 contra
2821 4091 2919 4130 vos
2948 4075 3074 4129 talia
3107 4083 3603 4145 praesumpsere-nt,
3639 4084 3703 4128 ut

2093 4171 2196 4225 alia
2227 4170 2378 4226 vobis
2405 4169 2816 4237 eorrigentibus,
2849 4169 2916 4222 ab
2945 4167 3133 4224 eodem
3162 4167 3365 4224 scelere
3388 4166 3526 4222 alios
3562 4184 3705 4239 pos-

2091 4262 2226 4325 sitis,
2252 4261 2364 4316 Deo
2391 4261 2738 4330 propitiante,
2762 4260 2990 4314 munire.
3023 4259 3220 4326 Quales
3250 4267 3426 4314 autem
3457 4259 3577 4313 sint
3600 4260 3703 4328 qui

2093 4349 2390 4405 Ecclesiam
2411 4348 2648 4417 fugiunt,
2680 4347 2910 4427 Eufrasii
2924 4363 3019 4402 vos
3039 4347 3244 4404 scelera
3275 4350 3416 4418 (quae
3445 4349 3712 4417 amplius

2092 4441 2304 4496 occulta
2332 4439 2474 4495 Deus
2501 4454 2621 4495 esse
2642 4438 2834 4510 uoluit)
2859 4439 3136 4494 evidenter
3157 4438 3476 4494 informant:
3501 4441 3610 4509 qui
3643 4441 3701 4494 in

2093 4531 2387 4587 homicidio
2411 4531 2628 4600 quidem
2669 4545 2768 4585 nec
2799 4529 3031 4584 hominis
3059 4529 3513 4584 necessitudinem
3534 4572 3554 4598 ,
3592 4547 3711 4586 nec

2092 4622 2272 4677 fratris
2301 4622 2618 4677 charitatem
2645 4661 2660 4686 ,
2694 4636 2793 4676 nec
2821 4619 3108 4675 sacerdotii
3140 4620 3704 4690 reverentiamcogt-

2091 4717 2243 4770 tavit.
2285 4714 2598 4769 Incestuoso
2638 4722 2818 4767 autem
2857 4710 3122 4765 adulterio
3163 4711 3324 4765 etiam
3366 4711 3536 4779 ipsius
3569 4713 3708 4766 viu-

2090 4808 2245 4863 dictae
2273 4805 2492 4860 abstulit
2523 4803 2739 4857 modum
2767 4820 2778 4853 :
2812 4801 2957 4869 quia,
3003 4800 3048 4854 si
3089 4799 3409 4853 adulterium
3456 4802 3702 4868 punias,

2093 4918 2198 4958 non
2221 4907 2466 4956 remanet
2497 4899 2548 4952 iu
2565 4913 2672 4968 quo
2685 4896 2984 4951 vindicetur
3004 4894 3259 4949 incestus.
3281 4893 3337 4948 Si
3363 4894 3714 4950 incestuoso

2089 4999 2301 5066 ingeras
2327 5013 2564 5066 ptenam,
2596 4993 2820 5048 inultum
2849 4992 3051 5046 crimen
3079 4990 3326 5045 adulterii
3347 4993 3703 5047 remanebit.

393 5072 588 5128 clausis
616 5071 786 5126 oculis
811 5085 1008 5139 corpus
1032 5068 1227 5124 Christi
1258 5070 1354 5124 Dei
1383 5072 1568 5134 nostri,
1602 5072 1704 5127 hoc
1729 5081 1814 5128 est
1833 5089 1983 5130 sanc-

396 5175 504 5222 tam
533 5165 827 5220 Ecclesiam
857 5163 1118 5218 lacerare.
1150 5163 1325 5218 Nolite
1353 5177 1482 5230 ergo
1511 5164 1756 5220 dubitare
1785 5165 1975 5234 hujus-

397 5257 541 5313 modi
585 5255 834 5310 homines
882 5254 1165 5323 principali
1213 5253 1298 5309 vel
1354 5253 1593 5323 judiciali
1659 5258 1980 5312 auctoritate

394 5348 793 5415 comprimere:
834 5345 959 5415 quia
1013 5345 1211 5412 regula:
1263 5344 1481 5399 Patrum
1531 5345 1636 5402 hoc
1676 5348 1980 5416 specialiter

393 5438 785 5494 constituerunt
809 5475 823 5498 ,
856 5443 916 5489 ut
960 5435 1004 5492 si
1036 5451 1139 5506 qua
1170 5435 1523 5490 ecclesiastici
1553 5435 1716 5492 officii
1746 5453 1978 5508 persona

393 5530 478 5584 cui
526 5526 799 5594 subjectus
841 5533 923 5580 est
969 5525 1249 5594 restiterit,
1291 5525 1373 5580 vel
1400 5541 1643 5582 seorsum
1674 5527 1975 5599 collegerit,

2090 5090 2228 5146 Ecce
2257 5089 2323 5144 de
2369 5105 2477 5158 quo
2507 5085 2736 5155 collegio
2765 5092 2890 5138 sunt
2915 5123 2928 5145 ,
2962 5080 3052 5151 qui
3091 5089 3350 5150 quantum
3380 5081 3448 5134 ad
3477 5095 3705 5152 super-

2088 5182 2228 5236 biam
2280 5195 2431 5234 suam
2463 5221 2478 5246 ,
2521 5176 2770 5246 injuriam
2818 5173 2970 5227 vobis
3000 5170 3198 5226 inferre
3225 5170 3396 5225 moliti
3421 5181 3594 5236 sunt;
3645 5185 3709 5228 et

2086 5279 2342 5340 quantum
2372 5269 2439 5322 ad
2461 5265 2854 5338 providentiam
2877 5263 2992 5327 Dei,
3019 5262 3329 5330 impollutos
3356 5276 3453 5315 vos
3479 5258 3712 5318 Eccle-

2086 5362 2178 5416 siae
2196 5367 2567 5415 servaverunt.
2595 5356 2815 5410 Auferte
2841 5354 2977 5408 tales
3005 5353 3072 5407 ab
3102 5353 3203 5408 ista
3227 5352 3504 5422 provincia
3534 5395 3554 5419 ,
3584 5357 3711 5411 uti-

2087 5454 2216 5508 mini
2252 5452 2432 5508 oblata
2461 5449 2613 5506 vobis
2641 5465 2670 5502 a
2717 5448 2827 5502 Deo
2858 5443 3196 5517 opprimendi
3242 5443 3474 5515 perfidos
3511 5461 3711 5503 occar-

2087 5545 2255 5600 sione.
2313 5540 2468 5609 Quod
2517 5547 2646 5594 tunc
2695 5537 2904 5609 plenius
2933 5535 3046 5592 fieri
3092 5534 3322 5605 poterit,
3350 5533 3395 5590 si
3417 5544 3712 5596 auctores

465 5706 479 5734 ¹
525 5703 609 5765 Η,
642 5717 696 5770 q.
719 5699 779 5772 9.7
806 5699 868 5754 Si
896 5699 1007 5770 quis
1030 5701 1196 5772 preat).
1222 5701 1374 5756 Actio
1407 5701 1437 5754 4
1468 5701 1521 5756 in
1550 5716 1635 5772 ep.
1670 5703 1976 5772 architnan-
2158 5707 2178 5737 ²
2220 5703 2425 5772 Ausel.,
2454 5702 2544 5757 lib.
2577 5718 2668 5766 xu,
2702 5715 2820 5770 cap.
2846 5697 2933 5753 47.
2964 5694 3355 5770 Polyc.,.ibid._

394 5774 652 5830 dritarum
683 5772 748 5826 ad
772 5771 946 5841 ipsum
974 5771 1167 5825 concil.
1201 5773 1477 5828 Antioch..
1508 5770 1754 5828 canon-5.
