3954 6178
332 283 458 364 397‘

1772 309 2124 368 EPISTULA:
2140 362 2143 367 .

3492 321 3596 378 598

331 396 584 452 «elerum
614 396 679 449 ad
727 396 1201 452 clementissimum
1247 398 1546 468 principem
1576 398 1902 468 dirigantur,
1937 408 1985 463 Α
2009 401 2114 468 εει]
2145 402 2199 457 in
2227 390 2516 458 schismate
2541 444 2557 469 ,
2587 413 2642 460 et
2662 405 2715 460 in
2744 421 2810 461 eo
2832 408 3181 475 nialedictus,
3214 423 3312 465 nec
3340 409 3601 467 honorem

330 495 383 544 et
405 485 636 541 maxime
666 483 915 540 Ecclesiae
945 486 1271 555 Aquileiensi
1297 488 1531 555 invasor,
1555 488 1645 558 qui
1674 499 1729 543 et
1750 491 1905 563 [forte

2015 492 2251 562 episcopi
2280 493 2480 562 poterit
2510 496 2747 552 retinere
2778 514 2876 554 nec
2903 500 3173 556 meritum.

1837 610 3605 638 ___._____________________________

1135 689 1225 743 AD
1263 688 1635 744 EPISTULAS
1675 691 1717 744 ll
1757 703 1810 747 et
1832 690 1898 745 Ill
1939 693 2081 762 (olim
2123 693 2189 748 IlI
2227 701 2283 748 et
2320 694 2411 767 Π)
2454 694 2719 753 ΡΕιΑϐιι
2760 700 2778 753 1

1760 821 1827 859 AD
1864 819 2017 858 κλείει
2034 822 2141 859 TEM

1500 925 2065 974 ANIMADVEBSIO

2119 925 2246 972 CB!
2258 929 2309 974 ii".
2321 927 2439 976 CA.

1832 1017 2090 1031 ————-

386 1103 830 1172 Quemadmodam
861 1122 907 1160 υ.
951 1105 1019 1158 cl.
1050 1105 1305 1159 Antonius
1330 1103 1464 1175 Pagi
1493 1102 1546 1157 in
1577 1101 1770 1157 Critica
1793 1102 1904 1158 Ba-

320 1199 449 1253 ronii
491 1196 765 1269 epistolam
794 1196 860 1250 l0
892 1194 1096 1267 Pelagii
1140 1195 1170 1248 Ι
1200 1195 1269 1249 ad
1309 1194 1689 1249 Childebertum
1719 1212 1783 1249 ea:
1806 1196 1905 1248 da-

318 1290 433 1360 plici
468 1289 763 1360 fragmento
793 1286 1013 1340 duarum
1041 1287 1198 1356 plane
1226 1286 1542 1340 diversarum
1570 1288 1906 1357 epistolamm

318 1392 607 1437 consertam
661 1396 772 1434 esse
820 1380 1222 1441 animadvertit;
1264 1380 1337 1431 ita
1374 1378 1527 1447 plane
1552 1388 1601 1430 et
1630 1378 1724 1431 hoc
1769 1377 1906 1430 idem

318 1473 430 1526 aliis
474 1470 706 1541 ejusdem
756 1468 959 1539 Pelagii
1002 1468 1235 1539 epistolis
1283 1468 1534 1521 accid‘sse
1574 1482 1677 1521 non
1706 1467 1901 1521 dubito.

2014 1114 2182 1159 mento
2227 1105 2363 1177 quod
2394 1104 2695 1159 llolstenius
2736 1107 2980 1177 vulgavit,
3013 1109 3299 1183 legiturque
3320 1112 3374 1168 in
3401 1112 3603 1171 Collec-

2014 1199 2151 1251 tione
2178 1195 2675 1252 Veneto-Labbeana
2707 1209 2827 1254 tom.
2871 1199 2970 1268 VI,
2993 1212 3044 1256 et
3079 1201 3360 1260 Valeriam
3381 1209 3602 1277 patricio

2010 1288 2313 1342 inscribitur
2342 1305 2359 1342 :
2390 1288 2531 1359 quod
2552 1306 2681 1343 sane
2707 1292 3052 1361 fragmentum
3079 1296 3245 1362 pero
3286 1296 3492 1365 quidem
3524 1308 3602 1353 to-
3698 1316 3705 1323 ·

2015 1390 2117 1433 tam
2159 1382 2430 1450 epistolam
2471 1381 2705 1452 quintam
2732 1382 2801 1435 ad
2829 1380 2882 1434 Ν
2887 1393 3103 1437 arsetem
3131 1386 3321 1452 reddit,
3348 1388 3430 1440 cui
3452 1390 3606 1443 unica

2015 1472 2148 1524 serie
2192 1471 2575 1524 succenturiata
2622 1480 2699 1524 est
2744 1472 2963 1541 epistola
3008 1472 3061 1526 3.
3096 1469 3208 1527 Nec
3235 1479 3608 1547 sanecgemina:

320 1560 549 1615 Gemina
587 1560 658 1613 ad
686 1557 970 1613 Narsetem
996 1559 1260 1629 epistolae,
1289 1560 1382 1612 illa
1411 1575 1591 1629 nempe
1618 1574 1730 1627 qute
1760 1575 1901 1611 nam.
1943 1553 1985 1610 Β
2011 1564 2117 1616 illa:
2143 1563 2373 1630 epistola:
2394 1573 2752 1634 argumentum
2781 1565 2968 1619 habent
3012 1566 3267 1621 diversum
3293 1606 3308 1631 ,
3340 1585 3501 1641 neque
3526 1572 3605 1624 al-

320 1651 413 1707 5et
439 1654 612 1706 altera
632 1668 748 1723 qtae
772 1667 915 1704 num.
945 1650 980 1705 '5
1007 1650 1147 1721 apud
1176 1649 1435 1703 Labbeum
1462 1650 1718 1720 leguntur,
1743 1667 1900 1705 unam

318 1745 649 1815 eamdemque
669 1742 1026 1797 continuatam
1071 1740 1341 1810 epistolam
1387 1738 1629 1794 exhibent
1673 1742 1727 1793 in
1754 1742 1897 1812 frag-

741 1935 1075 1993 El’lSTOl.A
1120 1936 1185 1993 IV
1219 1936 1362 2007 (olim
1395 1936 1484 2006 V).

785 2048 852 2085 AD
880 2046 1081 2085 NARSEN
1126 2045 1432 2085 PATRICIUM.

322 2117 494 2178 Horret
531 2132 586 2175 ut
619 2123 988 2194 Aquileiensem
1008 2129 1057 2194 et
1087 2120 1135 2173 Μ
1145 2121 1525 2194 ediolanertsem
1552 2124 1817 2192 episcopos
1839 2125 1909 2177 ad

663 2190 944 2262 principem
971 2190 1062 2245 sub
1089 2192 1324 2245 custodia
1346 2192 1562 2264 dirigat.

382 2306 660 2375 Pelagius,
692 2303 874 2360 Narsu:
897 2304 1122 2375 patricio
1158 2306 1196 2358 ¹.

379 2396 529 2451 [stud
559 2405 643 2450 est
671 2395 813 2464 quod
843 2412 871 2449 a
895 2395 1049 2450 vobis
1070 2395 1435 2466 poposcimus,
1466 2405 1522 2451 et
1549 2412 1689 2451 nunc
1716 2397 1909 2452 iterum

319 2489 653 2558 postulamus
676 2530 691 2554 ,
721 2497 781 2542 ut
822 2485 1105 2542 Paulinum
1142 2488 1541 2558 Aquileiensem
1588 2488 1908 2558 pseudoepi—

322 2594 568 2649 scopum,
600 2586 656 2632 et
693 2577 841 2632 illum
872 2573 1327 2632 Mediolanensem
1356 2576 1671 2649 episc0pum
1701 2577 1766 2630 ad
1801 2578 1911 2631 cle-

322 2671 719 2725 tnentissimum
741 2667 1038 2739 principem
1067 2669 1165 2723 sub
1193 2669 1350 2737 digna
1376 2669 1617 2724 custodia
1647 2668 1909 2737 dirigatis;

2012 1663 2123 1707 tera
2147 1654 2209 1706 ab
2240 1654 2405 1707 altera
2431 1655 2636 1726 sejungi
2656 1656 2922 1710 commode
2948 1665 3177 1726 possent.

2017 1939 2260 1996 dolemus
2285 1984 2300 2009 ,
2341 1942 2535 2012 quibus
2561 1943 2797 1998 donante
2817 1941 3048 2001 Domino
3075 1950 3410 2019 prepositum
3441 1957 3524 2004 est
3553 1948 3605 2003 in

2016 2032 2433 2088 mansuetudine
2487 2042 2872 2104 supportantes
2919 2038 3098 2091 omnia
3152 2036 3405 2094 fraterna:
3458 2040 3609 2112 pacis

2017 2118 2236 2174 vinculo
2265 2120 2539 2176 custodire
2573 2138 2585 2173 :
2638 2122 2732 2177 sed
2782 2122 2945 2192 (sicut
3000 2125 3254 2198 diximus)
3285 2125 3603 2182 divisionem

2017 2218 2251 2263 vestram
2280 2224 2307 2262 a
2330 2210 2569 2277 generali
2597 2208 2863 2283 Ecclesia,
2893 2226 3057 2282 quam
3089 2213 3443 2284 tolerabiliter
3462 2215 3603 2270 ferre

2018 2317 2125 2356 non
2155 2310 2368 2371 potero,
2400 2303 2752 2358 vehementer
2765 2311 2977 2373 stupeo.
3003 2302 3143 2358 Cum
3173 2304 3317 2360 enim
3353 2305 3603 2361 beatissi-

2016 2409 2136 2448 mus
2183 2393 2514 2462 Augustinus
2557 2392 2839 2449 dominicac
2881 2395 3163 2450 sententias
3206 2411 3445 2463 memor,
3499 2411 3606 2466 qua

2014 2486 2423 2541 fundamentum
2472 2483 2729 2541 Ecclesiae
2771 2487 2823 2540 in
2853 2486 3160 2556 apostolicis
3188 2485 3405 2542 sedibus
3433 2487 3607 2544 collo-

2015 2578 2156 2634 cavit
2182 2618 2198 2645 ,
2230 2580 2284 2633 in
2313 2578 2607 2633 schismate
2647 2593 2768 2634 esse
2804 2578 2967 2645 dicat,
2996 2581 3302 2650 quicunque
3322 2596 3381 2638 se
3408 2597 3439 2636 a
3469 2596 3607 2652 pra:-

2014 2667 2147 2723 sulis
2172 2666 2483 2727 earumdem
2525 2667 2729 2723 sedium
2759 2668 3082 2723 auctoritate
3110 2668 3194 2723 vel
3224 2672 3608 2727 communione

323 2769 377 2815 ut
414 2770 470 2815 et
499 2761 601 2815 iste
626 2761 717 2829 qui
757 2760 1040 2830 episcopus
1067 2774 1187 2814 esse
1225 2759 1529 2814 nullatenus
1548 2767 1755 2830 potest,
1786 2759 1911 2827 quia
1940 2783 1984 2843 C
2022 2758 2390 2828 suspenderit;
2431 2773 2533 2813 nec
2560 2758 2719 2812 aliam
2767 2757 3074 2815 manifestet
3122 2772 3243 2816 esse
3284 2758 3605 2824 Ecclesiam.

323 2858 508 2904 contra
542 2864 760 2905 onmem
789 2850 1105 2905 canonicam
1148 2850 1590 2906 consuetudinem
1614 2849 1786 2905 lactus
1807 2859 1914 2914 est,

324 2941 453 2997 alios
508 2941 650 2995 ultra
696 2956 804 2997 non
858 2941 1083 3012 perdat;
1139 2949 1195 2996 et
1234 2941 1326 2996 ille
1364 2941 1456 3010 qui
1485 2927 1675 2997 eontra
1705 2957 1913 2996 morem

324 3035 605 3104 antiquum
648 3050 770 3088 eum
817 3035 1068 3089 ordinare
1100 3035 1458 3104 praesumpsit,
1490 3050 1757 3089 canonum
1799 3034 1915 3087 vin-

324 3124 475 3178 dicta:
505 3123 804 3192 subjaceat.
830 3123 941 3178 Nec
965 3124 1116 3178 licuit
1142 3124 1302 3179 alicui
1325 3121 1632 3193 aliquando,
1657 3137 1760 3177 nec
1788 3122 1918 3176 liceo

324 3213 397 3268 bit
441 3215 830 3285 particularem
857 3213 1121 3286 synodum
1154 3227 1485 3283 congregare
1517 3231 1530 3266 :
1583 3212 1680 3268 sed
1704 3212 1920 3281 quoties

325 3307 501 3376 aliqua
524 3305 591 3360 de
614 3305 902 3361 universali
924 3306 1130 3378 synodo
1157 3304 1423 3374 aliquibus
1451 3303 1714 3359 dubitatio
1735 3304 1916 3359 nasci-

326 3406 409 3450 tur
432 3437 450 3462 ,
475 3395 547 3449 ad
576 3395 941 3464 recipiendam
970 3395 1038 3449 de
1062 3410 1129 3450 eo
1159 3392 1306 3465 quod
1338 3410 1445 3449 non
1477 3394 1798 3461 intelligunt,
1832 3409 1917 3447 ra-

326 3489 526 3541 tionem
551 3525 567 3549 ,
597 3493 690 3539 aut
708 3494 901 3554 sponte
927 3485 960 3538 ii
983 3484 1072 3553 qui
1102 3484 1329 3538 salutem
1352 3483 1545 3537 animae
1572 3497 1682 3538 sum
1708 3482 1917 3538 deside-

326 3588 444 3632 rant
470 3620 487 3641 ,
545 3577 614 3631 ad
655 3577 1008 3646 apostolicam
1035 3575 1217 3630 scdeni
1248 3592 1345 3645 pro
1373 3575 1677 3646 recipienda
1708 3575 1917 3631 ratione

326 3667 691 3729 conveniant,
723 3674 820 3719 aut
863 3665 906 3719 si
954 3665 1093 3720 forte
1124 3665 1286 3737 (sicut
1329 3665 1396 3720 de
1436 3665 1627 3720 talibus
1653 3665 1916 3735 scriptum

328 3766 403 3811 est
432 3756 620 3829 (Prov.
657 3757 808 3826 xvm)
832 3798 846 3823 ,
878 3755 1131 3810 l’eccator
1161 3774 1275 3810 cum
1298 3758 1488 3811 venerit
1515 3758 1569 3811 in
1599 3756 1916 3829 profundum

328 3850 622 3914 malorum,
678 3849 978 3918 contemnit)
1033 3849 1105 3903 ita
1157 3849 1418 3903 obstinati
1465 3858 1520 3903 et
1566 3858 1916 3905 contumaces

329 3941 653 4008 exstiterint,
694 3950 753 3995 ut
783 3941 965 3994 doceri
990 3956 1096 3994 non
1129 3941 1322 4006 velint;
1353 3956 1449 3996 eos
1468 3940 1536 3995 ab
1559 3942 1763 3996 eisdem
1782 3946 1916 4011 apo:

329 4036 531 4092 stolicis
566 4035 787 4091 sedibus
816 4045 909 4090 aut
953 4037 1150 4090 attrahi
1179 4037 1246 4090 ad
1276 4037 1503 4092 salutem
1532 4038 1915 4108 quoquomodo

2019 2850 2119 2905 nisi
2162 2864 2282 2918 quae
2314 2850 2365 2903 in
2403 2847 2749 2919 pontiﬁcibus
2797 2849 3218 2919 apostolicarum
3266 2850 3475 2905 sedium
3525 2861 3608 2905 est

2017 2941 2248 2997 solidata
2296 2941 2566 2996 radicibus
2600 2958 2613 2994 :
2643 2941 2914 3011 quomodo
2952 2957 3051 2997 vos
3099 2942 3167 2996 ab
3197 2941 3434 2998 universi
3463 2944 3609 2998 orbis

2018 3032 2401 3088 communione
2427 3040 2710 3101 separatos
2740 3046 2859 3087 esse
2889 3048 2995 3087 non
3028 3032 3245 3087 creditis
3272 3072 3288 3098 ,
3318 3033 3364 3088 si
3387 3033 3493 3089 mei
3525 3035 3609 3087 in-

2021 3134 2104 3178 ter
2131 3137 2286 3178 sacra
2313 3123 2569 3194 mysteria
2590 3121 2886 3178 secundum
2909 3120 3354 3177 consuetudinem
3381 3122 3609 3180 nominis
3638 3126 3701 3181 Ἀ

2021 3215 2337 3271 memoriam
2384 3215 2725 3279 reticetis,'in
2754 3230 2899 3284 quo,
2931 3215 3062 3270 licet
3105 3215 3343 3285 indigno,
3389 3224 3609 3286 aposto-

2020 3305 2135 3361 licae
2178 3305 2320 3361 sedis
2367 3322 2465 3376 per
2514 3305 2909 3362 successionem
2961 3306 3301 3377 episcopatus
3356 3303 3608 3377 praesenti

2022 3405 2267 3464 tempore
2306 3396 2497 3450 videtis
2535 3396 2837 3451 consistere
2868 3395 3213 3451 ﬁrmitatem?

2089 3487 2196 3542 Sed
2226 3504 2295 3542 ne
2322 3488 2465 3557 apud
2508 3503 2605 3542 vos
2650 3487 2791 3542 forte
2810 3527 2826 3552 ,
2858 3489 2941 3544 vel
2971 3490 3111 3558 apud
3135 3504 3326 3560 greges
3345 3490 3435 3562 qui
3460 3490 3608 3546 vobis

2020 3578 2295 3632 commissi
2320 3586 2463 3644 sunt,
2488 3577 2555 3633 de
2582 3577 2685 3632 ﬁde
2710 3586 2893 3633 nona
2925 3580 3102 3649 aliqua
3132 3580 3303 3650 possit
3328 3596 3608 3636 remanere

2018 3670 2253 3741 suspicio
2278 3712 2294 3738 ,
2322 3671 2429 3726 hoc
2472 3669 2818 3727 dilectionem
2845 3681 3081 3726 vestram
3120 3672 3420 3728 certissime
3449 3688 3608 3728 nosso

2017 3760 2394 3831 desidero,me
2422 3761 2588 3829 illam,
2605 3763 2845 3820 donante
2866 3763 3118 3829 Domino,
3144 3763 3417 3819 custodire
3446 3764 3606 3820 tidem

2018 3868 2179 3922 quam
2224 3869 2378 3909 sacra
2421 3854 2787 3925 apostolorum
2818 3854 3060 3909 doctrina
3088 3854 3399 3921 Constituit,
3446 3870 3605 3925 quam

2019 3947 2248 4001 Nicaeum
2276 3946 2463 4018 synodi
2498 3945 2729 4000 ﬁrmavit
2758 3946 3083 4011 auctoritas,
3108 3960 3268 4016 quam
3300 3944 3598 4002 Constanti.

2020 4039 2364 4110 nopolitante,
2420 4036 2713 4108 Ephesius;
2755 4038 2974 4109 primas,
3027 4045 3083 4092 et
3131 4036 3605 4104 Chalcedonensis,

330 4138 547 4182 necesse
574 4136 680 4192 est,
728 4136 820 4181 aut
872 4127 963 4197 (ne
1006 4127 1232 4181 aliorum
1282 4127 1509 4196 perditio
1540 4143 1658 4183 esse
1687 4128 1914 4200 possint)
1951 4098 1995 4157 ο
2021 4140 2329 4185 sanctarum
2373 4128 2701 4201 synodorum
2749 4129 3111 4200 explanavere
3161 4129 3477 4195 sententias,
3508 4146 3609 4184 nec

330 4221 620 4276 secundum
664 4234 902 4275 canones
931 4234 1029 4289 per
1074 4220 1358 4275 smculares
1405 4220 1686 4290 comprimi
1734 4228 1918 4291 potes-

335 4322 484 4369 tates.

745 4424 1079 4479 EPISTULA
1120 4424 1164 4480 v
1206 4425 1354 4496 (olim
1382 4424 1493 4495 vn.

791 4553 859 4590 Αο
897 4553 1171 4593 EPISCOPOS
1212 4552 1432 4592 τυεειΑ-ζ.

685 4643 833 4716 Ipsos
862 4645 925 4699 ob
953 4648 1175 4700 schisma
1198 4646 1541 4717 reprehendit.

403 4755 772 4811 Dilectissimis
818 4758 1073 4815 fratribus
1127 4755 1467 4825 Gaudentio,
1527 4758 1912 4823 Maximiliano,

333 4844 590 4901 Gerontio
616 4888 631 4911 ,
673 4846 825 4903 iusto
849 4892 864 4916 ,
897 4847 1152 4905 Terentio
1177 4890 1194 4916 ,
1229 4849 1387 4905 Vitali
1416 4859 1471 4905 et
1507 4849 1796 4906 Laurentio
1822 4864 1918 4920 per

332 4936 577 4996 Tusciam
606 4942 988 5008 Annonariam,
1021 4941 1286 5011 Pelagius.

405 5033 668 5089 Directam
715 5051 746 5089 a
790 5036 942 5090 vobis
971 5034 1289 5089 relationem
1312 5077 1327 5100 ,
1359 5033 1642 5089 defensore
1666 5031 1916 5090 Ecclesia:

332 5132 526 5179 nostra:
552 5124 790 5181 Jordane
815 5125 1089 5181 deferente
1113 5165 1129 5191 ,
1151 5127 1538 5197 suscipientes,
1565 5128 1698 5181 satis
1737 5128 1916 5182 mirati

333 5229 517 5271 sumus
528 5218 600 5272 ita
616 5234 713 5272 vos
725 5219 1037 5288 apostolica:
1049 5219 1389 5273 auctoritatis
1404 5219 1618 5285 oblitos,
1634 5228 1692 5274 ut
1703 5219 1918 5274 divisio-

335 5323 461 5363 nem
485 5322 714 5367 vestram
738 5313 805 5367 ab
825 5312 1116 5367 universali
1138 5310 1374 5369 Ecclesia
1402 5328 1524 5367 meo
1545 5314 1707 5367 etiam
1735 5314 1918 5369 volue-

334 5400 454 5454 ritis
481 5404 641 5471 (quod
685 5403 846 5474 absit)
892 5419 1157 5463 consensu
1202 5404 1430 5469 ﬁrmari;
1472 5413 1527 5458 et
1553 5419 1690 5473 quos
1733 5404 1917 5460 decuit

332 5491 645 5560 popularem
668 5495 1023 5562 ignorantiam
1052 5497 1371 5551 sacerdotali
1403 5496 1645 5552 doctrina
1681 5497 1917 5567 compri-

336 5599 489 5637 mere
513 5625 527 5650 ,
553 5585 605 5640 in
633 5578 1011 5641 contumeliam
1042 5586 1184 5644 sedis
1201 5588 1546 5659 apostolica),
1577 5587 1749 5657 plebis
1778 5586 1915 5642 velle

336 5676 491 5743 sequi
514 5676 789 5744 judicium.
830 5676 940 5732 Nec
962 5677 1062 5733 ista
1102 5677 1367 5747 dicentes,
1389 5678 1639 5747 injuriam
1670 5687 1913 5734 nostram

412 5790 429 5820 ⁸
474 5790 674 5861 Ansel.,
703 5791 795 5847 lib.
826 5806 930 5859 an,
962 5808 1009 5848 c.
1033 5794 1085 5848 4.
1118 5795 1305 5867 Polyc.
1335 5794 1428 5849 lib.
1457 5810 1494 5859 ι,
1530 5793 1614 5848 tit.
1639 5789 1724 5847 i5.

2021 4222 2311 4289 quidquam
2361 4220 2427 4275 de
2465 4219 2807 4290 praelatarnm
2849 4218 3179 4291 synodorum
3205 4218 3607 4274 deﬁnitionibus

2022 4312 2105 4366 vel
2136 4311 2468 4366 imminuisse
2496 4324 2581 4365 me
2610 4308 2830 4379 aliquid,
2856 4309 2943 4364 vel
2971 4308 3206 4377 auxisse,
3233 4318 3324 4363 aut
3352 4309 3404 4363 in
3426 4309 3608 4379 aliquo

2021 4412 2384 4472 permutasse;
2415 4401 2510 4457 sed
2531 4401 2732 4465 omnia,
2756 4400 2869 4455 Deo
2892 4400 3143 4470 propitio,
3171 4414 3289 4469 qua:
3318 4401 3384 4455 ab
3413 4401 3515 4456 illis
3539 4401 3607 4457 de

2023 4492 2142 4569 lidei
2195 4493 2429 4562 puritate
2457 4491 2762 4562 conscripta
2791 4497 2915 4546 sunt
2933 4531 2948 4556 ,
2999 4489 3387 4546 inviolabiliter
3416 4499 3604 4548 custo-

2018 4584 2162 4639 dire:
2190 4581 2545 4637 anatheiuatis
2575 4580 2920 4636 nihilominus
2944 4579 3146 4649 judicio
3173 4578 3426 4647 subdens,
3452 4582 3601 4651 quis-
3694 4610 3703 4613 -

2019 4674 2139 4744 quis
2177 4683 2244 4727 au
2272 4674 2756 4743 suprascriptarum
2790 4680 3034 4741 quatuor
3073 4673 3401 4745 synodorom
3438 4673 3597 4729 ﬁdem

2017 4764 2104 4818 vel
2133 4764 2199 4818 ad
2249 4763 2542 4818 beatissimi
2593 4761 2788 4818 Leonis
2819 4761 3060 4833 prmsulis
3104 4762 3415 4833 apostolica:
3460 4763 3606 4817 sedis

2021 4855 2249 4911 Tomum
2278 4894 2293 4919 ,
2318 4857 2407 4925 qui
2438 4854 2494 4908 in
2522 4853 2947 4909 Chalcedonensi
2976 4861 3060 4908 est
3087 4852 3293 4924 synodo
3313 4851 3597 4907 conﬁrma.

2021 4956 2107 5003 tns
2129 4985 2145 5012 ,
2175 4947 2352 5016 aliqua
2395 4961 2463 5000 ex
2502 4956 2655 5016 parte
2683 4946 2768 5001 vel
2793 4943 3167 4999 inﬁrmandum
3196 4942 3603 5011 quoquomodo,

2018 5040 2104 5093 vel
2151 5038 2204 5093 in
2240 5038 2457 5093 dubium
2483 5037 2646 5108 (quod
2699 5037 2859 5105 absit)
2905 5031 3271 5090 deducendum
3315 5031 3603 5102 aliquando

2018 5130 2373 5185 consenserit.
2425 5127 2536 5183 [iac
2559 5128 2718 5195 igitur
2755 5125 2977 5181 dilectio
3021 5132 3202 5178 vestra
3246 5119 3372 5178 ﬁdei
3403 5132 3625 5179 nostrar

2018 5219 2353 5290 professione
2382 5218 2609 5282 munita,
2640 5217 2994 5285 ignorantiam
3023 5214 3297 5268 hominum
3327 5214 3491 5285 (sicut
3512 5232 3602 5271 sa-

2016 5317 2261 5368 cerdotes
2316 5311 2494 5381 decet)
2549 5310 2600 5364 in
2659 5310 2848 5379 spiritu
2904 5306 3326 5362 mansuetudinis
3371 5306 3601 5363 edoccre

2023 5405 2254 5468 festinet,
2278 5411 2333 5458 et
2354 5419 2383 5457 a
2411 5417 2575 5472 prava
2607 5401 2904 5455 intentione
2924 5397 3103 5455 modis
3150 5398 3398 5454 omnibus
3438 5413 3597 5453 revo-

2021 5510 2145 5548 care
2185 5504 2348 5563 atque
2395 5493 2583 5547 unitati
2626 5488 2882 5546 Ecclesia:
2925 5488 3170 5545 reddere.
3203 5487 3357 5557 Quod
3402 5490 3447 5545 si
3477 5491 3597 5559 quis

2021 5584 2160 5637 forte
2205 5562 2371 5637 etiam
2414 5591 2539 5652 post
2579 5580 2694 5635 hanc
2722 5581 2955 5651 aliquem
2982 5579 3085 5635 sibi
3114 5595 3397 5652 superesse
3426 5578 3598 5635 credit

2020 5672 2365 5743 scrupulum;
2398 5672 2465 5729 ab
2496 5672 2686 5727 insano
2714 5670 2946 5727 tumultu
2968 5667 3240 5741 desinens,
3270 5669 3337 5726 ad
3361 5684 3459 5726 nos
3480 5683 3597 5723 ina-
