3966 6170
214 263 314 319 399

1588 261 1854 320 PELAGII
1895 263 2095 319 ΡΑΡᾹΞ
2127 263 2148 319 1

3389 263 3498 316 ιζΰο

210 380 288 443 gis
316 379 500 433 venire
530 375 745 432 festinet
777 397 788 432 :
823 385 878 432 ut
905 392 972 432 ex
1002 376 1084 431 his
1124 391 1246 447 qua:
1279 376 1530 443 dubitat,
1559 377 1800 432 rationa-
1829 399 1881 458 Α
1909 384 2276 432 trecentorum
2323 373 2512 432 decem
2568 381 2623 431 et
2686 381 2813 430 octo
2837 415 2852 442 ,
2901 373 3498 445 Constantinopolitano

210 469 300 523 bili
328 469 694 524 satisfactione
727 475 982 539 percepta
1007 508 1023 534 ,
1055 467 1208 522 laetus
1233 509 1246 532 ,
1281 466 1394 523 Deo
1418 468 1672 539 propitio,
1705 483 1801 523 co-

207 556 352 626 guiia
383 559 608 615 veritate
631 601 645 625 ,
675 557 965 613 universali
1013 557 1342 614 reformetur
1369 556 1657 613 Ecclesiae.
1688 557 1798 613 Nos

209 650 352 724 enim
411 648 724 718 (secundum
797 647 1149 717 apostolicam
1218 646 1566 718 sententiam)
1623 646 1799 717 parati

207 757 389 796 sumus
419 740 488 794 ad
513 740 924 810 satisfactionem
970 741 1112 794 omni
1157 739 1390 808 poscenti
1417 755 1513 793 nos
1542 739 1797 793 rationem

208 830 270 882 de
297 846 356 882 ea
378 844 491 897 quae
511 828 564 882 in
591 827 738 882 nobis
764 837 839 882 est
866 827 969 898 ﬁde
1004 826 1059 894 (1
1081 827 1226 882 Petr.
1253 827 1337 900 ιιι)
1367 845 1380 881 :
1415 828 1540 898 quia
1570 827 1622 881 in
1652 827 1800 881 nullo

208 935 306 975 nos
332 935 362 974 a
391 919 589 975 sanctis
615 918 883 987 Patribus,
910 919 1250 974 custodiente
1273 933 1369 973 nos
1397 917 1574 972 divina
1604 915 1798 986 gratia,

207 1011 556 1079 cognovimus
580 1009 847 1064 deviasse.
874 1008 1134 1064 Dominus
1166 1023 1262 1063 vos
1293 1007 1590 1062 incolumes
1617 1014 1800 1061 custo-

210 1100 352 1169 diat,
379 1083 571 1155 fratres
598 1099 916 1154 eharissimi.
951 1098 1071 1153 Dat.
1115 1115 1184 1152 xv
1207 1097 1418 1152 calend.
1451 1096 1633 1162 Mart.,
1657 1111 1799 1150 anno

215 1191 276 1246 l5
302 1199 424 1262 post
445 1189 780 1247 consulatum
803 1189 986 1245 Basilii
1005 1189 1103 1244 viri
1133 1187 1435 1244 clarissimi.

615 1318 944 1377 EPISTOLA
987 1321 1052 1376 v1
1084 1323 1231 1393 (olim
1263 1321 1396 1391 vn).

615 1430 680 1468 AD
720 1428 1015 1468 UNIVERSUII
1047 1429 1288 1469 POPULUI
1318 1428 1425 1467 DEI.

754 1505 830 1558 De
853 1505 959 1575 ﬁde
987 1506 1262 1560 catholica.

284 1612 528 1683 Pelagius
555 1613 842 1684 episcopus
869 1614 1120 1670 universo
1141 1615 1342 1686 populo
1364 1614 1478 1671 Dei.

285 1706 386 1763 Vas
411 1705 692 1762 electionis
719 1706 1060 1762 beatissimus
1102 1705 1302 1762 Paulus
1323 1708 1599 1778 apostolus
1625 1749 1642 1776 ,
1669 1722 1791 1763 cum

209 1801 274 1855 de
298 1799 493 1855 Judaais
517 1800 570 1854 in
595 1797 814 1870 Christo
839 1798 1067 1854 necdum
1088 1777 1433 1856 credentibus
1459 1800 1792 1868 loqueretur,
1824 1777 1870 1836 Β

203 1892 380 1945 zelum
410 1906 506 1946 eos
535 1890 632 1944 D-i
678 1890 884 1946 habere
909 1889 1185 1960 professus
1222 1897 1305 1945 est
1329 1932 1347 1959 ,
1375 1889 1472 1946 sed
1507 1905 1576 1944 ne
1601 1905 1669 1946 ex
1693 1891 1796 1946 hoc

208 1981 322 2034 sine
362 1979 518 2049 culpa
547 1993 667 2034 esse
706 1979 1074 2047 crederentur,
1106 1989 1506 2052 consequenter
1532 1980 1729 2049 adjecit
1779 1999 1792 2034 :

209 2069 317 2124 Sed
344 2086 446 2124 non
477 2069 760 2124 secundum
805 2072 1074 2125 scientiam
1119 2071 1298 2144 (Rom.
1329 2073 1426 2140 x):
1459 2080 1519 2128 ut
1554 2087 1649 2127 eos
1695 2087 1794 2126 ne-

207 2161 439 2216 cessarie
481 2175 575 2230 per
603 2159 900 2215 doctrinam
931 2177 960 2214 a
990 2160 1102 2216 Deo
1131 2161 1230 2216 sibi
1262 2161 1524 2216 creditam
1552 2160 1798 2216 ostende-

209 2261 291 2305 ret
335 2249 724 2306 emendandos.
779 2251 932 2316 Quod
973 2252 1336 2307 testimonium
1393 2259 1580 2307 nostro
1631 2252 1795 2308 etiam

208 2343 436 2412 tempori
491 2342 785 2397 convenire
833 2342 1071 2399 charitas
1119 2352 1304 2398 vestra
1367 2359 1476 2398 nou
1529 2342 1791 2412 ambigit:

207 2433 329 2501 quia
361 2431 463 2490 etsi
489 2431 661 2486 zelum
685 2430 780 2485 Dei
807 2432 861 2485 in
885 2432 1240 2499 quorumdam
1266 2431 1538 2486 mentibus
1553 2445 1673 2486 esse
1697 2430 1794 2487 de-

209 2521 622 2592 prehendimus,
654 2520 708 2574 in
738 2520 842 2575 hoc
869 2528 1048 2575 tamen
1080 2521 1223 2589 quod
1245 2521 1642 2590 suspicionibus
1670 2521 1794 2589 qui-

208 2611 430 2666 busdam
457 2611 574 2666 sine
619 2610 810 2665 notitia
839 2611 1082 2684 veritatis
1121 2626 1180 2666 se
1217 2618 1608 2667 concusserunt
1634 2619 1796 2679 atque

207 2702 541 2767 concutiunt,
575 2709 626 2757 et
657 2700 802 2771 quod
823 2717 884 2756 se
903 2717 935 2756 a
964 2703 1262 2758 visceribus
1279 2703 1448 2758 unicae
1471 2703 1660 2758 matris
1689 2701 1792 2757 Ec-

207 2793 384 2848 clesiae
416 2791 615 2847 nefaria
655 2791 999 2848 animositate
1027 2793 1370 2864 discerpunt,
1399 2795 1518 2852 sine
1564 2795 1792 2851 scientia

207 2899 302 2938 eos
355 2897 476 2938 esse
521 2898 629 2938 non
659 2882 880 2937 dubium
921 2891 1022 2940 est.
1057 2882 1123 2938 Et
1151 2870 1433 2954 possemus
1463 2885 1792 2958 [possumus]

207 2974 421 3044 quidem
451 2975 616 3030 totius
644 2989 820 3030 causa:
848 2975 1114 3030 rationem
1156 2975 1222 3030 ad
1251 2975 1519 3031 sedandos
1547 2993 1794 3032 rumores

208 3067 516 3131 hominum,
563 3065 746 3120 divina
789 3066 946 3122 nobis
1000 3075 1332 3138 cooperante
1378 3068 1790 3134 misericordia,

208 3157 526 3213 ﬁducialiter
551 3158 853 3228 explicare;
886 3159 1126 3228 nihilque
1162 3168 1350 3214 contra
1382 3160 1538 3215 ﬁdem
1572 3159 1790 3215 Patrum
1817 3159 1860 3218 Ο

209 3256 504 3316 contraque
547 3255 778 3316 quatuor
822 3248 1150 3320 synodorum
1193 3247 1498 3304 ﬁrmitatem
1526 3251 1791 3304 ullatenus

208 3357 329 3397 esse
359 3343 673 3398 tentandum
703 3343 1038 3418 [tentatum],
1082 3345 1423 3402 lucidissimis
1443 3348 1791 3417 approbatio-

210 3433 369 3488 nibus
387 3432 794 3502 demonstrare;
825 3436 1101 3505 magisque
1131 3435 1183 3490 id
1209 3445 1407 3503 actum,
1433 3445 1492 3492 ut
1519 3452 1788 3494 memora-

209 3535 384 3578 tarum
399 3523 725 3594 synodorum
750 3523 972 3580 ﬁrmitas
992 3533 1181 3582 contra
1207 3542 1396 3582 omnes
1417 3527 1665 3584 inimicos
1685 3528 1789 3582 im-

208 3618 394 3673 mobili
441 3615 713 3672 soliditate
742 3617 1084 3674 consisteret.
1133 3615 1242 3671 Sed
1284 3617 1411 3686 quia
1456 3618 1561 3672 hoc
1589 3618 1672 3672 bis
1698 3618 1790 3688 qui

207 3709 346 3765 lacte
373 3709 549 3780 potius
577 3723 737 3776 quam
777 3707 958 3763 solido~
980 3708 1102 3763 cibo
1133 3708 1402 3764 nutriendi
1434 3717 1559 3764 sunt
1587 3709 1641 3783 (1
1668 3728 1785 3765 eor.

206 3804 284 3868 ιιι)
313 3800 674 3857 necessarium
706 3814 824 3854 esse
853 3814 959 3854 non
989 3799 1258 3869 duximus,
1290 3808 1349 3855 ut
1390 3800 1553 3874 (sicut
1580 3817 1786 3857 memo-

207 3903 354 3947 ratus
383 3892 582 3948 Doctor
606 3891 846 3960 gentium
868 3890 1020 3958 dicit)
1062 3892 1202 3946 inter
1222 3890 1492 3962 perfectos
1520 3892 1788 3962 loquenda

207 3985 275 4038 sit
297 3984 561 4053 sapientia
580 4003 592 4036 ε
610 3984 941 4039 hocinterim
967 3985 1111 4054 quod
1129 3985 1291 4040 etiam
1324 3985 1559 4055 parvulis
1578 3986 1789 4042 abunde

207 4074 457 4141 sufﬁciat,
491 4074 555 4128 ad
599 4075 845 4128 notitiam
874 4075 1112 4130 omnium
1144 4073 1491 4130 deferendum
1521 4091 1638 4132 esse
1662 4092 1787 4147 per-

207 4166 500 4237 speximus.
531 4165 588 4220 Id
616 4174 794 4221 autem
824 4174 927 4233 est,
962 4175 1017 4221 ut
1041 4165 1207 4222 ﬁdem
1227 4182 1402 4222 meam
1430 4182 1642 4223 annexa
1661 4169 1788 4224 sub-

210 4267 292 4314 ter
319 4257 652 4328 professione
702 4257 952 4314 deﬁniam
977 4299 991 4324 ,
1022 4259 1074 4313 in
1104 4273 1228 4330 qua,
1277 4259 1389 4314 Deo
1427 4259 1661 4330 propitio
1685 4301 1699 4326 ,
1734 4269 1789 4316 et

209 4359 369 4404 recta:
398 4365 484 4405 me
506 4351 876 4420 apostolorum
907 4349 1170 4406 doctrinae
1192 4359 1248 4406 et
1276 4349 1492 4406 Patrum
1524 4351 1786 4407 inbatrere

210 4440 448 4509 vestigiis
475 4441 754 4497 evidenter
800 4449 1093 4512 appareat,
1145 4450 1206 4496 ut
1230 4456 1326 4512 per
1351 4458 1467 4509 vos,
1493 4443 1583 4513 qui
1611 4443 1784 4498 zelum

210 4531 301 4587 Dei
335 4532 496 4586 etiam
518 4549 640 4588 cum
661 4535 882 4589 scientia
916 4535 1218 4604 possidetis,
1234 4537 1442 4591 eteteris
1463 4536 1782 4600 innotescat,
1819 4535 1864 4594 Ι)

209 4639 345 4695 quos
367 4633 628 4695 operante
654 4625 863 4707 Domini
895 4629 1060 4682 nostri
1087 4629 1256 4696 gratia
1277 4669 1291 4694 ,
1317 4645 1424 4683 non
1453 4631 1569 4686 sine
1610 4640 1789 4687 vestra

209 4713 460 4770 mercede
505 4713 573 4768 ab
620 4715 966 4770 irrationabili
995 4715 1272 4772 divisionis
1299 4731 1408 4771 suae
1441 4719 1582 4772 malo
1622 4720 1788 4774 conli-

211 4803 384 4859 dimns
411 4803 735 4867 liberandos.

282 4891 355 4946 De
396 4895 596 4950 sanctis
626 4909 753 4950 vero
798 4903 1029 4966 quatuor
1055 4901 1294 4958 conciliis
1316 4942 1330 4966 ,
1385 4905 1438 4960 id
1467 4916 1550 4962 est
1582 4908 1795 4969 Nicmno

1909 472 2127 520 centum
2157 457 2545 534 quinquaginta
2563 506 2578 532 ,
2599 461 2869 534 Ephesino
2895 465 3068 535 primo
3116 463 3498 536 ducentorum,

1901 555 1997 611 sed
2027 563 2083 611 et
2103 554 2170 610 de
2191 553 2618 611 Chalcedonensi
2645 564 3023 610 sescentorum
3047 555 3285 623 triginta,
3313 557 3387 610 ita
3411 571 3498 611 me

1903 653 2224 717 protegente
2251 646 2430 701 divina
2460 645 2830 702 misericordia
2859 646 3115 709 sensisse,
3152 655 3208 700 et
3235 662 3407 716 usque
3423 647 3495 701 ad

1903 738 2194 793 terminum
2213 737 2337 792 vita:
2357 752 2490 792 mea:
2511 736 2713 792 sentire
2743 744 2858 790 toto
2879 737 3059 790 animo
3080 744 3135 790 et
3156 743 3268 791 tota
3295 738 3496 794 virtute

1899 829 2179 901 proﬁteor,
2198 839 2259 885 ut
2274 845 2368 886 eas
2386 831 2440 885 in
2471 837 2672 886 saneta:
2700 827 2822 884 ﬁdei
2839 827 3150 884 defensione
3175 834 3234 882 et
3264 826 3490 882 damna-

1901 921 2137 976 tionibus
2160 921 2423 976 htcresum
2441 928 2604 988 atque
2623 919 2999 974 hatreticorum
3021 960 3037 985 ,
3072 925 3132 972 ut
3153 925 3279 987 pote
3302 923 3494 969 sancto

1901 1011 2140 1068 ﬁrmatas
2171 1011 2406 1082 Spiritu,
2458 1010 2766 1066 omnimoda
2805 1009 3093 1064 devotione
3129 1006 3432 1063 custodiam
3474 1025 3490 1060 :

1899 1117 2124 1172 quarum
2139 1102 2466 1165 ﬁrmitatem,
2496 1101 2621 1171 quia
2637 1099 2956 1155 universalis
2981 1098 3239 1154 Ecclesia:
3267 1098 3495 1154 ﬁrmitas

1899 1199 2003 1256 est,
2028 1191 2100 1244 ita
2121 1206 2207 1246 me
2232 1191 2368 1246 tueri
2398 1206 2462 1246 ac
2483 1189 2777 1245 defendere
2799 1188 3060 1259 proﬁteor
3077 1229 3092 1252 ,
3117 1188 3259 1243 sicut
3283 1203 3375 1242 eas
3402 1187 3491 1242 de-

1899 1298 2144 1338 cessores
2168 1298 2317 1338 meos
2344 1282 2648 1338 defendisw
2680 1297 2785 1336 non
2813 1281 3032 1336 dubium
3063 1288 3146 1334 est
3177 1298 3191 1332 :
3217 1280 3272 1334 in
3297 1279 3489 1349 quibus

1901 1371 2048 1426 illum
2091 1371 2176 1445 (S.
2222 1371 2348 1442 Leo)
2374 1372 2607 1426 maxime
2633 1379 2689 1425 et
2719 1370 2870 1440 sequi
2908 1377 2963 1424 et
2992 1369 3191 1424 imitari
3220 1368 3487 1432 desidero,

1899 1475 2058 1531 quem
2079 1455 2532 1517 Chalcedonensis
2543 1461 2729 1532 synodi
2750 1469 3030 1515 auctorem
3056 1459 3302 1513 novimus
3320 1459 3486 1512 exsti-

1902 1548 2047 1618 tisse;
2063 1553 2152 1621 qui
2167 1567 2266 1606 suo
2287 1565 2592 1620 congruens
2615 1549 2968 1618 uomini,ejus
2988 1565 3044 1604 se
3076 1549 3374 1604 membrum
3391 1548 3483 1616 qui

1898 1640 1966 1695 de
1983 1641 2120 1696 tribu
2132 1639 2271 1696 Juda
2293 1640 2380 1695 leo
2395 1641 2622 1703 exstitit,
2640 1640 2974 1696 vivacissima
2994 1639 3115 1694 ﬁdei
3129 1637 3488 1694 sollicitudine

1899 1730 2179 1787 evidenter
2207 1733 2462 1787 ostendit.
2503 1733 2744 1787 Similem
2789 1731 2950 1801 igitur
2990 1732 3369 1801 suprascriptis
3390 1746 3482 1802 sy-

1899 1821 2059 1879 nodis
2079 1825 2437 1878 reverentiam
2462 1840 2548 1879 me
2585 1839 2800 1894 semper
2828 1824 3192 1879 exhibiturum
3221 1839 3340 1879 esse
3360 1839 3489 1880 eon-

1901 1911 2029 1979 ﬁdo,
2061 1922 2115 1968 et
2143 1914 2451 1984 quicunque
2474 1915 2540 1969 ab
2570 1915 2757 1968 iisdem
2789 1922 3023 1983 quatuor
3047 1912 3295 1968 conciliis
3318 1912 3486 1967 abso-

1899 2005 1994 2059 luti
2023 2014 2166 2068 sunt,
2224 2021 2311 2060 me
2339 2021 2460 2060 esse
2488 2005 2820 2062 orthodoxos
2849 2003 3151 2059 habiturum
3172 2045 3190 2071 ,
3239 2019 3340 2059 nec
3381 2019 3483 2057 un-

1897 2107 2058 2162 quam
2088 2093 2142 2147 in
2172 2095 2282 2148 vita
2313 2109 2430 2147 mea
2454 2137 2470 2162 ,
2520 2095 2626 2150 Deo
2655 2110 2755 2150 nos
2784 2095 2837 2149 in
2867 2094 3116 2149 omnibus
3143 2102 3486 2164 protegente,

1899 2184 2099 2252 aliquid
2129 2186 2196 2239 de
2224 2194 2424 2240 sancta:
2455 2193 2512 2240 et
2541 2200 2679 2240 vera:
2716 2185 3114 2256 prmdication'ts
3141 2199 3326 2239 eorum
3353 2199 3482 2237 aue-

1902 2275 2121 2329 toritate
2148 2274 2412 2330 minuere.

1966 2366 2072 2422 Sed
2101 2375 2154 2422 et
2175 2381 2428 2432 canones,
2460 2382 2602 2436 quos
2620 2367 2775 2424 sedes
2797 2367 3094 2438 apostolica
3115 2366 3371 2436 suscepit,
3398 2381 3483 2419 se-

1896 2473 2036 2527 quor
2065 2464 2120 2511 et
2161 2472 2418 2522 veneror,
2466 2468 2522 2512 et
2551 2458 2662 2512 Deo
2705 2457 2994 2527 adjuvante
3017 2456 3274 2520 defendo,
3308 2471 3489 2525 neque

1895 2547 1982 2602 vel
2030 2546 2099 2602 de
2141 2547 2243 2602 hac
2297 2547 2630 2617 professione
2673 2548 2902 2602 reticere
2951 2555 3044 2600 aut
3073 2547 3344 2601 discedere
3381 2545 3484 2598 ali-

1895 2639 2110 2710 quando
2136 2640 2419 2710 promitto.
2447 2638 2718 2708 Epistolas
2740 2639 2901 2694 etiam
2932 2639 3104 2693 beatm
3141 2637 3478 2693 recordatio-

1895 2731 1979 2786 nis
2005 2745 2158 2802 papae
2183 2729 2456 2786 Ctelestiui
2474 2773 2490 2799 ,
2520 2729 2656 2785 Sixti
2679 2738 2735 2784 et
2759 2745 2867 2800 prae
2887 2730 3134 2784 omnibus
3163 2729 3307 2783 beati
3337 2726 3480 2782 Leo-

1896 2821 2000 2886 nis,
2023 2837 2125 2877 nec
2154 2837 2261 2876 non
2283 2821 2446 2876 etiam
2471 2835 2841 2876 successorum
2869 2820 3005 2889 ejus,
3039 2819 3245 2883 Hilarii,
3267 2817 3481 2887 Simpli-

1894 2915 1984 2979 cii,
2018 2913 2212 2969 Felicis
2237 2954 2252 2979 ,
2275 2911 2475 2968 Gelasii
2500 2954 2515 2979 ,
2548 2912 2839 2979 Anastasii,
2873 2911 3208 2984 Symmachi,
3242 2909 3483 2965 Herulis-

1894 3005 2004 3074 dae,
2042 3004 2298 3071 Joannis,
2328 3005 2553 3072 Felicis,
2581 3004 2840 3060 Bonifaeii
2861 3047 2877 3072 ,
2902 3003 3127 3059 Joannis
3155 3002 3394 3068 alterius,
3425 3009 3482 3055 et

1895 3096 2143 3167 Agapeti,
2170 3113 2268 3166 pro
2298 3096 2612 3153 defensione
2637 3097 2758 3152 fidei
2786 3096 3085 3163 catholicae,
3117 3104 3173 3151 et
3200 3111 3298 3167 pro
3322 3093 3474 3148 firmi

1893 3197 2006 3244 tate
2030 3189 2514 3259 suprascriptarum
2555 3197 2789 3260 quatuor
2807 3189 3135 3261 synodorum
3154 3231 3171 3257 ,
3201 3196 3256 3243 et
3285 3196 3476 3243 contra

1893 3278 2175 3334 haereticos
2200 3319 2216 3344 ,
2242 3286 2351 3332 tam
2383 3279 2450 3333 ad
2473 3279 2742 3350 principes
2768 3296 2928 3350 quam
2953 3279 3023 3334 ad
3051 3279 3362 3350 episcopos,
3395 3277 3484 3333 vet

1893 3368 2168 3442 quoslibet
2196 3368 2332 3424 alios
2360 3382 2456 3440 per
2478 3367 2751 3425 Orientem
2781 3379 2835 3424 et
2854 3369 3122 3440 Illyricum
3150 3377 3313 3437 atque
3343 3367 3476 3421 Dar-

1891 3457 2146 3526 daniam,
2201 3457 2444 3527 aliasque
2501 3458 2810 3528 provincias
2863 3457 3091 3514 diversis
3146 3457 3486 3526 temporibus

1891 3549 2122 3612 missas,
2176 3547 2587 3614 inviolabiliter,
2639 3549 2930 3618 adjuvante
2993 3549 3210 3604 Christo
3250 3546 3486 3602 Domino

1893 3645 2080 3695 nostro
2105 3679 2120 3705 ,
2153 3654 2240 3694 me
2267 3639 2540 3694 custodire
2569 3637 2828 3709 proﬁteor
2849 3681 2864 3707 ,
2891 3648 2950 3696 et
2991 3655 3181 3696 omnes
3209 3653 3347 3709 quos
3379 3638 3486 3710 ipsi

1891 3731 2286 3786 damnaverunt
2308 3729 2509 3785 habere
2537 3729 2853 3795 damnatos;
2883 3739 2938 3785 et
2959 3745 3096 3800 quos
3133 3729 3231 3799 ipsi
3253 3742 3476 3798 recepe-

1889 3831 2038 3887 runt,
2078 3821 2348 3890 prmeipue
2395 3819 2731 3874 venerabiles
2775 3820 3060 3890 episcopos
3087 3819 3482 3874 Theodorttum

1889 3920 1945 3965 et
1972 3910 2141 3976 lbam,
2177 3925 2264 3965 me
2287 3911 2427 3965 inter
2456 3909 2788 3965 orthodoxos
2819 3911 3086 3965 venerari.

1959 3999 2085 4056 Haec
2124 4010 2208 4056 est
2237 4001 2399 4071 igitur
2431 4001 2560 4058 ﬁdes
2589 4015 2708 4057 mea
2747 4010 2803 4056 et
2830 4017 2953 4072 spes
2996 4017 3136 4068 mea,
3162 4018 3281 4073 quae
3310 4003 3361 4056 in
3389 4017 3474 4057 me

1888 4090 2033 4148 dono
2061 4092 2443 4147 misericordia:
2465 4092 2556 4148 Dei
2583 4101 2667 4148 est
2691 4111 2704 4145 :
2736 4109 2834 4162 pro
2861 4109 2966 4164 qua
2995 4095 3231 4149 maxime
3258 4102 3474 4166 paratos

1889 4196 1991 4236 nos
2035 4195 2155 4236 esse
2203 4181 2422 4246 debere,
2454 4181 2646 4238 beatus
2691 4180 2885 4238 Petrus
2923 4181 2990 4236 ad
3040 4182 3472 4253 respondendum

1889 4271 2035 4326 omni
2075 4271 2318 4341 poscenti
2348 4286 2447 4327 nos
2487 4271 2752 4327 rationem
2792 4270 2847 4344 (Ι
2881 4271 3027 4326 Petr.
3073 4273 3172 4344 ιιι).
3207 4271 3339 4327 Cum
3369 4273 3471 4328 hac

1889 4366 2224 4436 professione
2271 4381 2358 4421 me
2388 4367 2570 4422 vivere
2605 4376 2736 4438 opto
2755 4406 2768 4430 .
2803 4383 2922 4423 eum
2953 4367 3069 4436 ipsa
3091 4373 3218 4420 ante
3241 4364 3478 4419 tribunal-

1888 4456 2082 4512 Cbristi
2112 4457 2363 4513 assistere
2397 4477 2408 4511 :
2443 4474 2538 4529 per
2566 4458 2704 4514 hanc
2731 4475 2762 4512 a
2803 4457 3044 4529 peccatis
3088 4456 3223 4511 meis
3267 4453 3476 4510 absolvi

1890 4564 1976 4604 me
1995 4550 2186 4616 credo,
2218 4560 2274 4606 et
2293 4553 2358 4607 ad
2381 4553 2658 4608 dexteram
2689 4553 2874 4620 gloria:
2901 4551 3081 4606 divina
3103 4546 3479 4604 misericordia

1889 4645 2300 4715 deportandum.
2345 4647 2661 4716 Quicunque
2688 4654 2866 4701 autem
2895 4644 3037 4700 aliud
3065 4641 3324 4705 senserit,
3352 4653 3472 4694 cre-

1890 4736 2086 4792 diderit
2109 4781 2123 4806 ,
2156 4739 2562 4808 prmdicaverit,
2594 4740 2736 4794 hunc
2756 4736 3177 4794 auathematizat
3211 4741 3395 4790 sancta
3423 4740 3485 4785 et

1897 4828 2213 4884 universalis
2241 4829 2483 4887 Ecclesia
2507 4831 2622 4886 Dei.
2674 4830 2817 4886 Deus
2844 4845 2940 4886 vos
2981 4829 3278 4886 incolumes
3299 4833 3476 4882 custo-

1903 4916 2038 4987 diat,
2068 4918 2160 4974 ﬁlii
2189 4920 2538 4976 dilectissimi.
2573 4921 2762 4977 Amen.

222 5019 3474 5061 __________________________________________

1239 5125 1615 5184 ADMONITIU
1654 5132 1884 5188 JACOBI
1924 5135 2277 5206 διῐιιιοΝοι,
2317 5139 2374 5194 8.
2417 5139 2463 5194 ι.

1307 5258 1372 5298 οε
1410 5259 1601 5300 οιωιιςε
1640 5263 1965 5312 δεουειιτιῠιι
2007 5268 2369 5311 ειηδτοωιιυιι

1635 5365 2028 5384 ἦ

283 5427 394 5491 Quo
424 5444 558 5482 nunc
585 5430 768 5485 ordine
809 5451 839 5488 α
869 5435 1012 5492 nobis
1054 5439 1270 5510 digesta:
1295 5452 1430 5509 sunt,
1461 5444 1594 5498 hunc
1618 5448 1788 5514 ipsum

209 5520 448 5574 exhibent
476 5519 678 5574 codices
706 5524 932 5593 antiqui,
970 5526 1267 5587 Pitltaeanus
1291 5542 1339 5588 et
1373 5533 1676 5600 Lirinensis,
1702 5547 1786 5592 αι-

199 5624 306 5680 quc
327 5608 640 5662 Arelatensis
662 5608 789 5663 adeo
809 5613 893 5666 ille
921 5617 1056 5670 unde
1081 5601 1303 5688 primum
1335 5623 1608 5696 descripta:
1635 5637 1684 5681 ct
1717 5629 1788 5682 ad

217 5699 494 5756 Beronium
516 5699 829 5753 cardinulem
854 5705 1040 5772 misste,
1059 5710 1111 5762 in
1137 5710 1298 5766 lucem
1330 5715 1648 5771 orodierunt.
1677 5719 1784 5772 Sed

1892 5466 2090 5506 summo
2113 5455 2220 5508 viro
2239 5495 2253 5520 ,
2284 5465 2342 5508 ut
2368 5456 2602 5511 ordinem
2629 5459 2984 5527 interpolaret,
3017 5459 3137 5530 fecit
3158 5456 3476 5530 compulit!

1889 5544 2200 5615 antigrapho
2228 5548 2366 5618 quod
2415 5561 2685 5621 acceperat
2729 5554 2841 5623 ejus
2878 5554 3108 5623 epistola:
3129 5553 3432 5623 subscriptio
3456 5591 3481 5616 ,.

1889 5631 1973 5685 ubi
1995 5651 2133 5689 anno
2167 5634 2235 5688 15
2263 5639 2505 5710 scriptum
2537 5643 2706 5712 fuerat
2726 5658 2818 5711 pro
2847 5658 2983 5698 anno
3009 5643 3074 5697 16
3098 5644 3316 5707 Basilii;
3339 5646 3472 5713 quod

1887 5726 2128 5780 mendum
2159 5739 2378 5786 ueterum
2419 5734 2709 5789 earumdem
2741 5733 2983 5791 libror'tm
3021 5755 3116 5807 ope
3145 5738 3467 5794 sustul'mtts.

2034 5815 2089 5830 -ρ
