3954 6178
240 312 336 368 601

631 422 964 480 EPISTOLA
992 422 1082 480 VII
1113 421 1260 496 (olim
1283 419 1443 492 VIII).

478 533 546 571 AD
571 531 847 570 SAPAUDUII
881 529 1171 570 ειδιεεορωί
1200 525 1606 568 ABBLATENSEII.

240 609 579 664 Salutatoria
614 610 920 681 priusquam
959 625 991 662 α
1038 607 1290 678 Sapaudo
1332 607 1534 661 litteras
1571 605 1842 675 acciperet.

319 699 682 755 Dilectissimo
705 699 860 754 fratri
889 697 1146 769 Sapaudo
1178 697 1444 766 Pelagius.

320 797 452 858 Quae
481 791 768 846 nobiscum
793 789 1182 860 omnipotentis
1211 789 1306 844 Dei
1329 789 1502 860 gratia
1530 787 1690 843 fuerit
1718 802 1849 858 opm

243 895 387 952 rata,
417 885 485 940 ad
517 885 837 940 charitatem
869 893 1016 939 tuam
1048 883 1317 940 credimus
1353 883 1518 939 fuisse
1546 884 1845 956 perlatum;

243 991 346 1046 pro
367 990 474 1044 qua
500 989 558 1029 re
580 973 648 1028 ad
678 991 778 1030 nos
804 973 1066 1029 destinari
1090 980 1439 1040 convenerat,
1465 981 1523 1029 ut
1546 973 1850 1028 visitatione

244 1067 525 1121 communi
553 1080 750 1137 magno
782 1066 1010 1121 invicem
1041 1065 1240 1134 gaudio
1270 1063 1590 1120 frueremur.
1627 1063 1735 1118 Nos
1767 1071 1840 1117 ta-

245 1172 372 1211 men
403 1155 658 1210 fraternae
688 1171 955 1212 memores
985 1156 1282 1221 charitatis,
1314 1156 1657 1226 prmsentium
1683 1155 1840 1227 portio

247 1257 429 1302 torum
454 1249 747 1304 occasione
776 1256 1010 1319 reperta,
1065 1249 1302 1304 ofﬁcium
1353 1247 1604 1306 fraternae
1651 1248 1853 1304 saluta-

249 1335 419 1390 tionis
447 1335 831 1406 impendimus,
855 1345 1108 1408 optantcs
1131 1347 1190 1392 ut
1213 1338 1422 1394 alterna
1449 1338 1502 1392 in
1530 1339 1725 1393 timore
1759 1338 1858 1392 Do-

251 1428 388 1482 mini
417 1428 689 1483 charitate
717 1427 978 1494 viventes,
1013 1436 1201 1484 mutuo
1249 1427 1561 1499 frequenter
1606 1428 1854 1484 refovea-

249 1535 376 1578 mur
419 1517 680 1590 alloquio.
713 1516 854 1575 Deus
887 1525 943 1575 te
984 1519 1310 1594 incolumem
1359 1518 1652 1585 custodiat,
1689 1516 1849 1572 frater

252 1613 598 1669 charissime.
621 1611 754 1666 Data
777 1629 828 1668 tv
857 1627 1122 1666 nonarum
1143 1611 1426 1677 Iuliarum,
1452 1627 1594 1666 anno
1620 1608 1688 1664 l5
1738 1619 1860 1679 post

252 1705 602 1761 consulatum
630 1703 815 1758 Basilii
843 1702 945 1758 viri
973 1702 1258 1758 clarissimi
1309 1703 1433 1774 (An.
1466 1701 1660 1756 Christi
1709 1697 1853 1766 5236).

653 1832 989 1890 EPISTOLA
1012 1834 1129 1890 VIII
1159 1836 1308 1908 (olim
1346 1835 1458 1908 IX).

927 1942 995 1980 AD
1025 1942 1265 1981 EUIDEH.

259 2020 502 2076 Hodeste
530 2021 710 2076 laudes
741 2021 910 2104 rejicit
937 2021 1117 2103 quibus
1159 2021 1307 2104 illum
1354 2020 1634 2093 Sapaudus
1666 2023 1723 2077 in
1773 2023 1860 2078 lit-

788 2100 912 2146 teris
939 2100 1046 2146 suis
1076 2100 1318 2146 ornarat.

330 2226 697 2283 Dilectissimo
718 2225 868 2282 fratri
895 2225 1152 2297 Sapaudo
1175 2225 1448 2296 Pelagius.

329 2318 713 2374 Fraternitatis
742 2326 935 2373 vestra:
961 2326 1115 2387 grata
1163 2318 1322 2374 nobis
1365 2318 1632 2387 colloquia
1685 2316 1863 2374 Felice

259 2411 384 2465 viro
406 2408 644 2464 honesto
673 2408 954 2464 deferente
981 2409 1352 2480 suscepimus;
1389 2409 1582 2478 quibus
1630 2408 1864 2464 recensi-

260 2501 353 2564 tis,
413 2496 692 2554 communi
747 2496 979 2552 Domino
1029 2512 1094 2552 ac
1121 2497 1231 2552 Deo
1261 2507 1449 2552 nostro
1479 2495 1865 2552 insufﬁcientes

258 2591 470 2661 gratias
518 2590 745 2659 egimus,
775 2589 903 2659 quia
946 2588 1253 2645 dilectionis
1280 2597 1384 2645 tua:
1413 2589 1861 2656 incolumitatem,

260 2699 388 2754 qua:
408 2680 568 2738 nobis
593 2689 676 2736 est
694 2680 1092 2748 desiderabilis,
1123 2695 1311 2735 eorum
1342 2677 1722 2736 testiﬁcatione
1773 2695 1866 2737 co-

261 2774 571 2843 gnovimus.
605 2770 678 2826 Ea
704 2779 884 2826 autem
907 2785 1027 2840 quae
1048 2771 1100 2825 in
1125 2771 1322 2826 nostris
1342 2755 1587 2826 laudibus
1618 2769 1868 2826 facundia

267 2864 382 2919 oris
406 2863 578 2918 vestri
607 2861 886 2931 disseruit,
915 2876 1226 2933 quanquam
1255 2877 1352 2917 vos
1373 2870 1758 2932 congruentem
1780 2879 1870 2918 vo-

264 2959 349 3013 bis
378 2972 496 3014 rem
519 2955 711 3012 fecisse
739 2954 1086 3011 manifestum
1120 2955 1212 3023 sit,
1245 2969 1344 3010 nos
1376 2961 1555 3011 tamen
1584 2955 1716 3010 nihil
1769 2971 1869 3012 no-

265 3059 439 3108 strum
463 3064 534 3104 ex
561 3049 811 3104 omnibus
839 3063 960 3118 quae
981 3047 1124 3104 dicta
1152 3055 1281 3104 sunt
1300 3055 1678 3116 agnoscentes,
1710 3063 1867 3104 vere-

267 3141 527 3199 cundiam
559 3140 732 3211 magis
760 3139 1102 3207 incurrimus,
1133 3139 1262 3194 illud
1313 3139 1608 3196 doctissimi
1651 3140 1751 3196 viri
1799 3139 1866 3196 ad
1897 3182 1942 3244 Ο

271 3234 514 3289 animum
545 3232 928 3304 producentes,
953 3233 1046 3303 qui
1075 3232 1210 3288 dixit
1235 3251 1249 3288 :
1294 3233 1446 3290 Sicut
1471 3249 1598 3291 vera
1629 3235 1746 3291 laus
1774 3251 1867 3291 or—

273 3335 388 3394 nat,
437 3325 522 3380 sic
551 3323 686 3380 falsa
732 3325 976 3393 castigat.
1007 3323 1233 3380 Multum
1263 3326 1406 3381 enim
1435 3327 1557 3382 vita:
1580 3335 1779 3382 nostra:
1807 3341 1872 3382 ac

274 3433 492 3474 morum
515 3417 682 3472 verba
711 3415 993 3472 charitatis
1028 3425 1222 3471 vestra:
1252 3431 1533 3472 mensuras
1580 3417 1868 3474 excedunt.

274 3508 540 3580 Optamus
563 3514 746 3562 tamen
775 3514 836 3561 ut
877 3513 1191 3563 sanctorum
1245 3509 1488 3564 omnium
1527 3507 1778 3579 precibus
1819 3514 1874 3563 et

276 3600 477 3658 vestris
527 3599 866 3655 orationibus
913 3598 1077 3654 faciat
1118 3614 1220 3654 nos
1271 3599 1413 3655 Deus
1444 3599 1575 3655 tales
1617 3599 1873 3668 existere,

275 3690 472 3760 quales
498 3704 600 3744 vos
629 3704 750 3746 esse
777 3703 844 3744 ex
891 3689 1035 3745 bona
1059 3689 1340 3746 voluntate
1369 3690 1638 3761 pinxistis.
1698 3691 1875 3760 Atque

275 3779 403 3836 ideo
427 3779 733 3835 salutantes
759 3779 946 3836 debito
967 3781 1252 3836 charitatis
1299 3779 1519 3847 affectu,
1574 3781 1876 3838 indicamus

278 3886 401 3934 nos,
426 3871 646 3926 inventa
672 3881 798 3926 ante
825 3871 928 3927 hoc
949 3886 1172 3942 parvum
1197 3879 1406 3944 tempus
1436 3873 1724 3929 occasione
1743 3888 1878 3942 quo-

280 3961 533 4017 rumdam
586 3962 653 4018 de
706 3963 986 4034 provincia
1023 3975 1202 4020 vestra
1251 3965 1478 4038 Romam
1522 3965 1874 4032 venientium,

281 4063 440 4110 tanto
471 4055 674 4111 amoris
701 4055 868 4112 vestri
898 4056 1111 4113 fervore
1139 4057 1302 4114 fuisse
1329 4073 1642 4126 succensos,
1673 4065 1735 4113 ut
1779 4058 1880 4113 im-

284 4149 563 4219 patienter
593 4147 856 4205 ferremus
881 4149 1186 4220 huiusmodi
1216 4151 1676 4222 opportunitatem
1717 4151 1881 4206 silen-

287 4238 366 4292 tio
396 4237 700 4309 praeterire.
727 4237 1042 4294 Scribentes
1071 4253 1304 4309 namque
1334 4240 1721 4309 gloriosissimo
1741 4256 1883 4296 com-

284 4329 443 4385 muni
498 4329 609 4385 ﬁlio
655 4327 1007 4387 Childeberto
1058 4332 1197 4400 regi,
1253 4331 1418 4386 etiam
1467 4330 1536 4386 ad
1563 4331 1881 4387 charitatem

287 4430 439 4478 tuam
472 4423 698 4488 litteras,
727 4423 916 4492 quales
937 4424 1037 4479 sub
1087 4423 1353 4480 brevitate
1406 4423 1665 4494 temporis
1705 4424 1883 4495 potui-

289 4529 417 4570 mus
447 4513 672 4577 dictare,
710 4515 1124 4570 transmisimus.
1173 4513 1429 4580 Quaedam
1482 4522 1664 4569 autem
1701 4515 1881 4582 nobis,

291 4607 440 4662 sicut
464 4605 772 4676 scripsistis,
797 4606 1019 4678 proprio
1044 4622 1142 4662 ore
1180 4606 1480 4661 litterarum
1507 4613 1804 4662 vestrarum
1830 4608 1884 4662 in

291 4698 618 4769 compendio
645 4700 877 4770 portitor
895 4701 1182 4767 intimavit,
1210 4715 1330 4772 quae
1348 4715 1448 4757 nos
1467 4716 1578 4758 non
1604 4700 1890 4758 mediocri-

293 4795 381 4842 ter
407 4797 814 4858 permoverunt,
865 4788 1198 4847 admirantes
1243 4789 1496 4847 nimirum
1542 4805 1648 4862 qua
1678 4792 1891 4847 ratione

293 4886 407 4933 tam
456 4894 595 4934 nova
623 4895 712 4936 res
759 4879 921 4937 fuerit
948 4890 1234 4954 usurpata;
1282 4893 1339 4940 et
1364 4898 1590 4940 necesse
1630 4883 1891 4940 habemus

296 4971 517 5028 solliciti
539 4987 676 5039 esse,
702 4982 761 5029 ut
783 4974 827 5030 si
855 4975 979 5044 quis
1005 4975 1231 5042 venerit,
1264 4991 1371 5032 non
1399 4975 1554 5032 facile
1581 4976 1754 5042 nobis,
1784 4983 1894 5030 tan-

296 5076 464 5132 quam
493 5063 712 5134 ignaris,
740 5065 1023 5137 subripere
1064 5067 1264 5139 aliquid
1292 5067 1558 5124 videatur.
1591 5067 1776 5124 Melius
1805 5076 1888 5124 ta-

296 5165 425 5208 men
466 5151 776 5212 fraternitas
827 5164 918 5213 tua
946 5155 1126 5225 faciet,
1159 5157 1204 5216 si
1251 5159 1726 5230 coguoscensillos
1754 5176 1892 5231 quos

295 5244 651 5315 suspicamini
680 5246 749 5302 ad
776 5262 878 5304 nos
907 5263 1031 5304 esse
1057 5257 1334 5315 venturos,
1363 5249 1527 5304 etiam
1574 5265 1672 5306 vos
1700 5265 1890 5320 perso~

293 5351 425 5394 nam
456 5338 774 5395 instructam
803 5356 872 5398 ex
899 5343 1047 5398 omni
1075 5350 1228 5414 parte
1246 5341 1506 5412 dirigatis,
1529 5358 1649 5413 quae
1669 5344 1748 5400 eis
1768 5358 1893 5414 pos-

293 5432 371 5488 sit
397 5431 665 5489 obsistere
691 5451 704 5488 :
736 5435 861 5504 quia
883 5449 1006 5490 cum
1035 5435 1265 5508 epistola
1286 5445 1462 5492 vestra
1489 5437 1617 5492 nihil
1640 5436 1708 5491 de
1729 5451 1892 5492 causa

297 5522 598 5589 contineat,
630 5523 676 5580 si
706 5524 794 5581 hic
821 5525 913 5595 qui
941 5526 1098 5582 nobis
1127 5527 1288 5584 modo
1312 5543 1379 5584 ex
1409 5527 1686 5584 voluntate
1715 5536 1892 5585 vestra

297 5614 469 5669 verbo
496 5628 691 5685 sugges
721 5616 781 5681 it,
815 5624 942 5672 tunc
970 5617 1113 5687 apud
1142 5634 1240 5676 nos
1268 5626 1500 5691 nequeat
1528 5617 1776 5685 inveniri,
1817 5619 1894 5674 vi-

299 5704 553 5762 debimur
577 5723 678 5764 nos
699 5709 1032 5766 accusatoris
1053 5709 1284 5767 ofﬁcium
1315 5711 1637 5781 suscepisse.
1670 5709 1820 5777 Quod
1850 5711 1894 5766 si

305 5818 334 5853 ει
367 5811 460 5855 tua
481 5798 743 5858 cbaritate
768 5816 1002 5873 persona
1031 5801 1295 5875 dirigitur,
1324 5797 1566 5863 nostrum
1595 5812 1695 5867 est,
1725 5813 1775 5859 et
1796 5821 1896 5874 pro

1709 301 2084 358 EPISTULE.

1868 416 1920 476 Α
1946 413 2140 470 affectu
2163 427 2322 483 quem
2354 412 2510 469 vobis
2533 409 2910 484 impendimus,
2933 420 2988 468 et
3013 427 3113 483 pro
3140 411 3219 466 rei
3247 419 3408 480 gestae
3435 427 3533 463 no—

1915 4565 1961 4624 D

3431 299 3535 354 ιεε

1946 509 2132 574 vitate,
2160 508 2308 564 salva
2333 507 2604 578 aequitate,
2637 511 3037 576 competenter“
3068 503 3141 558 illi
3188 518 3350 572 quem
3397 501 3529 555 dile-

1948 601 2060 657 Ctio
2099 609 2188 655 tua
2235 600 2466 664 miserit,
2495 599 2738 670 praebere
2767 597 3026 652 favorem.
3068 595 3209 651 Deus
3250 603 3303 650 te
3328 593 3536 649 incolu-

1947 706 2090 746 mem
2120 690 2405 754 custodiat,
2437 689 2602 744 frater
2626 688 2960 744 charissime.
2981 685 3114 740 Data
3143 685 3352 740 decimo
3381 691 3536 737 sexto

1949 781 2203 838 calendas
2223 780 2495 848 Octobris,
2529 795 2674 835 anno
2704 776 2772 832 I5
2815 786 2939 848 post
2989 775 3330 832 consulatum
3359 771 3541 828 Basilii

1951 875 2053 930 viri
2080 872 2384 930 clarissimi.

2383 1021 2712 1079 EPISTOLA
2737 1021 2809 1076 1x
2838 1021 2982 1094 (olim
3011 1019 3100 1090 Χ).

2385 1151 2451 1189 ΑΙ)
2479 1147 2889 1189 οιιιιυεεειιτυκ
2916 1145 3113 1186 ΒΕῧΕΙ.

1955 1268 2248 1339 Anathenta
2275 1267 2399 1339 dicit
2426 1267 2493 1339 iis
2519 1268 2604 1339 qui
2634 1267 2698 1321 de
2724 1265 2839 1339 fide
2857 1266 3023 1339 aliter
3053 1266 3284 1339 sentiunt
3314 1281 3465 1339 quam
3491 1264 3547 1339 in

2027 1337 2283 1410 epistolis“
2303 1337 2492 1410 Leonis
2531 1336 2589 1392 et
2614 1339 2670 1391 in
2698 1337 2916 1392 concilio
2947 1336 3353 1410 Chgtcedduensi
3383 1336 3546 1410 conti-

2021 1406 2194 1463 netur.
2243 1407 2509 1479 Reliquias
2556 1417 2854 1462 sanctorum
2898 1409 3053 1462 mittit
3103 1423 3195 1478 per
3241 1406 3548 1460 Hominem-

2031 1480 2219 1534 bonum
2240 1477 2620 1533 subdiaconem.

2032 1594 2262 1649 Domino
2294 1591 2403 1648 ﬁlio
2451 1592 2840 1662 gloriosissimo
2867 1601 3028 1663 atque
3053 1591 3552 1664 prtecellentissimo

1961 1683 2308 1740 Childeberto
2337 1684 2450 1754 rcgi
2477 1682 2725 1754 Pelagius
2752 1684 3059 1754 episcopus.

1896 1803 1938 1860 Β
2036 1775 2261 1832 Ruﬁnus
2286 1778 2371 1833 vir
2398 1776 2732 1845 magnificus,
2762 1777 2970 1846 legatus
2992 1776 3323 1833 excellentiae
3343 1783 3553 1834 vestrzr.

1966 1869 2122 1926 nobis
2148 1869 2284 1924 dixit
2327 1869 2472 1939 quod
2521 1876 2576 1924 et
2605 1869 2658 1923 in
2705 1869 2997 1939 provinciis
3020 1866 3312 1924 Galliarum
3341 1866 3550 1934 quidam

1962 1960 2167 2016 semina
2187 1958 2564 2015 scandalorum
2585 1965 2918 2030 sparserunt,
2943 1957 3174 2013 dicendo
3200 1955 3330 2026 quid
3369 1961 3556 2010 contra

1965 2051 2123 2108 ﬁdem
2151 2051 2498 2118 catholicam,
2527 2050 2673 2121 quod
2700 2050 2960 2105 Dominus
3008 2063 3115 2103 non
3147 2047 3402 2117 patiatur,
3459 2043 3556 2096 ad-

1964 2143 2206 2197 missum.
2230 2140 2300 2195 Et
2325 2141 2570 2208 quamvis
2596 2155 2627 2193 a
2658 2139 2888 2194 transitu
2914 2137 3051 2192 diva:
3079 2135 3353 2192 memoria:
3375 2134 3554 2188 Theo—

1965 2231 2112 2286 dera:
2141 2229 2393 2298 Augustae
2415 2229 2588 2283 nullas
2610 2229 2677 2284 de
2707 2227 2814 2283 ﬁde
2831 2229 3160 2298 quaestiones
3189 2226 3426 2283 Ecclesia
3465 2225 3556 2278 Dei

1965 2323 2019 2378 in
2043 2321 2286 2393 partibus
2304 2319 2538 2375 Orientis
2561 2319 2673 2375 Deo
2694 2319 2987 2376 miserante
3008 2319 3281 2388 formidet,
3297 2319 3388 2375 sed
3413 2332 3557 2388 quic-

1966 2413 2089 2470 dam
2111 2411 2346 2482 capitula
2376 2419 2530 2467 extra
2558 2410 2716 2466 fidem
2740 2410 2938 2466 fuerint
2965 2413 3187 2483 agitata,
3244 2411 3313 2466 de
3365 2412 3559 2480 qnilms

1968 2503 2186 2574 longum
2211 2509 2293 2558 est
2320 2510 2380 2556 ut
2402 2501 2679 2572 epistolari
2707 2501 2915 2572 possint
2935 2502 3223 2572 complecti
3255 2517 3507 2558 sermone
3541 2519 3554 2555 :

1969 2594 2074 2648 hoc
2103 2592 2360 2660 breviter,
2389 2591 2684 2648 secundum
2714 2591 3138 2648 admonitionem
3188 2590 3394 2662 prmfati
3444 2606 3558 2645 ma-

1969 2684 2146 2755 gnillci
2175 2683 2274 2738 viri
2294 2682 2493 2748 Ruﬁni,
2525 2682 2593 2738 ad
2618 2682 2915 2738 sanandum
2935 2683 3174 2740 animum
3202 2684 3556 2747 vestrum,ch

1969 2775 2208 2832 omnium
2232 2773 2454 2829 fratrum
2476 2781 2532 2829 et
2554 2773 3004 2844 coepiscoporum
3031 2779 3338 2829 nostrorum
3363 2773 3413 2826 in
3436 2769 3561 2825 Gal-

1971 2867 2057 2922 lia:
2084 2866 2394 2936 regionibus
2434 2865 2870 2933 consistentium,
2911 2862 3212 2920 faciendum
3269 2879 3388 2921 esse
3438 2878 3564 2934 pro-

1970 2955 2248 3026 speximus
2263 2971 2277 3008 :
2294 2953 2536 3010 dicentes
2556 2955 3014 3010 anathematizare
3037 2969 3157 3020 nos,
3182 2961 3239 3010 et
3265 2954 3474 3010 alienos
3495 2953 3562 3008 ab

1971 3055 2189 3102 aeterna:
2217 3045 2341 3101 vita:
2371 3046 2604 3117 prmmiis
2627 3045 2890 3116 judicare,
2911 3045 3218 3116 quicunque
3242 3045 3310 3100 ab
3339 3045 3427 3099 illa
3458 3042 3564 3098 ﬁde

1971 3157 2133 3213 quam
2160 3141 2333 3196 beata:
2358 3138 2746 3195 recordationis
2773 3154 2912 3210 papa
2956 3137 3066 3194 Leo
3093 3138 3148 3194 in
3173 3137 3284 3193 suis
3323 3135 3562 3208 epistolis

1971 3233 2303 3306 prasdicavit,
2353 3240 2409 3288 et
2463 3248 2626 3304 quam
2671 3231 3110 3289 Chalcedonense
3138 3229 3447 3292 concilium,
3479 3243 3562 3284 se-

1971 3337 2144 3395 quens
2173 3321 2420 3378 eumdem
2450 3321 2761 3392 praesulem,
2791 3321 2933 3377 edita
2951 3320 3262 3377 deﬁnitione
3306 3317 3561 3389 suscepit,

1973 3417 2029 3472 in
2059 3431 2166 3471 una
2197 3415 2423 3487 syllaba,
2455 3423 2550 3470 aut
2576 3416 2630 3470 in
2659 3430 2771 3470 uno
2797 3416 2985 3482 verbo,
3013 3416 3101 3470 vel
3125 3416 3177 3470 in
3207 3430 3388 3480 sensu,
3419 3428 3562 3468 erra-

1973 3507 2052 3563 vit
2095 3505 2405 3576 aliquando,
2461 3512 2556 3561 aut
2600 3505 2887 3562 declinavit
2940 3506 3026 3561 vel
3079 3505 3428 3563 declinaverit
3469 3504 3564 3559 ali-

1973 3599 2210 3671 quando.
2232 3598 2437 3666 Quibus
2461 3613 2524 3654 se
2547 3597 2620 3653 ita
2645 3597 2985 3663 habentibus,
3017 3612 3126 3652 non
3147 3593 3386 3651 attendat
3405 3594 3564 3651 celsi-

1975 3691 2105 3749 tudo
2115 3697 2314 3758 vestra,
2339 3704 2440 3746 nec
2459 3687 2651 3746 fratres
2672 3688 2840 3744 nostri
2863 3689 3122 3760 episcopi,
3147 3687 3354 3742 fabulas
3375 3701 3564 3742 eorum

1976 3787 2254 3844 hominum
2283 3787 2376 3858 qui
2400 3785 2668 3843 scandalis
2717 3785 3098 3842 delectantur:
3146 3781 3401 3853 quoniam
3451 3779 3568 3836 haec

1979 3879 2095 3950 ipsa
2126 3878 2198 3934 ita
2227 3879 2593 3949 contigerunt,
2616 3885 2677 3933 ut
2703 3892 2827 3934 cum
2865 3884 3022 3948 pater
3050 3882 3229 3931 vester
3255 3872 3568 3930 elementis-

1979 3971 2148 4028 simus
2174 3970 2470 4043 imperator
2495 3985 2685 4027 omnes
2714 3969 2964 4036 bzereses,
3015 3985 3137 4041 qua:
3186 3966 3569 4023 Constantino-
3651 3983 3660 4048 ρ

1980 4061 2090 4133 poli
2118 4063 2403 4134 episcopos
2427 4077 2554 4119 suos
2581 4069 2639 4118 et
2664 4061 2944 4128 ecclesias,
2993 4075 3116 4116 cum
3144 4057 3352 4129 magnis
3379 4057 3568 4113 rediti-

1981 4151 2084 4207 bus
2112 4159 2168 4207 et
2195 4167 2442 4208 vasorum
2464 4151 2800 4217 diversitate,
2839 4165 3009 4220 usque
3034 4149 3100 4204 ad
3124 4158 3368 4220 tempora
3397 4149 3572 4218 impe-

1983 4242 2048 4297 rii
2078 4241 2195 4312 ejus
2218 4242 2542 4309 habuerunt,
2570 4242 2847 4306 everterit,
2880 4249 2936 4297 et
2962 4239 3186 4296 sublatis
3211 4238 3448 4294 basilicis
3485 4251 3571 4292 eo-

1984 4348 2102 4388 rum
2127 4342 2290 4402 atque
2316 4332 2602 4400 reditibus,
2621 4333 2978 4401 omnibusque
3020 4330 3139 4386 aliis
3168 4329 3348 4394 rebus,
3377 4327 3572 4385 catho-

1985 4424 2101 4480 licis
2127 4423 2426 4478 tradiderit.
2461 4422 2522 4477 Ι·Ιί
2551 4437 2680 4492 ergo
2709 4422 2800 4494 qui
2831 4422 2882 4477 in
2912 4421 3044 4492 ipsis
3070 4419 3344 4476 erroribus
3366 4433 3572 4474 reman-

1985 4522 2192 4582 serunt,
2207 4513 2514 4584 conglobati
2533 4522 2658 4570 sunt
2683 4515 2737 4569 in
2758 4529 2941 4580 unum,
2955 4521 3012 4568 et
3025 4521 3192 4584 agunt
3207 4513 3571 4576 vehementer,

1987 4608 2220 4679 qualiter
2249 4607 2545 4663 Ecclesium
2572 4608 2896 4663 catholicam
2925 4607 3174 4663 scindant
3228 4615 3390 4678 atque
3444 4622 3576 4676 pcr-

1989 4701 2227 4756 turbent.
2260 4698 2391 4754 Nam
2417 4707 2472 4756 et
2495 4699 2602 4755 huc
2629 4698 2682 4754 in
2711 4697 2942 4767 Italiam,
2971 4699 3208 4770 quandiu
3235 4715 3335 4754 nos
3363 4699 3415 4753 in
3442 4697 3574 4753 Con-

1989 4789 2338 4860 stantinopoli
2362 4788 2574 4855 fuimus,
2601 4789 2668 4846 de
2691 4789 2908 4846 nomine
2939 4799 3126 4847 nostro
3154 4791 3370 4848 chartas
3392 4788 3576 4843 mitte-

1990 4882 2140 4948 bant,
2163 4882 2392 4940 dicendo
2419 4883 2571 4954 quasi
2601 4899 2700 4940 nos
2724 4883 3016 4940 dixerimus
3045 4882 3202 4940 ﬁdem
3256 4881 3576 4939 catholicam

1991 4973 2156 5030 fuisse
2192 4983 2522 5045 corruptam.
2573 4974 2724 5031 Nunc
2750 4990 2880 5030 vero
2909 4976 3071 5030 etiam
3101 4981 3289 5031 contra
3317 4988 3414 5028 nos
3444 4968 3571 5028 alle-

1996 5073 2120 5122 runt
2141 5067 2244 5123 huc
2273 5067 2488 5124 chartas
2514 5067 2688 5123 tacitis
2717 5067 3042 5130 nominibus,
3076 5074 3135 5121 ut
3163 5065 3433 5122 nesciatur
3459 5063 3579 5133 quis

1997 5175 2092 5216 eas
2117 5159 2280 5215 misit.
2313 5159 2420 5215 Sed
2450 5159 2530 5215 sic
2559 5159 2760 5215 faciunt
2783 5158 3072 5215 Christiani
3111 5157 3202 5225 qui
3232 5156 3288 5210 in
3316 5153 3576 5210 Constant»

1999 5251 2226 5322 tinopoli
2252 5259 2395 5318 sunt,
2426 5251 2550 5307 dum
2575 5265 2671 5307 eos
2699 5257 2910 5306 constet
2938 5265 3046 5304 non
3075 5263 3194 5304 esse
3222 5246 3575 5303 Christianos.

1999 5341 2230 5396 Maxime
2262 5350 2439 5396 tamen
2467 5340 2800 5397 Nestoriana:
2828 5339 3048 5395 haeresis
3075 5337 3346 5404 homines,
3386 5353 3485 5407 pro
3515 5351 3582 5391 eo

1993 5435 2135 5505 quod
2157 5434 2435 5490 Nestorius
2454 5433 2586 5489 duas
2609 5441 2827 5488 naturas
2851 5431 2906 5487 in
2931 5429 3146 5486 Christo
3165 5437 3444 5500 separatas
3465 5429 3580 5497 qui.

1994 5527 2116 5583 dem
2148 5535 2202 5581 ct
2229 5525 2427 5581 divisas
2455 5524 2770 5593 astruxerit,
2796 5523 3164 5580 fraudulenter
3186 5523 3484 5576 moliuntur
3511 5521 3579 5575 (Γ-

1995 5635 2119 5676 cere
2143 5635 2249 5676 non
2281 5619 2440 5688 longe
2469 5619 2537 5676 ab
2568 5618 2775 5674 intcller
2790 5626 2846 5673 tu
2867 5633 2987 5675 esse
3017 5616 3470 5674 Chalcedonensis
3491 5632 3581 5687 sy-

2000 5710 2126 5766 nodi
2157 5719 2210 5768 et
2233 5726 2383 5783 papae
2425 5709 2642 5776 Leonis,
2673 5711 2800 5766 dum
2831 5711 2918 5766 Nc.
2939 5712 3160 5779 torium,
3189 5726 3288 5780 pro
3328 5725 3397 5766 eo
3441 5711 3584 5778 qnml

1996 5804 2192 5864 divisas
2234 5802 2367 5861 duas
2415 5812 2634 5863 naturas
2685 5814 2972 5873 assereret,
3018 5805 3132 5876 ipso
3163 5802 3410 5874 dogmate
3441 5800 3584 5855 beati
