3954 6178
350 325 454 380 403

1691 323 1961 381 PBLAGII
2002 322 2215 380 PAPzE'

3510 325 3612 379 4οι

352 458 500 513 papa:
533 443 728 502 [Aonis
756 452 969 502 constat
987 458 1106 499 esse
1145 441 1477 499 damnatum.
1528 414 1667 497 "me
1700 441 1939 496 breviter
1966 443 2012 498 Α
2041 443 2385 514 contigerunt,
2416 440 2574 514 sicuti
2603 450 2657 498 et
2684 442 3039 514 posteriorem
3061 441 3129 496 ab
3157 440 3239 497 his
3263 441 3438 496 verbis
3467 458 3481 495 :
3515 440 3622 496 Re-

352 535 671 593 insinuanda
719 550 838 593 esse
892 535 1226 591 excellentiae
1269 544 1463 591 vestra:
1514 533 1837 597 curavimus,
1878 540 1938 586 ut

353 630 444 686 ille
468 630 631 687 ardor
658 629 780 685 ﬁdei
809 637 1023 694 vestire,
1046 637 1101 685 et
1122 629 1346 684 unitatis
1375 644 1547 693 amor,
1574 644 1683 684 non
1712 626 1938 696 alicujus

353 721 591 791 perversi
619 720 861 776 hominis.
881 719 1107 786 fabulas,
1130 728 1225 774 aut
1244 720 1463 776 chartas
1490 719 1789 790 superﬂuas
1815 734 1939 789 per-

353 811 752 869 mittatattendi
785 810 946 882 :qnia
971 819 1026 867 et
1055 812 1143 867 hic
1163 813 1445 881 simplices
1467 812 1677 880 aliquos
1723 811 1937 880 episco-
1982 846 1985 849 -

355 919 473 973 pos,
505 912 559 957 et
586 904 886 959 nescientes
915 902 1087 971 prima
1121 902 1387 957 elementa
1419 903 1563 967 ﬁdei,
1611 901 1939 956 sollicitave-

356 1009 498 1064 runt,
531 1007 591 1054 ut
616 1013 720 1055 nec
744 999 1009 1052 rationem
1054 998 1224 1068 ipsam
1255 1000 1574 1070 intelligant,
1607 1014 1707 1054 nec
1734 998 1937 1054 discer-

360 1096 490 1144 nant
516 1097 774 1158 quantum
804 1089 874 1143 sit
894 1088 1093 1143 bonum
1118 1104 1148 1142 a
1173 1087 1275 1144 de
1304 1089 1571 1145 catholica
1595 1104 1702 1143 non
1731 1104 1938 1151 errare;

361 1182 458 1237 sed
487 1182 530 1236 si
556 1195 661 1250 qua
690 1188 818 1236 sunt
840 1180 944 1235 alia
973 1180 1165 1249 quibus
1187 1181 1388 1236 crimen
1419 1182 1487 1236 ab
1513 1180 1779 1235 haereticis
1801 1180 1940 1249 pati-

360 1279 447 1328 tur
473 1278 655 1327 sancta
685 1270 924 1341 Ecclesia
947 1270 1203 1327 refutare.
1238 1271 1368 1339 Quis
1409 1273 1579 1341 enim~
1605 1272 1843 1343 patiatur
1887 1280 1944 1325 ut

359 1362 589 1421 Nestorii
642 1364 730 1418 vel
778 1371 1107 1419 sectatorum
1159 1363 1286 1433 ejus.
1318 1363 1702 1433 blaSphemias,
1753 1378 1944 1433 proco

360 1455 505 1525 quod
530 1457 664 1512 duas
689 1463 910 1510 naturas
939 1456 993 1509 in
1020 1453 1245 1511 Christo
1265 1463 1564 1526 separatas,
1615 1454 1667 1509 id
1692 1464 1777 1510 est
1805 1452 1945 1508 divi-

359 1562 449 1604 sas
470 1562 590 1604 esse
619 1546 927 1612 astruxerit,
960 1546 1241 1602 catholica:
1269 1548 1391 1601 ﬁdei
1421 1548 1693 1603 existimet
1714 1562 1943 1602 concor-

361 1638 530 1694 dare?
557 1635 629 1693 Ut
653 1647 836 1693 autem
858 1653 958 1692 nos
977 1637 1068 1693 diu
1080 1638 1452 1692 tribulationes
1474 1636 1945 1707 Constantinopoli

360 1738 687 1802 pateremur,
719 1728 806 1782 illa
828 1743 914 1785 res
943 1728 1070 1783 fecit
1096 1743 1257 1796 quam
1285 1728 1522 1784 breviter
1549 1720 1796 1798 superius
1818 1729 1944 1783 teti-

362 1820 537 1891 gimus
562 1836 575 1872 :
602 1818 856 1888 quoniam
883 1818 1097 1873 vivente
1123 1818 1378 1889 Augusta,
1403 1816 1665 1888 quidquid
1692 1818 1748 1873 in
1773 1820 1948 1874 eccle-

362 1911 596 1968 siasticis
610 1911 786 1965 causis
810 1910 1150 1972 movebatur,
1172 1917 1483 1980 suspectum
1506 1908 1947 1965 habuimus.Nam

362 2009 517 2071 pater
547 2010 726 2056 vester
751 2001 1197 2057 clementissimus
1218 2002 1536 2071 imperator,
1558 2010 1613 2055 et
1636 2001 1778 2056 beati
1792 2016 1948 2071 papae

365 2089 559 2146 Leonis
585 2090 800 2158 dogma,
831 2098 886 2144 et
906 2088 1361 2147 Chalcedonensis
1388 2089 1579 2160 synodi
1613 2087 1771 2144 ﬁdem
1801 2089 1949 2144 nullo

363 2182 524 2241 modo
551 2194 785 2251 unquam
816 2181 1019 2250 patitur
1069 2180 1280 2237 violari.
1332 2180 1606 2249 Reliquias
1654 2195 1784 2235 vero
1837 2188 1949 2234 tam

365 2273 646 2328 beatorum
670 2270 1039 2341 apostolorum
1084 2284 1247 2339 quam
1274 2278 1583 2326 sanctorum
1632 2279 1947 2341 martyrum,

361 2362 472 2432 jam
501 2360 721 2434 quidem
748 2376 845 2431 per
863 2375 1052 2419 servos
1082 2359 1175 2416 Dei
1203 2360 1517 2415 monasterii
1545 2358 1838 2415 Lirinensis
1865 2359 1950 2414 di-

363 2450 620 2507 reximus.
649 2449 756 2506 Sed
784 2458 841 2504 et
868 2465 1011 2505 nunc
1032 2464 1168 2518 quas
1191 2449 1354 2518 legati
1378 2450 1542 2504 vestri
1564 2456 1947 2519 poposcerunt,

366 2556 465 2595 nos
493 2539 708 2597 misisse
743 2539 1039 2608 signamus,
1089 2538 1410 2608 deputantes
1463 2538 1949 2595 Hominembonum

366 2629 757 2687 subdiaconum
785 2644 854 2684 ex
881 2630 1029 2684 clero
1054 2627 1309 2684 Ecclesia:
1334 2636 1553 2693 nostra},
1584 2645 1615 2682 a
1645 2644 1753 2698 quo
1785 2644 1953 2697 usque

366 2720 434 2775 ad
480 2720 700 2774 fratrem
754 2727 810 2774 et
856 2720 1234 2789 coepiscopum
1263 2728 1509 2775 nostrum
1536 2719 1841 2789 Sapaudmn
1867 2721 1955 2789 ju-

367 2812 531 2866 bentc
576 2808 809 2866 Domino
841 2808 1173 2865 deferantur.
1224 2809 1357 2864 Data
1376 2826 1433 2866 ιιι
1465 2810 1583 2866 idus
1604 2810 1961 2887 Decembres,

367 2915 511 2955 anno
536 2897 607 2952 15
629 2907 755 2971 post
773 2900 1107 2957 consulatum
1131 2899 1308 2956 Basilii
1357 2900 1458 2956 viri
1507 2902 1808 2966 clarissimi,
1858 2918 1955 2974 per

375 2990 624 3050 Ruﬁnum
652 2991 883 3058 legatum
909 2991 1079 3060 (Anno
1094 2989 1286 3047 Christi
1307 2989 1452 3057 556).

1000 3129 1337 3201 Subscriptio.

444 3235 690 3311 Pelagius
713 3239 1078 3301 misericordia
1109 3239 1202 3295 Dei
1233 3238 1518 3311 cpiscopus
1565 3240 1814 3298 Ecclesia:
1856 3258 1952 3300 ca-

372 3328 584 3389 tholicae
613 3330 759 3393 urbis
788 3330 991 3397 Roma),
1016 3330 1311 3411 exemplari
1336 3331 1577 3402 epistolae.
1607 3341 1804 3390 nostra:
1824 3335 1948 3392 sub~

368 3433 574 3488 ccupat.

638 3594 647 3605 ί
763 3551 1089 3593 οΒδειινΑτιο
1118 3554 1167 3592 P.
1198 3552 1410 3593 ANTONII
1440 3552 1556 3593 PAGI

649 3624 719 3679 ad
765 3640 958 3678 annum
1005 3622 1198 3679 Christi
1238 3623 1365 3690 556,
1406 3641 1461 3678 η.
1511 3625 1563 3690 7,
1609 3623 1663 3679 8.

437 3734 678 3804 Epistola
700 3733 901 3804 Pelagii
923 3735 990 3788 ad
1012 3732 1413 3791 Childebertum
1440 3748 1624 3804 regem
1653 3750 1707 3790 ιιι
1739 3735 1808 3790 id.
1845 3736 1952 3792 De-

368 3803 541 3862 remb.
585 3807 711 3874 anni
752 3803 855 3859 556
899 3806 1122 3874 scripta,
1173 3820 1241 3858 ex
1286 3803 1677 3874 duabus’aliis,
1726 3820 1955 3874 quarum

368 3877 536 3931 altera
578 3876 644 3930 ad
674 3872 1097 3931 Cbildebertum.
1129 3874 1299 3929 altera
1324 3875 1390 3927 ad
1418 3872 1777 3930 Justinianum
1799 3890 1829 3930 a
1857 3876 1954 3930 Vi-

369 3947 497 4014 gilio
529 3945 655 4000 data
691 3943 1297 4015 fuerat,gconsarcinata
1320 3952 1423 4000 est.
1449 3942 1822 4015 Hmcduarnm
1843 3946 1956 4015 epi-

369 4012 654 4080 stularum,
678 4012 1160 4069 adCbildebertum
1175 4015 1378 4070 scilicet
1406 4021 1464 4068 et
1491 4014 1557 4069 ad
1568 4012 1951 4079 Justinianuin,

371 4084 793 4155 consarcinatio,
816 4083 1017 4155 nemini
1037 4084 1150 4155 huc
1181 4099 1349 4153 usque
1376 4083 1680 4155 observata,
1712 4100 1832 4155 quae
1875 4094 1958 4139 ta—

370 4170 492 4209 men
525 4169 630 4208 non
655 4153 866 4208 videtur
886 4153 939 4207 in
961 4153 1179 4208 dubium
1207 4154 1529 4209 revocanda.
1557 4154 1702 4209 Finis
1730 4153 1871 4211 enim
1903 4165 1959 4211 et

370 4225 591 4296 initium,
610 4222 852 4294 epistolis
873 4238 993 4292 quae
1022 4222 1532 4296 ad_C_h_ildebertmn
1541 4240 1724 4295 regem
1755 4226 1955 4296 scripta

369 4291 710 4365 supponitur,
738 4291 952 4365 spectat
979 4293 1045 4349 ad
1074 4291 1278 4365 Callias
1307 4302 1362 4349 et
1387 4296 1454 4349 ad
1472 4364 1475 4365 ν
1493 4291 1825 4357 Francorum
1866 4291 1959 4350 rc-

369 4362 514 4429 geni,
535 4366 651 4433 qui,
673 4363 921 4434 ut_liquet
941 4379 1010 4419 ex
1036 4364 1142 4418 alia
1171 4362 1371 4431 Pelagii
1395 4364 1643 4434 epistola,
1680 4365 1955 4433 Ruﬁnum,

377 4431 696 4505 Romamad
726 4431 1009 4505 Pelagium
1025 4449 1221 4504 papam
1250 4431 1473 4505 miserat
1504 4452 1517 4488 :
1549 4436 1639 4504 qui
1666 4431 1960 4505 postulavit

373 4514 431 4575 nt
455 4501 694 4575 pontifex
735 4503 820 4575 vel
854 4501 1202 4575 Cbildehérto
1223 4502 1552 4575 signiﬁcaret
1569 4501 1749 4575 seper
1777 4507 1957 4561 omnia

374 4574 436 4648 β.
458 4572 658 4648 Leonis
684 4572 898 4648 scriptis
926 4574 1200 4648 assentiri,
1227 4574 1312 4648 vel
1353 4576 1584 4648 propriis
1611 4572 1791 4648 verbis
1819 4590 1950 4629 con-

374 4644 661 4700 fessionem
688 4642 809 4700 suae
826 4642 948 4698 ﬁdei
978 4643 1043 4699 ad
1086 4642 1334 4698 eumdem
1356 4642 1673 4701 destinaret.
1704 4644 1761 4699 ld
1816 4661 1950 4699 con-

372 4722 483 4768 stat
505 4728 570 4767 ex
596 4712 700 4766 alia
720 4711 925 4784 Pelagii
956 4710 1450 4784 ad__Cbildebertum
1479 4729 1660 4782 regem
1692 4715 1944 4784 epistola,

376 4784 428 4854 in
452 4798 555 4854 qua
584 4779 820 4854 pontifex
850 4779 926 4836 ait
951 4800 964 4835 :
1006 4780 1229 4837 Veniens
1262 4782 1482 4854 Ruﬁnus
1511 4779 1588 4839 vir
1616 4779 1948 4854 magnificus,

371 4852 571 4922 legatus
608 4852 927 4924 excellentia:
950 4861 1150 4915 vestrm,
1183 4852 1501 4924 conﬁdenter
1529 4872 1561 4907 a
1583 4852 1750 4919 nobis,
1782 4852 1838 4907 ut
1859 4855 1950 4908 de—

370 4926 495 4985 cuit,
527 4922 802 4994 postulavit
823 4932 1071 4994 quatenus
1097 4924 1246 4994 vobis
1274 4922 1363 4977 aut
1390 4924 1554 4980 beata:
1578 4925 1950 4978 recordationis

371 4990 729 5064 papx'Leonis
756 4990 946 5048 tomum
965 5009 997 5045 a
1018 4992 1163 5048 nobis
1184 5010 1274 5064 per
1295 4997 1468 5064 omnia
1488 4996 1777 5048 conservari
1797 4996 1954 5064 signi-

370 5061 530 5131 ﬁcare
556 5061 929 5134 debuissemus,
973 5061 1313 5134 aut__propriis
1338 5062 1499 5117 verbis
1530 5073 1721 5119 nostra:
1748 5061 1952 5134 confes-

369 5134 566 5202 sionem
592 5131 719 5202 ﬁdei
738 5132 1017 5187 destinare.
1050 5131 1363 5201 lluju’smodi
1386 5134 1659 5202 petitionis
1681 5134 1815 5202 ratio
1837 5131 1951 5188 lucc

373 5201 471 5257 fuit
496 5201 643 5271 quad
670 5204 878 5257 semina
906 5203 1279 5258 scandalorum
1320 5201 1708 5271 in’provinciis
1746 5201 1949 5257 Gallia-

371 5287 488 5326 rum
515 5288 545 5326 a
575 5272 896 5341 quibusdam
943 5273 1351 5342 spargebantur,
1402 5273 1558 5341 quasi
1596 5272 1723 5341 quid
1760 5282 1949 5327 contra

371 5342 527 5395 tidem
558 5342 881 5413 catholicam
903 5343 956 5396 in
976 5341 1165 5413 quinta
1182 5341 1394 5413 synodo
1418 5342 1950 5413 generalium-uelum

368 5420 532 5466 esset.
568 5412 745 5482 Quare
770 5410 1349 5482 Pelagiuslitteris'boc
1370 5410 1513 5467 anno
1543 5412 1611 5467 ad
1639 5410 1953 5473 Childeber-

370 5490 491 5553 tum
512 5482 675 5538 tertio
707 5481 825 5538 idus
854 5483 1176 5540 Decembres
1205 5483 1413 5549 missis,
1448 5483 1599 5553 illam
1636 5483 1950 5553 petitionem

373 5552 635 5622 implevit,
668 5560 725 5606 et
751 5555 1035 5609 anathema
1063 5554 1200 5609 dixit
1226 5554 1290 5607 iis
1311 5554 1404 5623 qui
1429 5552 1496 5608 de
1521 5552 1624 5608 [ide
1642 5552 1802 5608 aliter
1824 5567 1951 5623 seno

370 5623 579 5694 tiebant
605 5638 767 5692 quam
787 5625 844 5694 in
875 5624 1114 5694 epistolis
1135 5624 1309 5679 sancti
1331 5622 1536 5694 Leonis
1564 5632 1621 5678 et
1646 5624 1696 5676 in
1721 5622 1954 5694 concilio

371 5693 797 5749 Claalcet‘onensi
818 5692 1216 5749 continebatur.
1247 5693 1452 5747 Artifex
1492 5694 1731 5762 epistolae
1760 5692 1825 5745 de
1846 5706 1950 5758 qua

373 5764 550 5829 agitur
585 5762 750 5816 refert
778 5764 1012 5831 priorem
1047 5764 1162 5831 ejus
1192 5773 1398 5832 partem
1429 5763 1495 5815 ad
1524 5762 1948 5832 Childebertum,

371 5834 438 5891 alt
468 5831 622 5888 initio
646 5846 814 5899 usque
850 5833 917 5886 ad
944 5834 1057 5887 hzrc
1080 5831 1243 5887 verba
1279 5851 1289 5884 :
1327 5831 1586 5893 Quoniam
1612 5832 1721 5887 hate
1749 5831 1953 5900 ipsaila

1980 3199 2027 3263 ϐ

2043 512 2231 577 liquias
2261 529 2376 568 vero
2407 522 2509 567 tam
2531 512 2807 567 beatorum”
2825 514 3173 583 apostolorum
3202 529 3360 583 quam
3405 527 3617 569 sancta-

2042 600 2156 666 tum
2185 593 2492 666 martyrum,
2512 585 2625 666 jam
2652 583 2854 654 quidem
2877 601 2965 654 per
2987 599 3158 637 servos
3181 582 3298 666 per"
3322 590 3593 639 monastrii

2042 650 2735 717 Lirinensisdireximus,’et
2764 650 2959 707 cmtera
2989 667 3161 717 usque
3183 655 3237 707 in
3268 650 3449 707 linem.

2114 723 2338 791 Reliqua
2390 723 2570 776 omnia
2625 723 2679 777 in
2709 723 2934 793 epistola
2966 723 3032 777 ad
3062 723 3463 793 Childebertum
3492 737 3625 779 con-

2044 801 2193 847 tenta
2222 793 2516 862 desumpsit
2537 792 2945 862 consarCinator
2973 809 3036 848 ex
3068 794 3332 862 aliquibus
3372 792 3562 848 litten's
3588 806 3624 848 δ

2043 863 2237 929 Vigilio
2284 861 2424 933 papa
2476 866 2538 916 ad
2567 861 2922 933 Iustinianum
2970 862 3105 932 imp.
3141 861 3298 918 datis.
3332 862 3464 933 Nam
3507 864 3625 919 [nec

2045 934 2208 988 verba
2241 931 2387 987 verbi
2416 934 2585 1003 gratia
2612 932 2822 988 nonnisi
2852 933 2916 1003 ad
2953 931 3330 1003 imperatorem
3359 931 3625 987 Constan-

2045 1002 2457 1072 tinopolitanum
2486 1003 2680 1072 scripta
2703 1012 2828 1056 sunt
2852 1021 2862 1056 :
2894 1002 3155 1073 Haecipsa
3181 1005 3256 1056 ita
3278 1004 3626 1074 contigerunt,

2044 1084 2101 1126 ut
2131 1091 2246 1127 cum
2274 1083 2421 1143 pater
2446 1084 2607 1144 vester
2645 1075 3070 1129 clementissimus
3123 1076 3404 1144 imperator
3449 1090 3629 1128 omnes

2046 1145 2265 1199 Inereses
2291 1160 2404 1215 quce
2432 1143 2879 1215 Constantinopoli
2908 1146 3172 1213 episcopos
3198 1143 3330 1198 suos
3376 1153 3426 1198 et
3461 1143 3627 1198 eccle-

2044 1217 2172 1275 sias,
2197 1214 2309 1267 cum
2339 1215 2540 1284 magnis
2565 1214 2853 1268 redditibus
2880 1225 2928 1268 et
2954 1231 3196 1271 vasorum
3223 1215 3515 1268 diversitate
3536 1229 3628 1284 us—

2079 1302 2142 1338 ue
2158 1284 2227 1354 ad
2247 1281 2475 1354 tempora
2490 1285 2695 1352 imperii
2712 1292 2821 1352 ejus
2844 1285 3147 1347 habuerunt,
3167 1285 3400 1337 everterit
3417 1293 3488 1349 et,
3509 1281 3631 1338 sub-
3652 1330 3661 1341 ,

2067 1356 2165 1409 alis
2194 1353 2421 1409 basilicis
2448 1371 2625 1409 eorum
2649 1365 2801 1424 atque
2825 1354 3125 1416 redditibus,
3159 1354 3490 1424 omnibusque
3510 1354 3630 1407 aliis

2046 1424 2196 1480 rebus
2208 1426 2492 1489 catholicis,
2514 1422 2807 1479 tradiderit.
2824 1424 3039 1480 Certum
3059 1432 3144 1479 est
3164 1433 3342 1479 autem
3362 1422 3629 1478 Justinum

2046 1495 2329 1550 Seniorem
2379 1496 2755 1551 haereticorum
2803 1494 3054 1550 basilicas
3097 1493 3413 1549 orthodoxis
3459 1493 3627 1547 tradi-

2047 1566 2209 1630 disse,
2258 1574 2313 1620 et
2360 1564 2718 1619 Justinianum
2740 1565 2868 1635 ejus
2897 1565 3061 1635 ﬁlium
3089 1564 3396 1635 adoptivum
3428 1562 3629 1626 fuisse;

2047 1651 2170 1691 cum
2195 1644 2383 1691 contra
2409 1635 2718 1691 Clodoveus
2739 1633 2960 1703 Magnus
2978 1633 3308 1689 Childeberti
3334 1644 3507 1704 pater,
3531 1648 3631 1704 nec

2048 1706 2347 1776 appellatus
2398 1712 2484 1760 est
2531 1702 2845 1776 imperator,
2894 1705 3188 1775 praesertim
3233 1720 3263 1759 a
3292 1702 3635 1776 pentilicibus

2054 1775 2342 1838 Romanis,
2375 1791 2549 1846 neque
2569 1777 2760 1846 aliquis
2788 1775 3113 1831 Francorum
3135 1791 3230 1831 rex
3259 1775 3633 1846 haereticorum

1980 1826 2022 1883 Β
2053 1826 2311 1901 eausa;
2330 1826 2342 1838 ’
2362 1826 3150 1916 cessantia{fessas
3169 1826 3395 1915 ἰῖοῐιὶίἰξ
3410 1826 3501 1898 ad
3515 1826 3632 1898 ise

2054 1925 2246 1971 auctor
2299 1916 2439 1970 illius
2493 1914 2736 1985 epistolae
2783 1914 2919 1969 infra
2964 1914 3201 1970 ostendit
3251 1917 3632 1985 imperatorem

2051 2002 2214 2056 quem
2243 1986 2536 2056 alloquitur
2561 1986 2725 2040 alium
2757 2003 2863 2041 non
2894 2001 3013 2056 esse
3038 2001 3199 2054 quam
3225 1985 3585 2041 Justinianum
3616 2003 3630 2037 :

2057 2055 2128 2109 Ut
2152 2066 2325 2110 autem
2351 2054 2445 2110 nos
2465 2057 2554 2110 diu
2582 2056 2936 2111 tribulationes
2958 2054 3403 2126 Constantinopoli
3432 2063 3632 2126 patere-

2055 2142 2191 2193 mur,
2218 2127 2312 2180 illa
2360 2143 2445 2180 res
2486 2128 2605 2197 fecit
2646 2143 2801 2198 quam
2828 2126 3046 2180 breviter
3065 2128 3299 2249 superius
3330 2127 3586 2196 tetigimus
3615 2140 3633 2178 :

2055 2197 2297 2249 quoniam
2324 2198 2521 2249 vivente
2569 2196 2799 2249 Auuusta
2848 2200 3065 2249 (nempe
3164 2198 3419 2249 heodora.
3473 2209 3633 2249 uuam

2052 2197 2297 2278 quoniam
2324 2196 2521 2278 vivente
2559 2196 2799 2278 augusta
2848 2200 3065 2278 (nempe
3117 2196 3419 2278 Theodore,
3473 2209 3635 2278 quam

2048 2264 2159 2335 jam
2188 2270 2240 2320 in
2271 2267 2457 2321 eadem
2488 2264 2713 2337 epistola
2742 2264 3067 2337 nominarat)
3097 2267 3343 2337 quidquid
3388 2268 3440 2319 in
3468 2264 3635 2337 eccle-

2052 2332 2279 2391 siasticis
2306 2337 2476 2390 causis
2504 2332 2817 2400 movebatur,
2841 2332 3130 2407 suspectum
3158 2332 3447 2407 habuimus.
3496 2332 3637 2387 Nam

2052 2416 2202 2476 pater
2227 2417 2391 2461 vester
2418 2408 2861 2476 clementissimus-
2873 2405 3170 2476 iunperator,
3198 2417 3249 2460 et
3294 2405 3430 2459 beati
3484 2421 3640 2476 papa

2054 2474 2244 2532 Leonis
2273 2478 2484 2548 dogma,
2529 2486 2577 2532 et
2626 2474 3066 2548 Chalcedonensis
3098 2477 3284 2548 synodi
3311 2478 3468 2548 ﬁdem
3494 2474 3643 2533 nulla

2053 2549 2206 2619 modo
2228 2545 2453 2619 unquam
2473 2550 2669 2619 patitur
2698 2546 2900 2619 violari.
2934 2545 3034 2601 Ubi
3059 2545 3178 2619 loco
3206 2545 3402 2619 patitur
3453 2547 3640 2613 legen-

2054 2618 2181 2672 dum
2210 2617 2394 2687 passus
2423 2617 2518 2672 est.
2551 2618 2705 2672 Mitto
2731 2618 2834 2670 alia
2865 2617 2917 2670 in
2957 2632 3020 2671 ea
3074 2617 3301 2687 epistola
3340 2624 3637 2671 memorata

2054 2700 2173 2759 quae
2196 2686 2304 2743 dici
2327 2703 2433 2743 non
2456 2688 2769 2759 potuereAab
2795 2688 2904 2742 alio
2923 2686 3178 2759 pontiﬁce
3204 2686 3447 2759 Romano
3473 2700 3641 2755 quam

2055 2772 2086 2811 a
2116 2755 2639 2828 Vigiliogpost—suum
2668 2755 3138 2828 Constantinopoli
3166 2756 3221 2812 in
3268 2755 3504 2828 Siciliam
3553 2772 3635 2828 re.

2055 2828 2245 2882 ditum.
2306 2826 2561 2898 Denique
2597 2829 2738 2883 inter
2794 2835 2976 2897 partes
3027 2826 3156 2892 tres,
3187 2828 3383 2896 quibus
3408 2827 3643 2898 epistola

2054 2898 2146 2952 illa
2178 2908 2429 2967 consuta,
2456 2897 2601 2952 nulla
2623 2898 2891 2953 connexio
2911 2906 3013 2964 est,
3046 2908 3103 2952 ut
3132 2898 3331 2974 legenti
3361 2897 3528 2968 patet.

2478 3078 2811 3136 EPISTOLA
2839 3077 2888 3133 x
2918 3079 3064 3150 (olim
3091 3077 3202 3148 XI).

2271 3190 2339 3229 AD
2379 3188 2655 3229 SAPAUDUII
2691 3186 2979 3228 EPISCOPUI
3020 3183 3420 3225 ΑιιειΑτῑΝεειι.

2055 3308 2396 3374 Commendat
2417 3307 2495 3361 illi
2515 3306 2739 3360 reditum
2792 3303 3158 3359 IIominisboni
3194 3301 3516 3365 subdiaconi,
3558 3310 3648 3352 at-

2125 3414 2222 3469 que
2256 3406 2312 3451 ut
2342 3396 2557 3450 Placido
2586 3396 2725 3467 patri
2752 3410 2845 3449 suo
2875 3408 3119 3465 suggerat
3165 3393 3230 3447 de
3275 3392 3647 3463 comparandis

2128 3489 2447 3559 Romamque
2476 3486 2738 3555 mittendth
2759 3484 2980 3551 vestibus
3007 3500 3121 3555 qua:
3140 3486 3195 3539 in
3242 3500 3492 3556 pauperes
3518 3500 3646 3541 ero-

2128 3590 2333 3657 gentur.

2129 3714 2489 3770 Dilectissimo
2511 3713 2663 3768 fratri
2687 3712 2939 3784 Sapaudo
2969 3712 3233 3784 Pelagius.

2127 3806 2262 3874 Quia
2313 3808 2470 3877 legati
2525 3806 2617 3862 lilii
2660 3809 2828 3863 nostri
2857 3808 3224 3877 gloriosissimi
3258 3809 3397 3877 regis
3426 3809 3653 3865 Childes

2056 3899 2219 3964 berti,
2248 3900 2532 3955 beatorum
2558 3900 2926 3968 apostolorum
2960 3897 3102 3954 Petri
3132 3909 3188 3954 ct
3219 3898 3386 3964 Pauli,
3419 3909 3473 3955 et
3501 3902 3647 3956 alio-

2055 4010 2174 4048 rum
2204 4003 2515 4049 sanctorum
2545 4001 2836 4065 martyrum
2862 3993 3115 4063 reliquias
3139 4002 3521 4063 poposcerunt,
3547 4012 3647 4063 ne—

2056 4101 2206 4141 cesse
2258 4086 2541 4140 habuimus
2594 4084 3077 4140 Homincmbonum
3133 4087 3520 4142 subdiaconum
3572 4090 3649 4143 de

2058 4180 2205 4234 clero
2226 4188 2414 4233 nostro
2445 4177 2695 4245 dirigere,
2719 4178 2808 4248 qui
2840 4193 2933 4233 cas
2963 4193 3130 4247 usque
3160 4179 3224 4232 ad
3248 4178 3645 4235 lraternitatrm

2060 4278 2206 4324 tuam
2231 4285 2351 4323 cum
2374 4269 2675 4323 reverentia
2705 4269 3034 4338 deportaret.
3069 4268 3137 4323 Et
3184 4270 3306 4325 ideo
3344 4271 3651 4326 salutantes

2061 4361 2342 4415 hortamur
2389 4368 2447 4414 ut
2473 4360 2693 4430 quaesita
2725 4361 3029 4425 occasione,
3062 4360 3173 4414 sive
3214 4362 3355 4425 navi,
3385 4361 3499 4415 sive
3530 4371 3648 4415 ter-

2058 4470 2214 4523 reno,
2243 4470 2365 4509 cum
2395 4454 2590 4508 talibus
2632 4453 2874 4523 personis
2901 4453 2968 4509 de
2997 4454 3190 4524 quibus
3233 4454 3375 4507 nulla
3419 4454 3647 4524 periculi

1984 4587 2034 4647 Β
2058 4547 2228 4618 possit
2256 4560 2374 4599 esse
2400 4545 2653 4614 suspicio,
2682 4544 2747 4598 ad
2779 4560 2875 4599 nos
2895 4560 3016 4599 eum
3039 4550 3262 4613 juvante
3307 4544 3531 4598 Domino
3557 4560 3649 4599 re-

2059 4637 2300 4691 mittatis.
2332 4636 2402 4689 Ea
2426 4642 2604 4690 autem
2633 4651 2752 4704 qua:
2771 4651 2869 4704 pro
2897 4635 3104 4688 honore
3146 4635 3425 4688 charitatis
3461 4630 3566 4688 tua:
3610 4652 3643 4690 a

2058 4729 2213 4783 nobis
2242 4728 2533 4797 supradicti
2558 4728 2715 4795 legati
2768 4727 3076 4797 poposcisse
3109 4735 3424 4794 noscuntur,
3465 4729 3645 4797 parati

2056 4838 2244 4877 sumus
2269 4819 2616 4889 Deojuvante
2637 4819 2955 4876 concedere.
3001 4819 3106 4875 Sed
3136 4819 3235 4874 nisi
3266 4820 3471 4874 litteras
3523 4827 3649 4873 tuas

2058 4930 2157 4984 per
2203 4922 2256 4966 te
2303 4913 2686 4980 acceperimus,
2738 4911 2875 4966 sicut
2926 4913 3086 4966 etiam
3129 4911 3442 4967 decessores
3470 4912 3648 4976 nostri

2060 5006 2452 5076 postulantibus
2477 5004 2580 5060 tuis
2615 5004 2990 5060 decessoribns
3027 5003 3406 5072 praestiterunt,
3453 5019 3647 5072 supcr-

2060 5096 2221 5151 lluum
2265 5095 2624 5164 jndicavimus
2673 5094 2813 5148 ultro
2857 5094 3241 5149 transmittere.
3273 5093 3378 5149 Sed
3419 5110 3545 5147 mox
3574 5094 3643 5146 ad

2060 5204 2176 5253 nos,
2199 5186 2422 5256 juvante
2450 5185 2695 5248 Domino,
2722 5197 2885 5238 unum
2913 5183 2981 5238 de
3009 5183 3155 5238 clero
3178 5193 3270 5238 tuo
3299 5199 3421 5238 cum
3449 5182 3647 5257 litteris

2058 5279 2339 5344 direxeris,
2363 5278 2407 5331 si
2432 5276 2689 5331 Dominus
2711 5276 2960 5339 voluerit,
2990 5284 3046 5330 et
3087 5276 3135 5329 si
3158 5276 3469 5337 vixerimus,
3510 5291 3643 5345 pro-

2060 5370 2322 5425 mittimus
2351 5384 2448 5424 nos
2468 5382 2588 5422 esse
2618 5367 2873 5421 facturos.
2906 5364 3170 5420 Praeterea
3202 5366 3505 5439 hortamur,
3525 5365 3642 5437 viro

2060 5460 2587 5531 magniﬁcentissimo
2617 5456 2725 5511 ﬁlio
2754 5464 2963 5521 nostro,
2995 5456 3223 5526 patricio
3249 5454 3463 5511 Placido
3483 5458 3637 5523 geni-

2057 5555 2161 5610 tori
2186 5562 2277 5607 tuo
2303 5552 2475 5613 dicas,
2501 5561 2557 5603 ut
2576 5540 2718 5619 quod
2748 5546 2815 5602 de
2840 5547 3187 5617 pensionibus
3236 5547 3638 5617 possessionum

2058 5643 2306 5698 Ecclesiae
2335 5650 2532 5695 nostra:
2560 5639 2847 5694 collectum
2877 5644 2979 5702 est,
3010 5646 3101 5689 aut
3130 5650 3225 5705 per
3268 5651 3423 5690 suum
3465 5635 3642 5692 homi-

2058 5742 2327 5798 ncm,ant
2355 5746 2451 5801 per
2474 5730 2664 5784 harum
2693 5727 2849 5782 nobis
2874 5726 3122 5794 dignetur
3148 5724 3381 5791 dirigere
3412 5732 3644 5795 portito-

2060 5843 2171 5883 rem
2199 5846 2211 5879 :
2245 5828 2368 5892 quia
2394 5824 2555 5878 Italia:
2583 5820 2778 5891 praedia
2810 5819 2879 5873 ita
2904 5818 3141 5873 desolata
3173 5829 3317 5879 sunt,
3353 5828 3407 5871 ut
3441 5816 3505 5871 ad
3556 5832 3639 5883 re,
