3954 6178
242 247 346 300 έθδ
1629 244 1637 254 ’
1707 245 2082 304 ΕΡΙΞΤΟΙιᾸί.

3429 260 3530 311 408

237 361 648 431 caperationem
679 376 866 416 eorum
914 375 1072 417 nemo
1101 360 1346 417 sufﬁciat.
1380 360 1447 413 Et
1487 361 1531 414 si
1563 361 1836 430 possibile
1866 368 1912 424 Α
1943 371 2105 417 tatem
2165 379 2373 418 morum
2431 365 2687 423 exhibeas
2750 367 3053 422 clariorem.
3125 364 3392 438 Scriptum
3451 383 3532 423 est

237 462 352 518 est,
373 462 433 508 ut
455 453 612 509 nobis
630 454 697 508 de
737 453 864 523 ipsis
910 453 1097 509 solidis
1140 469 1268 523 saga
1311 451 1656 514 tomentacia,
1715 465 1832 520 quin

235 546 566 618 pauperibus
605 545 815 614 erogari
844 545 1071 616 possint,
1100 553 1157 599 et
1187 543 1395 599 tunicas
1423 542 1590 604 albas,
1614 549 1707 596 aut
1735 557 1825 596 cn-

236 637 433 702 cullas,
465 637 547 691 vel
571 636 808 702 colobia,
837 644 929 690 aut
955 636 1001 690 si
1031 651 1151 706 quze
1174 636 1292 689 aliae
1313 634 1524 704 species
1547 634 1598 688 in
1622 633 1836 703 provin-

235 729 324 782 cia
364 725 518 793 ﬁunt,
545 724 665 795 (μιςὲ
694 727 1042 797 pauperibus,
1094 734 1154 780 ut
1181 726 1432 791 diximus,
1474 725 1686 793 erogari
1739 724 1835 777 de-

236 820 425 886 beant,
456 819 613 874 nobis
639 819 834 874 exinde
883 819 1042 874 facite
1072 818 1395 889 comparari,
1431 826 1486 872 et
1515 818 1834 887 opportuni-

234 918 350 963 tate
377 909 534 964 naris
585 909 802 963 inventa
852 908 1084 977 dirigite,
1116 919 1174 963 ut
1203 909 1466 962 maximas
1514 907 1834 962 fraternitati

231 1008 342 1053 tua:
369 1000 573 1068 gratias
602 999 918 1063 referamus,
946 999 1071 1054 dum
1104 1001 1155 1054 in
1187 999 1489 1070 hujusmodi
1515 997 1832 1054 sollicitudi-

232 1106 361 1146 nem
387 1100 634 1146 nostram
666 1090 1002 1160 providentia
1033 1092 1312 1148 charitatis
1340 1090 1686 1145 tuaerelevari
1711 1105 1836 1144 cou-

236 1186 439 1253 tigerit.
466 1184 760 1240 Hortamur
790 1186 952 1240 etiam
975 1194 1033 1239 ut
1063 1184 1404 1239 Anastasium
1429 1183 1652 1237 fratrem
1679 1181 1833 1236 Pauli

233 1277 546 1332 defensoris
569 1276 825 1334 Ecclesia:
848 1277 913 1332 ad
941 1293 1040 1333 nos
1078 1278 1289 1333 faciatis
1340 1277 1667 1332 occurrere.
1693 1276 1834 1330 Deus

231 1376 292 1422 te
316 1369 646 1424 incolumem
676 1369 963 1434 custodiat,
995 1367 1162 1424 frater
1189 1369 1525 1424 charissime.
1578 1368 1713 1422 Data
1745 1384 1832 1421 xix

231 1459 496 1514 calendas
523 1458 825 1525 ianuarias,
851 1474 994 1515 anno
1027 1457 1095 1512 l5
1121 1468 1244 1530 post
1285 1458 1625 1515 consulatum
1652 1457 1834 1512 Basilii

232 1552 336 1606 viri
368 1552 674 1607 clarissimi.

633 1681 968 1740 EPISTULA
1006 1684 1072 1738 XI
1115 1685 1267 1754 (aliut
1308 1683 1451 1754 XII).

629 1815 696 1853 AD
722 1813 997 1854 εΑΡΑυιιυιι
1035 1813 1439 1853 ARELATENSEH.

343 1913 497 1968 Vires
524 1914 602 1967 illi
630 1931 752 1968 suas
781 1915 834 1967 in
865 1911 1037 1967 Gallia
1067 1914 1289 1986 delegat,
1320 1914 1566 1984 palliique
1590 1930 1738 1967 usum

881 1986 1084 2055 imperti
1091 1994 1190 2038 tur.

306 2097 669 2152 Dilectissimo
699 2096 850 2151 fratri
882 2095 1138 2165 Sapaudo
1167 2094 1434 2164 Pelagius.

301 2187 575 2257 Majorum
623 2195 954 2250 nostrorum,
1005 2195 1266 2257 operante
1310 2185 1404 2241 Dei
1447 2185 1836 2252 misericordia,

227 2280 520 2350 cupientes
543 2279 801 2335 inhaerere
841 2278 1101 2348 veStigiis,
1136 2288 1191 2334 et
1227 2293 1416 2334 eorum
1463 2288 1612 2333 actus
1657 2279 1839 2334 divino

225 2371 510 2442 juvamine
550 2371 602 2424 in
633 2371 883 2426 omnibus
911 2371 1128 2435 imitari,
1173 2370 1420 2426 cbaritati
1453 2378 1557 2426 tua:
1597 2385 1694 2440 per
1723 2372 1841 2425 uni-

227 2475 450 2518 versam
479 2459 706 2517 Galliam
746 2471 948 2517 sanctae
982 2462 1126 2520 sedis
1158 2463 1498 2532 apostolicae,
1529 2463 1616 2518 cui
1661 2463 1840 2518 divina

223 2552 408 2624 gratia
437 2552 806 2621 przesidemus,
840 2553 988 2607 vices
1010 2553 1353 2621 iujungimus.
1385 2551 1498 2608 Hoc
1527 2553 1669 2606 enim
1696 2555 1839 2607 auti-

225 2645 460 2712 quitatis
488 2644 747 2699 memoria
775 2643 956 2708 docet,
982 2644 1084 2699 hoc
1113 2643 1275 2698 etiam
1303 2643 1546 2698 Romana
1577 2651 1841 2700 testantur

225 2735 435 2790 scrinia
457 2750 488 2788 a
513 2735 712 2790 sanctis
735 2733 985 2790 Patribus
1011 2744 1066 2790 et
1093 2735 1468 2792 decessoribus
1495 2736 1694 2792 nostris
1737 2737 1840 2792 tuis

226 2825 619 2882 decessoribus
645 2840 764 2880 esse
792 2840 1112 2882 concessum
1140 2841 1152 2878 :
1185 2833 1245 2879 ut
1274 2825 1414 2880 illius
1438 2824 1647 2880 stabilis
1671 2833 1840 2895 petrae

227 2917 565 2986 sempiterna
603 2915 874 2981 soliditas,
915 2931 1078 2986 supra
1106 2930 1268 2984 quam
1307 2915 1564 2970 Dominus
1592 2914 1841 2971 Salvator

231 3019 423 3064 noster
479 3006 752 3078 propriam
803 3005 1044 3060 fundavit
1071 3004 1389 3061 Ecclesiam
1447 3021 1477 3060 a
1533 3007 1663 3062 solis
1717 3015 1839 3062 ortu

1938 455 2122 507 enim:
2167 453 2262 508 Cui
2296 458 2777 512 commendavemul
2816 453 3066 525 multum,
3111 459 3225 530 plus
3260 468 3430 531 petent
3470 467 3531 515 ab

1937 558 1996 596 eo
2022 542 2171 612 (Luc.
2200 545 2319 614 xu).
2353 544 2518 600 Usum
2550 537 2764 618 quoque
2788 548 2934 619 pallii
2965 549 3060 604 tibi
3091 550 3342 606 alaeriter
3368 551 3528 608 affec-

1939 633 2178 702 tioseque
2205 637 2570 703 concedimus,
2595 640 2797 708 pariter
2813 642 2971 694 etiam
2990 641 3532 712 palliumdirigcntcs,

1938 731 1997 775 ut
2026 722 2077 776 in
2105 725 2234 778 tanti
2264 725 2369 779 loci
2410 725 2621 796 fastigio
2649 729 2994 797 constitutus,
3031 733 3291 801 prseclaro
3317 749 3537 804 quoque

1935 813 2119 868 habitu
2144 815 2417 872 decoraris
2491 819 2706 874 scituris
2735 821 2982 877 omnibus
3019 823 3369 881 ecclesiastici
3413 839 3536 894 gra-

1937 904 2036 959 dus
2067 906 2392 972 hominibus,
2445 910 2642 965 nullam
2697 912 2884 967 haberi
2931 914 3225 980 licentiam,
3269 917 3385 971 sine
3431 915 3535 970 for-

1935 1005 2080 1051 mata
2127 1007 2230 1053 tua:
2276 1001 2575 1070 charitatis,
2605 1018 2668 1058 ex
2697 1019 3019 1074 quacunque
3055 1003 3347 1060 Galliarum
3383 1016 3535 1078 parte

1936 1087 2206 1156 longiores
2230 1099 2416 1159 petere
2437 1093 2716 1160 regiones;
2759 1108 2829 1148 ne
2857 1094 3123 1164 prohibita
3150 1105 3534 1165 praesumentes

1935 1176 2035 1245 ipsi
2066 1192 2124 1231 se
2156 1181 2375 1249 prOprio
2405 1181 2688 1237 videantur
2726 1183 2936 1253 privare
2977 1183 3175 1240 officio.
3208 1185 3333 1241 Hzec
3373 1187 3534 1256 igitur

1934 1281 2032 1336 per
2053 1267 2363 1324 Flavianum
2407 1271 2691 1328 diaconum
2715 1282 2769 1328 ct
2802 1273 3107 1330 Nestorium
3143 1274 3532 1333 subdiaconum

1934 1357 2190 1414 Ecclesiae
2239 1371 2370 1428 tuas,
2405 1378 2505 1433 per
2543 1379 2680 1433 quos
2731 1365 2988 1435 epistolas
3035 1373 3153 1422 tuas
3206 1368 3532 1438 accepimus,

1934 1453 2214 1508 scribenda
2248 1470 2366 1511 esse
2404 1457 2727 1513 curavimus.
2760 1459 2814 1513 ln
2850 1475 3076 1527 quorum
3108 1461 3269 1515 etiam
3303 1475 3531 1516 convcr-

1934 1543 2144 1598 satione
2167 1544 2434 1602 laudabile
2452 1554 2554 1602 tua:
2575 1549 2854 1605 charitatis
2874 1550 3188 1619 agnovimus
3210 1551 3507 1608 institutum
3525 1598 3537 1610 .

1933 1634 2076 1692 Deus
2098 1645 2150 1692 te
2174 1637 2498 1695 incolumem
2527 1641 2810 1706 custodiat,
2844 1635 3010 1697 frater
3034 1643 3366 1700 charissime.
3397 1643 3530 1698 Data

1868 1752 1915 1811 Β
1941 1741 1996 1780 ιιι
2025 1741 2194 1782 nonas
2220 1727 2518 1805 Februarii,
2543 1745 2685 1786 anno
2727 1729 2791 1784 16
2836 1740 2960 1802 post
3005 1732 3342 1789 consulatum
3387 1732 3530 1789 Basi-

1944 1819 1997 1872 lii
2028 1819 2127 1873 viri
2149 1819 2448 1877 clarissimi.

2323 1956 2655 2014 EPISTOLA
2703 1958 2796 2014 XII
2825 1960 2970 2030 (olim
2992 1959 3157 2031 XIII).

2347 2085 2414 2122 AD
2453 2085 2860 2124 ςιιιιυειιειιτωι
2896 2085 3094 2126 REGEI.

1945 2182 2224 2253 Signiﬁcat
2270 2199 2324 2236 se
2358 2183 2488 2236 vices
2517 2199 2639 2235 suas
2671 2190 2719 2235 et
2748 2182 2894 2252 pallii
2934 2197 3082 2235 usum
3111 2179 3368 2253 Sapaudo
3408 2199 3534 2238 con-

2276 2253 2506 2318 cessisse,
2538 2268 2686 2323 quem
2715 2251 2820 2324 regi
2850 2251 3194 2307 commendat.

2009 2349 2238 2420 Domino
2266 2363 2374 2419 lilio
2405 2364 2599 2419 merito
2624 2365 3012 2433 gloriosissimo
3041 2365 3534 2435 atque-prtecellen-

1945 2456 2149 2512 tissime
2169 2453 2512 2510 Childeberto
2543 2456 2655 2524 regi
2687 2453 2950 2524 Pelagius.

2014 2570 2357 2626 Excellentiu:
2389 2578 2577 2626 vestra:
2617 2570 2840 2637 litteras,
2889 2578 3012 2642 post
3053 2569 3169 2624 illas
3195 2585 3328 2640 quas
3375 2569 3534 2639 legati

1943 2665 2108 2720 vestri
2135 2663 2460 2727 detulerunt,
2494 2664 2654 2719 etiam
2688 2678 2784 2734 per
2804 2678 2898 2718 eos
2926 2679 3063 2733 quos
3091 2663 3254 2717 frater
3280 2670 3336 2718 et
3357 2664 3535 2732 coepi-

1942 2772 2137 2826 scopus
2174 2765 2358 2812 noster
2385 2755 2665 2827 Sapaudus
2696 2755 2762 2810 ad
2813 2771 2913 2812 nos
2956 2755 3180 2824 direxit,
3228 2765 3535 2810 reverenter

1943 2849 2280 2920 accepimus,
2330 2857 2387 2904 et
2438 2847 2625 2902 salutis
2669 2854 2900 2912 vestrae,
2954 2862 3072 2915 quae
3118 2847 3273 2902 nobis
3325 2861 3537 2916 semper

1943 2941 2175 3012 optanda
2220 2949 2332 3006 est,
2383 2949 2774 3010 cognoscentes
2821 2937 3053 3002 indicia,
3103 2938 3302 3008 gratias
3345 2937 3536 2992 divinm

1943 3031 2132 3101 pietati
2175 3030 2477 3095 retulimus,
2510 3037 2796 3083 exorantes
2821 3027 3164 3083 clementiam
3201 3028 3316 3096 ejus
3346 3035 3407 3082 ut
3442 3043 3538 3083 vos

233 3111 410 3165 usque
435 3095 506 3148 ad
526 3111 800 3193 ⁰⁶⁰³ξ¹¹¹¹¹ν
829 3095 1090 3164 ντίηηίηδ
1118 3095 1200 3150 sui
1225 3095 1436 3165 apicem
1465 3110 1837 3193 ξυθθξδδδθτωη
1869 3133 1910 3193 (ζ
1944 3095 2183 3190 largiﬂua
2230 3120 2432 3191 pietate
2467 3135 2564 3175 sua
2603 3128 2784 3176 servet
2830 3120 3145 3174 incolumes.
3177 3095 3405 3174 Litteras
3443 3135 3537 3173 au-

230 3201 458 3241 suorum
475 3186 816 3251 auctoritate,
834 3194 943 3240 tam
957 3201 1055 3256 per
1075 3201 1132 3241 se
1152 3201 1312 3257 quam
1328 3201 1424 3256 per
1446 3187 1672 3244 vicarios
1691 3205 1840 3254 suos,

234 3281 464 3334 ﬁrmiter
492 3279 781 3334 obtineret.
809 3277 922 3333 Nos
945 3288 1140 3347 autem,
1171 3279 1316 3334 sicut
1332 3279 1461 3335 dicit
1483 3281 1676 3336 beatus
1698 3281 1842 3353 Apo-

242 3377 444 3433 stolus,
477 3383 583 3418 nou
622 3367 675 3418 in
704 3368 1016 3424 inmensum
1059 3368 1376 3434 gloriamur,
1419 3370 1509 3420 sed
1547 3374 1831 3421 secundum

242 3475 547 3514 mensuram
569 3458 759 3527 regular
775 3475 878 3527 qua
899 3475 1106 3513 mensus
1120 3469 1197 3514 est
1212 3459 1359 3530 nobis
1380 3458 1520 3512 Deus
1538 3475 1834 3514 mensuram

242 3550 576 3619 pertingendi
602 3566 764 3617 usque
790 3549 860 3602 ad
885 3565 992 3603 vos.
1027 3548 1135 3605 Nec
1161 3551 1300 3604 enim
1319 3551 1476 3620 quasi
1503 3567 1605 3604 non
1639 3551 1838 3618 pertin-

244 3652 419 3710 gentes
435 3641 893 3710 superea'cedimus
913 3642 1347 3712 nos(Cor.x).Sic
1366 3656 1496 3711 ergo
1517 3645 1836 3713 participala

237 3735 601 3790 sollicitudine
639 3744 882 3791 sanctam
910 3736 1007 3791 Dei.
1031 3737 1390 3792 universalem
1419 3736 1715 3794 Ecclesiam
1746 3755 1844 3795 no-

236 3825 332 3879 stri
359 3839 460 3894 per
481 3824 579 3878 Dei
601 3825 830 3892 gratiam
858 3841 1049 3880 rexere
1077 3825 1330 3895 majores.
1355 3825 1492 3883 Hinc
1515 3836 1597 3882 est
1619 3829 1762 3898 quod
1788 3838 1845 3884 et

240 3933 341 3974 nos
367 3917 696 3972 fraternitati
730 3926 834 3972 tuae
862 3918 1169 3987 hujusmodi
1216 3935 1372 3974 curas
1402 3919 1753 3990 injungimus,
1787 3931 1845 3976 ut

235 4008 381 4063 sedis
408 4016 612 4063 nostrte
636 4009 867 4063 vicarius
897 4009 1192 4080 institutus,
1222 4010 1288 4064 ad
1319 4011 1487 4064 instar
1517 4019 1757 4066 nostrum
1789 4012 1841 4067 in

236 4094 533 4152 Galliarum
565 4098 810 4167 partibus
840 4098 993 4168 primi
1023 4099 1322 4154 sacerdotis
1365 4099 1543 4154 locum
1576 4100 1840 4166 obtineas,

233 4197 294 4243 et
330 4188 591 4260 quidquid
639 4189 706 4244 ad
761 4190 1210 4259 gubernationem
1255 4190 1341 4244 vel
1387 4189 1842 4260 dispensationem

233 4279 596 4335 ecclesiastici
625 4289 796 4334 status
819 4279 1110 4348 gerendum
1141 4289 1240 4341 est,
1273 4281 1499 4334 servatis
1521 4280 1738 4336 Patrum
1769 4297 1844 4336 re-

232 4373 380 4442 gulis
425 4383 482 4426 et
533 4373 676 4428 sedis
711 4373 1022 4442 apostolicae
1061 4372 1398 4439 constitutis,
1449 4372 1613 4427 divini
1657 4374 1842 4442 judicii

232 4464 674 4520 consideratione
700 4463 1010 4533 dispenses;
1036 4463 1307 4532 talemque
1333 4472 1386 4518 te
1408 4464 1460 4518 in
1483 4465 1845 4520 custodiendis
1877 4501 1920 4555 ι)
1949 4463 2222 4564 acceditis,

233 4554 543 4610 canonibus
571 4562 758 4608 sancta
788 4554 1202 4609 conversatione
1233 4555 1599 4621 demonstres,
1631 4555 1846 4624 qualem

235 4644 381 4696 tanti
438 4643 544 4697 loci
587 4643 746 4698 decet
790 4657 912 4698 esse
959 4641 1225 4698 'vicarium
1263 4661 1276 4697 :
1325 4659 1534 4699 memor
1569 4645 1847 4700 sententiae

237 4734 392 4788 beati
422 4731 569 4788 Pauli
591 4734 847 4804 apostoli,
877 4749 984 4803 qua
1015 4733 1360 4790 Timotheum
1383 4735 1705 4805 discipulum
1735 4738 1847 4791 sol-

234 4825 391 4880 licite
418 4825 670 4892 magister
701 4824 957 4880 informat
988 4825 1175 4880 dicens
1207 4843 1218 4878 :
1254 4825 1434 4880 Testor
1463 4843 1638 4880 coram
1667 4826 1777 4881 Deo
1801 4836 1850 4881 et

232 4917 458 4970 Christo
483 4915 606 4969 Iesu
625 4955 640 4980 ,
686 4927 734 4970 et
762 4917 932 4970 electis
964 4917 1160 4986 angelis
1198 4915 1330 4985 ejus,
1372 4925 1430 4969 ut
1458 4917 1565 4971 hinc
1590 4919 1850 4972 custodias

229 5013 356 5063 sine
378 5011 705 5080 prtejudicio,
728 5011 804 5065 nil
813 5012 1023 5081 faciens
1050 5012 1105 5064 in
1130 5011 1287 5064 aliam
1317 5019 1516 5080 partem
1542 5011 1845 5066 declinanda

234 5103 290 5170 (t
334 5099 476 5152 Tim.
543 5100 620 5171 ν).
658 5099 726 5155 Ut
750 5110 1036 5170 erogetur,
1078 5101 1393 5156 charissime
1429 5101 1612 5169 frater,
1657 5111 1848 5157 aucto-

231 5194 382 5248 ritas
415 5193 700 5261 pontificis,
731 5201 788 5249 et
815 5196 1049 5264 pastoris
1083 5195 1461 5264 mansuetudo,
1493 5211 1590 5264 per
1617 5211 1716 5251 nos
1755 5196 1847 5250 tibi

231 5287 434 5340 locum
458 5285 656 5351 vicarii,
686 5285 828 5341 sicut
853 5294 910 5340 et
936 5285 1310 5341 decessoribus
1337 5286 1463 5349 tuis,
1487 5287 1701 5341 noveris
1728 5301 1842 5355 gra-

231 5378 329 5431 tia:
378 5373 623 5444 largitate
648 5391 987 5432 concessum.
1020 5376 1154 5444 Quia
1193 5377 1318 5432 licet
1346 5377 1487 5447 apud
1530 5377 1697 5432 Deum
1740 5392 1848 5431 non

230 5469 312 5523 sit
373 5469 620 5538 acceptio
666 5483 1042 5539 personarum,
1095 5477 1238 5523 tuam
1287 5477 1468 5524 tamen
1526 5467 1848 5523 charitatem

233 5562 424 5617 etiam
451 5560 647 5613 carnali
673 5560 1023 5629 generatione
1044 5567 1257 5614 constat
1285 5574 1404 5615 esse
1426 5559 1757 5630 praeclaram.
1784 5557 1852 5614 Et

235 5652 375 5705 ideo
409 5649 657 5704 convenit
685 5659 741 5705 ut
763 5659 966 5718 quanto
987 5651 1037 5704 in
1062 5659 1112 5705 te
1136 5651 1393 5709 Dominus
1417 5651 1732 5721 multiplicia
1753 5651 1851 5706 bo-

241 5761 313 5797 na
347 5741 576 5822 largitus
601 5749 702 5805 est,
737 5749 886 5795 tanto
912 5740 962 5795 in
985 5742 1406 5801 sacerdotalibus
1435 5741 1643 5798 actibus
1669 5741 1852 5810 probi-

1945 3221 2053 3268 tem
2075 3220 2287 3268 nostras
2313 3209 2537 3282 pratfato
2566 3209 2941 3266 consacerdoti
2967 3218 3150 3266 nostro
3178 3209 3427 3281 Sapaudo
3453 3226 3540 3265 se-

1944 3303 2176 3359 cundum
2204 3304 2518 3375 petitionem
2560 3311 2797 3358 vestram
2836 3301 3154 3368 direximus,
3189 3317 3342 3357 usqu
3392 3302 3535 3371 pallii

1944 3396 2144 3468 pariter
2180 3396 2541 3452 concedentes
2583 3413 2596 3449 :
2639 3396 2765 3464 quia
2819 3395 2873 3450 in
2924 3395 3124 3450 scrinio
3173 3394 3537 3451 ecclesiastico

1943 3489 2310 3559 hujuscemodi
2353 3488 2603 3558 exempla
2641 3487 2964 3557 reperimus,
3003 3487 3197 3555 quibus
3239 3487 3538 3541 ostenditur

1943 3582 2346 3637 Arelatensibus
2373 3580 2643 3652 episcopis
2665 3595 2694 3633 a
2721 3588 2921 3634 sancta:
2943 3578 3331 3635 recordationis
3352 3578 3537 3634 deces-

1944 3672 2154 3728 soribus
2189 3672 2387 3732 nostris
2415 3672 2529 3727 hrec
2573 3670 2736 3725 fuisse
2783 3670 2998 3726 collata.
3053 3669 3343 3740 Propterea
3389 3669 3534 3724 salu-
3605 3737 3610 3740 _

1944 3771 2120 3819 tantes
2141 3764 2288 3819 cultu
2313 3764 2580 3832 regalibus
2604 3763 2781 3818 infulis
2803 3761 3002 3830 debito,
3030 3762 3364 3834 postulamus
3385 3771 3442 3817 ut
3464 3763 3534 3816 ita

1945 3873 2066 3914 eum
2095 3866 2256 3927 atque
2283 3855 2581 3912 Ecclesiam
2611 3857 2729 3926 ejus
2769 3857 2940 3926 gratia
2981 3856 3312 3911 excellentia:
3346 3864 3537 3910 vestrae

1945 3957 2160 4004 tueatur
2186 3965 2249 4004 ac
2279 3949 2479 4013 foveat,
2509 3964 2576 4004 ne
2617 3964 2776 4018 quem
2807 3963 2905 4018 per
2932 3948 3078 4003 vices
3116 3954 3326 4003 nostras
3354 3949 3536 4016 augeri

1943 4041 2270 4110 pr0pitiante
2299 4040 2406 4095 Deo
2447 4039 2781 4111 postulastis,
2811 4040 2867 4095 in
2905 4039 3081 4110 aliqua
3113 4046 3265 4109 parte
3291 4038 3536 4106 cuiquam

1945 4129 2344 4187 Gallicanorum
2400 4130 2735 4188 sacerdotum
2770 4173 2785 4198 ,
2851 4130 2938 4185 vel
2991 4129 3275 4198 cujuslibet
3338 4129 3540 4185 ordinis

1946 4223 2292 4278 ecclesiastici
2322 4236 2585 4294 personae,
2629 4222 2773 4293 quod
2822 4237 2926 4277 non
2958 4230 3190 4292 oportet,
3216 4221 3537 4291 contempti-

1947 4316 2067 4370 bilis
2094 4315 2390 4380 habeatur;
2423 4323 2477 4369 et
2501 4316 2552 4370 in
2595 4330 2661 4370 eo
2686 4313 2993 4376 auctoritati
3019 4321 3219 4368 sancte
3246 4310 3388 4367 sedis
3411 4328 3540 4381 apo~

1947 4407 2172 4472 stolicaz,
2216 4415 2271 4461 et
2317 4407 2477 4476 genio
2519 4415 2723 4470 vestro,
2767 4405 2856 4474 qui
2909 4421 3007 4475 pro
3055 4420 3122 4460 eo
3161 4403 3541 4472 suifragatores

2279 4496 2426 4565 quod
2471 4497 2637 4562 absit,
2669 4496 2916 4550 videatur
2958 4495 3009 4548 in
3041 4494 3222 4564 aliquo
3273 4494 3540 4564 derogari.

1953 4589 2378 4644 Perincolumem
2430 4588 2808 4643 excellentiam
2864 4595 3100 4642 vestram
3164 4585 3306 4642 Deus
3360 4594 3540 4644 noster

1953 4681 2243 4747 custodiat,
2277 4681 2495 4736 domine
2526 4681 2597 4735 lili
2623 4680 3008 4750 gloriosissime
3046 4687 3206 4751 atque
3234 4679 3539 4752 praecelleu~

1956 4775 2177 4828 tissime.

2313 4887 2645 4944 EPISTULA
2689 4887 2802 4943 XIII
2835 4889 2979 4960 (olim
3025 4887 3182 4959 XIV).

2383 5023 2450 5060 ΑΙ)
2486 5022 2892 5062 ςιιιιιιειιειιτυιι
2931 5022 3125 5061 RFGEI.

1959 5120 2037 5174 De
2067 5120 2314 5190 Sapaudo
2339 5119 2659 5190 Arelatensi;
2696 5119 2781 5190 qui
2822 5127 3001 5190 contra
3029 5116 3164 5190 sedis
3192 5131 3299 5190 sua:
3337 5116 3544 5186 priuile-

2031 5185 2169 5261 gium
2222 5192 2436 5244 alterius
2482 5185 2719 5260 episcopi
2747 5188 2999 5259 judicium
3028 5186 3198 5240 subire
3216 5185 3394 5256 jussus
3442 5190 3547 5258 fue-

2031 5269 2131 5314 rat.

2031 5372 2258 5428 Domino
2288 5369 2400 5425 lilio
2445 5369 2836 5439 gloriosissimo
2865 5375 3027 5437 atque
3055 5367 3549 5438 praecellentissimo

1957 5465 2308 5519 Childeberto
2336 5462 2449 5531 regi
2479 5461 2742 5530 Pelagius.

2029 5555 2162 5611 Cum
2191 5553 2519 5621 {celsitudini
2550 5562 2739 5608 vestrae
2781 5551 2949 5608 multa
2995 5552 3136 5609 dona
3183 5554 3548 5612 misericordia

1958 5645 2136 5701 divina
2159 5645 2478 5710 contulerit,
2509 5661 2608 5714 pro
2651 5659 2837 5700 amore
2885 5653 3063 5701 tamen
3102 5661 3263 5715 quem
3299 5645 3549 5704 Ecclesia:

1960 5737 2077 5808 ejus
2107 5736 2390 5793 sinceriter
2415 5736 2679 5793 cxhibctis
2709 5733 2926 5808 (Nicol.
2957 5736 3040 5806 If,
3071 5741 3222 5810 epist.
3245 5738 3301 5804 8,
3330 5740 3398 5794 ad
3435 5743 3556 5795 illic.
