3954 6178
406 245 510 305 407

1709 247 1984 306 PELAGII
2055 254 2258 315 ΡΑΡΛΞ
2292 255 2319 312 Ι

3566 260 3668 311 ιθο

405 364 593 426 imper.
630 360 985 431 armorum),
1011 361 1139 418 fecit
1169 375 1264 416 vos
1289 358 1475 417 multis
1497 364 1847 431 regnantibus
1878 365 1986 420 cla-
2013 372 2059 429 Α
2089 376 2276 422 nostro
2305 366 2832 438 magnificentissimo
2862 385 2977 427 Viro
2998 369 3226 441 patricio
3252 368 3491 435 Placido,
3516 373 3670 439 geni-

405 453 615 509 rlores:
642 456 899 526 quoniam
932 456 1074 509 inter
1104 454 1239 508 alias
1286 453 1437 524 regni
1467 454 1631 511 vestri
1682 470 1845 511 curas
1886 473 1986 527 pro

407 544 1014 612 tranquillitatesanctte
1036 543 1297 599 Ecclesiae
1316 543 1640 614 praecipuam
1665 544 1990 605 sollicitudi-

390 656 516 698 nem
534 656 634 697 vos
657 647 862 696 certum
890 645 973 695 est
1009 636 1285 694 exhibere.
1314 636 1446 705 Quae
1474 653 1596 695 cum
1623 638 1697 694 ita
1723 638 1855 704 sint,
1881 641 1984 693 mi-

390 750 577 799 ramur
602 733 727 803 quia
764 741 1027 802 quantum
1063 731 1218 788 nobis
1254 731 1599 802 pncsentium
1660 733 1982 804 portitorum

389 825 657 901 suggestis
698 823 969 896 patelecit,
1000 822 1143 894 passi
1185 823 1315 878 estis
1354 822 1558 893 subripi
1584 823 1737 878 vobis
1775 822 1985 893 Sapau-

389 920 517 973 dum
565 917 785 973 fratrem
830 926 888 973 et
930 917 1311 987 coepiscopum
1339 924 1614 981 nostrum,
1652 916 1983 974 Arelatensis
2026 985 2030 989 ,

388 1007 622 1065 civitatis
674 1007 990 1071 antistitem,
1045 1007 1198 1077 cujus
1249 1005 1490 1063 Ecclesia
1557 1007 1612 1062 in
1675 1008 1983 1078 regionibus

388 1097 677 1155 Gallicanis
695 1099 957 1170 primatus
980 1099 1262 1170 privilegio
1283 1106 1337 1154 et
1365 1100 1507 1154 sedis
1528 1100 1838 1170 apostolicae
1855 1101 1982 1156 vici-

390 1190 489 1245 bus
512 1188 821 1255 decoratur,
852 1188 920 1247 ad
948 1189 1264 1260 petitionem
1292 1190 1531 1260 episcopi
1568 1190 1635 1246 ab
1675 1190 1793 1261 ipso
1828 1191 1977 1247 ordi-

389 1279 531 1347 nati,
559 1278 614 1334 in
644 1278 904 1349 judicium
939 1280 1218 1350 sequentis
1250 1279 1480 1336 civitatis
1525 1280 1786 1351 episcopi,
1830 1283 1977 1353 quod

387 1371 532 1428 nulla
559 1371 924 1428 ecclesiastica
957 1370 1076 1441 lege
1101 1371 1188 1427 vel
1209 1372 1417 1429 ratione
1446 1370 1802 1437 conceditur,
1833 1373 1978 1443 judi-

385 1463 618 1519 candum
651 1462 915 1534 juberetis
949 1478 1265 1528 occurrere;
1296 1471 1358 1518 ut
1400 1464 1521 1534 ipso
1546 1463 1615 1520 de
1657 1466 1982 1522 conculcata.

386 1555 490 1611 loci
519 1556 601 1611 sui
628 1553 939 1626 prtejudicio
967 1564 1359 1623 conquerente.
1387 1555 1536 1611 illum
1563 1556 1656 1627 qui
1700 1557 1975 1628 usurpavit

385 1660 606 1703 necesse
626 1645 697 1701 sit
715 1645 784 1703 de
810 1644 995 1701 illicita
1021 1645 1438 1716 presumption
1460 1647 1669 1717 culpari
1692 1646 1974 1719 (Iliscine-

2085 459 2189 514 turi
2218 469 2334 524 tuo,
2382 474 2451 514 ex
2474 468 2655 516 nostra
2697 475 2926 531 persona
2969 462 3217 518 volumus
3251 459 3655 517 couimendari-

2084 558 2143 604 ut
2197 547 2251 604 in
2294 564 2405 605 sua"
2437 550 2765 606 continentia
2794 563 3183 623 recognoscant
3223 561 3484 625 quantum
3526 553 3669 624 apud

2083 641 2401 699 charitatem
2445 651 2589 699 tuam
2615 644 2696 699 eis
2740 646 3132 701 commendatio
3166 654 3355 703 nostra
3380 644 3663 718 profuerit.

2082 731 2190 786 Sed
2233 740 2289 786 et
2316 731 2446 788 illud
2464 732 2545 791 ad
2566 734 3142 789 conmemorationem
3180 736 3293 791 tuse‘
3313 734 3668 791 fraternuatis

2083 822 2416 888 adducitutm,
2466 832 2526 879 ut
2564 825 2704 881 sicut
2745 825 3067 896 jampridem
3112 825 3448 896 scripsimus,
3484 833 3668 881 vestes

2081 917 2555 987 qiuari-pauperibus
2593 927 2911 986 erogentur,
2946 916 3001 972 id
3042 925 3125 973 est
3148 917 3410 984 cucullas,
3432 926 3488 972 et
3515 917 3665 971 tuni-

2080 1019 2193 1067 cas,
2221 1013 2383 1076 atque
2403 1019 2552 1075 saga,
2583 1004 2747 1062 de-eo
2767 1004 2921 1077 quod
2951 1021 3051 1077 pro
3092 1006 3449 1078 pensionibus
3488 1006 3665 1061 eccle-

2080 1093 2413 1151 siasticarum
2441 1097 2843 1167 possessionum
2871 1096 3028 1154 nobis
3045 1097 3276 1154 domnus
3312 1096 3452 1153 ﬁlius
3477 1106 3666 1153 noster

2079 1182 2327 1241 l’lacidus
2360 1185 2667 1243 directurus
2691 1195 2833 1256 erat,
2877 1189 3181 1259 comparari
3224 1188 3453 1255 faciatis,
3493 1196 3550 1243 et
3592 1187 3670 1242 ad

2076 1281 2292 1344 portum
2317 1274 2643 1344 Romanum,
2671 1276 2783 1334 Deo
2801 1277 3680 1350 prepitiante,dirigere;quatenus

2074 1362 2490 1420 sollicitudinem
2537 1374 2776 1423 nostram
2822 1382 2890 1424 ex
2924 1377 3090 1438 parte
3126 1368 3309 1438 aliqua
3361 1369 3610 1425 relevetis
3638 1386 3656 1422 :

2074 1454 2200 1524 quia
2236 1463 2387 1512 tanta
2413 1465 2627 1526 egestas
2664 1465 2724 1513 et
2746 1457 2959 1514 nuditas
2986 1458 3039 1512 in
3068 1458 3290 1519 civitate
3316 1459 3420 1514 ista
3450 1465 3554 1523 est,
3601 1466 3663 1513 ut-

2074 1546 2191 1601 sine
2213 1545 2401 1603 dolore
2428 1557 2488 1603 et
2514 1549 2760 1618 angustia
2797 1548 2975 1604 cordis
3018 1549 3195 1605 nostri
3225 1549 3471 1607 homines
3517 1564 3663 1619 quos

2073 1633 2303 1690 honesto
2330 1635 2450 1692 loco
2478 1645 2637 1693 natos
2673 1637 2898 1694 idoneos
2948 1653 3300 1705 noveramus,
3335 1653 3442 1694 non
3484 1638 3662 1709 possi-

383 1754 492 1804 rua,
512 1754 595 1807 ep.
626 1736 680 1805 6,
722 1752 772 1792 ε.
803 1735 912 1810 15).
957 1734 1063 1792 Pro
1089 1736 1300 1808 quibus,
1332 1736 1750 1794 Christianitatis
1773 1747 1970 1797 vestra:
2002 1747 2044 1804 Β
2073 1740 2193 1781 mus
2239 1727 2502 1797 aspicere.
2550 1728 2692 1786 Deus
2737 1738 2793 1787 te
2819 1731 3143 1788 incolumem
3171 1729 3459 1797 custodiat,
3490 1731 3661 1789 frater

381 1829 707 1884 conﬁdentia
756 1827 896 1896 freti,
945 1836 1172 1898 paterno
1201 1827 1379 1883 studio
1406 1827 1763 1899 postulamus
1813 1838 1872 1885 ut
1914 1829 1969 1886 si

380 1919 507 1990 quid
536 1919 644 1976 tale
683 1918 883 1975 factum
907 1926 993 1975 est
1014 1956 1030 1983 ,
1062 1932 1299 1988 congrua
1325 1918 1691 1974 satisfactione
1715 1920 1968 1975 celeriter

379 2012 707 2081 amputetur,
735 2025 835 2065 nec
863 2008 1026 2064 ullum
1046 2008 1129 2064 sui
1150 2009 1455 2080 exemplum
1485 2009 1538 2064 in
1561 2010 1966 2082 perturbatione

382 2098 737 2156 Ecclesiarum
783 2114 919 2169 quas
969 2099 1124 2155 vobis
1158 2098 1306 2156 Deus
1350 2098 1599 2162 credidit,
1657 2101 1965 2172 relinquere

376 2191 727 2249 concedatur.
752 2190 826 2248 Et
869 2190 1173 2261 huiusmodi
1198 2191 1380 2248 causis
1423 2191 1707 2248 sollicitam
1760 2208 1857 2249 vos
1908 2194 1963 2249 in

376 2286 584 2355 reliquo
625 2284 780 2341 decet
830 2284 1088 2340 exhibere
1138 2283 1437 2353 cautelam,
1485 2299 1556 2340 ne
1601 2284 1730 2355 quid
1774 2294 1961 2343 contra

374 2377 763 2434 ecclesiasticas
797 2376 1014 2447 regulas
1064 2375 1379 2447 petentibus
1413 2375 1764 2432 concedatis:
1812 2376 1958 2447 quia,

374 2468 515 2540 quod
542 2471 682 2525 bene
706 2469 980 2538 cognitum
1008 2476 1095 2524 est
1121 2469 1387 2538 religiosae
1412 2470 1580 2526 menti
1607 2478 1822 2536 vestra,
1853 2486 1962 2527 non

373 2561 531 2617 aliter
550 2561 663 2616 Deo
689 2568 881 2616 nostro
908 2567 1058 2616 recte
1098 2567 1281 2630 potest
1309 2560 1506 2630 regalis
1530 2559 1750 2617 devotio
1789 2561 1961 2618 famu-

373 2651 491 2719 lari,
540 2651 643 2706 nisi
668 2648 1005 2723 providentia
1033 2650 1149 2720 ejus
1188 2650 1673 2731 ecclesiasticarum
1711 2648 1974 2707 ordinum

258 2744 259 2747 “
371 2749 614 2803 servetur
641 2740 935 2811 integritas.
961 2741 1393 2799 lncolumitatem
1416 2742 1747 2799 excellentia
1766 2751 1959 2799 vestrm

373 2831 512 2887 Deus
565 2839 751 2887 noster
819 2830 1133 2900 custodiat,
1181 2831 1399 2889 domine
1452 2831 1529 2888 illi
1573 2832 1957 2911 gloriosissime

371 2935 532 2995 atque
552 2924 1073 2995 prtecellentissime.

738 3035 1074 3097 EPISTULA
1102 3036 1220 3094 xw
1260 3038 1409 3113 (olim
1437 3036 1574 3109 XV).

716 3151 821 3209 ,Ἀῡ
852 3164 1133 3207 samum!
1164 3165 1571 3208 accursus“.

371 3245 449 3300 De
475 3245 694 3317 epistola
712 3261 832 3317 gata,
862 3259 1018 3317 quam
1043 3244 1116 3317 de
1133 3242 1239 3313 ﬁde
1262 3244 1519 3317 catholico
1547 3245 1617 3317 ad
1640 3261 1813 3316 regem
1836 3255 1969 3301 ante;

437 3312 664 3385 scripsit.
706 3312 1047 3372 Commendat
1072 3312 1338 3385 Romanos
1364 3316 1453 3385 qui
1481 3312 1716 3371 hostium'
1730 3326 1866 3371 metu
1894 3334 1954 3373 eo

437 3382 810 3509 coaggerant;
838 3385 1121 3458 iterumque
1149 3382 1212 3438 de
1238 3382 1459 3440 uestibus
1500 3388 1556 3440 in
1600 3386 1781 3441 urbem
1828 3388 1951 3441 mit-

438 3466 521 3509 ten
562 3470 626 3509 ta.
1378 3466 1381 3469 ’

438 3466 626 3511 tendis.
1378 3466 1381 3469 ’

440 3560 798 3620 Dilectissimo
826 3562 977 3620 fratri
999 3559 1250 3634 Sapaudo
1275 3562 1544 3634 Pelagius.

435 3654 607 3713 Tanta
648 3654 805 3712 nobis
834 3662 920 3712 est
945 3655 1088 3714 circa
1132 3670 1419 3726 personam
1460 3662 1566 3711 tua:
1606 3654 1955 3715 fraternitatis

365 3746 602 3815 allectio,
648 3753 708 3802 ut
733 3745 907 3801 nullas
934 3744 1251 3800 occasiones
1279 3745 1506 3800 transire
1531 3744 1747 3802 silentio
1776 3748 1952 3816 patia-

365 3854 504 3894 mur.
534 3837 777 3916 Denique
801 3837 1049 3893 veniente
1077 3834 1205 3890 illuc
1236 3834 1394 3890 Petro
1421 3835 1567 3890 urbis
1593 3836 1959 3907 negotiatore,

363 3929 651 4003 przesentia
680 3928 986 3984 curavimus
1032 3926 1099 3982 ad
1146 3924 1536 3981 fraternitatem
1575 3932 1726 3982 tuam
1753 3926 1950 4000 scripta

362 4025 614 4095 dirigere,
644 4022 1013 4088 desiderantes
1051 4026 1112 4075 ut
1137 4018 1205 4075 de
1227 4008 1596 4075 incolumitate
1623 4032 1840 4090 quoque
1866 4020 1950 4076 vi-

363 4115 544 4172 cissim
563 4113 700 4170 datis
714 4109 1205 4184 opportunitatibus
1232 4122 1605 4180 agnoscamus.
1630 4107 1805 4180 Atque
1826 4109 1951 4167 ideo

362 4206 662 4263 salutantes
687 4201 928 4258 fraterno
955 4201 1235 4258 charitatis
1257 4216 1463 4267 amore,
1496 4200 1798 4257 indicamus
1824 4216 1951 4272 pro-

362 4298 589 4369 pitiante
610 4294 841 4352 Domino
862 4294 1007 4350 circa
1037 4309 1135 4349 nos
1170 4295 1350 4350 omnia
1396 4308 1654 4365 prospere
1697 4295 1837 4365 geri.
1886 4293 1948 4351 Et

363 4390 642 4443 hortamur
668 4392 746 4455 ut,
800 4376 844 4442 Si
873 4384 1101 4457 epistola
1123 4384 1283 4457 quam
1313 4374 1413 4455 per
1453 4385 1738 4442 diaconum
1785 4396 1947 4457 atque

2068 1817 2402 1873 charissime.
2430 1817 2564 1875 Data
2591 1820 2768 1878 idibus
2792 1820 3011 1892 Aprilis,
3043 1837 3194 1878 anno
3215 1822 3284 1877 16
3308 1830 3426 1894 post
3458 1836 3660 1879 consu-

2067 1910 2233 1965 latum
2258 1910 2441 1969 Basilii
2469 1911 2568 1967 viri
2596 1912 2904 1969 clarissimi.

2437 2022 2772 2080 EPISTOLA
2810 2023 2903 2081 XV
2934 2025 3079 2095 (olim
3104 2025 3277 2098 XVI).

2497 2132 2567 2171 ΑΒ
2603 2131 3012 2173 επιιυειιειιτυι
3034 2132 3232 2174 παίει.

2064 2220 2229 2277 Mittit
2273 2224 2646 2298 conpaginem
2702 2225 2827 2295 fidei
2862 2241 3001 2298 sua),
3040 2235 3308 2298 monetque
3356 2236 3413 2283 ut
3476 2235 3665 2283 caveat

2135 2309 2201 2376 ne
2240 2311 2342 2376 qua
2372 2293 2434 2349 in
2476 2293 2665 2351 Galliis
2704 2293 2804 2367 per
2850 2296 3121 2352 hereticos
3162 2293 3383 2353 excitari
3428 2298 3678 2354 discidia

2132 2374 2300 2423 δέπαι..

2132 2477 2363 2534 Domino
2392 2477 2503 2534 tilio
2529 2478 2917 2548 gloriosissimo
2945 2487 3110 2550 atque
3150 2481 3661 2552 prmeellentissitno

2059 2569 2406 2626 Childeberto
2428 2570 2543 2639 regi
2573 2568 2819 2640 Pelagius
2842 2572 3144 2642 episcopus.

2133 2662 2360 2717 Humani
2404 2662 2618 2732 generis
2667 2661 2916 2719 Salvator
2946 2679 3012 2719 ac
3054 2664 3315 2720 Dominus
3354 2665 3663 2736 discipulos

2058 2767 2186 2808 suos
2232 2751 2467 2819 docens,
2512 2752 2631 2807 ait:
2665 2749 2792 2808 Non
2834 2762 2910 2807 ret
2950 2754 3185 2809 uoluntas
3234 2745 3413 2811 Patris
3457 2757 3658 2818 vestri,

2056 2845 2144 2914 qui
2180 2845 2238 2898 in
2277 2842 2419 2899 satis
2467 2851 2565 2906 est,
2599 2851 2664 2900 ut~
2695 2858 2830 2898 uitus
2883 2845 3068 2900 saltem
3112 2856 3290 2917 pereat
3333 2847 3399 2900 de
3442 2847 3665 2918 pusillis

2058 2934 2279 3007 (Matth.
2296 2934 2445 3006 mu)
2468 2951 2483 2989 :
2507 2933 2575 2990 de
2594 2934 2789 3006 quibus
2819 2949 2919 2990 nec
2941 2936 3290 2991 scandalizari
3314 2951 3665 3008 quemquam.

2055 3027 2173 3084 sine
2199 3026 2378 3096 magni
2407 3026 2602 3082 asserit
2622 3027 3029 3095 comparatione
3056 3027 3326 3098 supplicii.
3354 3026 3491 3083 Cum
3541 3026 3659 3096 igi-

1980 3120 2026 3182 C
2059 3126 2153 3173 tur
2166 3117 2329 3175 etiam
2350 3116 2418 3171 de
2456 3115 2663 3187 pusillis
2683 3115 2783 3172 ista
2814 3115 2985 3171 forma
3011 3117 3263 3189 ιιι-ποθι)ιί
3309 3118 3400 3185 sit,
3440 3125 3665 3189 quanto

2058 3210 2216 3267 nobis
2250 3207 2439 3265 studio
2456 3223 2522 3264 ac
2554 3207 2740 3264 labore
2760 3208 3110 3277 satagendum
3136 3216 3223 3264 est
3266 3217 3328 3264 ut
3366 3224 3468 3280 pro
3495 3212 3659 3269 aule—

2057 3298 2230 3356 rendo
2271 3297 2593 3368 suspicionis
2627 3297 2885 3354 seandalo
2922 3299 3240 3370 obsequium
3291 3298 3663 3360 confessionis

2058 3402 2254 3454 ausim:
2282 3391 2496 3462 regibus
2521 3390 2914 3457 ministremus;
2936 3392 3130 3461 quibus
3150 3408 3250 3447 nos
3272 3392 3434 3447 etiam
3460 3394 3663 3450 subdi-

2056 3492 2144 3540 tos
2167 3498 2289 3540 esse
2321 3490 2534 3539 sanctae
2572 3481 2867 3553 Scriptura:
2909 3484 3260 3554 praecipiuntl
3297 3484 3528 3541 Veniens
3554 3496 3655 3542 et-

2056 3573 2201 3631 enim
2254 3570 2487 3631 Rufinus
2524 3572 2609 3627 vir
2632 3624 2635 3629 λ
2657 3570 3002 3642 magniﬁcus,
3054 3572 3264 3644 legatus
3310 3574 3663 3632 excellentia}

2055 3672 2266 3730 vestrae,
2315 3661 2649 3720 confidenter
2682 3676 2715 3717 a
2752 3662 2935 3731 nobis,
2988 3671 3046 3718 ut
3089 3664 3289 3729 decuit,
3328 3666 3665 3736 postulavit,

2054 3767 2321 3828 quatenus
2348 3757 2497 3814 vobis
2525 3763 2619 3813 aut
2647 3755 2822 3811 beata
2842 3753 3238 3811 recordationis
3264 3771 3418 3827 papa:
3447 3756 3657 3814 Leonis

2054 3858 2269 3907 tornum
2290 3863 2322 3903 a
2344 3848 2502 3907 nobis
2522 3861 2624 3918 per
2657 3846 2836 3902 omnia
2865 3847 3173 3901 conservari
3202 3847 3504 3917 significare
3538 3848 3657 3905 de.

2054 3939 2380 4007 boissemus,
2408 3946 2503 3994 aut
2532 3936 2763 4008 propriis
2788 3936 2968 3993 verbis
3007 3945 3206 3994 nostra
3242 3938 3662 3997 confessionem

2055 4028 2179 4086 fidei
2216 4029 2507 4085 destinare.
2554 4027 2624 4082 Et
2660 4027 2885 4098 primum
2930 4027 3147 4097 quidem
3201 4030 3476 4100 petitionis
3522 4031 3661 4101 ejus

2053 4133 2283 4195 partem,
2301 4122 2426 4191 quia
2454 4120 2666 4177 facilior
2692 4119 2808 4186 fuit,
2841 4135 2968 4175 mox
2996 4129 3054 4175 ut
3080 4120 3239 4186 dixit,
3268 4121 3655 4192 implevimus,-

2051 4228 2246 4282 meque
2297 4212 2350 4267 in
2397 4211 2648 4267 omnibus
2700 4210 2938 4281 prtudicti
2979 4212 3221 4280 prmsulis
3269 4220 3473 4267 tomum
3536 4227 3663 4283 pro

2051 4301 2330 4359 catholicae
2362 4300 2484 4355 fidei
2532 4298 2835 4356 assertione
2869 4300 3265 4374 conscriptum,
3297 4301 3408 4357 Deo
3450 4305 3655 4374 propi.

2052 4394 2153 4461 tio,
2180 4391 2470 4454 custodire,
2502 4406 2694 4446 manus
2720 4397 2916 4446 nostra!
2938 4390 3004 4445 ad
3030 4404 3128 4447 vos
3156 4392 3495 4463 professione
3520 4396 3650 4464 sig-

362 4479 751 4535 subdiaconum
790 4476 1140 4533 fraternitatis
1179 4484 1284 4530 tua
1323 4476 1390 4531 ad
1435 4477 1942 4535 excellentissimum
1974 4499 2022 4558 ι)
2049 4486 2310 4546 navimus.
2336 4483 2406 4540 Ut
2434 4491 2616 4539 autem
2642 4483 2840 4540 nullius
2865 4483 3157 4553 deinceps,
3186 4483 3330 4553 quod
3358 4484 3516 4553 absit,
3545 4501 3653 4542 sn-

244 4608 252 4615 κ
365 4573 529 4629 tilium
556 4579 799 4627 nostrum
848 4568 1249 4625 Cbildebertum
1297 4582 1478 4638 regem
1524 4568 1838 4638 direximus,
1889 4571 1943 4627 in
2051 4577 2306 4648 spicionis
2329 4575 2591 4631 resideret
2616 4574 2850 4641 occasio,
2875 4574 3037 4629 etiam
3061 4575 3207 4629 illam
3238 4575 3395 4630 aliam
3426 4584 3653 4646 partem

363 4681 469 4736 qua
507 4664 577 4721 de
604 4663 860 4719 institutis
898 4662 1327 4725 beatissimorum
1370 4659 1588 4717 Patrum
1635 4672 1941 4719 nostrorum
2051 4684 2213 4739 quam
2261 4674 2592 4722 metueratus
2644 4666 2728 4720 vir
2774 4666 3000 4721 illustris
3053 4664 3278 4722 Ruﬁnus
3331 4666 3621 4725 admonuit

364 4756 521 4813 fidem
541 4752 860 4811 catholicam
905 4759 1094 4809 nostro
1134 4739 1233 4822 per
1283 4750 1377 4807 Dei
1423 4753 1649 4821 gratiam
1695 4769 1944 4810 sermone
2053 4757 2490 4822 faceremmtavi;
2521 4755 2731 4811 scilicet
2754 4755 2986 4825 propriis
3028 4754 3207 4810 verbis
3235 4754 3651 4812 confessionum

362 4846 814 4919 deprompsimus,
863 4850 973 4899 tam
1022 4843 1124 4914 ipsi
1177 4842 1563 4913 gloriosissimo
1616 4843 1730 4914 regi
1780 4860 1941 4916 quam
2050 4848 2174 4904 fidei
2198 4862 2361 4917 quam
2400 4853 2675 4909 tenemus,
2703 4859 3000 4915 exponens.
3031 4842 3377 4923 Definitiones
3418 4854 3654 4916 quoque

361 4940 608 4995 charitati
642 4946 748 4994 tua:
778 4937 865 4993 vel
911 4935 1030 4991 aliis
1070 4934 1320 4990 fratribus
1368 4934 1703 5005 coepiscopis
1747 4937 1945 4993 nostris
2046 4937 2116 4993 de
2144 4938 2334 4993 eadem
2362 4936 2629 4992 catholica
2652 4935 2900 5004 ﬁdequa:
2925 4935 2977 4994 in
3004 4942 3241 5004 quatuor
3270 4935 3474 4995 sanctis
3502 4951 3652 4992 con-

361 5030 583 5100 placuit.
633 5028 896 5100 rescripta
932 5035 1039 5084 tua:
1083 5026 1364 5083 charitatis
1412 5025 1641 5082 celerius
1678 5040 1941 5096 agnosca-
2046 5026 2181 5084 ciliis
2208 5035 2421 5082 statuae
2447 5033 2591 5091 sunt,
2613 5024 2710 5082 sed
2761 5032 2817 5080 et
2864 5025 3147 5080 memorati
3177 5022 3468 5095 pontificis,
3495 5040 3651 5095 quas

361 5136 502 5176 mus.
542 5117 808 5177 Praeterea
832 5116 1282 5177 commendamus
1308 5115 1616 5191 specialiter
1666 5115 1940 5175 dilectioni
2046 5120 2361 5177 universalis
2409 5133 2627 5190 semper
2664 5117 2840 5175 tenuit
2885 5130 2953 5173 ac
2993 5126 3145 5173 tenet
3192 5116 3431 5174 Ecclesia
3460 5158 3478 5185 ,
3527 5135 3651 5176 nos

360 5219 466 5266 tum
494 5209 769 5268 Romanos
794 5210 886 5279 qui
935 5207 1246 5266 hostilitatis
1286 5215 1433 5262 metu
1461 5207 1833 5281 confugerunt.
1879 5218 1940 5265 ut
2043 5227 2165 5270 ctun
2195 5211 2291 5267 Dei
2313 5210 2519 5286 auxilio
2548 5221 2734 5286 tenere
2759 5217 2921 5279 atque
2944 5209 3257 5277 defendere,
3283 5212 3540 5280 prasenti
3561 5214 3651 5268 ad

358 5301 611 5357 solatium
637 5300 989 5357 fraternitatis
1036 5308 1157 5364 tum,
1208 5307 1265 5353 et
1290 5297 1674 5353 continentiam
1722 5299 1935 5367 qualem
2044 5301 2423 5363 excellentiam
2443 5308 2678 5357 vestram
2694 5285 2976 5370 colloquio
3000 5298 3357 5357 intimandum
3378 5317 3648 5358 necessa-

359 5394 720 5464 psregrinatio
739 5409 928 5451 eorum
947 5392 1448 5464 poscitinvcniant;
1475 5407 1614 5463 quos
1641 5392 1803 5449 etiam
1827 5394 1939 5450 tilio
2042 5395 2123 5449 rio
2140 5392 2399 5462 iudicavi.
2823 5381 2836 5399 ‘

369 5514 517 5532 ὴ

1546 5576 1772 5637 FIDES
1815 5575 2035 5636 PAPJ‘E
2078 5576 2422 5636 PELAGH.

431 5680 604 5738 Credo
630 5683 791 5749 igitur
818 5681 872 5735 in
917 5696 1083 5736 unum
1113 5680 1300 5747 Deum,
1350 5679 1583 5745 Patrem,
1624 5688 1679 5733 et
1719 5678 1931 5743 Filium,
2041 5687 2167 5742 tem,
2200 5680 2603 5748 sempiternum,
2637 5676 2967 5745 ingenitum;
2996 5674 3188 5732 Filium
3216 5656 3347 5732 vero
3375 5694 3442 5733 ex
3472 5676 3634 5744 ejus-

388 5785 441 5827 ct
470 5773 717 5841 Spiritum
752 5780 1036 5828 sanctum:
1082 5768 1296 5840 Patrem
1347 5771 1551 5827 scilicet
1598 5771 1937 5841 omnipoten-
2046 5768 2164 5823 dem
2196 5767 2366 5821 Patris
2393 5766 2687 5821 substantia
2717 5765 2801 5820 vel
2830 5774 3014 5820 natura
3038 5766 3271 5836 genitum
3309 5778 3434 5824 ante
3460 5783 3643 5826 omne
