3954 6178
205 237 310 293 ‘09

1649 235 2030 296 EPISTOLE.

3390 245 3495 304 M0

205 354 432 410 omnino
485 353 567 409 vel
607 354 889 426 temporis,
942 354 1027 411 vel
1079 353 1394 425 cujusquam
1450 352 1683 418 initium,
1728 351 1797 406 de
1829 357 1874 412 Α
1902 349 2306 407 subsistentiam
2350 352 2612 410 adunatas
2658 353 2932 411 credimus
2976 371 3096 413 esse
3139 365 3382 425 naturas,
3437 371 3499 416 ut

203 445 583 515 omnipotente
610 446 1037 516 omnipotentem
1056 485 1072 511 ,
1099 447 1380 514 aequalem,
1414 443 1801 512 cousempiter—

203 553 336 591 num
367 547 425 592 et
467 538 981 594 consubstantialem
1009 539 1262 606 genitori.
1293 538 1550 608 Spiritum
1587 551 1801 607 quoque

202 637 454 684 sanctum
500 630 950 700 omnipotentem,
1003 630 1238 699 utrique,
1293 627 1438 682 Patri
1483 629 1691 684 scilicet
1739 641 1803 681 ac

204 719 344 774 Filio
371 721 655 789 :equalem,
673 724 1164 793 consempiternum
1187 715 1346 790 atque
1373 719 1802 776 consubstantia’

201 812 345 878 lem;
389 814 481 882 qui
524 829 589 868 ex
622 813 782 870 Patre
811 815 1242 886 intemporaliter
1261 814 1587 885 procedens,
1633 813 1806 867 Patris

201 912 292 955 est
319 902 549 972 Filiique
579 903 833 974 Spiritus.
862 905 977 960 lloc
1002 915 1084 960 est
1109 915 1217 960 tres
1246 920 1526 976 personas,
1555 905 1667 957 sive
1695 912 1805 958 tres

201 994 586 1051 subsistentias
614 999 772 1053 unius
807 999 1054 1055 essentire
1080 1000 1194 1053 sive
1236 1007 1459 1059 naturte,
1495 997 1652 1051 unius
1699 997 1808 1051 vir-

202 1088 356 1150 tutis,
416 1088 575 1143 unius
629 1091 982 1159 operationis,
1041 1090 1199 1144 unius
1245 1083 1593 1144 beatitudinis
1646 1096 1807 1156 atque

204 1179 368 1234 unius
393 1183 707 1250 potestatis;
741 1191 800 1237 ut
822 1185 959 1237 trina
989 1184 1059 1239 sit
1088 1185 1285 1249 unitas,
1317 1192 1374 1238 et
1401 1199 1504 1236 una
1539 1185 1609 1237 sit
1633 1183 1809 1238 Trini-

203 1280 313 1335 tas,
337 1271 489 1340 juxta
523 1275 670 1330 vocis
713 1275 997 1331 dominica:
1024 1277 1333 1342 veritatem,
1361 1276 1588 1331 dicentis
1613 1295 1627 1330 :
1683 1277 1805 1342 Ite;

203 1361 389 1416 docete
455 1381 632 1418 omnes
698 1375 914 1436 gentes,
979 1367 1300 1437 baptizmtes
1349 1383 1435 1420 eos
1482 1369 1536 1420 in
1601 1370 1810 1422 nomine

211 1452 413 1516 Patris,
462 1466 512 1508 et
540 1453 700 1520 Filii,
728 1466 774 1508 et
808 1458 1036 1526 Spiritus
1081 1459 1246 1511 sancti
1300 1454 1522 1527 (Matth.
1582 1459 1804 1530 xxvm).

207 1543 269 1597 ιη
318 1544 574 1611 nomine,
629 1545 839 1616 inquit,
888 1563 994 1601 non
1045 1547 1376 1617 nominibus,
1420 1557 1478 1604 ut
1533 1559 1588 1605 et
1644 1566 1808 1604 unum

127 1696 138 1702 1
207 1633 385 1687 Deum
443 1650 539 1703 per
594 1636 960 1692 indistinctum
1035 1639 1228 1695 divina:
1291 1642 1538 1696 essentia:
1607 1657 1806 1696 nomen

1905 444 2184 516 utriusque
2213 448 2546 517 proprietate
2573 458 2809 518 servata,
2860 460 3052 507 neutra
3090 463 3502 511 converteretur

1903 535 1956 589 in
1988 535 2233 591 alteram.
2274 538 2352 594 Ac
2379 546 2685 609 propterea,
2715 541 2854 596 sicut
2880 557 3022 613 saepe
3049 544 3300 613 diximus,
3329 563 3497 602 unum

1905 625 2261 696 eumdemque
2311 628 2580 683 Christum
2632 646 2751 686 esse
2805 647 2988 687 verum
3036 634 3226 689 Filium
3275 636 3393 707 Dei,
3443 648 3500 695 et

1906 717 2155 772 eumdem
2200 719 2371 788 ipsum
2421 737 2606 774 verum
2655 721 2819 776 ﬁlium
2871 725 3104 780 hominis
3150 725 3501 798 conﬁtemur,

1907 810 2424 864 consubstantialem
2460 810 2603 866 Patri
2631 815 2922 869 secundum
2959 815 3235 883 deitatem,
3259 819 3498 875 consub-

1907 905 2213 959 stantialem
2267 905 2423 959 nobis
2453 909 2700 960 eumdem
2733 907 3026 962 secundum
3059 910 3447 966 humanitatem
3479 929 3500 977 ς

1908 1010 2004 1064 per
2033 995 2213 1050 omnia
2242 996 2398 1050 nobis
2419 997 2646 1051 similem
2671 999 2766 1051 abs
2789 1014 2873 1064 zue
2894 1007 3118 1068 peccato
3142 1018 3156 1066 ;
3189 1002 3500 1070 passibilein

1909 1102 2095 1154 carne,
2143 1087 2390 1142 eumdem
2438 1088 2612 1157 ipsum
2644 1089 3028 1158 impassibilem
3059 1089 3278 1146 deitate.
3323 1093 3494 1159 Quem

1908 1179 2007 1232 sub
2038 1177 2230 1232 Pontio
2259 1177 2433 1232 Pilato
2473 1189 2668 1248 sponte
2704 1195 2805 1249 pro
2844 1181 3017 1234 salute
3062 1189 3244 1235 nostra
3276 1197 3495 1250 passum

1909 1285 2028 1324 esse
2058 1284 2220 1324 carne
2245 1269 2584 1335 conﬁtemur,
2633 1271 2945 1325 cruciﬁxum
2998 1287 3183 1338 carne,
3227 1281 3498 1327 mortuum

1910 1375 2091 1426 carne,
2121 1363 2481 1417 resurrexisse
2531 1363 2688 1416 tertia
2719 1362 2806 1418 die
2831 1362 3127 1432 gloriﬁcata
3157 1375 3213 1419 et
3245 1365 3497 1421 incorru-

1909 1451 2082 1521 ptibili
2129 1452 2319 1505 eadem
2369 1467 2551 1518 carne,
2593 1462 2648 1506 et
2688 1463 3064 1508 conversatum
3097 1463 3221 1524 post
3257 1471 3499 1511 resurre-

1911 1543 2144 1597 ctionem
2178 1558 2300 1597 cum
2339 1543 2618 1612 discipulis
2645 1544 2777 1609 suis,
2829 1560 2892 1599 ac
2944 1546 3128 1599 multis
3173 1546 3347 1601 modis
3389 1547 3500 1601 evi-

1911 1634 2098 1689 denter
2129 1635 2206 1691 eis
2235 1635 2533 1689 ostendisse
2561 1635 2642 1690 sui
2669 1637 2911 1706 corporis
2938 1637 3220 1692 veritatem
3247 1654 3260 1703 ;
3287 1645 3342 1691 et
3370 1651 3502 1707 qua-

205 1724 525 1779 ostenderet
549 1765 564 1788 ,
639 1735 696 1781 et.
775 1744 1127 1798 personarum
1221 1731 1603 1787 discretionem
1693 1733 1806 1788 suis
1842 1723 1882 1783 Β
1911 1723 2217 1794 dragesimo
2238 1725 2324 1779 die
2345 1725 2651 1780 videntibus
2676 1726 2876 1780 eisdem
2899 1727 3178 1797 discipulis
3199 1727 3505 1782 ascendisse

206 1817 638 1872 demonstratam
687 1820 1108 1889 proprietatibus
1155 1822 1455 1878 edoceret:
1510 1825 1635 1892 quia
1682 1823 1808 1878 dum

207 1907 393 1961 tribus
438 1923 605 1961 unum
644 1907 859 1964 deitatis
912 1926 1108 1965 nomen
1154 1920 1279 1974 est,
1323 1912 1600 1981 aequalitas
1629 1922 1812 1968 osten-

209 1998 365 2051 ditur
392 2013 784 2067 personarum;
815 2009 871 2055 et
914 2017 1099 2056 rursus
1138 2003 1417 2072 aequalitas
1457 2019 1808 2073 personarum

218 2089 357 2142 nihil
380 2098 713 2154 extraneum,
747 2091 876 2145 nihil
906 2092 1172 2148 accedens
1197 2093 1250 2146 in
1301 2093 1379 2148 eis
1424 2094 1686 2164 permittit
1725 2095 1809 2149 in-

217 2181 392 2250 telligi
430 2198 444 2233 :
491 2181 563 2234 ita
608 2190 666 2235 ut
713 2190 769 2237 et
806 2185 1175 2253 unusquisque
1211 2200 1400 2240 eorum
1440 2201 1598 2241 verus
1637 2185 1815 2255 perfe—

212 2280 448 2341 ctasque
472 2272 540 2325 sit
570 2272 746 2338 Deus;
777 2273 1030 2328 videlicet
1063 2290 1130 2329 ex
1161 2275 1492 2344 plenitudine
1519 2275 1815 2331 divinitatis

217 2364 356 2418 nihil
382 2366 560 2418 minus
585 2365 642 2418 in
671 2366 913 2434 singulis,
963 2367 1095 2421 nihil
1126 2369 1355 2438 amplius
1401 2368 1728 2436 intelligatur
1757 2368 1810 2422 in

216 2455 413 2508 tribus.
455 2452 532 2507 Ex
577 2452 678 2509 hac
706 2465 886 2510 autem
916 2465 1124 2521 sancta,
1173 2467 1230 2512 e-t
1273 2458 1605 2524 beatissima,
1651 2465 1813 2526 atque

214 2544 665 2599 comubstautiali
696 2544 979 2609 Trinitate,
1004 2547 1166 2601 credo
1190 2555 1350 2616 atque
1371 2547 1636 2603 conﬁteor
1655 2563 1812 2602 unam

216 2650 535 2705 personam,
585 2635 635 2688 id
663 2644 764 2701 est,
806 2635 996 2690 Filium
1028 2635 1119 2690 Dei
1147 2653 1246 2708 p"o
1275 2638 1447 2692 salute
1473 2639 1692 2692 humani
1721 2654 1816 2706 ge-

218 2728 372 2778 neris
421 2724 729 2779 novissimis
768 2726 1104 2797 temporibus
1149 2728 1490 2783 descendisse
1521 2719 1603 2785 de
1651 2731 1810 2797 cmlo,

217 2831 323 2870 nec
352 2814 585 2885 patriam
634 2816 836 2882 seriem,
880 2833 982 2872 nec
1011 2818 1190 2872 mundi
1242 2819 1600 2887 gubernacula
1645 2822 1815 2876 relin-

216 2916 523 2978 quentem;
564 2917 623 2962 et
668 2917 856 2965 sancto
901 2909 1101 2981 Spiritu
1130 2913 1544 2983 superveniente
1574 2914 1624 2967 in
1656 2915 1815 2970 beata

219 3004 450 3072 Virgine
471 3003 658 3066 Maria,
683 3012 843 3072 atque
864 3005 1218 3060 obumbrante
1241 3006 1291 3061 ei
1314 3007 1508 3062 virtute
1531 3009 1810 3073 Altissimi,

1915 1819 1968 1872 in
1999 1818 2204 1882 cmlos;
2249 1817 2440 1872 sedere
2484 1819 2646 1872 etiam
2690 1820 2754 1873 ad
2780 1819 3058 1873 dexteram
3100 1817 3296 1872 Patris.
3330 1817 3500 1885 Quem

1913 1909 2076 1964 credo
2101 1917 2158 1964 et
2184 1909 2468 1977 conﬁteor,
2495 1908 2785 1963 secundum
2815 1907 3250 1963 testiﬁcationem
3282 1908 3507 1976 angelo-

1913 2016 2053 2064 rum,
2083 1999 2223 2054 sicut
2251 2000 2491 2054 ascendit
2521 1999 2574 2052 in
2605 1998 2794 2065 cmlos,
2835 1999 2910 2052 ita
2950 2004 3234 2051 venturum
3261 1997 3506 2066 judicare

1916 2089 2068 2143 vivos
2106 2095 2162 2142 et
2190 2097 2453 2144 mortuos.
2495 2086 2695 2143 Omnes
2741 2088 2885 2142 enim
2927 2087 3174 2142 homines
3219 2087 3287 2141 ab
3333 2087 3505 2142 Adam

1917 2198 2088 2254 usque
2115 2183 2182 2237 ad
2213 2183 2733 2238 consummationem
2755 2181 2938 2236 szeculi
2965 2189 3123 2236 natos
3151 2187 3209 2236 et
3235 2187 3502 2242 mortuos,

1915 2292 2038 2332 cum
2065 2276 2182 2346 ipso
2211 2276 2382 2330 Adam
2414 2275 2636 2346 ejusque
2665 2289 2865 2339 uxore,
2898 2276 2990 2343 qui
3021 2289 3130 2328 non
3160 2288 3227 2328 ex
3257 2271 3376 2327 aliis
3405 2286 3505 2342 pa-

1914 2367 2159 2422 rentibus
2187 2368 2298 2421 nati
2325 2375 2472 2434 sunt,
2522 2367 2614 2422 sed
2645 2369 2782 2422 alter
2804 2367 2872 2421 de
2902 2374 3070 2432 terra,
3121 2365 3290 2420 altera
3321 2373 3502 2418 autem

1917 2455 1983 2512 de
2010 2465 2162 2511 costa
2193 2458 2319 2526 viri,
2361 2457 2533 2513 creati
2581 2467 2728 2523 sunt,
2783 2465 2914 2512 tunc
2954 2463 3356 2512 resurrecturos
3384 2468 3507 2509 esse

1916 2547 2200 2613 conﬁteor,
2233 2557 2288 2602 et
2316 2556 2497 2602 astare
2527 2558 2654 2603 ante
2683 2547 2913 2602 tribunal
2942 2547 3164 2614 Christi,
3192 2555 3251 2600 ut
3278 2546 3507 2616 recipiat

1920 2641 2284 2710 unusquisque
2313 2641 2530 2711 propria
2557 2640 2820 2711 corporis,
2851 2648 3016 2711 prout
3041 2640 3227 2709 gessit,
3260 2640 3376 2695 sive
3403 2640 3506 2694 bo-

1918 2748 2006 2797 na,
2059 2732 2172 2787 sive
2201 2733 2380 2797 mala;
2431 2743 2487 2788 et
2521 2732 2698 2801 justos
2742 2733 2958 2802 quidem
3007 2747 3106 2801 per
3149 2731 3504 2799 largissimam

1918 2822 2148 2890 matiam
2178 2821 2294 2888 Dei,
2345 2829 2405 2876 ut
2433 2831 2558 2894 pote
2585 2837 2715 2878 vasa
2754 2820 3135 2877 misericordiae
3182 2821 3235 2876 in
3280 2822 3508 2892 gloriam

1917 2923 2239 2985 prrrparata,
2283 2923 2500 2970 :eternre
2527 2915 2651 2969 vitae
2679 2915 2912 2984 praemiis
2941 2913 3286 2979 donaturum,
3339 2915 3390 2969 in
3418 2929 3503 2970 so-

1920 3005 2115 3060 cietate
2141 3005 2394 3060 videlicet
2419 3005 2752 3074 angelorum,
2804 3003 3006 3072 absque
3047 3005 3158 3059 ullo
3181 3004 3291 3072 jam
3324 3005 3507 3075 lapsus
3563 3074 3567 3077 λ

220 3097 484 3152 eumdem
513 3095 750 3150 Verbum
796 3111 859 3150 ac
903 3095 1097 3152 Filium
1144 3098 1242 3154 Dei
1283 3099 1336 3154 in
1387 3107 1542 3157 utero
1572 3101 1813 3172 ejusdem
1844 3100 1888 3162 C
1918 3095 1999 3149 sui
2041 3102 2190 3148 metu
2227 3095 2344 3149 sine
2379 3094 2486 3149 ﬁne
2512 3087 2784 3160 victuros;
2837 3094 3049 3163 iniquos
3077 3103 3256 3149 autem
3285 3095 3509 3150 arbitrio

217 3195 426 3242 sancta:
469 3185 702 3254 Virginis
739 3185 920 3241 Mariae
962 3187 1260 3243 clementer
1307 3189 1630 3260 ingressum,
1665 3200 1718 3247 et
1749 3192 1816 3248 de

217 3292 386 3332 carne
413 3275 542 3344 ejus
567 3276 668 3330 sibi
702 3277 884 3331 nuisse
921 3291 1141 3332 carnem
1169 3278 1350 3332 anima
1376 3280 1623 3335 rationali
1650 3290 1706 3336 et
1734 3282 1821 3337 in-

217 3367 521 3424 tellectuali
552 3367 839 3422 animatam
865 3386 878 3420 :
904 3384 1003 3423 nec
1024 3375 1151 3424 ante
1175 3379 1414 3425 creatam
1435 3388 1555 3428 esse
1575 3389 1815 3442 carnem,

217 3471 277 3516 et
303 3469 506 3532 postea
538 3459 914 3531 supervenisse
939 3459 1130 3514 Filium
1156 3461 1251 3516 Dei
1277 3480 1291 3528 ;
1335 3462 1448 3527 sed,
1501 3465 1640 3519 sicut
1679 3466 1817 3521 scri-

221 3562 373 3623 ptum
405 3560 518 3614 est,
539 3552 795 3621 sapientia
826 3551 1123 3621 azdiﬁcante
1148 3551 1246 3606 sibi
1267 3553 1476 3608 domum
1501 3553 1680 3626 (Prov.
1715 3566 1816 3624 lx),

219 3661 350 3699 mox
382 3658 608 3699 carnem
637 3643 691 3696 in
738 3651 893 3698 utero
923 3642 1173 3712 Virginis,
1215 3660 1344 3699 mox
1389 3645 1552 3701 Verbi
1580 3647 1674 3702 Dei
1701 3663 1824 3702 car-

224 3752 352 3792 nem
383 3737 606 3800 factam,
653 3734 953 3805 exindeque
993 3739 1110 3792 sine
1138 3737 1246 3792 ulla
1288 3741 1687 3809 permutatione
1729 3750 1822 3796 aut

226 3827 596 3882 conversione
642 3825 803 3880 Verbi
852 3827 1138 3895 carnisque
1180 3837 1426 3898 naturae,
1475 3830 1710 3888 Verbum
1759 3848 1824 3890 ac

224 3917 424 3970 Filium
447 3915 547 3971 Dei
577 3916 774 3971 factum
795 3916 1068 3972 hominem
1093 3934 1255 3973 unum
1279 3920 1332 3974 in
1355 3928 1582 3990 utraque
1607 3931 1821 3992 natura,

219 4010 410 4063 divina
466 4009 679 4065 scilicet
732 4019 788 4064 et
829 4010 1085 4077 humana,
1131 4012 1401 4068 Christum
1431 4013 1612 4070 Jesum
1653 4017 1820 4072 Deum

225 4117 444 4165 verum,
484 4100 846 4171 eumdemque
874 4119 1060 4158 verum
1088 4105 1360 4160 hominem
1390 4109 1740 4175 processisse,
1773 4111 1825 4167 id

219 4201 317 4248 est
345 4201 533 4247 natum
562 4207 705 4260 esse,
734 4202 946 4248 servata
977 4194 1284 4264 integritate
1312 4206 1570 4255 maternae
1597 4202 1823 4271 virgini-

221 4283 362 4336 tatis
397 4300 412 4336 :
458 4283 584 4352 quia
611 4283 690 4338 sic
717 4299 839 4338 eum
869 4285 1020 4354 virgo
1049 4301 1370 4356 permanens
1396 4292 1601 4358 genuit,
1632 4308 1826 4362 quem-

217 4373 528 4428 admodum
578 4375 728 4442 virgo
778 4376 1046 4445 concepit.
1113 4375 1344 4448 Propter
1388 4382 1534 4450 quod
1581 4384 1824 4439 eamdem

1919 3185 2213 3242 voluntatis
2253 3186 2486 3256 propriae
2529 3199 2656 3238 vasa
2700 3185 2794 3238 ine
2823 3193 2947 3256 apta
2991 3185 3044 3239 in
3073 3185 3346 3240 interitum
3376 3199 3506 3254 per-

1919 3283 2220 3341 manentes,
2250 3274 2342 3343 qui
2366 3275 2504 3328 viam
2535 3273 2746 3328 Domini
2775 3283 2868 3328 aut
2895 3289 3002 3329 non
3029 3283 3384 3344 agnoverunt,
3414 3282 3509 3328 aut

1920 3366 2192 3434 cognitam
2231 3364 2458 3419 diversis
2511 3364 2653 3434 capti
2702 3364 3234 3433 prmvaricationibus
3274 3363 3510 3433 relique-

1919 3465 2064 3521 runt,
2115 3456 2168 3509 in
2211 3455 2384 3525 pomis
2429 3455 2618 3508 mterni
2646 3461 2809 3523 atque
2851 3454 3305 3522 inexstinguibilis
3350 3455 3507 3522 ignis,

1921 3553 1981 3600 ut
2008 3546 2126 3601 sine
2149 3544 2254 3600 line
2282 3544 2525 3608 ardeant,
2553 3542 2853 3611 justissimo
2878 3542 3084 3612 judicio
3123 3544 3469 3597 traditurum.

1991 3634 2117 3690 Haec
2147 3643 2231 3690 est
2257 3635 2421 3704 igitur
2458 3633 2588 3688 ﬁdes
2623 3649 2743 3688 mea
2771 3641 2828 3688 et
2854 3648 2980 3704 spes
3004 3648 3145 3700 mea,
3191 3649 3310 3703 quae
3339 3635 3393 3688 in
3421 3649 3512 3690 me

1921 3726 2065 3782 dono
2094 3725 2475 3782 misericordiae
2500 3725 2594 3780 Dei
2624 3733 2708 3779 est
2732 3743 2746 3778 :
2776 3739 2876 3794 pro
2901 3739 3007 3794 qua
3033 3725 3267 3781 maxime
3293 3734 3514 3796 paratos

1922 3833 2042 3875 esse
2061 3819 2256 3874 debere
2277 3820 2468 3873 beatus
2489 3816 2680 3872 Petrus
2701 3817 2976 3887 apostolus
2992 3818 3238 3888 praecipit
3258 3817 3314 3884 (I
3359 3816 3508 3873 Patr.

1922 3915 2003 3984 in)
2035 3913 2102 3967 ad
2136 3907 2581 3983 respondendum
2629 3910 2776 3965 omni
2817 3910 3062 3980 poscenti
3092 3924 3192 3964 nos
3220 3911 3506 3965 rationem.

1923 4007 2077 4064 Nunc
2123 4005 2377 4062 convenit
2423 4003 2803 4059 excellentiam
2857 4011 3093 4058 vestram
3151 4017 3252 4073 pro
3300 4001 3515 4058 fervore

1925 4100 2163 4170 ejusdem
2192 4098 2336 4164 ﬁdei,
2366 4113 2527 4168 quam
2556 4112 2654 4151 vos
2685 4096 2737 4152 in
2767 4097 2933 4152 corde
2962 4097 3163 4178 habere
3191 4097 3510 4166 gaudemus,

1925 4193 2251 4265 peculiarem
2277 4205 2461 4246 curam
2492 4205 2590 4260 per
2618 4191 2895 4245 universas
2915 4187 3100 4245 Gallia:
3123 4187 3317 4244 vestrie
3345 4191 3517 4257 regio-

1927 4301 2025 4341 nes
2054 4284 2386 4354 impendere,
2435 4298 2504 4338 ne
2532 4282 2643 4337 illic
2671 4282 2923 4336 scandala
2969 4281 3322 4349 seminantes,
3373 4282 3515 4337 sicut

1930 4377 1983 4432 in
2009 4375 2251 4446 partibus
2277 4374 2394 4428 istis
2422 4373 2603 4427 facere
2629 4373 2984 4437 conabantur,
3031 4370 3220 4426 frontis
3247 4387 3359 4428 sua:
3383 4389 3514 4443 pro-

222 4469 455 4519 healam
499 4465 763 4534 Virginem
808 4465 1029 4525 Mariam
1060 4467 1156 4524 Dei
1186 4470 1514 4528 Genitricem
1543 4467 1908 4558 verissimc‘l)
1935 4468 2162 4524 cacitate
2185 4465 2493 4536 impellente
2518 4463 2841 4530 discurrant,
2863 4473 2920 4519 et
2947 4464 3083 4519 alios
3103 4463 3295 4521 fratres
3337 4474 3394 4520 et
3418 4482 3516 4522 co-

217 4556 601 4610 cont‘ttemur:
647 4558 856 4627 peperit
902 4559 1045 4613 enim
1077 4561 1411 4617 incarnatum
1444 4564 1536 4619 Dei
1567 4567 1823 4624 Verbum.

217 4646 330 4700 Est
367 4660 496 4714 ergo
521 4661 662 4701 unus
702 4656 862 4716 atque
891 4649 1031 4703 idem
1080 4649 1234 4705 Jesus
1281 4652 1524 4708 Christus
1553 4672 1712 4714 verus
1739 4657 1828 4715 Fi-

217 4740 338 4792 lius
373 4737 487 4801 Dei,
519 4746 574 4791 et
603 4737 744 4792 idem
776 4740 888 4809 ipse
928 4754 1091 4796 verus
1121 4742 1259 4798 ﬁlius
1301 4743 1534 4801 hominis
1556 4747 1828 4816 perfectus

216 4829 279 4880 in
315 4826 551 4891 deitate,
603 4835 660 4880 et
691 4827 834 4883 idem
866 4828 981 4899 ipse
1030 4831 1298 4899 perfectus
1351 4834 1404 4886 in
1453 4834 1824 4904 humanitate;

209 4924 281 4970 nt
315 4923 457 4985 pote
483 4923 634 4969 totus
673 4916 726 4970 in
767 4918 909 4986 suis,
950 4926 1006 4973 et
1035 4918 1174 4973 idem
1202 4919 1315 4989 ipse
1343 4929 1488 4976 totus
1511 4923 1561 4976 in
1591 4925 1828 4992 nostris;

209 5008 305 5062 sic
358 5019 465 5074 per
503 5006 796 5061 secundam
853 5009 1189 5065 nativitatem
1238 5027 1456 5068 sumens
1504 5030 1570 5069 ex
1613 5017 1834 5074 homine

211 5107 425 5154 nnatre
461 5098 604 5166 quod
636 5114 743 5152 non
774 5109 911 5166 erat,
958 5110 1016 5155 ut
1054 5118 1162 5157 non
1207 5104 1495 5161 desisteret
1541 5122 1660 5164 esse
1689 5109 1834 5178 quod

207 5209 332 5264 per
366 5190 624 5259 primam,
673 5207 778 5262 qua
810 5207 875 5247 ex
910 5192 1066 5247 Patre
1099 5202 1256 5251 natus
1296 5205 1396 5262 est,
1429 5207 1562 5252 erat.
1608 5198 1836 5268 Propter

205 5280 388 5354 quod
419 5295 539 5334 eum
565 5296 629 5335 ex
662 5281 869 5336 duabus
897 5291 964 5337 et:
986 5284 1039 5338 in
1068 5284 1294 5350 duabus,
1328 5290 1666 5347 manentibus
1694 5291 1834 5346 indi-

205 5375 368 5429 visis
428 5369 825 5440 inconfusisque
853 5372 1124 5430 credimus
1175 5389 1295 5430 esse
1326 5379 1548 5435 naturis.
1591 5379 1834 5437 lndivisis

205 5464 488 5536 quidem,
517 5463 643 5532 quia
675 5469 731 5517 et
762 5472 884 5530 post
925 5467 1346 5534 assumptioncm
1389 5479 1594 5525 natura:
1637 5481 1834 5528 nostra:

209 5571 382 5616 uinus
437 5551 682 5609 Christus
732 5553 897 5608 Filius
928 5554 1018 5610 Dei
1058 5561 1354 5626 permansit
1403 5569 1458 5616 et
1511 5572 1830 5632 permanet:

212 5644 549 5714 morderi:
576 5655 778 5713 autem,
827 5648 949 5716 quia
979 5649 1057 5706 sic
1084 5649 1136 5705 in
1163 5667 1321 5711 uuam
1349 5669 1634 5726 personam
1663 5662 1825 5727 atque

1931 4559 2220 4629 episcopos
2243 4563 2479 4620 nostros,
2501 4555 2587 4630 vel
2608 4553 2844 4610 creditas
2865 4555 2945 4609 eis
2970 4555 3177 4630 plebes,
3205 4555 3276 4610 ad
3302 4557 3517 4614 dissen-

1930 4652 2110 4707 siones
2157 4649 2474 4716 exagitent:
2517 4629 2652 4716 quia
2699 4646 2828 4701 dum
2877 4629 3040 4702 recta:
3083 4646 3206 4702 ﬁdei
3249 4663 3356 4702 non
3386 4649 3516 4717 sint,

1931 4743 2117 4800 dolore
2143 4739 2507 4812 oppressionis
2536 4754 2666 4803 sute,
2699 4746 2759 4793 ut
2785 4752 2844 4794 se
2873 4739 2939 4794 ad
2961 4739 3243 4794 nutrienda
3265 4739 3516 4794 scandala

1934 4833 2218 4889 catholicis
2247 4831 2539 4885 familiares
2565 4827 2820 4894 efﬁciant,
2845 4829 3009 4884 etiam
3037 4838 3243 4884 rectam
3270 4827 3428 4882 ﬁdem
3460 4843 3551 4883 sev

1933 4925 2189 4982 simulant
2232 4922 2531 4986 vindicare,
2582 4921 2817 4975 maxime
2861 4920 3003 4992 apud
3045 4935 3142 4974 eos
3181 4919 3272 4988 qui
3303 4917 3520 4974 fraudes

1937 5019 2176 5088 ipsorum
2207 5025 2263 5070 et
2294 5015 2449 5069 dolos
2480 5013 2748 5081 ignorant.
2802 5010 2909 5066 Sed
2951 5011 3116 5079 Deus,
3164 5009 3253 5077 qui
3292 5009 3521 5077 gloriam

1934 5114 2168 5161 vestram
2201 5111 2389 5158 contra
2438 5103 2686 5157 inimicos
2714 5102 2861 5172 pacis
2888 5100 3271 5156 ecclesiastica:
3305 5101 3519 5156 misen-

1935 5198 2173 5254 corditer
2220 5197 2323 5250 hoc
2361 5203 2607 5264 tempore
2658 5192 3000 5264 przeparavit,
3047 5200 3270 5263 prmstet
3319 5207 3414 5247 vos
3445 5193 3525 5254 ita.

1937 5289 2200 5346 sollicitos
2229 5295 2285 5341 et
2323 5287 2746 5354 circumspectos
2771 5284 3030 5351 existere,
3079 5291 3142 5338 ut
3177 5298 3283 5337 non
3311 5300 3521 5355 pnevav.

1939 5383 2084 5437 leant
2112 5380 2250 5433 intra
2278 5386 2394 5432 sata
2423 5384 2623 5430 sancta:
2650 5373 2904 5429 Ecclesim
2943 5376 2996 5429 in
3037 5375 3142 5431 illis
3163 5377 3407 5445 partibus
3438 5378 3522 5432 lo.

1939 5472 2132 5528 liorum
2163 5485 2380 5525 suorum
2411 5468 2618 5523 semina
2659 5467 2890 5535 maligna
2915 5465 3146 5535 jactare.
3207 5467 3524 5526 Perincolu.

1939 5579 2081 5620 mem
2131 5561 2506 5617 excellentiam
2551 5567 2786 5614 vestram
2835 5557 2978 5616 Deus
3024 5569 3210 5618 noster
3233 5560 3526 5634 custodiat,

1935 5655 2150 5713 domine
2199 5651 2272 5710 ﬁli
2309 5651 2691 5724 gloriosissime
2725 5659 2887 5723 atque
2916 5653 3427 5725 pmcellcntissime.
