3954 6178
397 269 494 322 Ml

1740 267 2008 326 PELAGll
2045 271 2248 327 ΡΑΡΛΕ
2285 272 2306 328 1

3562 276 3683 332 εις·

931 480 1055 549 EJ
1068 479 1422 549 USDEM
1502 477 1948 550 PELAGII

2088 481 2326 550 ΑΡᾹΞ
2404 482 2444 551 Ι
2527 484 3087 556 EPISTOLE
3109 532 3136 574 ,

624 633 739 675 suo
787 631 1004 675 POTIUS
1052 634 1439 675 FRAGMENTA
1484 633 1662 675 Lucas
1705 629 2039 674 HOLSTENII
2083 628 2314 675 S'rumo
2359 634 2607 678 parum:
2656 638 2693 678 Ε
2736 628 3045 682 remeans
3097 640 3464 687 vmotca’u.

463 845 700 916 Pelagius
727 844 922 900 Joanni
954 844 1184 899 Patricio
1206 846 1523 911 caburtario,
1548 847 1684 899 inter
1711 855 1915 901 caetera.

471 935 743 1003 Pudenda,
775 936 845 989 ita
876 943 933 989 ut
957 935 1148 999 dicam,
1183 934 1368 1004 rapina
1395 934 1447 989 in
1477 935 1737 991 divisione
1761 943 1845 989 est
1872 950 1983 988 non

398 1036 772 1092 consecratus,
831 1028 925 1082 sed
983 1037 1300 1083 exsecratus
1359 1028 1667 1097 episcopus.
1726 1026 1781 1081 Si
1837 1027 1980 1080 enim

399 1122 570 1190 ipsum
619 1135 816 1174 nomen
864 1120 1286 1175 consecrationis
1344 1119 1652 1173 rationabili
1699 1134 1762 1173 ac
1806 1118 1979 1171 vivaci

400 1212 668 1268 intellectu
699 1212 1036 1278 discutimus,
1067 1213 1111 1266 is
1137 1212 1228 1281 qui
1262 1227 1385 1267 cum
1408 1211 1695 1267 universali
1717 1209 1982 1265 detrectat

398 1303 701 1360 consecrari
742 1303 1006 1369 Ecclesia,
1057 1311 1408 1359 consecratus
1437 1301 1540 1357 dici
1571 1301 1652 1356 vel
1683 1316 1803 1355 esse
1833 1299 1980 1353 nulla

397 1396 605 1451 ratione
648 1396 871 1466 poterit.
898 1395 1231 1451 Consecrare
1258 1394 1401 1451 enim
1432 1402 1515 1449 est
1542 1392 1701 1449 simul
1741 1406 1978 1446 sacrare.

396 1485 503 1541 Sed
531 1486 599 1542 ab
625 1485 879 1542 Ecclesiae
903 1487 1197 1542 visceribus
1225 1486 1447 1551 divisus,
1491 1492 1547 1539 et
1574 1485 1641 1540 ab
1669 1483 1982 1554 apostolicis

396 1577 613 1633 sedibus
650 1586 931 1651 separatus
959 1586 1206 1635 exsecrat
1235 1579 1351 1648 ipse
1390 1577 1590 1648 potius,
1633 1583 1691 1631 et
1717 1592 1825 1630 non
1848 1589 1982 1630 con-

396 1677 590 1724 secrat.
617 1667 745 1724 Jure
771 1684 899 1738 ergo
919 1676 1229 1724 exsecratus
1252 1675 1481 1730 tantum,
1504 1682 1612 1722 non
1636 1670 1983 1720 consecratus

397 1761 598 1830 poterit
623 1758 752 1824 dici,
800 1774 959 1829 quem
989 1759 1147 1815 simul
1177 1773 1393 1814 sacrare
1438 1758 1493 1813 in
1522 1758 1727 1812 unitate
1754 1755 1981 1824 conjun-

397 1852 497 1907 ctis
543 1850 800 1912 membris
839 1867 948 1912 non
991 1851 1239 1919 agnoscit
1278 1848 1542 1905 Ecclesia.
1582 1848 1871 1904 Videamus
1900 1854 1982 1901 ta-

396 1957 519 1997 men
550 1950 728 1997 utrum
773 1942 858 1997 vel
907 1943 1145 2013 ipsarum
1186 1942 1634 1999 consuetudinem
1664 1943 1895 2011 partium
1926 1942 1980 1995 in

397 2048 490 2087 sua
522 2032 863 2089 ordinatione
890 2034 1351 2090 conservaverint.
1395 2034 1598 2103 Nempe
1626 2034 1672 2089 is
1693 2048 1813 2088 mos
1840 2032 1980 2091 anti-

396 2140 534 2194 quus
576 2125 697 2193 fuit,
748 2136 805 2182 ut
832 2127 956 2196 quia
986 2142 1086 2198 pro
1126 2112 1523 2196 longinquitate
1546 2126 1634 2181 vel
1662 2124 1978 2181 difﬁcultate

2002 845 2052 903 Α
2084 841 2230 897 Idem
2262 842 2510 915 Pelagius
2548 844 2749 902 Viatori
2777 856 2827 901 et
2869 847 3151 905 Pancratio
3191 851 3508 923 illustribus,
3539 855 3677 911 inter

2770 929 2982 973 cwtera.

2152 1023 2199 1078 Α
2235 1007 2700 1081 schismatieorum
2724 1027 3019 1095 sacriﬁciis,
3047 1032 3224 1100 potius
3249 1042 3427 1088 autem
3456 1036 3677 1093 sacrile-

2081 1116 2182 1183 giis
2209 1117 2478 1173 abstinere
2494 1119 2722 1181 debetis.
2755 1119 2997 1177 Schisma
3022 1124 3285 1193 siquidem
3314 1128 3506 1198 ipsum,
3531 1130 3678 1199 quod

2083 1205 2326 1261 Graecum
2357 1223 2556 1264 nomen
2581 1217 2697 1279 est,
2728 1212 3015 1267 scissuram
3051 1224 3231 1271 sonat.
3259 1215 3363 1272 Sed
3385 1219 3438 1273 in
3470 1222 3678 1279 unitate

2082 1298 2313 1354 scissura
2341 1315 2461 1355 esse
2505 1315 2612 1355 non
2641 1309 2841 1370 potest.
2870 1302 2986 1357 Non
3029 1319 3159 1375 ergo
3188 1309 3381 1363 unitati
3424 1324 3675 1366 commu-

2084 1389 2266 1445 nicant
2310 1392 2401 1459 qui
2453 1392 2813 1449 schismaticis
2857 1396 3284 1452 communicant.
3329 1398 3516 1457 Partes
3570 1402 3676 1458 sibi

2083 1480 2185 1550 ipsi
2208 1479 2469 1547 fecerunt,
2502 1491 2557 1537 et
2584 1484 2651 1539 ab
2691 1498 2758 1539 eo
2795 1485 2939 1554 quod
2977 1500 3142 1541 unum
3185 1496 3296 1553 est,
3340 1497 3400 1543 ut
3441 1493 3681 1561 apostoli

2082 1570 2248 1629 Jud.ei
2272 1571 2386 1641 jam
2407 1574 2587 1630 verbis
2607 1575 2819 1645 loquar,
2841 1579 3140 1647 semetipsos
3164 1588 3494 1652 segregantes
3511 1622 3526 1646 ,
3558 1585 3676 1653 spi-

2070 1665 2237 1717 ritum
2266 1681 2370 1718 non
2392 1665 2582 1719 habent
2612 1664 2785 1735 (Jud.,
2801 1665 2879 1736 9).
2907 1666 3110 1733 Quibus
3131 1670 3378 1725 omnibus
3402 1671 3535 1726 illud
3556 1673 3677 1728 em-

2084 1756 2245 1823 citur,
2277 1763 2339 1812 ut
2365 1756 2490 1826 quia
2512 1757 2575 1811 in
2596 1757 2803 1812 unitate
2853 1774 3017 1813 unum
3059 1775 3168 1814 non
3197 1768 3340 1825 sunt,
3376 1770 3435 1816 ut
3453 1762 3579 1834 quia
3617 1764 3674 1819 in

2081 1860 2235 1923 parte
2261 1867 2382 1908 esse
2425 1851 2739 1918 voluerunt,
2763 1860 2824 1906 ut
2860 1854 2985 1922 quia
3023 1852 3283 1923 Spiritum
3323 1870 3433 1910 non
3468 1856 3673 1913 habent

2082 1942 2325 2012 corporis
2350 1942 2574 2009 Christi,
2597 1941 2916 1998 sacrificium
2939 1944 3140 2000 habere
3161 1960 3267 1999 non
3297 1946 3521 2015 possint.
3551 1946 3672 2002 Non

2084 2042 2262 2092 autem
2303 2031 2459 2088 nobis
2497 2048 2643 2088 nunc
2681 2032 2771 2087 illa
2811 2034 3037 2102 quaestio
3085 2041 3189 2100 est,
3220 2043 3398 2089 utrum
3434 2035 3671 2091 tolerare

2082 2124 2274 2189 malos,
2302 2122 2396 2177 sed
2418 2129 2602 2179 .utrum
2641 2122 2937 2178 debeamus
2964 2122 3321 2180 schismaticis
3354 2125 3569 2181 sociari.
3612 2123 3671 2180 Si

396 2216 602 2272 itineris
622 2217 689 2272 ab
713 2218 1018 2287 apostolico
1046 2233 1338 2273 onerosum
1367 2217 1473 2273 illis
1502 2216 1677 2272 fuerat
1713 2215 1970 2281 ordinari,
2008 2218 2052 2277 Β
2081 2213 2243 2268 etiam
2268 2213 2392 2282 ipsi,
2422 2212 2548 2268 licet
2572 2212 2626 2266 in
2655 2228 2756 2268 suo
2784 2228 2947 2268 sensu
2969 2213 3330 2282 abundantes,
3372 2215 3512 2269 intra
3557 2229 3677 2270 ma-

395 2309 586 2380 ipsise
627 2309 859 2365 invicem
887 2308 1306 2366 Mcdiolanensis
1335 2319 1391 2365 et
1432 2307 1789 2378 Aquileiensis
1826 2304 1975 2361 ordi-

396 2415 526 2455 nare
550 2400 790 2471 episcopi
818 2399 1127 2455 debuissent
1152 2419 1166 2454 :
1196 2401 1268 2455 ita
1295 2408 1475 2454 tamen
1507 2408 1566 2453 ut
1590 2399 1642 2453 in
1671 2414 1733 2453 ea
1763 2398 1981 2454 civitate

396 2508 445 2546 In
473 2506 578 2560 qua
610 2498 727 2545 erat
753 2490 1082 2545 ordinandus
1125 2492 1435 2561 episcopus,
1478 2489 1700 2544 alterius
1746 2486 1981 2551 civitatis

395 2580 636 2652 pontifex
658 2596 943 2636 occurrere
969 2580 1246 2637 debuisset
1271 2599 1287 2647 ;
1317 2590 1376 2636 ut
1402 2589 1459 2635 et
1483 2578 1767 2634 ordinandi
1788 2577 1982 2633 electio

395 2689 425 2727 a
453 2673 705 2743 praesenti
750 2672 1080 2737 ordinatore,
1127 2688 1196 2727 ex
1219 2688 1486 2728 consensu
1530 2670 1849 2726 universalis
1895 2670 1984 2726 cui

395 2762 765 2834 prmﬁciendus
785 2771 902 2817 erat
930 2761 1209 2831 Ecclesim,
1240 2762 1432 2818 melius
1454 2778 1518 2818 ac
1545 2761 1752 2818 facilius
1774 2747 1996 2832 potuis:

395 2861 479 2908 set
517 2853 776 2922 agnosci;
826 2861 883 2909 et
927 2854 982 2908 in
1030 2869 1127 2909 sua
1155 2854 1245 2922 qui
1276 2854 1345 2909 ad
1373 2854 1746 2923 episcopatum
1788 2866 1986 2922 prove-

397 2942 606 2999 hendus
633 2953 773 3012 erat,
814 2959 916 3001 nec
963 2952 1143 2999 tamen
1189 2944 1485 3000 ordinatori
1533 2959 1632 2999 suo
1677 2942 1988 2998 subdendus

396 3033 589 3102 fuerat,
615 3035 959 3090 ordinaretur
977 3034 1238 3090 Ecclesia.
1273 3033 1394 3091 Noli
1422 3035 1745 3090 catholicam
1773 3049 1990 3110 semper

396 3132 630 3179 mentem
651 3123 829 3195 aliqua
842 3124 1311 3181 schismaticorum
1327 3124 1708 3181 communione
1723 3123 1983 3194 polluere.

397 3216 571 3273 Unum
596 3217 791 3274 Christi
823 3234 1045 3289 corpus,
1075 3234 1236 3273 unam
1262 3226 1480 3274 constat
1508 3233 1632 3273 esse
1658 3215 1985 3272 Ecclesiam.

399 3308 638 3366 Divisum
667 3311 735 3364 ab
762 3310 970 3365 unitate
996 3310 1167 3365 altare
1195 3310 1478 3365 veritatem
1522 3306 1724 3364 Christi
1773 3305 1988 3377 corpori

402 3415 510 3456 non
541 3409 724 3471 potest
746 3386 1116 3470 congregare;
1171 3401 1447 3457 toleranda
1477 3408 1603 3456 sunt
1648 3400 1702 3455 in
1730 3412 1990 3469 compage

396 3491 637 3562 corporis
660 3490 955 3562 positorum
986 3491 1149 3546 etiam
1179 3490 1270 3545 illa
1299 3505 1682 3560 nonnunquam
1709 3490 1837 3545 vitia
1864 3504 1985 3559 quae

2084 2311 2240 2359 terna
2270 2312 2451 2360 tamen
2482 2303 2646 2374 positi
2691 2304 2902 2359 viscera
2950 2304 3255 2374 qdmrerent
3281 2306 3563 2362 veritatem
3583 2349 3603 2375 ,
3641 2321 3677 2362 a

2085 2396 2242 2452 nobis
2270 2395 2568 2467 repellendi
2598 2410 2706 2451 non
2737 2394 2917 2463 erant,‘
2943 2396 3120 2453 donec
3146 2397 3291 2468 apud
3328 2413 3427 2454 eos
3464 2399 3680 2454 ratione

2096 2489 2233 2545 duce
2255 2490 2334 2545 rei
2362 2489 2563 2545 veritas
2590 2489 2892 2548 claruisset.
2922 2490 3025 2545 Sed
3055 2490 3182 2560 quia
3212 2507 3272 2548 se
3299 2492 3368 2547 ab
3387 2492 3680 2549 universali

2089 2578 2334 2636 Ecclesia
2362 2581 2678 2648 diviserunt,
2702 2582 2841 2637 sicut
2865 2580 3058 2637 beatus
3080 2581 3411 2651 Augustinus
3436 2582 3533 2651 ait,
3561 2598 3682 2638 om-

2092 2670 2176 2726 nis
2216 2669 2519 2726 eatbolicus
2564 2685 2787 2726 securus
2824 2685 2943 2727 eam
2983 2678 3194 2741 partem
3226 2671 3559 2736 detestatur,
3590 2672 3681 2728 cui

2085 2759 2382 2841 Ecclesiam
2410 2760 2771 2817 universalem
2793 2761 3107 2832 apostolicis
3125 2761 3341 2817 sedibus
3369 2762 3685 2819 roboratam

2088 2869 2195 2909 non
2223 2853 2626 2908 communicare
2655 2852 2957 2921 cognoscit.
2989 2852 3100 2909 Nec
3140 2853 3284 2909 enim
3330 2853 3528 2922 levigat
3575 2853 3686 2908 eri-

2088 2960 2215 3000 men
2243 2959 2464 3009 eorum,
2503 2943 2676 3013 magis
2718 2959 2850 2999 vero
2886 2952 3066 3014 auget,
3096 2938 3243 3013 quod
3266 2959 3362 3000 eos
3395 2943 3487 3000 diu
3522 2945 3687 3000 resti-

2087 3037 2220 3091 tisse
2273 3036 2504 3101 dixistis,
2535 3050 2605 3091 ne
2632 3036 2944 3106 apostolicis
2972 3036 3440 3092 communicantes
3463 3034 3687 3091 sedibus

2094 3129 2149 3184 in
2171 3143 2269 3183 sua
2297 3128 2678 3183 communione
2703 3128 3027 3200 reciperent.
3060 3128 3122 3183 ln
3154 3128 3261 3184 hoc
3299 3128 3446 3183 enim
3475 3127 3602 3182 dum
3625 3136 3687 3184 et

2093 3220 2172 3275 illi
2218 3218 2469 3288 culpandi
2514 3227 2673 3285 sunt,
2710 3221 2804 3291 qui
2841 3221 3244 3276 communicare
3272 3220 3468 3276 talibus
3492 3220 3687 3277 volue.

2087 3316 2232 3375 runt,
2257 3309 2427 3364 multo
2455 3309 2629 3378 magis
2644 3315 2825 3365 tamen
2849 3309 2926 3364 illi
2946 3309 3267 3366 exsecrandi
3280 3318 3427 3378 sunt,
3452 3311 3544 3379 qui
3570 3326 3685 3370 non

2090 3398 2267 3454 solum
2307 3398 2362 3452 in
2385 3397 2760 3454 sacerdotibus
2789 3398 3226 3454 communionem
3262 3399 3687 3469 apostolicarum

2089 3488 2323 3555 sodium,
2354 3503 2542 3543 verum
2580 3489 2744 3544 etiam
2775 3488 2829 3544 in
2854 3490 2985 3560 ipsis
3012 3489 3165 3545 laicis
3202 3498 3543 3560 spreverunt.
3572 3489 3686 3548 Sed

397 3596 495 3651 pro
541 3582 745 3637 unitate
773 3582 1041 3637 interdum
1075 3590 1357 3653 parcentes
1385 3597 1635 3638 resecare
1664 3597 1773 3638 non
1799 3597 1979 3651 possu-
2008 3581 2052 3643 C
2086 3593 2187 3633 nec
2218 3577 2347 3631 illud
2387 3578 2466 3633 eis
2494 3578 2716 3648 prodest
2752 3579 2896 3647 quod
2926 3592 3021 3635 eos
3048 3579 3101 3633 in
3140 3578 3342 3635 eisdem
3369 3579 3562 3635 litteris
3589 3582 3685 3636 vel

398 3693 535 3732 mus.
576 3675 711 3743 Quia
737 3685 792 3731 et
830 3676 1197 3744 evangelicum
1237 3676 1526 3744 agricolam
1571 3673 1748 3747 (Joan.
1777 3691 1865 3740 xv,
1898 3676 1976 3746 1),

397 3767 572 3821 minus
619 3766 937 3820 aﬂerentem
987 3766 1219 3820 fructum
1270 3765 1565 3834 palmitem,
1615 3765 1660 3818 si
1706 3772 1883 3819 tamen
1924 3765 1980 3819 in

397 3856 506 3910 vite
535 3862 767 3921 maneat,
801 3869 1031 3926 purgare
1060 3869 1218 3924 posse
1241 3862 1425 3908 noster
1451 3854 1698 3909 Salvator
1725 3854 1941 3909 edocuit
1965 3872 1978 3906 :

398 3948 692 4003 abscissum
723 3957 901 4001 autem
933 3963 964 4001 a
990 3948 1102 4002 vite
1131 3946 1406 4016 palmitem
1438 3947 1540 4001 nisi
1573 3947 1679 4017 igni
1720 3946 1786 4001 ad
1827 3961 1981 4001 com-

399 4035 703 4091 burendum
729 4044 913 4105 aptum
961 4052 1082 4091 esse
1111 4053 1220 4092 non
1266 4052 1444 4106 posse,
1478 4037 1717 4106 ejusdem
1747 4037 1981 4093 cmlestis

398 4128 634 4197 magistri
662 4128 889 4183 veritate
913 4128 1198 4184 didicimus
1231 4128 1442 4201 (Ibid).
1474 4129 1594 4184 Noli
1631 4144 1759 4199 ergo
1791 4144 1982 4184 eorum

397 4217 488 4286 qui
518 4216 627 4286 igni
654 4218 763 4288 apti
809 4227 955 4287 sunt,
1006 4234 1116 4273 non
1147 4220 1564 4281 consecrationi,
1607 4220 1703 4274 sed
1731 4234 1984 4275 exsecra—

400 4309 634 4364 tionibus
658 4311 982 4366 consentire.
1034 4311 1146 4366 Nec
1190 4311 1464 4366 existimes
1492 4311 1613 4366 illos
1637 4310 1719 4366 vel
1750 4326 1869 4366 esse
1895 4309 1983 4367 vel

399 4400 503 4453 dici
533 4398 832 4455 Eeclesiam
862 4416 1041 4471 posse.
1079 4399 1290 4457 Etenim
1341 4418 1484 4467 cum,
1540 4402 1681 4457 sicut
1723 4401 1976 4466 diximus,

399 4488 635 4544 Ecclesia
664 4506 768 4545 una
798 4492 889 4559 sit,
920 4492 1005 4547 cui
1035 4492 1088 4546 in
1119 4493 1358 4548 Canticis
1382 4493 1713 4547 canticorum
1742 4492 1974 4546 dicitur:

402 4576 518 4631 Una
540 4588 615 4632 est
638 4579 869 4633 columba
898 4596 1009 4633 mea
1048 4580 1224 4651 (Cant.
1257 4582 1368 4653 vr);
1403 4582 1605 4635 nullam
1652 4581 1811 4635 aliam
1860 4595 1979 4655 esse

396 4677 611 4723 constat
648 4669 749 4724 nisi
773 4684 893 4740 quae.
920 4671 974 4724 in
1002 4673 1302 4741 apostolica
1327 4680 1412 4728 est
1442 4673 1623 4729 radice
1655 4672 1877 4727 fundata
1904 4691 1916 4725 :
1947 4688 1979 4727 a

397 4759 590 4828 quibus
618 4760 788 4830 ipsam
843 4759 1001 4816 ﬁdem
1047 4763 1099 4817 in
1145 4765 1394 4819 universo
1446 4772 1797 4835 prepagatam
1848 4765 1979 4820 orbe

399 4864 504 4904 non
547 4858 727 4920 potest
776 4851 1029 4907 dubitari.
1078 4853 1230 4920 Quod
1279 4856 1431 4910 vobis
1475 4855 1601 4910 licet
1641 4856 1976 4910 notissimum

2086 3672 2388 3741 ignorantia
2420 3674 2665 3740 rationis,
2695 3673 2781 3728 vel
2808 3673 3150 3744 simplicitate
3194 3673 3501 3729 intellectus
3538 3674 3623 3729 sui
3651 3690 3686 3729 a

2086 3772 2270 3818 nostra
2300 3779 2361 3818 se
2383 3764 2766 3819 communione
2805 3762 3147 3834 suspendisse
3175 3761 3487 3832 perhibetis.
3533 3762 3684 3833 ldip-

2086 3871 2207 3911 sum
2229 3856 2373 3911 enim
2403 3857 2574 3925 magis
2604 3864 2686 3911 est
2706 3899 2721 3924 ,
2751 3864 2973 3927 propter
3000 3856 3143 3925 quod
3172 3856 3495 3912 schismatici
3516 3866 3681 3912 sunt:

2087 3947 2212 4016 quia
2241 3962 2347 4001 non
2378 3961 2473 4002 eos
2495 3946 2702 4002 diversa
2717 3946 2981 4002 sentiendi
3007 3947 3288 4015 judicium,
3311 3946 3409 4003 sed
3432 3947 3685 4016 quasdam

2089 4036 2232 4106 apud
2252 4051 2311 4091 se
2340 4035 2517 4090 delata
2538 4078 2554 4105 ,
2581 4037 2681 4091 sibi
2720 4043 2902 4092 tamen
2945 4037 3215 4107 incognita
3256 4046 3592 4101 metuentes,
3627 4047 3686 4093 et

2084 4132 2273 4178 contra
2304 4124 2660 4194 apostolicam
2682 4125 2865 4180 sedem
2896 4133 3099 4181 temere
3117 4127 3419 4193 credentes,
3442 4128 3682 4197 pessima

2087 4217 2268 4272 divisit
2302 4218 2508 4288 opinio.
2555 4217 2709 4285 Quod
2736 4217 2970 4276 schisma
3000 4219 3311 4289 specialiter
3342 4234 3464 4276 esse
3487 4219 3685 4276 beatus

2085 4308 2368 4363 denuntiat
2397 4308 2726 4380 Augustinus
2753 4310 2940 4366 dicens
2984 4309 3051 4365 de
3081 4310 3276 4365 talibus
3308 4329 3322 4363 :
3356 4310 3457 4375 Qui
3495 4311 3685 4366 adser-

2081 4416 2197 4455 sum
2220 4403 2585 4456 auctoritatem
2610 4402 2817 4456 illarum
2846 4400 3203 4455 Ecclesiarum
3224 4418 3337 4473 qua:
3360 4404 3682 4473 apostolica:

2083 4492 2228 4545 sedes
2282 4500 2332 4544 et
2380 4492 2625 4562 epistolas
2672 4492 2903 4561 accipere
2943 4500 3265 4557 meruerunt,
3307 4501 3497 4546 temere
3560 4509 3681 4548 cre-

2085 4582 2195 4648 dit,
2245 4580 2679 4634 immanissimum
2715 4580 3009 4634 schismatis
3049 4580 3243 4634 crimen
3291 4596 3323 4633 a
3365 4597 3421 4634 se
3455 4584 3679 4652 prapul-

2081 4688 2199 4725 sare
2227 4688 2332 4725 non
2374 4673 2585 4741 poterit.
2626 4671 2707 4725 Ad
2748 4687 3038 4734 summam,
3077 4680 3170 4726 aut
3209 4671 3329 4727 illos
3377 4670 3678 4739 Ecclesiam

2082 4777 2199 4818 esse
2227 4762 2475 4828 creditis,
2521 4769 2578 4817 et
2620 4778 2742 4817 cum
2784 4763 2903 4818 duae
2942 4761 3196 4818 Ecclesia:
3226 4779 3347 4820 esse
3383 4781 3494 4820 non
3540 4784 3676 4837 pos-

2082 4853 2208 4917 sint,
2243 4867 2360 4918 nos,
2394 4851 2539 4921 quod
2568 4851 2727 4915 absit,
2780 4852 3155 4908 schismaticos
3186 4853 3538 4922 judicabitis;
3579 4867 3678 4912 aut

398 4941 616 4996 omnino
638 4940 728 5009 sit,
749 4941 891 4997 beati
916 4951 1092 4998 tamen
1115 4945 1393 5013 Augustini
1413 4945 1721 5001 testimonio
1738 4960 1985 5015 compro-
2013 4953 2060 5011 Ι)
2085 4945 2129 4999 si
2152 4958 2337 4998 veram
2382 4944 2433 4998 in
2482 4943 2798 5013 apostolicis
2829 4943 3046 5017 sedibus
3076 4960 3197 5000 esse
3232 4954 3443 5000 constat
3483 4945 3676 5002 Eccle-

399 5028 608 5085 bemus.
632 5029 825 5087 Audite
852 5034 980 5101 quid
1011 5034 1065 5088 in
1094 5035 1329 5103 quodam
1356 5051 1523 5105 opere
1552 5051 1651 5091 suo
1675 5035 1976 5105 praeclaris-

399 5120 565 5175 simus
594 5121 783 5177 doctor
805 5122 949 5179 dicat
977 5123 1226 5179 Ecclesia;
1250 5143 1264 5193 ;
1298 5126 1372 5181 ait
1390 5127 1532 5181 enim
1561 5146 1574 5179 :
1608 5125 1759 5193 Quod
1785 5127 1832 5180 si
1857 5127 1977 5180 nul-

400 5210 449 5264 lo
478 5210 629 5264 modo
656 5219 789 5265 recte
818 5214 919 5266 dici
948 5223 1113 5283 potest
1142 5213 1382 5269 Ecclesia
1409 5217 1463 5269 in
1493 5234 1592 5287 qua
1612 5218 1838 5271 schisma
1861 5226 1974 5283 est;

399 5309 559 5355 restat
598 5313 651 5355 ut
679 5308 923 5374 quoniam
965 5304 1199 5361 Ecclesia
1228 5308 1374 5362 nulla
1415 5326 1528 5364 esse
1568 5326 1671 5363 non
1698 5319 1887 5380 potest,
1914 5326 1976 5364 ea

400 5391 465 5443 sit
494 5408 648 5460 quam
672 5394 725 5446 in
763 5396 903 5450 sedis
932 5399 1227 5467 apostolica:
1264 5401 1742 5470 per'successiones,
1774 5401 1975 5471 episco-

401 5497 582 5556 porum
609 5484 784 5538 radice
803 5490 1153 5556 constitutam,
1178 5490 1437 5545 nullorum
1460 5492 1722 5565 hominum
1752 5492 1973 5556 malitia,

400 5573 604 5626 etiamsi
631 5583 752 5627 nota
790 5579 994 5633 excludi
1020 5596 1122 5634 non
1161 5582 1343 5653 possit,
1373 5584 1462 5637 sed
1482 5600 1576 5652 pro
1615 5584 1817 5637 ratione
1848 5591 1977 5635 tem-

399 5658 542 5799 :gm
590 5667 857 5720 toleranda
901 5669 1192 5741 judicemr,
1231 5674 1335 5730 ulla
1377 5676 1526 5731 modo
1574 5673 1741 5731 valeat
1789 5673 1979 5726 exstin-

470 5750 571 5790 ere.

470 5750 571 5790 ere.

2085 5034 2240 5098 siam,
2272 5041 2327 5088 et
2354 5033 2475 5089 illos
2511 5035 2580 5089 ab
2610 5035 2819 5089 unitate
2846 5034 3048 5091 divisos
3088 5038 3416 5105 cognoscite,
3441 5046 3499 5093 et
3520 5054 3675 5094 eom~

2085 5124 2359 5179 munionis
2404 5124 2757 5193 quaestionem
2797 5140 2917 5180 esse
2955 5126 3254 5191 sublatam,
3295 5142 3455 5197 quam
3482 5146 3677 5187 veram

2087 5214 2190 5269 nisi
2225 5214 2281 5268 in
2329 5214 2533 5268 unitate
2579 5220 2794 5269 constat
2839 5229 2962 5271 esse
2998 5231 3106 5271 non
3144 5232 3324 5286 posse.
3355 5217 3475 5274 Noli
3514 5234 3675 5288 ergo,

2084 5305 2237 5376 quasi
2266 5305 2413 5371 nulla
2435 5305 2897 5361 schismaticorum
2918 5314 3083 5376 atque
3096 5305 3349 5363 Ecclesiae
3368 5309 3681 5369 diderentia

2084 5399 2174 5460 sit,
2202 5398 2342 5453 velle
2372 5396 2742 5455 indiﬂ'erenter
2769 5407 3124 5470 utrorumque
3148 5400 3422 5459 saeritlciis
3444 5403 3677 5462 sociari.

2082 5488 2201 5544 Non
2231 5497 2314 5545 est
2359 5488 2558 5545 Christi
2589 5505 2815 5560 corpus,
2840 5489 2987 5559 quod
3022 5492 3391 5549 schismaticus
3428 5491 3683 5561 conﬁcit.

2081 5582 2125 5635 si
2158 5581 2386 5636 veritate
2438 5580 2576 5636 duce
2619 5580 2916 5651 dirigimur.
2956 5580 3066 5637 Nec
3103 5582 3246 5637 enim
3279 5582 3505 5637 divisum
3549 5598 3693 5644 esse

2081 5670 2348 5737 Christum
2367 5673 2565 5742 poterit
2580 5673 2861 5743 quisquam
2883 5673 2999 5740 sine
3019 5673 3262 5745 Apostoli
3286 5677 3699 5746 reprobatione

2080 5762 2405 5833 contingere.
2445 5761 2659 5833 Unam,
2699 5771 2756 5817 ut
2782 5778 2924 5835 saepe
2955 5766 3154 5821 dictum
3181 5776 3282 5833 est,
3304 5784 3423 5839 qua:
3466 5769 3695 5832 Christi
