3954 6178
270 257 382 318 ηδ

1674 316 1679 323 -
1726 280 2105 340 Εριδτοιίε.

3442 326 3543 385 ill

262 368 467 423 corpus
488 365 591 420 est.
616 369 828 417 constat
853 379 971 421 esse
1000 368 1319 439 Ecclesiam,
1348 390 1468 446 qum
1493 379 1545 434 in
1568 380 1675 439 duo
1700 380 1853 433 velin
1883 384 1932 442 Α
1958 380 2019 449 ﬁt
2044 392 2216 436 tamen
2244 383 2382 453 quod
2409 385 2590 451 uallet,
2630 397 2687 441 ut
2715 389 2909 459 doleat,
2936 395 3028 464 qui
3053 395 3214 449 etiam
3242 396 3435 452 invitus
3465 365 3549 454 ut:

258 445 427 509 plura
480 444 647 500 dividi
694 463 799 502 non
836 461 1038 517 potest.
1094 454 1265 510 Simul
1304 444 1448 513 enim
1507 477 1630 517 cum
1682 465 1752 520 ab
1786 482 1851 521 ea

257 533 498 603 quisque
522 541 832 606 recesserit,
854 558 974 600 esse
998 548 1209 603 desistit
1235 549 1500 608 Ecclesia.
1524 553 1849 615 Unum-Hie-

261 628 505 683 rusalem
538 633 793 701 templum
813 648 937 692 est:
969 638 1125 695 idolis
1158 656 1381 699 necesse
1401 655 1485 702 est
1511 658 1571 703 ιιι
1599 649 1852 708 immolet

256 720 361 789 qui
386 725 734 792 semetipsum
761 729 1031 787 diviserit.
1280 802 1287 810 .
1813 789 1850 821 Δ

347 836 495 893 Idem
526 839 779 911 Pelagius
819 842 1100 901 Valeriano
1133 850 1383 917 patricio,
1415 852 1552 906 inter
1575 863 1778 908 cetera.

338 967 481 1023 Istud
508 970 757 1040 estquod
782 987 813 1025 a
835 973 988 1028 vobis
1017 977 1382 1047 poposcimus,
1413 991 1465 1033 et
1496 998 1639 1037 nunc
1662 985 1851 1039 iterum

260 1059 621 1127 postulamus,
654 1070 713 1114 ut
768 1060 1048 1118 Paulinum
1091 1066 1485 1135 Aquileienscm
1535 1074 1854 1146 pseudoepi-

259 1163 514 1218 scopum,
548 1161 603 1205 et
632 1151 781 1205 illum
822 1151 1273 1210 Mediolanenscm
1308 1160 1615 1230 episcopum
1646 1164 1715 1219 ad
1740 1167 1851 1222 cle‘

257 1240 656 1295 mentissimum
685 1243 984 1312 principem
1024 1246 1124 1299 sub
1143 1246 1304 1315 digna
1327 1252 1571 1306 custodia
1587 1254 1847 1324 dirigatis,

255 1338 319 1383 et
359 1331 463 1385 iste
500 1332 593 1401 qui
631 1334 922 1404 episcopus
960 1351 1080 1391 esse
1126 1339 1434 1397 nullatenus
1472 1353 1680 1413 potest,
1723 1351 1848 1419 quia

253 1428 453 1473 contra
483 1436 703 1475 omnem
729 1425 1045 1479 canonicam
1066 1431 1509 1488 consuetudinem
1538 1435 1712 1493 factus
1742 1448 1843 1506 est,

252 1511 397 1566 alios
425 1512 567 1566 ultra
600 1528 710 1568 non
738 1515 948 1583 perdat,
980 1524 1036 1572 et
1064 1518 1154 1573 ille
1181 1521 1272 1588 qui
1298 1532 1486 1579 contra
1516 1542 1724 1583 morem
1749 1547 1847 1585 an-

252 1601 470 1669 tiquum
494 1616 620 1655 eum
646 1603 899 1658 ordinare
927 1611 1288 1678 pnesumpsit,
1316 1612 1510 1669 debita:
1547 1620 1845 1676 canonibus

250 1689 511 1745 vindictae
531 1692 781 1760 subjacea
790 1700 829 1747 t.
860 1692 969 1749 Sed
982 1711 1083 1752 nec
1110 1698 1262 1753 licuit
1281 1702 1571 1773 aliquando
1591 1724 1692 1765 nec
1712 1710 1844 1767 lice-

248 1780 335 1834 bit
365 1782 750 1851 particularem
780 1786 1042 1857 synodum
1078 1789 1146 1844 ad
1174 1790 1579 1860 dijudicandum
1618 1815 1844 1870 genera-

243 1869 360 1925 lem
384 1872 657 1942 synodum
686 1878 1023 1946 congregati.
1056 1879 1163 1935 Sed
1209 1881 1343 1953 (Ivo,
1378 1903 1431 1957 p.
1464 1903 1538 1954 tv,
1560 1869 1674 1961 cap.
1712 1892 1839 1967 259)

244 1962 506 2030 quotiens
527 1965 707 2035 aliqua
732 1966 801 2022 de
835 1969 1126 2026 universali
1154 1974 1365 2045 synodo
1388 1978 1655 2050 aliquibus
1678 1962 1838 2040 dubi;

246 2053 393 2108 latio
416 2056 678 2124 nascitur,
709 2058 779 2112 ad
807 2059 1169 2129 recipiendam
1189 2064 1258 2121 de
1287 2082 1354 2123 eo
1382 2072 1525 2138 quod
1548 2089 1656 2129 non
1688 2076 1842 2132 intel-

240 2141 425 2212 ligunt
442 2146 839 2215 rationem,aut
865 2161 1059 2220 sponte
1079 2155 1130 2208 hi
1154 2157 1246 2225 qui
1267 2158 1494 2215 salutem
1516 2165 1708 2221 anima:
1729 2183 1838 2224 suae.

242 2232 641 2292 desiderantad
653 2240 981 2306 apostolicas
1000 2243 1157 2300 sedes
1179 2262 1277 2315 pro
1300 2252 1607 2321 recipienda
1629 2260 1838 2316 ratione

240 2325 595 2391 conveniant,
622 2338 715 2382 aut
745 2330 791 2386 si
819 2330 992 2401 forte,
1022 2335 1161 2390 sicut
1189 2338 1254 2393 de
1278 2341 1473 2398 talibus
1500 2345 1700 2402 dictum
1730 2360 1833 2417 est,

240 2427 492 2480 peccator
513 2432 627 2471 cum
646 2422 836 2474 venerit
861 2424 916 2475 iu
942 2427 1262 2495 profundum
1287 2432 1572 2500 malorum,
1608 2449 1837 2493 content-

239 2508 319 2559 uit
351 2506 700 2577 (Promxvm,
721 2511 800 2584 5),
834 2515 905 2569 ita
927 2517 1181 2575 obstinati
1211 2530 1267 2577 et
1303 2534 1644 2586 contumaces
1671 2536 1839 2589 exsti—

240 2598 440 2663 terint,
474 2608 529 2655 ut
563 2601 741 2658 doceri
783 2620 893 2662 non
935 2608 1138 2672 velint,
1170 2626 1267 2668 eos
1288 2614 1357 2668 ab
1386 2616 1588 2674 eisdem
1616 2632 1838 2693 aposto-

240 2685 375 2744 licis
399 2687 622 2745 sedibus
640 2700 734 2746 aut
760 2696 959 2751 attrahi
982 2698 1049 2752 ad
1078 2701 1309 2757 salutem
1337 2685 1716 2777 quoquomodo
1740 2732 1835 2772 ne-

239 2791 411 2832 cesse
455 2787 578 2847 est,
638 2791 733 2837 aut
786 2801 856 2841 ne
900 2788 1129 2846 aliorum
1181 2798 1414 2863 perditio
1453 2816 1573 2857 esse
1628 2809 1836 2875 possint

235 2869 546 2924 secundum
572 2886 807 2932 canones
829 2892 927 2946 per
953 2883 1239 2940 saeculares
1264 2890 1494 2958 opprimi
1514 2869 1828 2962 potestates.

232 2958 360 3013 Nec
390 2960 444 3013 in
474 2961 579 3017 hac
601 2973 758 3032 parte
783 2983 880 3023 vos
907 2970 1182 3028 hominum
1213 2958 1529 3048 vaniloquia
1554 2988 1831 3044 retardent

232 3050 562 3118 dicentium,
590 3056 717 3125 quia
745 3062 1176 3127 persecutionem
1196 3066 1442 3125 Ecclesia
1470 3072 1664 3142 faciat,
1699 3078 1825 3135 dum

230 3143 330 3197 vel
365 3157 427 3196 ea
456 3158 573 3211 qua:
600 3148 1009 3205 committuntur
1028 3157 1292 3224 reprimit,
1321 3161 1405 3215 vel
1426 3164 1724 3222 animarum
1739 3185 1826 3225 sa-

231 3231 411 3286 lutem
434 3235 673 3303 requirit.
706 3235 904 3293 Errant
924 3241 1231 3310 hujusmodi
1247 3252 1481 3307 rumoris
1500 3253 1827 3315 fabulatores

229 3322 364 3391 (Ino
391 3341 507 3392 par.
532 3342 585 3391 ι,
640 3345 755 3399 cap.
789 3329 901 3402 95).
949 3333 1068 3389 Non
1116 3342 1462 3410 persequitur
1488 3346 1590 3401 nisi
1637 3350 1727 3418 qui
1756 3353 1825 3407 ad

228 3414 454 3469 malum
485 3419 644 3486 cogit.
677 3418 776 3486 Qui
808 3438 938 3478 vero
963 3427 1162 3481 malum
1192 3430 1278 3484 vel
1305 3432 1502 3488 factum
1515 3435 1626 3505 jam
1649 3414 1823 3509 punit,

227 3504 325 3559 vel
360 3505 612 3572 prohibet
631 3525 698 3565 ne
728 3510 838 3577 ﬁat,
871 3530 977 3569 non
1004 3521 1345 3589 persequitur
1372 3524 1495 3594 iste,
1516 3504 1611 3583 sed
1629 3504 1820 3601 diligit.

229 3595 379 3648 Nam
410 3594 479 3654 si.
502 3606 559 3651 ut
578 3598 655 3653 illi
675 3611 886 3670 putant,
920 3621 1080 3662 nemo
1112 3625 1213 3664 nec
1238 3615 1610 3682 reprimendus
1627 3636 1658 3673 a
1680 3594 1823 3678 malo

233 3684 309 3738 ad
347 3683 548 3740 bonum
575 3698 680 3756 est,
710 3691 975 3749 humanas
995 3705 1050 3752 et
1078 3699 1287 3756 divinas
1308 3704 1455 3773 leges
1490 3723 1711 3766 necesse
1739 3721 1822 3767 est

226 3778 522 3844 evacuari;
551 3797 669 3851 qua:
699 3790 755 3837 et
783 3785 940 3840 malis
965 3803 1180 3856 pinnam
1204 3800 1259 3846 et
1286 3794 1441 3851 bonis
1466 3802 1680 3866 prmmia
1702 3801 1819 3869 jus-

230 3868 351 3924 titia
404 3870 663 3927 suadente
701 3877 1054 3934 constituunt.
1102 3879 1300 3937 Malum
1357 3895 1537 3942 autem
1586 3868 1819 3949 schisma

232 3975 384 4027 esse,
409 3968 466 4015 et
491 3978 587 4031 per
613 3974 826 4021 exteras
857 3971 1018 4024 etiam
1060 3983 1357 4041 potestates
1387 3979 1685 4049 hujusmodi
1716 3985 1817 4041 ho-

227 4052 410 4105 mines
434 4051 623 4107 debere
647 4059 897 4126 opprimi,
931 4070 985 4115 et
1013 4066 1286 4121 canonica:
1313 4067 1606 4140 Scriptura:
1631 4084 1819 4130 aucto-

226 4139 387 4201 ritas,
423 4149 478 4194 et
512 4151 857 4212 paternarum
904 4152 1209 4218 regularum
1256 4172 1355 4213 nos
1395 4161 1591 4215 veritas
1631 4163 1810 4219 docet.

224 4230 493 4300 Quisquis
519 4248 649 4303 ergo
689 4237 758 4292 ab
786 4242 1095 4308 apostolicis
1123 4244 1322 4303 divisus
1351 4259 1433 4305 est
1480 4253 1709 4320 sedibus,
1761 4257 1814 4311 in

222 4323 531 4377 schismate
557 4341 679 4380 eum
710 4344 829 4384 esse
859 4346 965 4386 non
1007 4334 1369 4404 dubiumest,
1402 4352 1456 4397 et
1480 4355 1664 4400 contra
1696 4351 1814 4403 uni-

222 4413 497 4469 versalem
521 4415 813 4475 Ecclesiam
844 4423 1015 4479 altare
1036 4435 1265 4484 conatur
1293 4434 1519 4501 erigere.
1552 4436 1657 4492 Sed
1685 4442 1811 4509 quid

226 4500 298 4556 de
329 4504 530 4561 talibus
555 4508 790 4567 insertus
820 4512 1249 4576 Chalcedonensi
1267 4500 1474 4593 synodo
1503 4543 1675 4583 canon
1702 4539 1809 4586 sta-

221 4600 347 4645 tuat
374 4594 512 4663 (Act.
544 4599 598 4663 4,
630 4616 819 4657 canon.
840 4614 950 4660 ant.
972 4605 1049 4677 5),
1078 4610 1245 4677 gloria
1277 4622 1451 4668 vestra
1481 4619 1807 4689 consideret,

224 4682 321 4737 ubi
352 4692 479 4752 post
508 4688 608 4741 alia
632 4691 710 4745 sic
736 4692 866 4747 dicit
896 4713 909 4747 :
955 4696 1055 4763 Qui
1086 4714 1114 4753 a
1150 4705 1529 4761 communione
1574 4711 1806 4780 scipsum

216 4776 524 4843 suspendit,
555 4788 611 4833 et
637 4781 918 4838 collectam
950 4786 1097 4849 facit.
1123 4798 1179 4843 et
1217 4793 1389 4849 altare
1427 4776 1723 4865 constituit,
1753 4811 1809 4856 et

216 4863 462 4918 noluerit
498 4874 714 4925 vocanti
769 4876 1028 4947 episcopo
1082 4885 1409 4951 consentire,
1467 4898 1523 4943 ct
1575 4892 1808 4949 noluerit

221 4951 410 5005 eidem
442 4956 808 5024 acquiescere,
843 4979 1021 5033 neque
1047 4968 1270 5025 obedire
1295 4975 1466 5040 primo
1488 4988 1540 5033 et
1563 4985 1802 5041 secundo

224 5044 469 5107 vocanti.
503 5046 647 5103 hunc
678 5052 903 5106 omnino
961 5054 1235 5125 damnari,
1285 5079 1384 5118 nec
1436 5082 1671 5137 unquam
1713 5076 1797 5129 vel

214 5134 528 5190 orationem
542 5143 758 5207 mereri,
780 5159 879 5198 nec
906 5147 1146 5216 recipere
1171 5166 1292 5206 eum
1318 5170 1473 5222 posse
1501 5159 1791 5220 honorem.

214 5225 280 5279 Si
310 5227 459 5281 enim
482 5237 843 5298 permanserit
896 5241 1083 5292 turbas
1122 5242 1333 5300 faciens
1364 5248 1450 5311 {et
1487 5252 1788 5312 seditiones

207 5312 502 5386 Ecclesia,
532 5336 630 5390 per
676 5316 917 5385 exteram
950 5340 1271 5401 potestatem
1303 5352 1555 5410 tanquam
1582 5349 1801 5403 seditio-

203 5418 339 5493 sum
363 5411 665 5477 comprimi.
688 5413 755 5468 Et
772 5415 960 5475 beatus
982 5423 1305 5491 Augustinus
1329 5428 1397 5485 de
1420 5433 1611 5491 talibus
1634 5438 1788 5493 dicit:

204 5490 393 5548 ιιιω
431 5501 589 5554 etiam
621 5521 737 5560 cum
778 5509 950 5565 inuitis
978 5513 1199 5588 benigna
1238 5523 1465 5594 quadam
1513 5532 1793 5598 asperitate

202 5585 500 5649 ﬂectendis
518 5595 722 5663 agenda
750 5609 871 5652 sunt
892 5585 1146 5673 ;_qtt0ruin
1174 5585 1349 5680 potius
1371 5585 1586 5670 utilitati
1605 5636 1792 5675 comu-

202 5674 425 5731 ιειιώηκ
449 5688 525 5733 est
551 5699 703 5753 quam
732 5688 1003 5746 voluntati.
1049 5674 1184 5753 Nam
1229 5706 1283 5757 in
1322 5706 1649 5774 corripiendo
1677 5712 1789 5779 [ilio

194 5770 538 5839 quantumvis
556 5787 756 5837 maere.
784 5794 1043 5841 nunquam
1063 5798 1303 5850 putemus
1331 5770 1483 5851 amor
1511 5799 1787 5864 antittitur.

1963 473 2113 527 detur
2140 475 2320 530 dolore
2355 480 2643 533 sanandus.
2690 480 2832 538 Ecce
2858 484 3052 541 videtis
3089 488 3544 557 quemadmodum

1961 564 2095 616 tanti
2150 565 2461 621 testimonio
2502 566 2676 624 Patris
2705 585 2812 626 non
2842 586 3196 643 persequatur
3240 578 3546 635 coercendo

1960 654 2107 718 talia,
2139 655 2235 710 sed
2263 656 2452 726 diligat
2491 661 2828 717 emendando
2863 663 2998 720 tales
3024 680 3240 737 semper
3275 668 3544 730 Ecclesia.

1957 742 2140 799 Facite
2170 760 2302 814 ergo
2344 748 2507 802 etiam
2538 766 2656 816 vos,
2701 752 2846 820 quod
2897 756 3132 812 scientes
3181 759 3541 818 intentionem

1957 829 2376 893 Christianitatis
2401 847 2594 895 vestrae
2634 841 2945 914 frequenter
2973 847 3283 915 hortamur;
3327 860 3383 906 et
3408 851 3537 909 dato

1954 938 2174 992 cperam
2220 936 2278 982 ut
2329 930 2455 983 talia
2481 930 2595 985 fieri
2647 933 2784 989 ultra
2840 952 2948 990 non
2995 938 3175 1007 liceat,
3216 941 3309 996 sed
3339 943 3529 1011 etiam,

1955 1016 2100 1083 quod
2130 1019 2283 1074 vobis
2306 1036 2413 1075 non
2438 1020 2751 1078 facillimum
2782 1040 2903 1081 esse
2936 1044 3042 1082 non
3089 1030 3311 1097 dubito,
3344 1033 3401 1087 hi
3447 1036 3540 1104 qui

1961 1105 2087 1158 talia
2140 1120 2598 1180 prtesumpserunt
2636 1113 2703 1167 ad
2752 1116 3050 1184 piissimum
3098 1122 3394 1192 principem
3438 1125 3541 1181 sub

1951 1193 2111 1262 digna
2134 1200 2376 1254 custodia
2403 1202 2723 1270 dirigantur.
2757 1205 3017 1263 Recolere
3059 1211 3200 1266 enim
3229 1213 3392 1269 debet
3417 1215 3537 1271 cel-

1951 1285 2129 1340 situdo
2152 1297 2329 1343 vestra
2357 1292 2487 1359 quid
2526 1308 2624 1361 per
2650 1311 2748 1349 vos
2769 1294 2910 1351 Deus
2936 1296 3126 1353 fecerit
3164 1309 3412 1372 tempore
3441 1303 3537 1361 illo

1949 1390 2079 1444 quo,
2113 1378 2319 1433 Istriam
2349 1389 2405 1436 et
2443 1381 2700 1440 Venetias
2740 1394 2970 1457 tyranno
3000 1388 3175 1444 Totila
3202 1394 3531 1463 possidente,

1949 1464 2170 1522 Francis
2211 1471 2373 1523 etiam
2404 1482 2597 1528 cuncta
2637 1477 2995 1542 vastantibus,
3040 1495 3147 1534 non
3175 1491 3303 1538 ante
3351 1492 3531 1539 tamen

1947 1553 2397 1613 Mediolanenscm
2429 1562 2740 1632 episcopum
2787 1564 2902 1621 fieri
2932 1569 3269 1637 permisistis,
3320 1572 3423 1627 nisi
3464 1574 3532 1629 ad

1945 1646 2422 1705 clementissimum
2475 1654 2772 1725 principem
2823 1658 3018 1714 exinde
3065 1662 3423 1732 retulissetis;
3473 1674 3532 1721 et

1872 1751 1920 1809 Β
1945 1739 2074 1806 quid
2095 1738 2209 1795 ﬁeri
2230 1742 2522 1808 debuisset,
2565 1746 2681 1815 ejus
2719 1748 2913 1804 iterum
2942 1752 3157 1822 scriptis
3184 1770 3530 1825 recognovts-

1941 1832 2092 1899 setis,
2123 1839 2180 1887 et
2216 1832 2357 1887 inter
2406 1835 2606 1905 ubique
2647 1837 2918 1896 ferventes
2959 1842 3163 1910 hostes,
3208 1843 3525 1901 Ravennam

1943 1927 2139 1986 tamen,
2190 1930 2246 1975 et
2276 1922 2320 1977 is
2345 1925 2434 1992 qui
2483 1924 2836 1983 ordinabatur
2874 1938 2930 1984 et
2973 1932 3019 1987 is
3046 1933 3138 2001 qui
3185 1934 3529 1992 ordinaturus

1939 2018 2074 2077 erat,
2107 2012 2442 2081 providentia
2471 2016 2717 2072 culminis
2737 2022 2901 2075 vestri
2922 2023 3136 2079 deducti
3160 2034 3306 2080 sunt.

2348 2126 2594 2198 Pelagius
2618 2128 2839 2203 Cethego
2863 2136 3105 2205 patricio.

2009 2233 2159 2298 Quod
2203 2234 2272 2290 de
2299 2237 2600 2294 ordinando
2628 2239 2882 2297 Ecclesia:
2921 2244 3207 2303 Catanensi
3256 2252 3518 2325 episcopo

1941 2323 2170 2379 salubris
2218 2326 2484 2383 electione
2507 2329 2691 2399 judicii
2738 2331 2853 2388 fieri
2894 2335 3262 2405 desiderastis,
3298 2323 3524 2410 agnovi-

1939 2431 2057 2471 mus
2084 2457 2099 2483 ,
2132 2417 2414 2474 confestim
2457 2424 2703 2491 sequenti
2727 2424 2817 2480 die
2854 2441 2978 2482 eum
3000 2427 3155 2497 juxta
3182 2447 3387 2488 morem
3414 2435 3522 2491 dis-

1936 2506 2223 2576 cutientes,
2246 2510 2408 2565 tertio
2437 2527 2546 2582 quo
2574 2514 2721 2569 venit
2742 2515 2830 2571 die
2859 2519 3168 2590 episcopum
3201 2538 3524 2584 consecrare

1935 2599 2263 2654 curavimus.
2313 2601 2485 2659 Simili
2532 2606 2749 2674 quidem
2781 2610 2944 2664 modo
2988 2621 3044 2665 et
3072 2612 3140 2667 de
3164 2613 3519 2687 Syracusanae

1935 2688 2083 2743 urbis
2110 2691 2748 2763 antistiteoptaveramus
2770 2699 2824 2752 in
2857 2700 2975 2769 ipso
3006 2702 3161 2759 initio
3200 2706 3384 2775 gloriae
3420 2727 3519 2767 ve-

1932 2786 2058 2832 strae
2079 2779 2358 2837 desideriis
2380 2784 2621 2851 obedire,
2641 2788 2743 2842 nisi
2765 2804 2864 2845 nos
2887 2792 3165 2862 multiplex
3193 2798 3335 2853 ratio
3353 2799 3518 2869 ipsius

1933 2885 2040 2923 non
2069 2873 2251 2940 paucis
2283 2877 2614 2945 temporibus
2643 2879 3039 2939 ordinationem
3084 2886 3297 2944 differre
3334 2906 3518 2949 sacer-

1931 2960 2061 3015 dotii
2092 2964 2377 3032 coegisset;
2409 2969 2478 3022 ob
2502 2968 2608 3024 hoc
2627 2971 2773 3039 quod
2803 2974 2888 3027 vel
2909 2990 3156 3045 personat
3184 2981 3438 3048 qualitas.
3460 2994 3515 3040 et

1930 3051 2069 3107 sicut
2096 3070 2192 3109 vos
2220 3058 2413 3113 melius
2467 3062 2657 3129 nostis,
2685 3064 2771 3117 vel
2801 3076 3080 3136 superstes
3106 3086 3266 3138 uxor,
3297 3082 3390 3128 aut
3414 3075 3511 3132 lilii

1930 3157 2025 3211 per
2063 3159 2199 3213 quos
2249 3148 2615 3206 ecclesiastica
2663 3154 2803 3210 solet
2846 3159 3140 3227 periclitari
3177 3163 3510 3237 substantia,

1927 3241 2141 3288 nostros
2166 3236 2375 3293 animos
2403 3240 2604 3297 diutius
2645 3244 2712 3299 ab
2754 3245 2872 3315 ejus
2900 3248 3240 3308 ordinatione
3280 3270 3511 3326 suspeni-

1927 3322 2139 3377 derent.
2172 3324 2239 3379 Et
2262 3337 2522 3395 quantum
2551 3333 2616 3386 ad
2639 3337 2903 3393 cautelam
2934 3340 3221 3398 humanam
3250 3322 3507 3417 pertinet,

1925 3412 2135 3482 integro
2162 3430 2301 3485 pene
2320 3433 2461 3472 anno
2491 3419 2825 3491 distulimus;
2847 3430 3132 3498 Opinantes
3151 3436 3295 3503 quod
3316 3437 3510 3494 melius

1927 3500 2384 3573 Syracusanorum
2407 3512 2692 3577 provenire
2721 3515 2914 3572 electio
2937 3500 3222 3588 potuisset.
3245 3523 3353 3579 Sed
3383 3529 3507 3597 quia

1925 3592 1978 3646 in
2021 3593 2317 3651 voluntatis
2363 3613 2474 3653 sua:
2499 3605 2777 3672 proposito
2806 3607 3230 3668 irrevocabiliter
3250 3592 3506 3684 perstite-

1922 3692 2067 3747 runt,
2101 3678 2362 3743 et’nullus
2389 3700 2473 3746 est
2512 3692 2649 3748 alius
2677 3695 2731 3750 in
2761 3697 2952 3754 eadem
2982 3711 3225 3771 repertus
3246 3703 3502 3775 Ecclesia,

1920 3773 2024 3838 nisi
2065 3776 2396 3845 longioribus
2423 3782 2598 3839 adhuc
2626 3794 2929 3857 temporum
2960 3792 3265 3851 ditl’erretur
3292 3773 3504 3870 spatiis,

1920 3878 1989 3918 ne
2014 3864 2176 3933 paulo
2205 3869 2434 3937 amplius
2464 3871 2781 3945 insanirent,
2810 3879 2950 3934 sicut
2976 3880 3069 3943 ﬁlii
3092 3887 3264 3942 nostri
3292 3864 3501 3959 magni:-

1921 3951 2005 4008 fici
2025 3954 2125 4027 viri
2145 3959 2391 4024 przetoris
2412 3962 2796 4023 testificatione
2816 3971 3120 4041 didicimus,
3152 3977 3295 4033 inter
3314 3951 3501 4051 hujus-ﬁ

1919 4041 2064 4096 modi
2102 4044 2484 4114 ambiguitates
2514 4052 2645 4107 illud
2691 4059 2995 4116 co..sullius
3017 4041 3499 4132 judicavimus'fa-

1918 4129 2195 4199 ciendum,
2252 4144 2309 4190 ut
2338 4154 2577 4208 congrua
2622 4147 2984 4219 providentia,
3014 4129 3232 4211 causam
3279 4171 3500 4233 propter

1917 4234 2078 4288 quam
2108 4224 2418 4296 principalis
2437 4234 2756 4291 constitutio
2772 4238 3032 4299 habentes
3060 4246 3196 4302 lilios
3225 4224 3499 4315 et-uxores

1910 4310 1983 4363 ad
2003 4312 2348 4384 episcopatus
2362 4321 2863 4387 prohibetordinem
2877 4346 3218 4405 promovere,
3233 4342 3381 4398 salva
3397 4310 3497 4402 dis:

1916 4406 2184 4472 positione
2213 4412 2425 4467 concilii
2452 4416 2801 4475 muniremus.
2835 4422 2950 4489 Qua
2979 4425 3048 4481 de
3068 4442 3129 4482 re
3153 4445 3365 4490 summo
3386 4443 3496 4492 stu-

1918 4492 2005 4547 dio
2057 4494 2126 4551 ab
2152 4496 2345 4553 eodem
2392 4502 2703 4574 priusquam
2733 4524 2764 4563 a
2803 4511 2959 4595 nobis
3001 4530 3123 4570 eum
3161 4522 3497 4593 contingeret

1912 4589 2172 4655 ordinari,
2204 4592 2512 4664 bujusmodi
2544 4603 2823 4670 exegimus
2850 4589 3179 4679 cautionem,
3212 4630 3311 4686 per
3329 4633 3492 4688 quam

1909 4685 1964 4731 et
1989 4694 2140 4734 suam
2171 4681 2429 4740 fateretur
2455 4692 2711 4759 quantula
2740 4704 2886 4751 esset
2911 4703 3193 4768 pmsentis
3213 4681 3489 4776 temporis

1910 4766 2088 4823 habita
2115 4787 2294 4827 rerum
2331 4774 2695 4848 descriptione
2727 4766 3118 4857 substantiam,
3149 4800 3205 4845 et
3232 4766 3361 4848 nihil
3392 4812 3491 4865 un-

1909 4868 2068 4925 quam
2092 4876 2190 4929 per
2216 4878 2294 4930 se,
2327 4873 2418 4919 aut
2446 4883 2545 4938 per
2572 4870 2725 4940 tilios,
2753 4883 2846 4929 aut
2871 4891 2969 4946 per
2988 4895 3233 4948 uxorem,
3256 4883 3369 4939 sive
3396 4899 3498 4954 per

1913 4951 2215 5018 quamlibet
2260 4958 2643 5030 prepiuquam,
2676 4973 2770 5019 aut
2794 4967 3163 5039 domesticam,
3197 4974 3283 5028 vel
3307 4951 3488 5031 extra-

1911 5053 2068 5093 neam
2110 5042 2251 5098 forte
2276 5061 2582 5117 personam,
2616 5053 2685 5108 de
2714 5056 2873 5113 rebus
2896 5071 3175 5132 usurparet
3196 5062 3485 5134 Ecclesia;

1908 5138 1964 5183 et
1993 5133 2239 5187 universa
2260 5136 2341 5190 sui
2363 5138 2701 5209 episcopatus
2721 5147 2941 5214 quaesita
2966 5155 3207 5220 tempore
3235 5153 3485 5213 Ecclesia;

1908 5218 2148 5275 dominio
2170 5223 2428 5291 sociaret;
2466 5228 2596 5283 nihil
2635 5231 2771 5287 ultra
2801 5234 2851 5289 id
2888 5237 3031 5304 quod
3059 5218 3219 5296 modo
3246 5240 3483 5317 descrip-

1902 5313 2015 5362 tum
2037 5318 2138 5376 est,
2173 5312 2296 5368 filiis
2323 5317 2434 5371 suis
2458 5319 2542 5372 vel
2571 5320 2873 5380 hreredibus
2899 5326 3207 5384 relicturus.

1900 5417 2146 5491 Pelagius
2173 5420 2472 5481 Eleutherio
2499 5431 2737 5501 episcopo
2765 5431 2846 5505 (ϐ.
2876 5433 3097 5504 Datum,
3118 5439 3158 5495 ι.
3189 5457 3267 5511 tu,
3289 5459 3335 5496 ε.
3363 5443 3475 5520 10.)

1967 5530 2229 5590 Maximus
2260 5535 2519 5595 diaconus
2546 5540 2798 5600 Ecclesiae
2824 5547 3127 5608 dilectionis
3175 5563 3278 5611 tua:
3321 5559 3476 5617 nobis

1896 5626 2178 5694 suggessit,
2209 5627 2263 5682 in
2293 5630 2457 5687 fundo
2478 5635 2570 5705 qui
2603 5637 2906 5706 appellatur
2933 5641 3244 5714 Pancellus,
3288 5661 3472 5707 orato-

1897 5714 2031 5769 riqu
2054 5731 2113 5771 se
2140 5732 2237 5787 pro
2265 5733 2360 5775 sua
2384 5721 2675 5782 devotione
2695 5725 2978 5799 fundasse,
3010 5737 3152 5805 quod
3185 5739 3237 5793 in
3268 5739 3474 5797 honore

1895 5807 2065 5864 beata:
2114 5808 2389 5870 Cantiana:
2428 5820 2675 5876 Inartvris
2716 5819 2983 5881 desiderat
3012 5843 3348 5886 consecrare.
3409 5832 3470 5886 Et
