3954 6178
444 303 546 360 M5

1793 294 2055 351 PELAGII
2096 296 2298 353 PAPIE
2322 299 2345 354 l

3601 302 3710 359 HS

441 421 584 484 ideo,
617 413 784 471 frater
820 414 1151 480 charissime,
1180 413 1225 467 si
1265 413 1318 466 in
1349 419 1437 466 tua
1465 409 1684 466 dimcesi
1714 418 2014 465 memorata
2041 412 2091 471 Α
2118 409 2366 482 Pelagius
2401 409 2597 466 locum
2624 413 2796 468 comiti
2836 413 3166 488 patrimonii,
3197 422 3313 486 post
3337 421 3547 471 cetera.
3579 416 3714 488 (1b.,

443 507 774 564 constructio
817 506 939 575 jure
966 504 1233 569 consistit,
1264 509 1322 558 et
1344 503 1547 558 nullum
1591 517 1790 572 corpus
1828 501 2028 556 ibidem

441 605 656 653 constat
683 598 982 657 humatum,
1009 603 1264 666 percepta
1288 594 1440 664 prius
1467 593 1761 648 donatione
1789 592 2028 662 legitima

445 689 527 744 vel
552 686 894 757 possessione
923 685 1013 739 illa
1041 693 1098 740 et
1117 685 1227 749 illa,
1250 692 1570 754 prznstantes
1597 683 1795 738 liberos
1815 698 1846 737 a
1873 683 2028 738 fisca-

444 781 580 836 libus
602 780 773 836 titulis
798 779 1001 835 solidos
1032 786 1130 843 tot,
1161 778 1433 848 gestisque
1459 776 1871 846 municipalibus
1901 775 2031 829 alle—

445 873 613 941 gatis,
644 869 958 942 praedictum
997 870 1294 925 oratorium
1341 869 1545 938 absque
1585 869 1763 924 missis
1805 867 2032 938 publicis

446 963 760 1016 solemniter
785 960 1166 1025 consecrabis;
1198 961 1268 1014 ita
1299 967 1478 1014 tamen
1510 967 1569 1014 ut
1597 959 1650 1014 in
1688 959 1878 1015 eodem
1909 960 2032 1015 loco

447 1069 548 1110 nec
575 1053 767 1108 futuris
790 1053 1129 1122 temporibus
1149 1053 1520 1123 baptisterium
1534 1060 1900 1117 construatur,
1931 1068 2032 1108 nec

447 1145 821 1216 presbyterum
875 1143 1171 1198 constituas
1217 1141 1594 1197 cardinalem:
1649 1141 1745 1197 sed
1781 1143 2033 1212 quotiens

448 1237 639 1290 missas
662 1235 736 1290 ibi
766 1233 881 1290 fieri
913 1233 1051 1290 forte
1079 1233 1347 1298 maluerit,
1380 1249 1411 1287 a
1439 1232 1730 1288 dilectione
1761 1241 1850 1287 tua
1877 1248 2031 1303 pres-

448 1327 692 1397 byterum
719 1328 930 1380 noverit
971 1326 1370 1396 postulandum,
1417 1333 1685 1396 quatenus
1711 1326 1841 1380 nihil
1874 1326 1980 1382 tale
2004 1341 2033 1381 a

449 1419 688 1489 quolibet
714 1418 822 1474 alio
849 1418 1134 1474 sacerdote
1154 1419 1420 1474 ullatenus
1448 1427 1817 1491 prazsumatur.

675 1531 913 1602 Pelagius
937 1531 1136 1587 Asterie
1165 1532 1423 1603 episc0po.
1450 1531 1581 1603 (1b.,
1619 1550 1668 1588 ο.
1701 1532 1815 1605 10.)

528 1643 824 1699 Vindimius
855 1643 1020 1699 abbas
1048 1645 1287 1715 petitorii
1317 1646 1474 1702 nobis
1517 1648 1879 1705 insinuatione
1906 1661 2035 1717 sug-

453 1734 633 1802 gessit,
665 1733 810 1804 quod
837 1735 1066 1789 habetur
1095 1736 1148 1790 in
1174 1735 1423 1803 subditis,
1467 1741 1623 1809 juxta
1667 1756 1852 1797 muros
1899 1741 2037 1796 civi-

454 1825 578 1878 tatis
603 1823 954 1880 Salernitana:
982 1825 1120 1880 intra
1146 1839 1533 1886 monastenum
1561 1847 1717 1886 suum
1743 1833 2036 1888 oratorium

452 1929 512 1968 se
542 1929 640 1984 pro
670 1929 765 1968 sua
789 1914 1079 1971 devotione
1108 1916 1380 1986 fundasse,
1411 1921 1558 1989 quod
1593 1923 1645 1976 in
1675 1923 1882 1978 honore
1909 1924 2039 1981 bea-

455 2011 632 2057 torum
662 2015 955 2076 martyrum
986 2005 1308 2078 Chrysantbi
1337 2018 1393 2066 et
1413 2011 1584 2066 Daria:
1609 2012 1882 2070 desiderat
1907 2029 2041 2071 eon-

461 2093 681 2148 secrari.
715 2091 782 2147 Et
808 2095 951 2157 ideo,
977 2095 1020 2149 si
1051 2097 1254 2152 nullum
1277 2114 1474 2170 corpus
1495 2102 1691 2158 ibidem
1709 2113 1925 2158 constat
1947 2107 2040 2160 hu-

458 2190 682 2246 matum,
705 2184 1020 2252 prmdictum
1051 2189 1439 2243 monasterium
1469 2191 1671 2260 absque
1702 2193 1880 2249 missis
1907 2209 2041 2250 eon-

457 2272 721 2339 secrabis;
763 2273 836 2328 ita
862 2282 1043 2330 tamen
1072 2284 1132 2330 ut
1176 2278 1219 2333 si
1251 2278 1504 2336 fundator
1523 2282 1812 2351 prredictus
1852 2284 2044 2341 missas

458 2361 654 2418 ibidem
683 2362 797 2419 fieri
827 2364 966 2420 forte
995 2368 1279 2434 maluerit,
1322 2385 1354 2426 a
1384 2370 1674 2429 dilectione
1701 2383 1788 2430 tua
1819 2377 2045 2449 presby~

459 2460 632 2507 terum
662 2456 876 2509 noverit
903 2458 1302 2526 postulandum.

460 2581 702 2672 Pelagius
741 2584 976 2672 lfireufio
1008 2586 1380 2672 Neapolitano,
1408 2593 1623 2652 Gemino
1655 2599 1963 2672 Puteolano,
1995 2617 2046 2660 et

529 2653 832 2743 gogstautio
859 2656 1110 2713 Misenati
1128 2653 1409 2734 episcopis,
1439 2677 1554 2737 post
1584 2653 1800 2725 uetera.
1821 2653 1963 2743 ab:

531 2723 682 2793 ne.)

532 2834 601 2891 Et
646 2838 768 2894 ideo
797 2841 1043 2897 charitati
1074 2853 1268 2901 vestra:
1319 2851 1660 2918 prmsentium
1703 2855 2044 2915 decretorum

465 2935 653 2982 tenore
680 2929 996 2987 mandamus
1014 2973 1029 2998 ,
1057 2941 1115 2988 ut
1145 2949 1474 3008 exsequente
1503 2942 1858 3003 Constantino
1900 2951 2048 3009 sedis

464 3027 661 3073 nostra:
706 3018 1012 3093 defensore,
1041 3024 1246 3081 elerum
1294 3030 1378 3083 vel
1420 3031 1564 3088 cives
1610 3033 1863 3094 Ecclesiae
1906 3039 2048 3096 Pari-

465 3107 683 3214 siensis,
723 3117 842 3214 et.e
874 3113 1089 3214 diverso
1117 3115 1370 3176 Ecclesia:
1419 3122 1772 3197 Vulturninze,
1802 3131 1887 3186 vel
1931 3131 2044 3188 Vici
2075 3151 2120 3214 ς

467 3197 832 3259 Feniculensis
857 3204 924 3259 ad
951 3215 1190 3262 vestrum
1221 3208 1431 3267 faciatis
1455 3217 1745 3272 convenire
1760 3219 2042 3289 judicium,

466 3298 522 3343 et
547 3305 615 3346 ex
655 3293 857 3363 scripto
895 3298 1221 3352 sententiam
1259 3316 1441 3356 coram
1471 3305 1711 3372 partibus
1746 3308 2037 3378 deferatis;

465 3380 737 3437 antedicto
766 3384 908 3440 sedis
929 3395 1128 3442 nostra:
1156 3388 1441 3448 defensore
1454 3393 1628 3452 modis
1640 3400 1889 3456 omnibus
1902 3417 2053 3458 exse-

465 3480 686 3542 quente,
714 3481 773 3528 ut
799 3490 919 3546 quae
940 3485 1137 3534 statuta
1160 3479 1358 3536 fuerint
1378 3483 1591 3541 effectui
1615 3491 2010 3562 mancipentur.

469 3581 714 3656 Pelagius
739 3585 1021 3661 Benegesto
1051 3591 1353 3735 defetzsgi),
1393 3609 1512 3668 post
1538 3618 1725 3671 pauca.
1761 3605 1950 3678 (Ibid.,
1998 3626 2046 3666 ε.

533 3765 761 3837 Propter
780 3769 925 3840 quod
953 3773 1298 3842 experientia:
1320 3784 1425 3834 tute
1446 3785 1697 3850 prmsenti
1723 3789 2051 3847 auctoritate

466 3858 807 3929 mandamus,
839 3870 897 3914 ut
918 3863 1111 3931 quibus
1133 3865 1186 3919 in
1217 3869 1394 3924 causis
1419 3873 1672 3941 quaelibet
1698 3877 2046 3936 ecclesiastici

465 3949 626 4005 officii
654 3966 883 4020 persona
916 3953 1036 4009 loco
1065 3957 1312 4024 petitoris
1341 3963 1524 4018 existit
1542 3967 1828 4036 quemdam
1852 3970 2048 4028 laicum

465 4040 756 4110 pulsatura,
789 4041 929 4112 apud
981 4046 1276 4113 provincia:
1321 4049 1555 4119 judicem
1583 4069 1708 4110 suas
1746 4049 2052 4129 proponere

467 4144 575 4184 non
621 4129 837 4185 desinat
868 4139 1129 4193 actiones.
1168 4137 1225 4194 lu
1254 4140 1336 4196 his
1356 4158 1486 4198 vero
1516 4146 1745 4213 negotiis
1772 4149 1825 4204 in
1855 4151 2051 4219 quibus

468 4220 816 4279 ecclesiastici
847 4223 1008 4282 officii
1039 4245 1268 4299 persona
1296 4234 1560 4302 pulsatur,
1590 4239 1756 4294 totius
1780 4252 2050 4300 summoto

468 4311 787 4403 pulsationis
833 4317 1112 4376 obstaculo
1158 4321 1225 4376 ad
1267 4324 1508 4395 episcopi
1544 4328 1631 4383 vel
1673 4330 2050 4403 episcoporum

472 4402 523 4456 in
554 4402 675 4458 loco
709 4404 798 4460 ubi
827 4409 1053 4483 qutcstio
1092 4413 1321 4468 vertitur
1359 4417 1772 4476 constitutorum
1801 4402 2052 4480 occurrat

2803 482 2852 538 σᾷ
2886 482 3034 553 lu).

2198 593 2382 650 Gloria
2413 594 2576 664 igitur
2602 603 2780 650 vestra
2809 589 3102 652 secundum
3124 596 3383 654 bonitatis
3396 608 3715 657 consuetum

2131 697 2361 755 morem,
2396 685 2505 741 filio
2549 694 2736 742 nostro
2775 686 3066 742 Luminoso
3094 689 3412 760 presbytero
3438 691 3629 746 solatia
3659 691 3714 749 in

2132 777 2361 849 praefato
2411 777 2625 844 itinere,
2677 778 2869 847 quibus
2921 786 3036 834 tute
3065 779 3132 834 ad
3176 780 3501 836 destinatum
3533 781 3717 840 locum

2131 869 2418 940 pervenire
2446 869 2641 934 valeat,
2673 869 3064 924 subministret.
3093 870 3200 925 Sed
3229 879 3285 925 et
3326 872 3708 930 commendare

2133 975 2256 1015 eum
2287 960 2576 1029 dignemini
2621 961 2731 1016 illic
2758 961 3065 1016 hominibus
3091 962 3314 1027 vestris,
3366 971 3425 1017 ut
3452 963 3614 1018 etiam
3645 963 3717 1019 ibi

2133 1052 2326 1107 vestris
2349 1051 2513 1106 fultus
2551 1051 2793 1116 auxiliis,
2829 1049 3055 1120 injuncti
3102 1051 3204 1108 sibi
3249 1052 3451 1122 negotii
3509 1051 3722 1108 facilius

2133 1143 2304 1214 possit
2325 1143 2613 1197 terminmn
2641 1143 2904 1213 recipere.

2135 1253 2383 1324 Pelagius
2405 1252 2629 1307 Anilauo
2661 1253 2868 1319 comiti,
2911 1261 3025 1324 post
3053 1270 3240 1324 pauca.
3278 1253 3466 1326 (lbid.,
3491 1271 3536 1308 c.
3569 1253 3721 1325 H5.)

2209 1363 2424 1419 Petrum
2453 1363 2619 1418 filium
2651 1371 2893 1419 nostrum
2924 1365 3236 1434 apostolicae
3264 1365 3409 1421 sedis
3437 1366 3725 1438 presbyte-
3785 1369 3790 1372 ’

2135 1471 2254 1511 rum
2283 1455 2352 1510 ad
2393 1454 2710 1521 corrigenda
2739 1469 2805 1510 ea
2846 1469 2967 1524 qum
2995 1456 3048 1510 in
3091 1457 3444 1525 quaasti'onem
3495 1458 3726 1512 veniunt

2136 1547 2388 1601 duximus
2415 1545 2783 1614 dirigentium;
2831 1535 3130 1602 faciliorem
3160 1546 3400 1602 omnium
3440 1562 3726 1603 causarum

2137 1635 2373 1691 futurum
2403 1651 2524 1692 esse
2557 1635 2862 1705 judicantes
2887 1637 3115 1704 exitum,
3147 1638 3194 1691 si
3216 1636 3363 1692 illum
3408 1637 3476 1692 ab
3504 1647 3726 1708 aposto~

2139 1728 2245 1784 lica
2284 1729 2598 1796 contigisset
2646 1729 2858 1799 publice
2885 1729 3015 1785 sede
3055 1731 3366 1796 transmitti,
3396 1731 3488 1801 qui
3541 1741 3598 1786 et
3646 1734 3726 1787 rei

2142 1823 2357 1889 merito,
2407 1829 2462 1878 et
2491 1838 2588 1894 pro
2617 1822 2897 1878 ebaritatis
2942 1823 3155 1878 vinculo
3184 1825 3470 1893 potestatis
3496 1823 3729 1893 publica:

2136 1910 2415 1981 juvaretur
2439 1912 2675 1966 auxiliis.
2717 1909 2806 1967 Sic
2855 1913 2997 1968 enim
3048 1922 3104 1967 et
3131 1929 3400 1970 canonum
3447 1923 3503 1969 et
3546 1915 3727 1984 legum

2141 2009 2340 2056 statuta
2370 2018 2469 2058 nos
2497 2002 2788 2058 admonent
2817 2011 2877 2059 ut
2903 2013 2961 2059 et
2985 2003 3286 2060 doceantur
3311 2006 3542 2062 humiles
3559 2014 3616 2060 et
3634 2021 3729 2061 su-

2141 2096 2434 2166 perborum
2459 2097 2679 2166 spiritus
2698 2097 3143 2167 comprimantur.
3175 2098 3311 2164 Quia
3342 2113 3729 2168 nonnunquam

2143 2186 2415 2241 mentibus
2451 2186 2752 2257 desperatis
2791 2195 2845 2242 et
2871 2186 3115 2242 doctrina
3143 2188 3258 2243 sine
3299 2197 3570 2259 potestate
3596 2203 3733 2244 cou-

2144 2277 2424 2343 temnitur,
2457 2285 2514 2332 et
2539 2277 2869 2334 dominantis
2887 2279 2996 2333 vim
3017 2279 3216 2335 habere
3236 2281 3473 2335 creditur
3492 2288 3738 2349 potestas

2144 2368 2262 2423 sine
2285 2367 2496 2423 ratione
2523 2367 2800 2424 doctrinae.
2829 2367 2965 2424 Huic
2991 2380 3190 2432 autem,
3221 2379 3280 2425 ut
3301 2371 3508 2440 possint
3525 2385 3588 2425 ea
3609 2384 3738 2439 qua:

2140 2457 2290 2528 jussa
2319 2467 2444 2513 sunt
2471 2457 2679 2514 facilius
2710 2459 2937 2514 Domino
2966 2459 3252 2529 adjuvante
3271 2460 3560 2530 compleri,
3592 2459 3738 2517 Pro-

2140 2551 2346 2618 jeetum
2375 2549 2645 2604 notarium
2673 2549 2827 2605 sedis.
2846 2559 3043 2606 nostra:
3063 2551 3455 2620 adjungeudum
3479 2567 3598 2608 esse
3609 2567 3739 2607 cre-

2146 2641 2402 2709 didimus,
2433 2649 2494 2696 ut
2513 2642 2835 2712 participato
2848 2643 3092 2708 consilio,
3109 2659 3229 2714 quae
3251 2645 3588 2700 rationabilia
3605 2653 3740 2699 sunt

2145 2731 2366 2801 exsequi
2393 2747 2501 2787 non
2527 2744 2821 2789 morentur.
2839 2733 3144 2790 Salutantes
3165 2735 3324 2804 igitur
3338 2744 3575 2806 paterna:
3605 2736 3740 2790 cha-

2147 2821 2322 2876 ritatis
2350 2822 2608 2893 alloquio,
2640 2832 2700 2878 ut
2729 2824 3002 2894 prmdictis
3041 2825 3096 2880 in
3126 2826 3374 2882 omnibus
3400 2842 3519 2896 quas
3548 2828 3639 2881 vel
3673 2827 3741 2883 ad

2150 2915 2576 2971 ecclesiasticam
2604 2917 2890 2986 unitatem,
2921 2918 3004 2971 vel
3032 2918 3099 2972 ad
3126 2919 3522 2989 correptionem
3544 2933 3741 2974 exces-

2148 3020 2303 3061 suum
2330 3007 2623 3076 pertinent,
2656 3006 2840 3061 feratis
2859 3007 3113 3062 auxilium
3136 3009 3490 3078 postulamus.

2150 3117 2398 3190 Pelagius
2447 3117 2657 3190 Elpidio
2703 3117 3291 3260 σῗῗίηεηεὶἆρὶςεορο,
3336 3122 3469 3174 inter
3517 3128 3737 3174 cwlera.

2848 3228 2885 3253 .,
2915 3207 2962 3244 c.
3064 3211 3112 3242 υ.

2848 3228 2885 3253 ο,
2915 3207 2962 3244 c.
2997 3207 3112 3242 ιιυ.

2219 3301 2370 3358 Sicut
2391 3318 2824 3374 unumquemque
2845 3303 3166 3360 clericorum
3191 3312 3403 3360 tuorum
3445 3303 3743 3360 ecclesias-

2149 3393 2270 3448 ticis
2321 3393 2644 3449 utilitatibus
2683 3394 2772 3449 vel
2819 3393 3261 3466 dispositionibus
3296 3394 3600 3449 dilectionis
3635 3403 3745 3448 tua:

2150 3500 2250 3558 pro
2277 3485 2466 3540 eadem
2496 3483 2736 3539 Ecclesia
2759 3499 2927 3554 usque
2949 3483 3016 3538 ad
3039 3484 3258 3554 justitia:
3273 3484 3555 3553 legumque
3570 3498 3634 3536 ra
3647 3483 3747 3536 tio-

2150 3589 2274 3630 nem
2305 3573 2722 3644 procedentibus
2751 3571 2983 3628 ﬁdeliter
3010 3574 3232 3628 obedire
3260 3573 3633 3644 prospexeris,
3669 3573 3746 3628 ita

2150 3667 2461 3722 dilectionis
2491 3674 2594 3720 tua:
2616 3665 2812 3721 effectu
2840 3665 3123 3721 continuas
3149 3655 3442 3721 secundum
3466 3663 3629 3718 fidem
3664 3663 3749 3718 di-

2153 3757 2542 3827 ligentiamque
2595 3771 2748 3812 suam
2814 3757 3235 3828 uniuscujusque
3301 3757 3492 3812 merita
3548 3771 3747 3827 prose-

2150 3845 2386 3920 qﬁendo.

2297 3959 2544 4033 Pelagius
2574 3957 2858 4013 Laurentio
2878 3960 3117 4030 episcopo
3144 3957 3591 4014 Centumcellensi.

2225 4051 2513 4142 Principali
2543 4071 3013 4128 devotissimorum
3044 4070 3292 4137 militum,
3323 4070 3415 4140 qui
3444 4069 3554 4125 illic
3587 4069 3646 4125 in
3671 4070 3752 4125 ci-

2151 4161 2323 4218 vitate
2351 4161 2803 4218 Centumeellensi
2841 4163 3165 4228 consistunt,
3211 4162 3474 4217 relatione
3519 4159 3592 4234 ad
3649 4175 3756 4216 nos

2155 4251 2361 4306 directa
2387 4266 2598 4306 sacram
2637 4251 2912 4307 insinuant
2943 4265 3002 4308 se
3031 4249 3431 4306 clementissimi
3479 4249 3754 4320 principis

2153 4341 2491 4412 impetrasse,
2523 4355 2644 4410 quae
2671 4341 2750 4396 eis
2771 4341 3164 4411 presbyterum,
3195 4339 3504 4402 diaconum,
3535 4350 3596 4392 et
3624 4337 3754 4392 sub-

2153 4433 2439 4488 diaconum
2470 4433 2584 4489 fieri
2614 4432 2812 4488 debere
2860 4433 3140 4504 prmcepit.
3171 4433 3296 4489 Ideo
3326 4432 3613 4488 hortamur
3666 4430 3754 4484 di-

471 4489 846 4594 iudiﬂ'ercnter
893 4512 1148 4594 examen,
1182 4501 1342 4557 nullis
1364 4517 1538 4560 causa
1577 4507 1868 4566 dictionem
1907 4511 2046 4570 frus-
2073 4522 2127 4582 D
2151 4524 2437 4579 lectionem
2465 4533 2612 4579 tuam
2639 4530 2697 4578 ut
2725 4489 2981 4594 personas
3003 4489 3148 4593 ipsas
3179 4523 3394 4587 videas,
3426 4529 3482 4577 et
3510 4521 3756 4590 diligen-

469 4582 789 4640 trationibus
815 4586 1133 4646 declinando
1168 4610 1180 4644 :
1223 4603 1486 4664 quatenus
1514 4614 1675 4656 omne
1703 4605 1903 4672 negotii
1931 4622 2048 4662 me-

467 4672 629 4727 ritum
659 4675 736 4767 de
753 4677 868 4732 sola
896 4681 1124 4737 veritate
1150 4699 1269 4753 sua,
1311 4688 1547 4758 solisque
1597 4691 1805 4760 legibus
1831 4696 2046 4767 discep—

469 4770 661 4831 tatum,
692 4765 822 4821 cleri
853 4773 1206 4838 proveniente
1225 4781 1491 4836 sententia
1519 4785 1852 4841 terminetur.
1883 4765 2046 4844 Anni-

470 4863 614 4950 Lente
639 4871 854 4950 quoque
882 4866 1228 4923 exsecutione
1251 4878 1360 4934 tua,
1394 4881 1454 4926 ut
1478 4889 1598 4944 quae
1626 4877 1789 4932 statui
1817 4881 2050 4950 contige-

466 4943 592 5042 rint,
621 4944 835 5042 effectui
858 4956 1260 5027 mancipentur:
1292 4963 1436 5018 nulla
1457 4965 1526 5020 ad
1546 4968 1722 5024 nosde
1735 4943 2047 5042 cujusquam

467 5034 817 5130 ecclesiastici
845 5044 1042 5113 pulsati
1068 5055 1410 5110 contumacia
1435 5055 1692 5130 deinceps
1715 5034 2048 5130 querimonia

469 5126 724 5198 reditura,
757 5148 855 5203 per
874 5150 1034 5205 quam
1062 5156 1170 5196 non
1199 5143 1374 5199 solum
1403 5126 1749 5207 contumaces
1774 5168 2046 5224 excessus,

469 5229 653 5277 verum
684 5229 774 5278 tua
801 5238 1019 5298 quoque
1048 5232 1369 5304 negligentia
1393 5236 1469 5293 sit
1495 5238 1776 5309 plectenda
1795 5277 1814 5296 .

2154 4624 2235 4670 ter
2256 4615 2515 4684 inquiras,
2538 4631 2606 4670 ne
2633 4615 2831 4684 aliquid
2850 4623 3038 4670 contra
3060 4629 3297 4669 canones
3318 4613 3756 4677 commisissent;

2153 4713 2208 4760 et
2235 4705 2281 4761 si
2303 4721 2401 4760 eos
2421 4705 2774 4776 inculpabiles
2796 4707 3065 4776 repereris
3083 4745 3100 4772 ,
3130 4714 3185 4760 et
3209 4704 3330 4759 vita:
3353 4705 3596 4774 ipsorum
3625 4703 3756 4757 lau-

2155 4799 2334 4854 dabile
2357 4798 2721 4856 testimonium
2745 4800 2966 4866 videris,
2994 4801 3246 4857 veniente
3285 4798 3533 4854 mediana
3573 4798 3760 4868 septi-

2156 4905 2312 4944 mana
2343 4889 2588 4957 Pascbae,
2627 4892 2671 4946 si
2703 4891 2962 4948 Dominus
2983 4893 3236 4961 voluerit,
3265 4901 3320 4949 et
3346 4892 3393 4949 si
3423 4891 3762 4957 vixerimus,

2154 4995 2586 5052 unumquemque
2606 4997 2703 5052 per
2723 4981 2898 5038 officia
2918 4997 3037 5052 qua:
3056 4985 3396 5055 przcdiximus
3413 4998 3764 5055 promovere

2158 5085 2267 5125 non
2309 5070 2546 5126 differas.
2593 5071 2793 5127 Caveat
2820 5073 2921 5128 sibi
2948 5076 3232 5147 presbyter
3258 5076 3348 5131 ille
3373 5089 3664 5145 nunquam
3695 5089 3764 5130 se

2156 5162 2276 5217 sine
2306 5161 2482 5218 nostri
2512 5170 2569 5218 et
2595 5163 2672 5219 tui
2701 5164 2934 5222 nominis
2960 5166 3276 5224 recitatione
3297 5180 3446 5225 sacra
3473 5166 3760 5240 mysteria

2154 5252 2429 5310 celebrare
2443 5289 2462 5310 .
