3954 6178
198 324 314 383 4η

1679 326 2040 383 ΕΡΙΞΤΘΙΛΕ

3385 327 3492 386 “8

195 466 3044 492 Mm

1077 552 1575 614 FRAGMENTA
1611 545 2171 608 EPISTOLARUM
2212 546 2533 607 PELAGII
2570 549 2618 608 ι.

1449 672 1558 747 (Ea:
1586 671 1900 727 Collectione
1929 668 2261 742 Deusdedit.)

373 900 617 972 Pelagius
642 897 829 952 Melleo
853 895 1171 950 subdiacono
1188 935 1202 960 ,
1223 895 1356 949 inter
1377 900 1565 946 caetera
1595 893 1634 943 ⁸.

268 995 620 1050 Notariorum
658 993 806 1049 sedis
842 1002 1045 1050 nostra:
1079 992 1445 1049 insinuatione
1477 989 1782 1057 didicimus.

186 1089 346 1160 quod
371 1088 571 1144 nullius
593 1079 908 1141 indictionis
929 1102 956 1140 a
987 1095 1232 1156 tempore
1258 1100 1366 1154 quo
1408 1085 1506 1140 tibi
1550 1086 1782 1154 primum

191 1182 467 1236 Ecclesia:
483 1179 867 1249 patrimonium
894 1186 1106 1232 constat
1143 1192 1264 1232 esse
1287 1179 1658 1239 commissum,
1690 1191 1784 1230 us-

190 1293 312 1344 que
336 1277 603 1330 hactenus
625 1274 908 1330 ratiocinia
928 1274 1036 1330 sint
1058 1273 1288 1338 decissa,
1310 1287 1372 1327 ea
1396 1271 1506 1326 sint
1529 1283 1788 1324 necessa-

192 1369 294 1424 rio
317 1367 713 1436 dispungenda,
762 1367 972 1436 utquid
1019 1364 1409 1420 ecclesiasticis
1461 1360 1787 1416 utilitatibus

193 1461 503 1526 debeatur,
535 1460 618 1516 vel
644 1460 814 1530 quida
842 1475 1113 1530 quoquam
1151 1469 1466 1530 usurpatum
1511 1458 1604 1523 sit,
1665 1455 1786 1512 ﬁdei

195 1553 556 1620 inspectione
601 1565 931 1622 cognoscere
969 1551 1286 1617 valeamus;
1318 1561 1369 1606 et
1399 1560 1476 1613 tu,
1502 1551 1586 1602 vel
1611 1549 1788 1604 haere-

198 1648 311 1700 des
336 1645 414 1700 tui
437 1650 491 1700 in
521 1643 704 1699 futuro
729 1652 971 1710 tempore
1017 1643 1314 1697 securitate
1363 1642 1606 1709 plenaria
1643 1658 1792 1699 com-

196 1736 629 1803 muniti,nullas
649 1735 876 1807 possitis
911 1734 1316 1804 inquietudines
1344 1733 1647 1789 sustinere.

237 1879 500 1950 Pelagius
524 1875 716 1931 Mauro
744 1875 992 1946 episcopo
1013 1871 1363 1936 Pramestino,
1394 1872 1530 1926 inter
1558 1877 1766 1924 cwtera.

284 2012 585 2068 Didicimus
611 2009 680 2066 de
724 2007 1055 2080 patrimonio
1096 2005 1342 2060 Hilviade
1387 2002 1544 2059 annis
1586 2001 1801 2070 quidem

202 2107 282 2160 de
323 2104 525 2176 prima,
550 2100 786 2158 secunda
814 2108 871 2156 et
910 2099 1070 2155 tertia
1092 2095 1501 2159 indictionibus,
1533 2091 1802 2162 Ampliato

202 2189 490 2268 quondam
513 2193 831 2264 presbytero
861 2201 915 2246 et
936 2189 1211 2260 Stephano
1238 2187 1469 2242 diacono
1495 2185 1642 2240 vices
1666 2197 1804 2252 pon-

201 2260 368 2344 tiﬁcis
402 2287 456 2340 in
495 2260 629 2339 urbe
657 2260 722 2338 ἡ.
754 2282 1057 2352 agentibus,
1088 2279 1234 2350 quod
1252 2277 1476 2348 exegisti
1497 2275 1601 2331 ﬁde
1628 2272 1804 2329 media
1835 2260 1886 2319 B

204 2377 562 2449 persolvisse.
595 2375 672 2430 De
696 2381 888 2444 quarta
916 2387 1046 2428 vero
1075 2371 1363 2426 indictione
1391 2366 1685 2424 secundum
1711 2379 1803 2419 or-

205 2468 552 2523 dinationem
576 2463 670 2520 ﬁlii
697 2464 868 2520 nostri
896 2463 998 2518 viri
1027 2461 1264 2532 religiosi
1291 2460 1473 2516 Nat-sae
1500 2459 1636 2515 sacri
1652 2457 1802 2530 pala-

206 2561 270 2616 tii
293 2560 424 2614 ﬁliis
447 2559 650 2614 nostris
681 2555 930 2622 Dulcitio,
965 2554 1129 2610 Felici
1159 2564 1322 2622 atque
1344 2551 1548 2622 Spanni
1581 2547 1804 2620 presby-

209 2652 372 2718 teris,
395 2651 541 2721 quod
569 2657 818 2704 exactum
840 2646 1034 2714 fuerat,
1058 2645 1322 2701 intulisse.
1364 2639 1806 2714 Supervenienti—

207 2747 312 2801 bus
341 2759 481 2799 vero
507 2742 662 2798 nobis
690 2749 746 2797 et
774 2756 872 2812 per
896 2739 994 2794 Dei
1030 2739 1258 2809 gratiam
1287 2736 1550 2793 ordinatis
1581 2730 1805 2788 intulisti

207 2837 280 2891 de
310 2835 512 2890 eodem
540 2841 732 2903 quarta
756 2831 1070 2888 indictione.
1109 2829 1178 2883 Et
1206 2830 1370 2901 infra.
1409 2827 1647 2894 Ideoque
1687 2838 1808 2892 sup-

208 2926 458 2995 plicante
486 2923 774 2979 dilectione
800 2932 890 2977 tua
919 2936 988 2976 ex
1007 2922 1255 2976 omnibus
1273 2915 1650 2990 suprascriptis
1671 2928 1808 2984 prte-

210 3018 401 3073 teritis
427 3033 480 3071 γι
507 3015 890 3070 indictionibus
909 3010 1301 3067 fraternitatem
1331 3019 1477 3063 tuam
1508 3007 1608 3061 hac
1653 3019 1809 3059 secu-

205 3107 388 3161 ritate
401 3103 726 3160 credidimus
740 3102 1109 3168 muniendam,
1123 3109 1182 3156 nt
1201 3099 1346 3155 nulla
1369 3095 1617 3154 charitati
1633 3102 1734 3150 tuae
1755 3094 1808 3148 in

210 3205 503 3270 posterum
530 3211 561 3250 a
589 3195 831 3267 quolibet
859 3194 1126 3249 calumnia
1151 3200 1448 3248 moveatur.

211 3332 478 3404 Pelagius
508 3329 702 3384 Name
728 3327 949 3400 patricio
988 3323 1400 3397 Anagnosticon,
1439 3322 1577 3376 inter
1603 3327 1808 3373 caetera.

287 3466 444 3520 Bene
491 3463 701 3518 noverit
751 3459 1073 3517 excellentia
1122 3465 1302 3513 vestra
1341 3471 1442 3510 nos
1490 3453 1812 3510 habentibus

213 3556 501 3611 duntaxat
527 3553 859 3617 hominibus,
885 3560 941 3606 et
960 3550 1163 3605 nullam
1189 3563 1289 3604 nec
1311 3545 1688 3602 necessitatem
1718 3558 1813 3613 pa-

211 3643 470 3700 rentibus
484 3658 571 3698 res
591 3642 719 3698 dare
734 3655 1030 3712 pauperum
1059 3638 1202 3694 nulla
1221 3637 1433 3693 ratione
1451 3647 1803 3705 prtesumere:
1835 3619 1881 3684 C

211 3733 355 3801 quia
383 3747 565 3802 neque
610 3731 717 3787 hoc
746 3729 900 3785 vobis
928 3728 1144 3798 placere
1187 3726 1465 3791 novimus,
1493 3737 1668 3794 neque
1704 3723 1808 3777 hoc

213 3833 416 3878 nostro
444 3837 563 3877 esse
585 3820 764 3876 cilicio
789 3819 1116 3876 conveniens
1147 3817 1470 3887 judicamus.

213 3958 477 4030 Pelagius
520 3957 714 4012 Boalio
777 3957 1022 4028 prafecto
1079 3954 1326 4025 praetorio
1383 3951 1622 4025 Africaz.
1671 3951 1809 4004 inter

907 4033 1115 4079 cetera.

290 4141 562 4205 Romana,
608 4139 695 4196 cui
741 4139 854 4195 Deo
884 4146 1104 4194 auctore
1149 4133 1804 4208 prtesidemus,Eeclesia,

205 4242 352 4305 post
403 4233 726 4287 continuam
763 4230 834 4286 25
887 4240 943 4286 et
987 4246 1054 4286 eo
1106 4231 1333 4301 amplius
1378 4243 1638 4283 annorum
1688 4241 1807 4282 vas-

208 4326 490 4382 tationem
553 4327 802 4382 bellicam
869 4325 923 4380 in
970 4323 1157 4379 Italiae.
1195 4323 1507 4392 regionibus
1547 4320 1802 4377 acciden-

205 4427 357 4480 chn,
378 4423 433 4469 et
458 4431 594 4485 pene
613 4415 789 4471 adhuc
814 4415 1034 4471 minime
1062 4413 1428 4470 discedentem
1457 4428 1564 4467 non
1593 4411 1809 4467 aliunde

199 4506 328 4561 nisi
370 4505 438 4560 de
466 4505 758 4574 peregrinis
786 4505 977 4561 insulis
1002 4513 1095 4559 aut
1123 4505 1256 4560 locis
1285 4504 1431 4559 clero
1458 4502 1808 4574 pauperibus-

200 4610 354 4666 que,
385 4595 486 4649 etsi
515 4611 622 4650 non
647 4594 944 4660 sufﬁciens,
972 4596 1060 4652 vel
1085 4595 1337 4653 exiauum
1384 4601 1567 4650 tamen
1607 4594 1802 4664 stipen-

196 4688 372 4742 dium
398 4688 762 4758 consequitur.

465 4813 712 4886 Pelagius
739 4815 952 4872 Iuliano
975 4817 1213 4888 episcopo
1251 4815 1564 4889 (lingulam.

290 4928 523 4981 Constat
546 4927 890 4983 dilectionem
925 4938 1071 4983 tuam
1101 4929 1344 4984 intulisse
1377 4930 1678 4985 rationibus
1705 4928 1804 4986 Ec-

1824 892 1873 948 Α
1903 887 2009 940 tavi
2048 887 2136 942 die
2162 901 2216 941 tn
2241 887 2344 944 cal.
2389 889 2611 958 Augusti
2642 898 2763 960 post
2811 893 3146 946 consulatum
3177 894 3361 948 Basilii
3389 895 3487 952 viri

1909 978 2211 1033 clarissimi.

2076 1069 2325 1142 Pelagius
2354 1070 2582 1125 Dulcitio
2605 1072 2894 1143 defensori,
2920 1084 3035 1144 post
3062 1077 3319 1146 quaedam.

1979 1181 2244 1236 Praeterea
2275 1182 2512 1237 rationes
2562 1183 2714 1238 nobis
2765 1185 2947 1239 nescio
2995 1201 3128 1256 quas
3181 1184 3486 1244 Grzncorunt

1907 1288 2058 1328 more
2088 1272 2297 1328 fucatas
2325 1273 2391 1329 de
2418 1290 2469 1328 vl
2511 1274 2818 1329 indictionis
2845 1276 3190 1345 pensionibus
3224 1277 3489 1343 direxisti,

1906 1375 2196 1430 suggerens
2239 1370 2295 1418 te
2341 1377 2438 1433 per
2484 1361 2552 1416 50
2582 1364 2812 1428 solidos,
2848 1373 2903 1418 et
2928 1380 3026 1434 pro
3047 1365 3166 1419 aliis
3195 1365 3281 1429 60,
3311 1381 3343 1419 a
3370 1367 3487 1419 dia-

1908 1470 2046 1510 cono
2066 1455 2289 1520 Varino,
2311 1463 2364 1508 et
2386 1456 2570 1510 nescio
2598 1470 2705 1524 quo
2733 1455 2838 1510 alio
2860 1471 3013 1510 casas
3033 1456 3394 1526 recollegisse.
3421 1455 3487 1509 Et

1907 1559 2026 1600 cum
2056 1545 2152 1600 tibi
2192 1545 2391 1601 cotidie
2419 1544 2542 1601 hinc
2568 1554 2625 1600 et
2653 1545 2777 1600 inde
2805 1555 3118 1600 accrescant
3159 1544 3356 1616 prmdia
3383 1585 3400 1612 ,
3429 1556 3486 1601 tu

1906 1637 2061 1692 nobis
2097 1636 2165 1692 de
2217 1638 2565 1707 pensionibus
2618 1638 2891 1705 angustias
2937 1650 3182 1705 generas.
3231 1635 3350 1691 Non
3392 1637 3488 1692 tibi

1905 1727 2122 1792 sullicit,
2148 1728 2295 1798 quod
2324 1737 2377 1784 te
2402 1744 2432 1782 a
2462 1727 2684 1784 notariis
2701 1737 2755 1783 et
2781 1729 2900 1783 aliis
2921 1728 3146 1783 diversis
3175 1725 3483 1784 ollieiis.....

1904 1821 1994 1877 vix
2024 1830 2076 1876 te
2105 1820 2331 1876 liberare
2359 1821 2652 1890 potuimus,
2680 1830 2786 1876 etc.

2137 1927 2387 2000 Pelagius
2423 1927 2542 1982 Vite
2572 1929 2852 1999 defensori,
2874 1931 3009 1983 inter
3034 1941 3242 1988 caetera.

1976 2039 2208 2109 Ideoque
2235 2041 2485 2110 pnesenti
2515 2039 2608 2094 tibi
2619 2039 2860 2109 jussione
2873 2044 3208 2108 mandamus,
3225 2052 3282 2098 ut
3301 2059 3486 2099 curam

1907 2131 2034 2201 ipsis
2063 2132 2370 2203 patrimonii
2401 2145 2657 2201 peragere
2699 2149 2806 2187 non
2831 2134 3078 2200 omittas;
3123 2136 3299 2190 sciens
3331 2136 3476 2204 quod

1905 2237 2006 2277 nos
2030 2237 2060 2276 a
2101 2231 2152 2276 te
2168 2221 2302 2291 jam,
2329 2230 2383 2278 et
2414 2222 2677 2293 reliquam
2708 2240 2755 2278 vt
2787 2223 3130 2280 indictionem
3151 2263 3166 2289 ,
3199 2234 3254 2280 et
3295 2242 3486 2282 omnes
3536 2261 3540 2264 -

1906 2314 2236 2384 singularum
2265 2313 2517 2384 deinceps
2543 2312 2892 2370 indictionum
2913 2331 2945 2370 a
2967 2331 3037 2370 vn
3058 2317 3336 2385 exigemns
3354 2332 3488 2386 pen-

1904 2409 2085 2464 siones
2131 2415 2190 2462 ut
2233 2408 2530 2464 seen-udum
2579 2423 2788 2464 morem
2835 2418 2886 2464 et
2927 2409 3144 2465 emittas
3188 2411 3242 2466 in
3288 2412 3486 2466 scrinio

1904 2502 2242 2570 cautionem,
2296 2509 2353 2556 et
2404 2501 2624 2558 brevem
2669 2501 2908 2572 ejusdem
2953 2504 3266 2574 patrimonii
3314 2506 3490 2576 possis

1906 2608 2169 2663 accrpere.

1907 2702 2155 2776 Pelagius
2182 2703 2374 2761 Melleo
2399 2705 2716 2762 subdiacono
2755 2706 2874 2779 (Iw
2902 2717 3039 2779 part.
3065 2726 3157 2765 vm
3180 2753 3195 2780 ,
3226 2728 3341 2784 cap.
3375 2711 3487 2784 55).

1979 2817 2230 2883 Dulcitia,
2256 2819 2509 2877 Ecclesia:
2535 2832 2732 2878 nostra:
2755 2822 2974 2891 famula,
2993 2817 3290 2896 Tarpeiana
3315 2845 3497 2886 massa

1909 2913 2210 2966 consistens
2230 2953 2246 2972 ,
2270 2913 2574 2982 bujusmodi
2604 2916 2877 2985 querelam
2906 2931 3059 2972 suam
3087 2921 3287 2976 nostris
3315 2924 3488 2976 sensi-

1909 3003 2009 3058 bus
2030 3004 2316 3072 intimavit,
2340 3005 2542 3072 dicens,
2567 3007 2710 3076 quod
2743 3019 3090 3078 posteaquam
3123 3025 3260 3078 eam,
3293 3015 3490 3069 marito

1909 3109 2010 3150 suo
2035 3092 2308 3158 defuncto,
2339 3097 2564 3166 contigit
2590 3098 2818 3165 viduari,
2846 3100 3126 3157 Celei-inus
3152 3103 3368 3172 quidam
3393 3119 3491 3158 una

1911 3188 2057 3242 mine
2079 3227 2095 3252 ,
2141 3203 2208 3241 ex
2247 3187 2439 3241 ancilla
2473 3189 2554 3258 (ut
2583 3190 2916 3259 perhibetur)
2954 3191 3207 3248 Ecclesiae
3237 3209 3462 3263 procrea

1913 3287 1998 3333 tus
2025 3277 2292 3345 ,diversis
2337 3278 2610 3335 blanditiis
2658 3289 2821 3350 atque
2871 3283 3210 3339 suasionibus
3258 3287 3496 3354 praefata.

1913 3370 2152 3426 mulieris
2199 3371 2409 3426 animos
2451 3371 2756 3426 inclinando
2786 3374 2838 3428 in
2863 3389 2963 3428 suo
3009 3386 3252 3431 curasset
3277 3375 3499 3433 allicere

1913 3462 2216 3527 consortio,
2244 3477 2313 3517 ex
2341 3477 2447 3531 qua
2464 3463 2624 3517 etiam
2654 3462 2818 3518 ﬁlium
2843 3475 3194 3534 procreasset.
3220 3467 3372 3524 Nunc
3398 3484 3488 3523 au-

1920 3563 2028 3610 tem
2068 3563 2190 3625 post
2231 3554 2627 3623 coniunctionis
2681 3571 2790 3610 suze
2834 3572 2941 3611 non
2981 3572 3204 3629 parvum
3257 3567 3496 3628 tempus,

1913 3648 2112 3718 quippe
2132 3646 2244 3716 jam
2291 3656 2419 3701 nato
2443 3656 2500 3702 et
2526 3648 2753 3703 educato
2775 3647 2883 3703 ﬁlio
2902 3689 2916 3712 ,
2941 3650 3100 3705 nullis
3130 3653 3211 3723 (ut
3239 3651 3493 3720 perbibe-r

1911 3740 2021 3809 tur)
2051 3739 2463 3794 rationabilibus
2489 3741 2666 3794 causis
2691 3741 3029 3796 exstantibus
3052 3783 3067 3807 ,
3099 3743 3341 3797 eamdem
3370 3759 3489 3797 mu-

1911 3831 2098 3887 lierem
2143 3831 2470 3898 deseruiSse,
2495 3839 2658 3901 atque
2703 3832 2758 3886 in
2799 3848 2919 3888 eam
2947 3834 3259 3903 prosiluisse
3296 3846 3488 3890 contu-

1911 3922 2162 3985 maciam,
2189 3929 2248 3975 ut
2269 3919 2338 3974 ad
2356 3919 2724 3976 declinandam
2759 3922 3072 3978 servitutem
3103 3922 3364 3992 debitam,
3393 3941 3497 3980 cu-r

1911 4014 2058 4067 rialis
2085 4012 2186 4068 sibi
2211 4027 2406 4068 nomen
2436 4013 2630 4067 audeat
2665 4030 2951 4084 usurpare;
2979 4017 3071 4086 qui
3096 4026 3153 4072 et
3181 4019 3406 4088 primam
3438 4020 3500 4073 in

1909 4104 2164 4161 Ecclesia:
2208 4107 2550 4176 possessione
2596 4107 2831 4175 genitam
2861 4121 2930 4162 ex
2983 4108 3191 4165 colonis
3239 4107 3499 4165 Ecclesiae

1910 4198 2157 4252 habuisse
2179 4206 2508 4252 memoretur
2533 4214 2779 4267 uxorem,
2809 4215 2879 4254 ex
2898 4201 3052 4269 cujus
3072 4203 3287 4272 peculio
3309 4219 3493 4271 quem-

1909 4285 2031 4341 dam
2063 4289 2293 4356 agellum
2325 4288 2524 4342 dicitur
2553 4290 2818 4344 hactenus
2845 4289 3124 4345 detinere:
3151 4293 3243 4347 sed
3288 4300 3345 4346 et
3384 4293 3496 4346 alia-

1909 4395 2018 4434 non
2047 4394 2215 4448 pauca
2247 4380 2300 4434 in
2321 4379 2608 4436 suot‘ert-ur
2632 4381 2882 4434 habuisse
2906 4383 3134 4449 peculio.
3151 4382 3501 4453 Quapmpter

1910 4471 2241 4542 experientia
2272 4480 2362 4525 tua
2379 4509 2402 4536 ,ι
2426 4472 2708 4542 prmsentis
2723 4472 2980 4541 jussionis
3005 4475 3186 4542 vigore
3215 4488 3497 4548 suscepto,

1908 4565 2098 4620 eodem
2113 4565 2334 4620 desento
2358 4563 2494 4635 (Sic)
2524 4563 2796 4620 Clarentio
2817 4581 2992 4620 causm
3019 4568 3183 4623 totius
3209 4571 3502 4624 veritatem

1910 4658 2165 4726 diligente
2211 4671 2509 4725 agnoscens
2533 4697 2548 4721 ,
2580 4671 2699 4725 quae
2726 4658 2793 4711 de
2832 4660 3112 4713 memorati
3145 4677 3374 4729 persona
3397 4677 3499 4717 seu

1908 4748 2069 4804 rebus
2095 4748 2461 4803 ecclesiastica
2503 4747 2731 4819 requirit
2758 4749 2960 4804 utilitas
2989 4792 3010 4817 ,.
3031 4761 3385 4820 exsequatur;
3435 4757 3498 4805 et

1907 4839 1955 4894 si
1984 4855 2108 4894 eum
2155 4839 2223 4896 de
2253 4840 2495 4896 ecclesiae
2521 4841 2715 4894 ancilla
2745 4841 3012 4908 genitum,
3049 4841 3134 4894 vel
3181 4843 3287 4895 alio
3327 4841 3498 4894 modov

1909 4927 2144 4997 legit-imo
2164 4927 2270 4996 juri
2293 4926 2545 4984 Ecclesia:
2571 4937 2784 4983 constat
2807 4927 3060 5000 Ecclesia:
3086 4930 3375 4984 obnoxium
3405 4945 3495 4982 rea

185 5017 401 5074 desim
427 5030 495 5069 ex
523 5019 868 5084 prmstatione
895 5034 1191 5075 massarum
1209 5060 1224 5086 ,
1255 5021 1370 5075 sive
1399 5019 1682 5076 fundorum
1708 5036 1806 5090 per
1835 4990 1884 5050 θ
1909 5021 2084 5091 perire
2130 5035 2252 5076 cum
2274 5021 2524 5076 omnibus
2552 5021 2711 5076 rebus
2739 5022 2860 5076 suis
2887 5012 2939 5075 in
2972 5037 3200 5076 massam
3228 5021 3487 5076 Ecclesiae

188 5115 480 5170 Picenum
508 5113 649 5168 ultra
670 5113 730 5167 ιι
786 5115 1102 5185 positorum,
1130 5113 1272 5184 quod
1301 5129 1442 5170 curm
1462 5116 1804 5172 commissum

182 5213 328 5270 est,
356 5202 427 5256 de
456 5203 745 5259 indictione
771 5203 996 5266 vn..tliio
1024 5214 1212 5261 nostro
1241 5203 1525 5261 Anastasio
1553 5214 1804 5274 argenta-

188 5308 326 5357 m,
353 5299 412 5347 et
438 5293 648 5348 arcario
670 5290 923 5348 Ecclesia:
951 5302 1150 5349 nostra:
1177 5293 1293 5348 auri
1317 5291 1520 5348 solidos
1542 5290 1664 5350 500.
1691 5294 1798 5352 No-

1906 5114 2124 5184 l'estinet
2148 5128 2439 5177 revocare;
2468 5123 2521 5168 et
2569 5113 2619 5169 ei
2669 5114 2943 5184 praefatam
2985 5113 3292 5177 mulierem,
3321 5129 3490 5183 quam

1905 5204 2006 5260 sibi
2024 5182 2148 5275 ipse
2177 5206 2394 5268 ascivit,
2429 5205 2483 5259 in
2524 5182 2856 5260 consortium
2895 5205 3141 5268 sociare,
3183 5182 3497 5262 nullatenus!

1903 5297 2154 5353 habituro
2175 5295 2248 5354 de
2275 5306 2472 5353 caetero
2499 5311 2618 5352 eam
2648 5295 2984 5365 relinquendi
3012 5296 3305 5350 licentiam.

279 5478 302 5509 ¹
344 5474 942 5534 AsseruntBalleriniin
977 5477 1190 5536 dissert.
1219 5493 1384 5550 ιιι-ων.
1415 5479 1484 5535 ad
1514 5487 1644 5536 tom.
1675 5479 1742 5534 ιιι
1774 5481 1822 5554 Ο)

1914 5503 1934 5538 η.
1959 5483 2017 5540 S.
2042 5481 2238 5568 Litonis
2266 5481 2464 5552 Magni,
2495 5497 2614 5553 pag.
2647 5495 2814 5538 cccvt.

1511 5789 2189 5816 .I————_—___‘
