3954 6178
391 377 492 435 423
1561 369 1631 426 Μ.
1671 359 1952 423 ΑυῐιΕιιε

2101 353 2525 416 \SSIODORUS.
3560 339 3662 393 ιὲι

392 489 671 570 pentinis
703 491 1106 554 successibus
1141 486 1424 552 evo.avit
1460 505 1477 547 :
1508 483 1618 547 sed
1655 526 1672 555 ,
1709 490 1779 544 ut
1806 495 2093 543 crescere
2119 476 2382 538 virtutes
2422 471 2659 544 solent,
2708 469 2786 531 ad
2819 465 3141 544 fastigium
3175 457 3477 540 praeconii
3513 473 3668 517 con-

391 559 635 658 scendit
669 599 972 677 gradibus
1033 595 1414 675 dignitatum
1455 591 1639 669 (Var.
1681 587 1789 650 lib.
1821 604 1871 658 ι,
1902 583 2080 662 epist.
2120 578 2206 660 Is).
2242 577 2324 639 In
2373 571 2757 637 Cassiodoro
2788 571 3173 677 incorrupta.
3213 561 3394 677 ﬁdes.
3425 559 3669 677 extumus

392 698 549 757 recti
579 698 1009 758 tenacissimas
1029 742 1046 772 ,
1080 694 1422 774 prudentia
1441 687 1787 768 singularis
1810 685 2060 762 viguere
2087 697 2108 736 :
2139 681 2206 742 in
2236 678 2508 740 Tellerio
2546 690 2782 734 summa
2832 670 2957 730 haec
3001 666 3234 730 omnia.
3270 665 3352 725 In
3379 658 3673 722 ambobus

394 798 601 859 virtus
633 803 698 860 in
729 801 858 862 dies
887 801 1299 872 honoratior,
1323 799 1491 876 fama
1516 811 1646 855 non
1675 800 1809 851 arte
1835 788 2100 867 quaesita
2121 829 2136 858 ,
2167 800 2298 844 non
2324 781 2504 842 varia
2535 821 2556 852 ,
2607 777 2719 855 sed.
2739 789 2975 852 δθηψεν
3006 779 3060 831 ει
3090 767 3314 845 υὺίςαε
3352 761 3676 876 “bi-“3"

397 906 590 957 stans.
630 899 718 960 Et
747 900 992 979 quidem
1029 919 1096 959 ea
1125 860 1414 976 aequitiae
1445 893 1769 956 commissa
1786 860 1910 949 sibi
1937 901 2195 946 munera
2229 881 2417 961 gessit
2448 876 2858 942 Cassiodorus
2887 919 2907 951 ,
2961 880 3028 932 ut
3065 871 3420 975 quisquam.
3457 861 3545 979 de‘
3568 860 3677 921 illo

400 1000 726 1059 contraria
754 962 1296 1059 subinurmurare
1326 993 1626 1055 nescierit
1654 1035 1669 1060 ,
1703 989 1811 1049 sed
1857 989 2174 1062 derogare
2203 982 2531 1060 cupientes
2561 975 2786 1039 vicerit
2819 968 3152 1048 integritas
3187 963 3458 1029 actionis
3487 962 3675 1038 (Var.

407 1098 518 1158 lib.
553 1118 646 1172 rx,
697 1101 879 1179 epist.
917 1100 1046 1177 2b).
1079 1099 1250 1160 Idem
1279 1113 1420 1158 vero
1449 1094 1521 1156 de
1555 1091 1822 1155 Tellerio
1851 1089 2091 1150 dictum
2113 1091 2316 1159 puta,
2353 1082 2456 1142 cui
2505 1095 2824 1158 nunquam
2857 1074 3105 1134 dentem
3127 1071 3382 1148 infigere
3410 1084 3563 1179 ausa
3591 1072 3680 1123 est

403 1169 644 1263 invidia
678 1169 862 1263 etiam
899 1169 1238 1263 morosior.
1273 1199 1455 1261 lllius
1489 1197 1708 1260 labore
1738 1196 1951 1254 actum
1973 1197 2068 1252 est
2093 1233 2108 1262 ,
2144 1191 2532 1250 contestante
2565 1178 2932 1244 Athalarico
2968 1219 2986 1247 ,
3017 1191 3098 1235 ne
3131 1173 3456 1233 laboraret
3481 1169 3684 1246 impe-

405 1303 570 1360 rium
598 1322 614 1374 ;
657 1310 716 1362 et
751 1319 898 1361 cum
929 1300 1177 1360 novitas
1207 1297 1389 1377 regni
1414 1296 1611 1356 multa
1636 1295 1928 1373 posceret
1954 1288 2279 1363 ordinari,
2311 1289 2482 1346 esset
2506 1281 2681 1342 solus
2710 1278 2788 1341 ad
2823 1277 3072 1338 diversa
3102 1271 3428 1334 sufﬁciens
3456 1313 3473 1343 ,
3509 1269 3685 1329 hunc

403 1371 665 1468 dictatio
698 1406 976 1485 publica,
1010 1405 1182 1465 hunc
1204 1371 1478 1464 consilia
1509 1371 1677 1477 regis
1704 1398 2042 1476 poscerent
2066 1388 2283 1472 (Ibid.,
2317 1388 2500 1467 epist.
2524 1384 2653 1461 25).
2679 1382 2818 1485 _Hie
2847 1387 3098 1458 apertus
3127 1381 3278 1438 esset
3308 1371 3686 1484 deoTellerio

404 1505 652 1568 dicendi
681 1471 879 1578 locus,
909 1471 973 1565 si
1001 1502 1425 1584 funestissima
1455 1499 1568 1561 illa
1584 1471 1817 1558 Callias
1854 1503 2158 1570 tempora,
2202 1486 2424 1568 quibus
2458 1479 2914 1584 incumbentem.
2938 1493 3132 1584 regnp
3157 1471 3495 1584 perniciem
3520 1487 3687 1549 pru-

407 1607 616 1669 dentia
645 1614 702 1667 et
747 1606 1032 1668 consiliis
1061 1605 1194 1664 suis
1247 1611 1498 1662 strenue
1549 1596 1843 1657 amolitus
1878 1600 1990 1663 est,
2028 1593 2096 1654 in
2143 1587 2499 1650 memoriam
2549 1595 2838 1642 revocare
2878 1577 3014 1657 jam
3058 1575 3293 1636 liceret.
3325 1571 3601 1648 Denique
3632 1585 3688 1628 sz

406 1706 820 1768 Cassiodorus
847 1703 1216 1766 Theoderici
1247 1719 1355 1763 ore
1401 1697 1698 1762 laudatus
1725 1700 1837 1764 est,
1871 1693 1970 1753 uti
2002 1705 2255 1752 summa
2290 1693 2652 1762 temporum
2687 1681 2831 1743 laus
2870 1675 3061 1757 (Ibid.
3098 1675 3281 1754 epist.
3316 1673 3446 1753 2b);
3481 1672 3685 1734 Telle-

413 1808 553 1866 rius
589 1826 627 1865 a
652 1822 792 1884 rege
825 1803 1377 1867 Christianis-sima
1405 1805 1585 1859 tanto
1597 1792 1913 1856 nobiliora
1929 1786 2284 1868 reportavit
2309 1783 2536 1862 elogia,
2564 1787 2798 1860 quanto
2818 1774 3173 1840 Ludovicus
3189 1771 3465 1850 Magnus
3493 1769 3688 1831 Theo-

411 1906 698 1968 dericum
733 1905 1074 1967 antecellit.

495 2005 666 2066 Imus
691 2006 754 2064 in
794 2001 1155 2082 compendia
1183 1999 1442 2062 laudum
1464 2004 1748 2064 tuarum,
1776 1991 1879 2051 vir
1895 1984 2407 2068 prestantissims
2431 2025 2446 2053 ,
2477 1997 2606 2040 non
2629 1986 2704 2039 ut
2730 1983 2808 2038 ex
2837 1973 3198 2038 Cassiodori
3226 1977 3688 2050 comparatione

413 2102 733 2164 illustrior
770 2074 986 2162 evadas
1024 2143 1041 2167 .
1072 2098 1179 2160 sed
1206 2105 1276 2157 ut
1329 2096 1437 2157 ille
1467 2113 1544 2155 ea:
1581 2103 1636 2154 te
1663 2095 1774 2172 fiat
1817 2089 2131 2151 ornatior.
2188 2085 2436 2144 Diceret
2463 2081 2628 2143 alius
2660 2087 2715 2139 te
2745 2076 3119 2140 Cassiodoro
3155 2074 3509 2155 justiorem,
3533 2088 3691 2150 pru-

414 2203 756 2263 dentiorem
781 2248 798 2277 ,
835 2199 1273 2280 sapientiorem
1303 2235 1322 2268 ,
1352 2213 1425 2256 ac
1443 2191 1950 2272 praestantiorem
1979 2204 2102 2247 esse
2133 2203 2152 2242 :
2181 2183 2336 2244 mihi
2371 2181 2526 2241 satis
2572 2179 2767 2256 fuerit
2799 2187 2856 2238 te
2889 2176 3089 2238 dicere
3115 2173 3324 2264 nostri
3371 2171 3688 2250 temporis,

415 2303 482 2364 id
513 2312 600 2364 est
637 2273 947 2365 Ludovici
977 2301 1206 2379 Magni
1239 2296 1710 2359 Cassiodorum.
1751 2291 1938 2352 Hunc
1971 2287 2220 2349 modum
2255 2284 2455 2362 exigit
2499 2279 2801 2342 modestia
2852 2286 2992 2350 tua,
3027 2278 3084 2339 si
3133 2285 3334 2337 tamen
3368 2276 3422 2337 is
3473 2273 3693 2335 modus

405 2412 504 2464 est
529 2407 664 2483 regi
695 2406 967 2465 maximo
999 2373 1189 2480 usque
1217 2399 1366 2460 adeo
1410 2396 1743 2477 placuisse.
1785 2393 1875 2452 De
1907 2407 2032 2450 una
2060 2387 2174 2448 hac
2203 2387 2441 2447 virtute
2500 2399 2639 2444 cum
2686 2376 3099 2450 Cassiodoro,
3149 2393 3226 2436 ne
3256 2374 3375 2435 tibi
3425 2373 3696 2452 inferior

417 2477 846 2578 existimetur,
880 2513 948 2564 tu
979 2477 1110 2582 ipse
1136 2503 1308 2563 ultro
1339 2498 1760 2560 contenderes.
1801 2495 1890 2554 Et
1922 2507 2066 2552 vero
2095 2489 2209 2550 hoc
2237 2477 2626 2567 priecipuum
2651 2492 2737 2544 est
2764 2490 3193 2544 ornamentum
3216 2481 3525 2543 virtutum
3553 2487 3697 2538 tua-

421 2621 556 2664 rum
579 2648 594 2675 ,
617 2603 718 2664 vir
751 2577 1169 2682 integerrime,
1197 2617 1330 2678 qua:
1357 2598 1428 2658 in
1454 2595 1602 2656 aliis
1633 2593 1873 2673 fuerint
1924 2591 2238 2662 humanm,
2285 2584 2547 2648 morales
2570 2628 2587 2658 ,
2617 2582 2898 2662 politicw
2931 2601 2954 2644 :
2997 2582 3064 2643 in
3091 2589 3152 2642 te
3194 2587 3345 2640 sunt
3387 2578 3480 2660 (ut
3507 2577 3697 2638 verba

422 2702 650 2779 dicam)
681 2679 934 2780 penitus
988 2699 1386 2761 Christiane.
1441 2695 1667 2757 Patere
1695 2699 1767 2751 ut
1811 2691 1904 2751 ita
1943 2687 2016 2749 de
2047 2697 2104 2749 te
2130 2687 2357 2748 sentiat
2411 2704 2482 2746 ac
2515 2682 2811 2762 praedicet
2840 2681 3022 2759 aula,
3072 2681 3348 2760 populus
3379 2723 3395 2754 ,
3428 2679 3700 2759 propria

429 2804 686 2885 familia.
724 2804 912 2864 Hanc
938 2804 1213 2882 primum
1242 2817 1570 2881 aggressus
1606 2817 1663 2858 es
1692 2811 1966 2858 coercere
1992 2794 2163 2855 intra
2206 2789 2519 2851 modestia:
2547 2789 2706 2867 leges
2735 2809 2756 2849 :
2778 2786 2946 2867 quod
2969 2786 3280 2866 plerisque
3301 2784 3467 2846 haud
3493 2785 3700 2846 minus

427 2908 694 2971 arduum
721 2911 811 2970 ait
843 2909 1104 2970 Tacitus
1131 2954 1147 2984 ,
1180 2925 1361 2988 quam
1385 2902 1783 2985 provinciam
1821 2915 2052 2977 regere.
2085 2894 2321 2959 Deinde
2343 2903 2412 2953 tu
2445 2892 2571 2970 ipse
2609 2891 2676 2951 in
2713 2888 2971 2969 publico
3000 2905 3286 2967 pompam
3319 2888 3564 2966 fugere,
3595 2905 3702 2946 os-

430 3010 869 3084 tentationem,
903 2986 1245 3088 plausum}
1277 3024 1396 3087 quo
1428 3004 1588 3067 nihil
1612 3001 1924 3082 efﬁcacius
1961 2998 2043 3058 ad
2062 2993 2534 3076 promerendam
2564 2988 3027 3069 augendamque
3053 2989 3300 3066 famam.
3333 2987 3594 3066 Insuper
3621 2986 3705 3045 ad

429 3121 747 3174 auctorem
778 3121 831 3171 et
865 3087 1079 3173 ducem
1108 3117 1177 3170 ut
1199 3110 1482 3171 minister
1502 3151 1520 3180 ,
1547 3104 1831 3166 illustria
1849 3103 2021 3180 facta
2054 3107 2164 3159 tua
2195 3099 2426 3176 refer-re
2455 3091 2740 3154 didicisti
2770 3112 2792 3161 ;
2816 3089 3038 3170 procul
3065 3088 3141 3150 ab
3174 3089 3563 3151 aemulatione
3596 3087 3708 3148 ad-

431 3231 648 3275 versus
671 3212 964 3291 collegas,
995 3211 1224 3290 procul
1253 3229 1290 3268 a
1315 3205 1718 3272 contentione
1745 3203 2044 3264 adversus
2073 3203 2255 3264 alios.
2293 3199 2448 3262 Inde
2473 3197 2770 3274 procedit
2797 3193 2910 3256 illa
2935 3194 3002 3254 in
3029 3210 3235 3253 omnes
3257 3192 3510 3253 comitas
3534 3237 3550 3265 ,
3586 3191 3711 3252 hu~

435 3316 705 3377 manitas
728 3319 856 3374 sine
885 3312 1222 3392 supercilio
1261 3311 1474 3388 gravis
1493 3351 1511 3382 ,
1542 3307 1673 3368 sine
1692 3307 1866 3385 fastu
1893 3304 2265 3365 venerabilis
2293 3322 2314 3362 :
2337 3311 2408 3364 ut
2432 3301 2688 3363 Tellerii
2712 3298 2955 3359 animus
2974 3342 2992 3373 ,
3014 3313 3144 3355 non
3175 3313 3348 3354 secus
3371 3302 3554 3374 atque
3590 3293 3713 3355 do-

436 3439 572 3480 mus
595 3463 614 3496 ,
641 3417 949 3480 universis
989 3423 1212 3495 patere
1253 3410 1562 3474 videatur.
1601 3408 1767 3470 Hinc
1810 3407 2047 3488 factum
2076 3413 2167 3466 est
2193 3450 2212 3479 ,
2260 3412 2331 3466 ut
2383 3422 2517 3484 qua:
2543 3401 2690 3464 aliis
2715 3401 2850 3479 fere
2869 3397 3120 3459 aemulos
3164 3397 3401 3459 excitat
3434 3396 3716 3475 dignitas

435 3537 672 3579 summa
697 3561 713 3588 ,
748 3516 1020 3577 omnium
1065 3513 1346 3580 animos,
1385 3508 1600 3569 studia
1638 3517 1692 3568 et
1720 3505 1984 3585 plausus
2027 3504 2295 3583 amplius
2322 3502 2403 3564 ad
2429 3511 2486 3562 te
2523 3499 2929 3563 converterit.
2961 3498 3052 3559 Et
3100 3507 3263 3561 certe
3289 3499 3429 3577 quis
3463 3497 3718 3560 invidiae

437 3620 614 3681 locus
639 3617 750 3679 ubi
775 3615 1089 3682 modestiae
1139 3632 1216 3675 ac
1257 3611 1663 3694 beneﬁcentia:
1695 3617 1898 3670 totum
1942 3606 2373 3686 impenditur?
2432 3605 2568 3678 [mo
2617 3606 2867 3683 majora
2896 3604 3017 3664 sibi
3071 3601 3147 3663 de
3175 3619 3245 3663 sc
3283 3603 3426 3664 fecit
3453 3603 3666 3680 aptari
3699 3646 3719 3680 ,

435 3721 548 3798 qui
573 3721 739 3781 intra
779 3717 1105 3779 modestiae
1129 3717 1436 3776 terminos
1475 3725 1710 3788 magna
1741 3708 2030 3770 cohibuit
2077 3707 2266 3786 (Var.
2307 3704 2418 3768 lib.
2460 3724 2506 3778 ι,
2544 3704 2723 3784 epist.
2752 3703 2837 3782 lt).
2869 3701 3261 3764 Electionem
3307 3711 3478 3762 tuam
3505 3721 3544 3760 a
3575 3717 3722 3779 rege

442 3835 565 3883 tam
587 3823 902 3900 sapienter
935 3820 1164 3897 factam
1194 3833 1342 3876 mox
1360 3819 1697 3893 prosecuta
1725 3821 1810 3872 est
1841 3812 2118 3872 omnium
2140 3808 2435 3871 ordinum
2462 3807 2856 3869 acclamatio.
2887 3807 2986 3866 Tu
3013 3803 3186 3866 solus
3220 3803 3336 3867 tibi
3375 3803 3500 3883 ipsi
3537 3808 3724 3882 quasi

441 3925 564 3982 vim
591 3920 898 4000 inferebas
934 3930 1018 3979 aa
1040 3917 1395 3996 obsequium
1415 3914 1762 3994 principis,
1786 3930 1924 3973 cum
1949 3910 2065 3971 tibi
2091 3918 2338 3972 tantum
2363 3926 2492 3970 non
2520 3909 2884 3987 deprecanti
2921 3925 3193 3967 summus
3224 3905 3588 3967 cancellarii
3610 3905 3725 3967 ho-

439 4041 555 4081 nos
596 4022 836 4083 delatus
866 4028 979 4078 est.
1018 4017 1140 4076 Hic
1187 4015 1306 4075 erit
1335 4057 1362 4087 ,
1399 4011 1718 4092 inquiebas
1751 4058 1768 4087 ,
1818 4028 2142 4089 supremus
2197 4009 2425 4071 titulus
2473 4007 2734 4069 honoris
2791 4007 2958 4068 brevi
3007 4009 3320 4068 morituro
3375 4004 3449 4066 ab
3481 4006 3724 4084 optimo

437 4122 729 4204 principe
755 4120 1104 4200 appositus.
1135 4117 1262 4182 Imo
1296 4098 1438 4178 vero
1466 4115 1590 4177 hinc
1633 4115 1754 4176 erit
1791 4111 2162 4175 meritorum
2189 4111 2572 4188 amplissima
2598 4127 2764 4188 seges
2791 4151 2810 4184 ,
2833 4125 2968 4188 qua:
2997 4107 3297 4169 virentem
3330 4114 3634 4167 senectam
3657 4106 3724 4167 in

440 4223 605 4304 furis
646 4221 887 4301 publici
913 4217 1253 4284 utilitatem
1279 4223 1559 4276 exerceat
1587 4258 1603 4286 ,
1637 4231 1771 4292 qua:
1816 4229 1945 4271 non
1973 4218 2142 4270 tuam
2167 4257 2184 4287 ,
2216 4209 2320 4271 sed
2345 4210 2570 4271 summi
2592 4226 2708 4288 per
2749 4219 2808 4270 te
2851 4208 3048 4288 ofﬁcii
3075 4218 3298 4287 augeat
3328 4207 3726 4287 dignitatem.

441 4325 617 4388 Nihil
660 4328 817 4386 enim
887 4323 1156 4387 Tellerio
1211 4319 1291 4401 (si
1320 4318 1414 4383 ita
1457 4316 1631 4396 loqui
1675 4319 1769 4394 fas
1801 4323 1886 4375 est
1913 4315 1931 4392 )
1978 4313 2154 4376 addit
2214 4312 2418 4374 honor
2479 4313 2640 4389 iste,
2686 4313 2814 4373 nisi
2864 4330 3096 4372 novum
3124 4311 3429 4374 Ludovici
3500 4313 3734 4392 Magni

441 4423 848 4502 suffragium,
896 4422 1024 4483 nisi
1055 4437 1401 4499 supremam
1448 4413 1760 4480 modestiae
1791 4429 2107 4473 coronam.
2142 4411 2482 4487 Nimirum,
2514 4418 2589 4471 ut
2631 4411 3046 4474 Cassiodorus
3074 4452 3094 4484 ,
3136 4411 3232 4472 ita
3261 4429 3514 4492 semper
3545 4414 3727 4474 luisti

445 4524 807 4582 moderatus
838 4521 902 4580 in
942 4521 1265 4598 prosperis
1302 4517 1468 4598 (Lib.
1499 4535 1594 4590 ις,
1627 4516 1810 4595 epist.
1833 4509 1967 4594 ‘25),
1991 4518 2062 4573 ut
2086 4509 2262 4572 nullo
2275 4527 2552 4590 unquam
2579 4525 2792 4570 rerum
2813 4510 3083 4591 feliciter
3106 4512 3480 4594 procedente
3505 4529 3725 4589 cursu,

444 4625 618 4683 nullo
647 4623 978 4702 popularis
1005 4639 1177 4682 aurw
1206 4620 1435 4699 afflatu
1465 4621 1628 4680 elata
1655 4618 1740 4679 sit
1771 4616 2034 4696 grandis
2070 4615 2290 4676 anima:
2321 4623 2442 4675 ture
2475 4611 2804 4694 inqualitas
2831 4621 2885 4675 et
2923 4615 3306 4676 constantia.

523 4726 848 4803 Agnoscis,
890 4726 1149 4800 opinor,
1181 4723 1283 4782 vir
1303 4720 1751 4791 illustrissime,
1783 4719 1851 4779 in
1883 4715 2256 4778 Cassiodoro
2293 4715 2622 4794 imaginem
2655 4715 2749 4774 tui
2776 4737 2795 4784 ;
2823 4716 3165 4794 quinetiam
3208 4725 3264 4775 te
3289 4716 3729 4780 dissimulante

441 4837 789 4910 agnoscunt
825 4846 1047 4887 omnes.
1077 4824 1280 4888 Unum
1317 4835 1405 4885 est
1438 4832 1636 4885 tamen
1657 4868 1672 4898 ,
1703 4831 1773 4884 ut
1805 4823 1931 4884 alia
1956 4831 2315 4901 praeteream
2343 4869 2361 4898 ,
2391 4825 2459 4884 in
2490 4842 2614 4903 quo
2651 4824 3094 4887 Cassiodorum
3117 4825 3348 4886 vicisti.
3388 4821 3556 4901 Ejus
3583 4823 3718 4901 qui-

445 4932 580 4990 dem
615 4945 819 5007 genus
855 4972 872 4999 ,
910 4926 1301 4986 Theodorico
1334 4932 1507 4998 teste,
1542 4924 1611 4983 in
1644 4933 1924 5002 utroque
1962 4925 2116 4984 orbe
2150 4924 2532 5002 praeclarum
2565 4923 2678 4984 iuit
2707 4947 2724 4997 ;
2768 4935 2831 4987 et
2861 4926 3119 5002 gemino
3139 4924 3391 4985 senatui
3423 4923 3728 4984 decenter

444 5039 757 5111 aptatum,
794 5035 1100 5104 tanquam
1153 5025 1402 5114 duobus
1432 5022 1786 5084 luminibus
1824 5024 2151 5084 oculatum
2187 5065 2204 5096 ,
2258 5024 2603 5100 purissima
2657 5024 2949 5086 claritate
2985 5025 3261 5085 radiavit
3295 5019 3482 5103 (Var.
3519 5020 3636 5082 lib.
3679 5041 3729 5095 ι,

445 5132 627 5211 epist.
659 5129 749 5209 li).
780 5131 862 5189 At
895 5126 1276 5190 Cassiodoro
1311 5129 1434 5206 ipsi
1468 5126 1665 5206 defuit
1694 5127 1898 5206 prolis
1928 5125 2167 5204 gloria,
2201 5146 2335 5208 qua:
2365 5126 2676 5187 traducem
2707 5131 2984 5207 parentis
3010 5127 3410 5202 prudentiam
3438 5137 3728 5187 eceterae-

443 5249 559 5309 que
585 5231 854 5291 virtutes
882 5247 1021 5288 cum
1058 5229 1367 5307 sanguine
1397 5227 1852 5288 transmitteret
1881 5227 1962 5288 ad
1989 5236 2295 5306 posteros.
2336 5228 2430 5286 Tu
2455 5244 2622 5298 vero,
2659 5229 2760 5288 vir
2797 5226 3144 5288 clarissime
3176 5270 3192 5299 ,
3229 5228 3485 5305 gemino
3520 5244 3730 5291 sena~

446 5328 540 5388 tui
572 5343 642 5404 ge
667 5327 877 5385 ninam
899 5325 1142 5404 prolem
1165 5327 1228 5387 in
1261 5333 1538 5403 utroque
1575 5330 1730 5387 orhe
1757 5327 2150 5404 suppeditas,
2180 5330 2438 5390 alteram
2469 5345 2649 5388 sacro
2685 5371 2698 5398 ,
2750 5328 3016 5406 politico
3050 5327 3335 5390 alteram.
3371 5327 3462 5388 Hi
3496 5326 3731 5406 gemini

441 5435 590 5489 sunt
623 5426 791 5486 oculi
820 5471 839 5501 ,
876 5443 1140 5504 quo-rum
1165 5424 1322 5486 alter
1347 5425 1565 5485 divina
1593 5429 1959 5502 speculatur
1985 5435 2041 5486 et
2069 5445 2251 5486 sacra
2283 5428 2487 5505 regit;
2516 5427 2676 5488 alter
2704 5427 2971 5488 humana
2998 5428 3431 5508 circumspicit
3451 5446 3524 5487 ac
3553 5426 3712 5488 diri-

445 5525 566 5605 git.
605 5525 695 5586 Hi
727 5534 872 5584 sunt
897 5541 1050 5604 quos
1079 5541 1207 5584 non
1230 5540 1366 5582 sera
1384 5568 1398 5594 ,
1428 5523 1533 5584 sed
1565 5533 2004 5603 prwoccupata
2031 5533 2236 5585 manet
2262 5526 2919 5607 gloriwvirtutuntque
2946 5535 3198 5590 tuarum
3217 5527 3570 5602 htzreditas,
3595 5544 3730 5587 non

441 5636 752 5708 prterepta
786 5626 1036 5704 parenti
1067 5669 1082 5696 ,
1117 5647 1130 5680 .·
1146 5623 1218 5684 ed
1252 5616 1632 5700 amplificata
1655 5633 1707 5684 .’

528 5728 652 5789 Sed
679 5726 952 5786 vicissim
981 5741 1174 5783 unum
1201 5729 1284 5781 est
1313 5721 1380 5781 in
1426 5739 1544 5800 quo
1577 5719 2020 5784 Cassiodorum
2051 5729 2108 5782 te
2134 5722 2474 5800 feliciorem
2528 5725 2687 5803 (quae
2720 5698 2830 5785 luo
2860 5729 3060 5804 pietas
3087 5727 3200 5805 est)
3238 5744 3310 5788 ac
3338 5721 3733 5801 superiorem

443 5827 766 5889 existimas
789 5867 809 5899 ,
846 5827 943 5886 vir
965 5821 1477 5902 praestantissime
1501 5866 1518 5898 ,
1547 5819 1718 5897 quod
1763 5820 1872 5885 ille
1900 5824 1967 5886 in
2017 5823 2262 5886 vivario
2310 5843 2420 5888 suo
2459 5825 2704 5889 tandem
2731 5828 3160 5903 impetraverit
3193 5843 3490 5890 secessum
3516 5841 3556 5884 α
3583 5841 3716 5904 pu-
