3954 6178
274 312 380 369 ιὸδ

1639 305 2175 367 PROLEGOMENA.

3449 303 3558 363 ιω

272 424 417 482 Nihil
448 430 632 477 tamen
648 421 916 478 lectorum
942 421 1144 492 judicio
1165 423 1255 480 hic
1276 422 1579 480 detractum
1597 420 1868 489 volumus,
1900 430 1947 489 Α
1974 420 2045 476 lis
2073 420 2509 492 congregationis
2537 426 2731 492 nostrae
2755 400 3110 492 secretarius,
3141 421 3233 490 qui
3259 418 3406 477 edita
3435 436 3558 479 cum

272 506 333 552 ut
359 511 458 550 sua
485 494 686 564 cuique
711 495 981 548 sententia
1011 502 1249 564 maneat.

344 565 485 621 Huic
509 561 917 634 Commentario
946 564 1002 619 in
1030 563 1305 629 Psalmos,
1348 562 1442 634 qui
1476 561 1747 634 genuinus
1756 631 1767 634 _
1788 568 1871 618 est

270 636 583 692 Cassiodori
614 633 775 702 fetus,
802 635 1052 705 proxime
1076 631 1404 705 subjecimus
1440 632 1604 687 alium
1632 633 1698 705 _in
1726 631 1868 687 Can-

271 709 380 761 tica
424 703 819 772 canticorum,'
843 719 1006 774 quem
1055 703 1184 775 ejus
1223 704 1445 775 nomine
1493 703 1868 775 consignatum

271 778 502 845 legimus
528 775 583 829 in
612 771 894 831 codicibus
921 771 1121 830 nostris
1142 771 1869 845 msstetjnieditioneGer-

270 842 502 923 nianica,
545 859 731 923 quam,
762 860 875 900 uno
901 854 1132 923 excepto
1172 844 1333 923 B.__I_’.
1366 842 1613 923 Philippo
1638 842 1869 923 Labbaeo

269 916 330 971 S.
374 915 450 981 J.,
491 911 674 970 'secuti
722 924 849 969 sunt
893 911 1200 985 quicunque
1250 915 1507 970 librorum
1546 911 1869 985 Cassiodori

270 987 565 1041 elenchum
594 985 885 1040 tradidere.
911 981 1126 1052 Quibus
1148 986 1373 1040 forsitan
1407 984 1584 1038 fucum
1624 981 1869 1052 fecerunt

271 1058 391 1111 lure
419 1055 613 1109 ultima
641 1050 1031 1110 Commentarii
1075 1056 1130 1111 in
1174 1055 1418 1110 Psalmos
1457 1053 1620 1107 verba
1654 1070 1669 1106 :
1710 1050 1868 1107 Nunc

274 1126 588 1198 Salomonis
634 1127 777 1179 dicta
821 1124 1113 1198 videamus,
1142 1142 1256 1198 qua:
1283 1125 1522 1198 proprios
1549 1124 1868 1198 expositores

270 1195 467 1249 habere
510 1205 815 1249 noscuntur.
863 1194 958 1250 His
1007 1192 1186 1252 tamen
1224 1192 1403 1250 verbis
1441 1194 1599 1248 aliter
1634 1192 1869 1248 imbutus

270 1265 571 1320 cardinalis
618 1265 913 1332 Baronius,
958 1266 1118 1320 aliter
1164 1266 1326 1321 etiam
1373 1264 1568 1327 sensit,
1613 1261 1870 1317 videlicet

270 1336 531 1390 abbatem
560 1344 804 1390 nostrum
830 1335 1198 1391 Vivariensem
1230 1338 1282 1389 in
1313 1332 1600 1388 Parabolas
1626 1332 1870 1387 Salomo-

269 1407 360 1459 nis
397 1405 719 1474 scripsisse,
763 1404 858 1461 sed
902 1406 1065 1462 elfato
1107 1415 1215 1460 tam
1257 1404 1542 1473 singulari,
1588 1410 1647 1457 ut
1690 1403 1868 1458 nullus

270 1484 475 1545 praeter
502 1477 676 1545 ipsum
701 1476 781 1531 sic
809 1476 1080 1531 divinasse
1105 1476 1370 1530 videatur.

348 1546 416 1598 At
439 1543 540 1602 hos
563 1543 995 1601 Commentarios
1012 1545 1322 1615 Cassiodori
1342 1553 1557 1615 partum
1578 1543 1870 1615 suppositi-

274 1615 412 1668 tium
444 1630 567 1668 esse
595 1616 749 1684 plura
773 1616 1164 1671 demonstrant.
1200 1617 1251 1669 l'
1282 1614 1339 1668 ln
1370 1615 1476 1684 hoc
1520 1614 1665 1668 enim
1705 1628 1871 1683 super

271 1684 504 1751 Cantica
536 1686 797 1752 Opusculo
826 1686 1027 1741 citatur
1052 1686 1345 1754 Gregorius
1368 1683 1615 1752 Magnus,
1643 1691 1696 1738 ct
1734 1698 1871 1752 pra:-

273 1755 465 1807 sertim
486 1770 654 1824 super
672 1754 981 1824 Evangelia,
1014 1757 1099 1811 cui
1127 1755 1279 1824 Operi
1308 1769 1525 1807 manum
1554 1770 1663 1807 non
1686 1757 1870 1824 adma:

1974 490 2339 546 vetustissimo
2388 507 2492 546 ms.
2539 491 2877 547 bibliotheca
2927 490 3163 547 Thuana:
3207 492 3456 557 contulit,
3502 501 3562 549 et

1970 560 2150 617 varias
2176 560 2538 632 lectionesad
2576 576 2677 617 nos
2705 561 3023 632 transmisit.
3056 561 3210 632 Alios
3247 562 3560 632 discrepan-

1969 638 2055 685 tes
2084 639 2263 685 textus
2293 631 2373 685 vir
2391 630 2815 687 oﬂiciosissimus
2842 631 3029 687 Petrus
3053 631 3331 688 Pelhester
3346 630 3559 689 Rotho-

1970 701 2240 771 magensis
2259 702 2599 771 metropolis
2623 699 3063 758 bibliothecarius
3106 701 3263 757 nobis
3294 704 3563 758 concessit

1968 786 2037 841 ex
2066 785 2168 825 ms.
2200 770 2543 826 bibliotheca:
2585 770 2791 841 Regize,
2816 786 2979 840 quem
3015 772 3444 840 octingentorum
3486 772 3561 828 ad

1970 840 2149 911 minus
2176 856 2440 911 annorum
2469 856 2589 897 esse
2631 842 2916 898 character
2961 841 3187 905 indicat,
3235 843 3329 911 qui
3377 852 3559 897 tamen

1968 909 2169 966 desinit
2190 911 2243 965 in
2273 910 2378 967 fine
2400 911 2522 967 libri
2550 911 2620 970 de
2646 911 3032 978 Arithmetica,
3080 920 3137 968 et
3162 909 3392 968 numero
3418 912 3557 967 M67

1970 982 2339 1048 consignatur.

2041 1049 2419 1107 Pnefationem
2459 1052 2653 1109 huicce
2691 1052 2830 1109 libro
2862 1052 3228 1120 restituimus,
3258 1067 3379 1121 qua:
3418 1053 3561 1107 inter

1969 1135 2135 1190 opera
2164 1121 2376 1176 Alcuini
2419 1130 2542 1192 post
2572 1130 2858 1181 tractatum
2887 1122 2957 1179 de
2993 1123 3293 1177 Virtutibus
3321 1132 3379 1178 et
3404 1122 3564 1179 Vitiis

1969 1192 2263 1263 reperitur,
2290 1191 2559 1263 quamque
2585 1206 2899 1260 germanum
2926 1208 3047 1248 esse
3074 1191 3384 1248 Cassiodori
3420 1207 3559 1263 pra:-

1968 1260 2177 1333 ludium
2223 1260 2323 1333 sic
2349 1260 2665 1333 evincimus.
2705 1263 2758 1316 Γ
2787 1263 2865 1317 lta
2908 1263 3095 1333 incipit
3122 1263 3237 1319 haec
3263 1260 3508 1333 praefatio
3539 1281 3557 1319 :

1971 1331 2229 1404 Superior
2249 1332 2398 1404 liber,
2427 1331 2649 1389 Domino
2679 1342 2981 1404 prwstante,
3004 1331 3305 1404 completus,
3339 1333 3561 1404 Iustitia:

1974 1401 2165 1457 tionem
2197 1401 2501 1457 Divinarum
2529 1401 2757 1459 continet
2784 1401 3129 1458 Lectionum.'
3151 1402 3255 1457 Hic
3295 1404 3457 1458 titulis
3485 1403 3559 1458 55

1971 1472 2205 1543 noscitur
2246 1475 2662 1543 comprehensus.
2712 1474 2782 1528 At
2827 1489 3101 1543 nunquam
3147 1473 3422 1543 Alcuinus,
3462 1473 3563 1528 sed

1970 1542 2119 1595 solus
2166 1541 2522 1599 Cassiodorus
2570 1545 2763 1600 librum
2815 1543 2883 1598 de
2931 1541 3135 1598 Divinis
3186 1542 3404 1599 Litteris
3444 1544 3563 1599 sive

1970 1609 2318 1684 Lectionibus
2340 1611 2417 1684 755
2448 1613 2615 1669 titulis
2642 1614 3095 1684 comprehensum
3126 1613 3321 1680 edidit;
3352 1622 3408 1669 et
3439 1613 3563 1669 ideo

1972 1681 2043 1735 ab
2071 1696 2140 1737 eo
2168 1683 2418 1753 superior
2445 1683 2580 1739 liber
2619 1681 2835 1748 dicitur,
2884 1683 3028 1753 quod
3068 1684 3137 1739 ad
3175 1685 3555 1753 posteriorem,

1973 1764 2133 1823 quem
2150 1751 2229 1823 _de
2257 1751 2504 1823 humanis
2531 1755 2727 1809 litteris
2769 1751 3093 1823 composuit,
3121 1751 3311 1809 referri
3340 1754 3557 1808 debeat.

275 1825 373 1887 vit,
406 1824 516 1879 nisi
544 1816 657 1893 jam
697 1816 1033 1895 pontificales
1046 1826 1128 1895 ad
1168 1816 1369 1879 infulas
1407 1831 1694 1895 evocatus,
1724 1822 1869 1892 quod
1900 1816 1943 1874 Β
1974 1816 2228 1895 Hujus
2248 1820 2578 1891 prmfationis
2606 1816 3126 1895 auctorde'septcin
3155 1825 3379 1895 artibus,
3425 1839 3565 1894 quas

269 1894 506 1971 contigit
550 1892 715 1949 anno'
741 1894 949 1971 _Christi
996 1894 1126 1971 59},
1172 1911 1282 1971 quo
1316 1895 1427 1971 jam
1469 1893 1535 1947 l7
1575 1892 1644 1948 ad
1690 1895 1868 1971 minus

274 1961 605 2018 efﬂuxerant
629 1966 757 2020 anui
781 1981 813 2020 a
837 1973 1014 2022 morte
1041 1961 1374 2032 Cassiodori,
1400 1978 1562 2033 quem
1592 1978 1735 2018 anno
1765 1961 1870 2018 575

271 2034 629 2102 superstitem
679 2050 790 2090 non
842 2036 1007 2091 fuisse
1053 2035 1395 2091 communior
1446 2040 1532 2088 est
1583 2040 1867 2102 auctorum

271 2101 571 2159 sententia.
599 2104 655 2157 2°
684 2103 785 2160 llic
803 2105 1237 2161 Commentarius
1263 2106 1318 2159 in
1348 2118 1563 2158 sacrum
1590 2101 1867 2172 Epithala-

271 2174 443 2247 mium
488 2190 522 2228 a
563 2173 878 2247 Cassiodori
916 2177 1070 2247 stylo
1116 2184 1173 2230 et
1225 2174 1495 2247 scribendi
1550 2173 1870 2247 charactere

271 2244 505 2298 multum
527 2245 802 2300 abhorret.
829 2247 884 2299 ’o"
908 2243 1218 2302 Tractatum
1239 2246 1383 2300 hunc
1403 2259 1463 2300 se
1486 2243 1869 2312 conscripsisse

274 2329 547 2383 nusquam
576 2315 820 2370 meminit
848 2315 1081 2371 Senator
1123 2325 1328 2380 noster,
1372 2321 1427 2368 et
1469 2312 1637 2368 altum
1666 2313 1735 2367 de
1756 2313 1868 2383 _illo

270 2381 558 2461 silentium
596 2386 650 2439 in
693 2385 1008 2454 praefatione
1035 2387 1092 2441 in
1121 2387 1316 2441 librum
1354 2385 1422 2439 de
1448 2381 1866 2461 orthographia,

274 2453 364 2525 t_t_bi
395 2454 570 2525 libros
608 2453 800 2510 omnes
837 2465 1085 2512 recenset
1120 2472 1259 2525 quos
1285 2453 1865 2525 monachus_edi_derat.

274 2521 523 2578 Tandem
546 2525 809 2580 familiare
828 2535 911 2582 est
929 2521 1253 2583 Cassiodoro
1282 2530 1470 2580 nostro
1492 2523 1549 2577 S.
1577 2523 1869 2591 Scriptum

274 2602 463 2715 halat}
513 2594 757 2665 proferre
799 2596 953 2666 juxta
1001 2597 1304 2653 versionem
1343 2592 1507 2662 LXX,
1545 2607 1703 2647 secus
1743 2592 1869 2648 huic

314 2679 343 2715 (Β
420 2680 497 2715 10.

314 2663 497 2719 ctitio.

344 2732 460 2788 Cur
488 2743 679 2807 tamen
698 2736 926 2804 prodeat
962 2737 1053 2793 hic
1092 2736 1146 2791 in
1189 2735 1484 2807 publicum.
1514 2742 1659 2807 tam“
1671 2732 1866 2807 illustri

273 2814 508 2875 parente
546 2803 853 2869 destitutus,
896 2808 1015 2861 sola
1043 2803 1213 2862 movit
1247 2807 1536 2875 legentium
1570 2803 1775 2875 utilitas
1812 2810 1869 2875 et

273 2872 515 2944 dignitas
554 2874 706 2942 libri,
744 2891 863 2944 qua:
903 2886 1052 2931 tanta
1080 2885 1191 2941 est,
1224 2884 1283 2931 ut
1308 2872 1448 2931 inter
1476 2889 1641 2944 opera
1675 2872 1867 2928 lsidori

275 2941 612 3014 llispalensm
630 2941 818 3015 locum
846 2947 1115 3011 obtineat;
1145 2946 1240 3001 sed
1270 2954 1379 2999 tam
1411 2941 1627 3015 pressus
1642 2951 1711 3015 _et
1735 2957 1867 3015 con-

277 3013 510 3086 tyaétus,
542 3022 599 3086 ut
627 3013 811 3086 hujus,
834 3031 993 3085 quem
1037 3017 1303 3086 integrum
1332 3013 1753 3086 dat—nus,_soluu_1
1779 3013 1867 3067 vi-

273 3081 473 3136 deatur
500 3081 757 3153 epitom’e.
787 3081 1191 3141 Cdusulenduui’
1214 3087 1377 3140 etiam
1420 3085 1518 3138 fuit
1554 3084 1680 3138 huic
1708 3081 1866 3153 Ορω-

274 3149 572 3227 mentario,
604 3171 670 3210 ne
698 3154 880 3211 forsan
912 3158 1112 3227 periret
1138 3156 1419 3227 deficiente
1458 3155 1696 3227 editione
1731 3149 1869 3227 Ger-

278 3222 519 3294 manica,
547 3222 667 3296 qua:
697 3240 820 3281 rara
861 3222 944 3282 est
986 3235 1043 3281 et
1082 3228 1259 3283 unica.
1307 3225 1435 3279 Eam
1483 3225 1623 3283 sicut
1666 3230 1723 3277 et
1758 3222 1865 3296 alia

279 3298 440 3374 plura
487 3293 583 3351 ex'
605 3298 865 3374 immensa
893 3297 1295 3374 domesticaque
1343 3296 1599 3374 librorum
1633 3293 1869 3374 supelle-

276 3363 399 3421 ctili
427 3366 814 3435 humanissime
840 3366 995 3422 nobis
1030 3363 1394 3422 commodavit
1428 3365 1511 3419 vir
1537 3363 1866 3435 clarissimus

282 3433 571 3515 Emericus'
593 3435 1170 3515 Bigotiuseruditione
1197 3451 1293 3490 sua
1322 3435 1469 3515 satis
1496 3433 1641 3515 apud
1677 3433 1868 3489 doctos

279 3506 614 3583 crl_¢_:bra_tus_,
642 3514 701 3561 et
723 3507 803 3583 rei
826 3506 1104 3583 litterariae
1128 3505 1686 3583 bono.d_editissimus.
1829 3571 1842 3583 .

354 3575 543 3631 Tertio
579 3572 702 3630 leco
738 3575 984 3631 dedimus
1023 3577 1189 3631 libros
1229 3575 1293 3629 de
1321 3574 1524 3629 Divinis
1550 3582 1601 3627 et
1629 3572 1867 3627 humanis

282 3644 500 3700 Litteris
526 3661 623 3700 seu
646 3644 995 3712 Lectionibus,
1025 3646 1219 3715 quibus
1247 3653 1306 3700 ut
1332 3642 1649 3715 necessariis
1675 3644 1869 3715 prmiu-

281 3716 392 3769 diis
439 3726 499 3771 et
543 3716 943 3786 prolegomenis
992 3713 1321 3786 Vivariensis
1363 3714 1530 3786 abbas
1574 3713 1869 3786 monachos

281 3800 416 3840 suos
440 3786 513 3841 ad
536 3781 1021 3842 sacrae—Scriptura:
1049 3786 1283 3840 studium
1310 3784 1632 3840 instruebat.
1672 3781 1870 3836 Putant

285 3855 453 3924 aliqui
482 3855 689 3933 _lihr_um
733 3857 797 3933 de
833 3852 1038 3933 _Divinis
1074 3854 1288 3933 Litteris
1318 3870 1360 3933 _a
1405 3853 1730 3933 cassiodoro
1751 3852 1870 3933 pri-

285 3923 437 3980 mum
478 3926 535 3980 in
574 3926 711 3995 duos
739 3926 989 3990 divisum,
1017 3942 1085 3982 eo
1122 3926 1277 3995 quod
1316 3926 1371 3979 in
1414 3923 1572 3995 editis
1618 3923 1871 3995 omnibus

390 4002 411 4066 t
437 4004 603 4066 caput
629 3994 701 4049 25
728 3996 841 4051 hare
869 3996 1046 4066 addita
1074 3992 1183 4051 sint
1207 4013 1219 4049 :
1245 3993 1476 4066 Explicit
1495 3992 1623 4066 liber
1648 3993 1867 4063 primus.

390 4010 411 4046 t
437 4010 603 4063 caput
629 4010 701 4049 κο
728 4010 841 4051 mec
869 4010 1046 4051 audita
1074 4010 1183 4051 sint
1207 4013 1219 4049 :
1245 4010 1476 4066 expuat
1495 4010 1623 4048 tam
1648 4010 1867 4063 pnmus.

285 4010 486 4135 ﬁscipit
511 4065 642 4119 liber
663 4066 936 4121 secundus.
976 4065 1082 4121 Sed
1109 4081 1351 4121 errorem
1378 4063 1656 4135 depellunt
1681 4077 1871 4135 omnes

286 4133 504 4205 codices
530 4150 684 4200 mss.,
709 4136 851 4205 apud
879 4151 1017 4205 quos
1044 4135 1187 4191 nulla
1215 4135 1337 4190 talis
1364 4133 1637 4205 distinctio
1666 4133 1872 4205 reperi-

287 4211 394 4276 tur.
416 4203 529 4260 Nec
550 4204 643 4259 ulli
671 4203 864 4260 mirum
885 4203 1006 4262 esse
1027 4207 1188 4262 debet
1208 4206 1352 4276 quod
1374 4205 1428 4259 in
1454 4203 1654 4276 ultimis
1673 4203 1868 4276 editio-

288 4274 447 4344 nibus
480 4290 546 4344 ea
575 4276 739 4331 verba
786 4276 1024 4331 nondum
1062 4273 1261 4331 fuerint
1305 4284 1601 4344 expuncta;
1632 4273 1686 4328 hi
1724 4274 1867 4328 enim

288 4343 430 4415 libri,
482 4343 610 4399 licet
650 4346 813 4400 toties
858 4345 1133 4415 impressi,
1183 4361 1312 4401 suos
1362 4343 1544 4415 tamen
1587 4358 1766 4415 ntevos
1811 4350 1870 4415 et

288 4412 467 4485 hiatus
510 4415 778 4485 maximos
808 4411 951 4485 rnon'
976 4416 1226 4480 amisere,
1258 4424 1317 4470 ut
1358 4414 1411 4469 in
1458 4429 1615 4485 capp.
1663 4412 1751 4478 i2,
1800 4411 1869 4467 15

289 4491 342 4555 et
368 4482 466 4555 28,
493 4483 777 4540 advertere
804 4484 972 4541 licuit.
1001 4486 1082 4541 Ad
1110 4500 1207 4541 eos
1233 4482 1579 4555 corrigendos
1605 4491 1662 4539 et
1686 4498 1871 4555 resar—

1974 1890 2047 1964 ibi
2077 1890 2344 1964 recenSet,
2375 1909 2435 1947 se
2463 1904 2707 1949 acturum
2739 1890 3024 1964 pollicetur
3049 1913 3062 1948 :
3089 1908 3276 1948 verum
3303 1890 3563 1949 Alcuinus

1973 1961 2042 2015 de
2070 1962 2241 2034 tribus
2269 1971 2474 2034 tantum
2513 1961 2796 2029 disseruit,
2830 1979 3092 2032 nusquam
3131 1964 3271 2018 ultra
3311 1978 3563 2034 progres-

1968 2046 2096 2097 sus;
2134 2032 2279 2086 solus
2301 2031 2537 2103 _Senator
2561 2044 2744 2089 noster
2762 2031 3131 2103 septenarium
3150 2031 3328 2101 attigit
3351 2041 3406 2088 et
3428 2031 3564 2088 con-

1968 2103 2275 2175 summavit.
2300 2101 2363 2175 δέ)
2415 2101 2490 2157 Ea
2516 2105 2676 2175 verba
2707 2121 2721 2157 :
2750 2101 2906 2175 Dicez.
2919 2105 3041 2158 dum
3068 2104 3133 2158 de
3159 2113 3269 2157 arte
3297 2120 3564 2175 gramma-

1970 2171 2235 2241 tica,qu:e
2261 2173 2313 2225 in
2340 2171 2442 2227 hac
2472 2173 2785 2240 pratfatione
2822 2174 3091 2241 leguntur,
3139 2171 3315 2241 usque
3351 2173 3415 2226 ad
3464 2173 3558 2227 illa

1968 2253 2089 2307 qua:
2111 2240 2216 2313 hoc
2245 2241 2411 2313 titulo
2425 2242 2803 2306 inscribuntur,
2834 2240 3045 2313 caput?
3064 2241 3128 2313 de
3146 2240 3259 2313 arte
3276 2244 3558 2309 rhetorica,

1970 2317 2080 2363 tam
2129 2310 2182 2363 in
2230 2311 2443 2381 excusis
2489 2327 2649 2381 quam
2696 2313 2750 2367 in
2798 2310 2927 2369 mss.
2979 2311 3287 2367 Cassiodori
3342 2314 3563 2366 nomine

1969 2380 2285 2451 prmnotatis
2312 2380 2679 2450 reperiuntur.
2711 2381 2842 2437 Illud
2872 2390 3054 2437 autem
3082 2391 3246 2451 caput
3272 2381 3309 2436 2
3333 2382 3401 2436 de
3429 2383 3561 2436 rhe-

1962 2450 2141 2504 torica
2160 2451 2361 2504 habent
2382 2452 2599 2520 quidem
2626 2461 2824 2509 nostra:
2853 2450 3198 2519 membranae,
3227 2452 3324 2507 sed
3344 2452 3561 2507 inverso

1972 2521 2234 2589 tantisper
2262 2520 2472 2575 ordine.

2041 2589 2261 2662 Certum
2298 2599 2383 2662 est
2427 2591 2620 2662 librum
2659 2590 2727 2648 de
2767 2589 3127 2649 Grammatica
3174 2592 3562 2662 incompletum

1970 2674 2123 2722 esse,
2156 2659 2251 2714 sed
2278 2660 2394 2728 ejus
2429 2660 2699 2717 defectum
2728 2662 2907 2717 nullus
2951 2672 3261 2717 nostrorum
3308 2659 3559 2717 codicum

1967 2730 2220 2803 supplere
2239 2732 2433 2803 potuit,
2456 2746 2559 2787 nec
2584 2732 2697 2803 ipse
2720 2731 2997 2801 Tliuanus,
3020 2734 3113 2803 qui
3136 2733 3345 2803 longius
3369 2747 3563 2787 excur-

1969 2800 2041 2873 rit
2057 2818 2091 2873 _:‘
2118 2801 2329 2857 abunde
2360 2809 2537 2873 tamen
2579 2800 2829 2873 lacunam
2860 2800 3101 2873 explebit
3125 2801 3560 2859 Commentarius

1968 2871 2024 2925 in
2054 2862 2338 2941 Donatum,
2369 2871 2438 2926 de
2461 2887 2570 2941 quo
2597 2888 2722 2927 mox
2750 2862 2946 2927 dicturi
2969 2888 3173 2928 sumus.

2040 2940 2142 3007 Qui
2189 2940 2289 2995 hos
2332 2951 2539 3015 septem
2584 2950 2843 3015 tractatus
2889 2941 3453 3015 publigijurisfeccre
3480 2944 3561 3015 sic

1969 3010 2226 3066 lectorem
2250 3010 2582 3079 prannonent
2610 3012 2763 3067 initio
2792 3010 2913 3067 libri
2941 3013 3009 3067 de
3042 3012 3329 3067 Rhetorica
3359 3031 3372 3066 :
3406 3012 3559 3076 Quod

1968 3081 2197 3154 sequitur
2213 3080 2278 3135 de
2292 3080 2570 3154 Rhetorica
2590 3084 2926 3145 restituimus,
2953 3083 3117 3154 adjuti
3140 3083 3233 3154 Iroc
3253 3084 3558 3152 compendio

1970 3167 2005 3204 a
2040 3150 2280 3224 studioso
2310 3151 2533 3223 quodam
2572 3153 2761 3224 artium
2791 3150 3061 3224 diligenter
3088 3152 3319 3207 collecto.
3352 3150 3559 3224 Quibus

1969 3218 2169 3293 verbis,
2195 3218 2452 3293 quantum
2482 3221 2695 3293 assequi
2712 3221 2868 3293 licet,
2885 3218 3050 3277 'nobis
3071 3223 3322 3293 innuunt,
3350 3218 3431 3277 vel
3451 3224 3555 3279 sibi

1971 3288 2538 3347 defuisse'Cassiodori
2570 3288 3025 3363 operiscodices,
3054 3291 3139 3347 vel
3180 3288 3397 3348 mutilos
3435 3302 3559 3348 tan-

1970 3367 2101 3432 tum
2122 3369 2311 3416 nactos
2336 3376 2474 3425 esse,
2503 3361 2743 3432 quorum
2762 3361 2944 3432 inopia
2984 3363 3065 3418 sic
3098 3362 3267 3432 jejuni
3291 3404 3305 3428 ,
3334 3362 3402 3417 ad
3429 3364 3556 3419 bre-

1969 3430 2333 3501 viariunrscu
2371 3430 2649 3501 synopsim
2680 3430 2907 3501 alicujus
2950 3430 3260 3488 collectoris
3304 3448 3553 3489 recurre-

1969 3500 2097 3572 ri_nt,
2114 3507 2190 3572 _ut
2215 3499 2350 3554 liber
2377 3499 2467 3555 ille
2495 3499 2562 3556 de
2590 3499 2881 3572 Rhetorica
2902 3518 2933 3557 a
2958 3502 3266 3557 Cassiodori
3294 3504 3551 3572 primige-

1971 3569 2061 3640 nio
2106 3568 2218 3640 fetu
2263 3585 2370 3625 non
2418 3584 2638 3640 promus
2683 3571 2977 3629 abhorrere
3026 3568 3312 3626 videretur}
3367 3568 3555 3640 Nobis,

1969 3639 2157 3709 lector,
2182 3638 2398 3695 fortuna
2420 3638 2675 3696 blandior
2701 3641 2901 3709 arrisit,
2931 3642 3149 3698 retectis
3168 3641 3273 3696 illis
3302 3657 3429 3696 mss.
3459 3638 3557 3698 co;

1971 3707 2190 3782 dicibus
2219 3708 2285 3782 de
2323 3710 2519 3778 quibus
2544 3726 2744 3782 supra,
2774 3712 2867 3782 qui
2888 3707 3162 3767 sincerum
3189 3719 3246 3766 et
3286 3712 3555 3780 integrum

1970 3778 2279 3851 cassiodori
2308 3795 2443 3851 opus
2471 3778 2751 3849 exhibent,
2780 3778 2959 3851 ethos
2990 3781 3120 3848 tibi;
3164 3781 3258 3835 sed
3304 3778 3557 3851 pristinas

1970 3849 2237 3904 editiones
2261 3849 2564 3918 rejecimus,
2590 3866 2729 3920 quae,
2749 3859 2810 3906 ut
2831 3850 3085 3920 fatentur,
3108 3849 3555 3908 commentarium

1971 3920 2152 3990 potius
2177 3920 2396 3976 studiosi
2435 3920 2711 3991 cujusdam
2749 3922 2965 3992 sapiunt
3003 3937 3167 3992 quam
3211 3930 3417 3977 textum
3453 3938 3555 3978 au-

1970 3992 2158 4046 ctoris.

2046 4060 2104 4117 Si
2138 4060 2260 4130 quis
2300 4060 2354 4115 in
2395 4061 2722 4118 editionibus
2753 4061 3001 4118 consulat
3026 4062 3217 4118 librum
3262 4063 3331 4118 de
3376 4061 3554 4119 Diale.

1971 4131 2143 4193 ctira,
2174 4129 2413 4203 offendet
2438 4146 2549 4203 non
2593 4147 2765 4203 pauca
2803 4133 2938 4188 mira
2976 4134 3290 4189 confusione
3318 4134 3555 4203 inversa,

1972 4200 2271 4273 praesertim
2302 4201 2390 4256 ubi
2417 4201 2485 4273 de
2512 4200 2915 4258 definitionibus
2939 4214 2996 4257 et
3018 4204 3086 4258 de
3112 4200 3557 4273 interpretatione

1974 4270 2169 4344 agitur.
2197 4270 2307 4327 Nos
2333 4271 2515 4327 omnia
2539 4273 2873 4344 restituimus
2906 4273 2960 4327 in
2985 4289 3136 4344 suum
3166 4270 3449 4344 quemque,
3469 4274 3555 4329 lo-

1973 4354 2098 4421 cum
2122 4339 2276 4408 juxta
2304 4355 2434 4397 mss.
2464 4341 2711 4398 codicum
2738 4342 2918 4408 fidem,
2950 4343 3143 4412 quibus
3182 4339 3555 4399 unice—adhae-

1974 4424 2161 4466 Simus.

2044 4477 2203 4535 Circa
2245 4480 2439 4536 librum
2483 4481 2553 4537 de
2600 4480 2949 4536 Arithmetica
2991 4480 3221 4537 sufficiat
3265 4480 3559 4541 adnotasse

289 4552 511 4607 ciendos
536 4554 616 4626 usi
641 4569 824 4626 sumus
848 4555 1238 4626 antiquioribus
1262 4550 1589 4626 membranis
1608 4553 1871 4623 quingen-
1905 4552 1950 4613 D
1975 4550 2119 4626 quod
2149 4550 2201 4626 in
2229 4550 2552 4626 edi_tis‘_is_tud
2580 4552 2841 4626 monitum
2871 4551 3066 4621 legitur
3084 4552 3248 4626 _initio
3274 4551 3558 4626 57divisio-

291 4623 575 4697 toru_m_ad
610 4624 786 4679 minus
822 4623 1106 4697 annorum,
1143 4641 1279 4697 quas
1312 4624 1722 4697 suppeditarunt
1760 4632 1872 4697 tum

291 4691 617 4761 bibliotheca
646 4703 829 4751 nostra
858 4693 916 4749 S.
947 4691 1210 4761 Audoen'i,
1243 4703 1354 4749 tum
1378 4691 1777 4749 monasterium
1804 4692 1873 4748 de

291 4759 403 4817 Nos
427 4763 485 4817 in
512 4762 749 4819 confinio
789 4759 1203 4821 Ebroicensium'
1233 4773 1289 4819 et
1311 4762 1730 4821 Conchensium.
1761 4762 1872 4818 Nec

292 4830 469 4888 minus
501 4832 730 4904 feliciter
766 4836 908 4891 nacti
952 4850 1137 4890 sumus
1176 4835 1556 4902 castigationes
1588 4834 1870 4904 plurimas,

289 4915 423 5024 quas
441 4918 515 4959 ex
541 4903 665 4959 aliis
688 4919 816 4959 mss.
841 4905 1118 4961 codicibus
1144 4905 1505 4974 exscripserat
1529 4903 1872 4960 doctissimus

324 4981 529 5024 uret.
554 4983 609 5024 et
628 4971 781 5024 nlura
806 4975 1178 5024 subinnximns
1203 4975 1273 5024 ab
1299 4989 1367 5024 eo
1395 4975 1450 5024 in
1479 4974 1621 5024 hunc
1655 4972 1869 5024 Cassio-

324 4981 529 5044 nretus,
554 4983 609 5029 et
628 4971 781 5044 plura
806 4975 1178 5044 subjunximus
1203 4975 1273 5030 ab
1299 4971 1367 5031 eo
1394 4975 1450 5030 in
1479 4974 1621 5031 hunc
1655 4972 1869 5029 Cassio-

293 5040 407 5097 dori
434 5040 961 5100 librum'observat'a.

361 5113 524 5167 Liber
543 5112 609 5185 de
639 5113 897 5185 Humanis
926 5114 1139 5170 Litteris
1165 5114 1485 5185 tractatibus
1521 5122 1767 5185 septemL
1779 5113 1876 5170 sed

294 5183 677 5251 compendiose
703 5184 836 5239 satis
862 5185 1175 5241 absolvitur.
1208 5183 1288 5239 De
1329 5183 1701 5251 Grammatica,
1734 5183 1874 5240 Rite-

295 5250 478 5317 torica,
509 5250 819 5321 Dialectica,
841 5256 1198 5319 Aritlmtetica,
1229 5253 1454 5320 Μηδίου,
1480 5253 1796 5321 Geometria,
1824 5263 1897 5311 et.

291 5322 648 5391 Astronornia.
679 5322 866 5380 Editus
886 5323 984 5381 fuit
1008 5341 1129 5381 cum
1152 5326 1288 5382 libro
1313 5326 1380 5382 de
1401 5325 1601 5381 Divinis
1626 5324 1872 5391 Litteris;

426 5391 767 5449 librariorum
797 5394 1005 5451 inscitia
1050 5397 1130 5453 sic
1164 5398 1516 5467 depravatus,
1565 5396 1784 5452 mutilus
1821 5390 1879 5467 et

295 5462 524 5536 hiulcus,
544 5471 617 5536 _ut
643 5478 767 5520 eum
795 5467 895 5536 vix
913 5481 1200 5536 agnoscas,
1226 5462 1272 5521 si
1301 5482 1424 5522 cum
1448 5467 1552 5522 isto
1571 5481 1732 5536 quem
1755 5466 1870 5532 tibi,

296 5530 492 5599 lector,
525 5533 744 5600 damus,
771 5530 1019 5593 conferre
1045 5530 1304 5594 volueris.
1335 5535 1551 5593 Auxilio
1578 5530 1676 5591 fuit
1703 5530 1876 5593 codex

388 5602 645 5676 Germani
687 5604 995 5676 Pratensis,
1027 5608 1181 5676 cujus
1229 5615 1442 5663 aetatem
1490 5607 1558 5663 ad
1606 5604 1877 5662 llincmari

300 5669 616 5747 Rheniensis
643 5683 887 5747 tempora
913 5669 1170 5747 referunt.
1202 5677 1313 5733 Nec
1340 5677 1575 5732 minores
1601 5677 1877 5747 suppetias

297 5742 417 5816 tulit
445 5741 510 5816 Β.
545 5742 604 5797 Ρ.
633 5741 864 5816 domnus
892 5746 1087 5816 Simon
1118 5747 1336 5816 Bougis,
1368 5745 1648 5803 reverendi
1668 5741 1873 5801 ’θυωθ-

303 5808 427 5868 dum
460 5810 631 5869 Patris
662 5815 721 5869 Ι).
754 5813 1018 5874 Vincentii
1045 5808 1298 5876 Μαι-δοιῙο
1323 5808 1617 5889 superioris
1650 5830 1876 5889 genera-

1981 4618 2065 4693 nis
2096 4637 2109 4675 :
2142 4618 2336 4693 Haec?)
2362 4621 2546 4693 divisio
2571 4622 2777 4691 adjecta
2807 4629 2904 4693 est,
2929 4618 3048 4693 am
3075 4624 3128 4678 in
3158 4640 3253 4678 ms.
3289 4624 3558 4679 desidera-

1980 4690 2132 4744 batur
2152 4707 2171 4744 :
2194 4690 2287 4747 sed
2317 4692 2458 4747 unde
2484 4699 2578 4746 aut
2603 4690 2876 4764 quomodo
2904 4690 3189 4762 desumpta
3226 4695 3305 4764 sit
3344 4696 3559 4764 penitus

1980 4769 2212 4835 tacetur,
2255 4775 2432 4831 neque
2470 4777 2570 4835 nos
2596 4761 3176 4835 divinareApossumus,
3221 4761 3396 4820 Unum
3440 4772 3561 4835 tan-

1980 4839 2093 4907 tum
2132 4833 2360 4907 scimus,
2398 4832 2553 4907 quod
2594 4845 2813 4907 eaquae
2849 4832 2918 4887 ibi
2966 4833 3111 4907 edita
3156 4832 3297 4898 Sunt,
3339 4834 3560 4907 omnino

1979 4901 2229 4974 dilferant
2278 4901 2346 4957 ab
2395 4902 2465 4974 iis
2505 4917 2624 4974 qua:
2664 4901 2725 4957 in
2761 4917 2890 4957 mss.
2941 4904 3142 4974 nostris
3191 4904 3553 4974 reperiuntur.

1979 4973 2318 5043 Quapropter
2357 4973 2572 5028 veritati
2609 4982 2827 5028 cautum
2871 4972 3144 5039 volentes,
3189 4972 3273 5028 his
3308 4972 3559 5028 omnibus

1979 5042 2216 5110 rejectis,
2249 5042 2446 5098 nostris
2475 5049 2682 5098 tantum
2729 5043 3059 5098 membranis
3099 5043 3358 5098 vcrbatim
3394 5052 3451 5097 et
3489 5044 3559 5098 ad

1979 5111 2215 5167 litteram
2254 5112 2563 5169 institimus.
2593 5110 2651 5167 in
2681 5112 2785 5167 hoc
2812 5111 3002 5167 codice
3029 5112 3087 5167 S.
3106 5112 3385 5167 iGermani
3423 5113 3562 5170 alius

1980 5181 2583 5253 Arithmeticailibcllus
2604 5181 2919 5253 subjicitur,
2950 5182 3031 5236 sic
3068 5183 3354 5253 inscriptus
3384 5200 3397 5235 :
3427 5181 3559 5238 Βία-ι

1978 5255 2197 5307 riarium
2231 5251 2600 5311 Aritlnneticaz.
2640 5251 2748 5323 Sed
2776 5252 2903 5321 quia
2926 5252 3180 5323 synopsis
3206 5251 3289 5308 est
3315 5268 3411 5308 seu
3436 5253 3564 5309 bre-

1980 5324 2061 5378 vis
2108 5323 2359 5379 collectio
2396 5322 2762 5393 Aqnorumdam
2816 5322 3051 5393 capitum
3108 5322 3229 5393 libri
3279 5324 3438 5393 primi
3492 5323 3563 5380 de

1981 5393 2343 5464 Aritbmetica
2385 5389 2631 5448 Severini
2683 5389 2899 5464 Boetii,
2935 5406 3054 5446 eam
3107 5392 3231 5464 ideo
3281 5389 3560 5464 printerire

1981 5463 2274 5518 consultius
2294 5462 2468 5518 visum
2493 5470 2597 5529 est,
2623 5476 2744 5517 cum
2767 5461 2907 5517 inter
2924 5476 3090 5531 opera
3113 5461 3297 5520 Boetii'
3308 5464 3560 5521 facillime

1981 5534 2152 5603 possit
2178 5532 2424 5588 inveniri.

2056 5600 2289 5674 Plurima
2313 5616 2434 5671 qua:
2465 5599 2547 5674 ad;
2558 5600 2828 5674 elementa
2857 5603 3167 5671 geometria:
3204 5605 3477 5674 pertinent
3506 5604 3557 5660 in

1984 5670 2289 5743 Cassiodori
2317 5670 2487 5743 nostri
2517 5671 2676 5743 libris
2691 5670 2951 5727 hactenus
2979 5674 3135 5728 editis
3161 5670 3404 5743 deerant,
3433 5675 3560 5731 licet
3592 5712 3596 5717 -

1982 5744 2122 5814 eain
2150 5740 2263 5814 suis
2290 5743 2343 5797 in
2373 5739 2613 5814 Psalmos
2638 5739 3052 5798 Commentariis
3072 5743 3364 5814 aliquando
3389 5739 3521 5802 citet
3540 5784 3556 5809 ,

1986 5813 2072 5872 vel
2118 5810 2186 5867 ad
2234 5811 2326 5870 illa
2379 5812 2635 5871 lectorem
2682 5815 2952 5884 remittat,
3009 5823 3066 5869 ut
3119 5810 3182 5870 in'
3225 5817 3560 5886 expositione
