3954 6178
370 291 475 349 ιιῦδ

1521 292 1592 349 Μ.
1635 290 1725 348 AU
1734 290 1978 349 RELIUS
2016 291 2501 350 CASSIODORUS.

3532 292 3641 349 436

371 408 559 488 psalmi
590 425 728 488 xcvi,
756 413 848 470 ubi
885 409 956 469 de
980 418 1212 488 pimcto,
1260 408 1437 488 linea,
1450 405 1683 488 circulo,
1716 404 1949 488 trigono,
1985 433 2028 488 Α
2056 421 2176 488 rum
2205 406 2372 488 locis,
2401 405 2492 475 qui
2522 405 2576 459 in
2605 403 2794 461 eodem
2821 402 3220 461 Commentario
3246 402 3448 475 passim
3480 418 3642 475 repe-

369 474 757 548 quadrangulo,
807 491 939 548 etc.,
980 474 1221 548 loquens,
1266 481 1345 535 sic
1388 474 1466 532 ait
1500 494 1531 548 :7
1559 474 1788 548 Quorum
1816 478 1953 548 noti-

373 551 499 603 tiam
543 545 822 619 planiorem
867 545 937 619 in:
960 545 1108 605 libris
1135 547 1469 619 Geometricce
1497 545 1805 619 disciplinis,
1833 547 1956 600 dili-

372 635 497 690 gens
517 615 696 686 lector,
719 616 967 675 invenies.
994 619 1123 687 Quae
1143 628 1321 674 tamen
1345 617 1522 690 nullu_s
1542 615 1593 670 in
1618 615 1774 670 editis
1800 631 1952 690 repe-

371 686 496 752 riet,
537 690 632 743 sed
679 691 732 744 in
777 690 896 745 solo
945 686 1290 746 continentur
1335 702 1435 742 ms.
1481 686 1951 754 Sangerinanensi.

372 756 560 826 Itaque
613 760 859 829 quamvis
913 775 980 815 ex
1035 759 1273 814 Euclidis
1325 756 1623 811 Eleiuentis
1675 756 1958 829 videantur

372 826 649 897 excerpta,
699 844 762 884 ea
802 839 981 884 tamen
1026 830 1114 884 hic
1147 828 1412 889 dedimus,
1447 841 1569 897 cum
1598 826 1955 897 certissimum

372 897 445 969 sit
471 893 936 969 de‘iisscripsisse
960 899 1365 969 Cassiodorum,
1388 904 1443 951 et
1468 895 1571 951 sub
1595 893 1711 964 ejus
1738 896 1959 952 nomine

374 967 429 1021 in
462 976 570 1039 tam
594 967 806 1025 vetusto
834 970 1020 1025 codice
1040 968 1401 1039 proferantur.

448 1038 695 1093 Aurelius
716 1046 900 1094 noster
918 1035 1056 1093 dum'
1073 1040 1240 1095 libros
1268 1044 1513 1093 recenset
1539 1052 1676 1107 quos
1688 1035 1811 1107 jam
1840 1050 1960 1091 mo-

376 1107 586 1163 nachus
606 1109 870 1177 ediderat,
893 1108 1028 1164 duos
1052 1126 1083 1164 a
1112 1124 1173 1165 se
1197 1124 1361 1178 super
1383 1106 1649 1162 Donatum
1672 1106 1960 1178 commen-

378 1179 547 1249 tarios
598 1176 861 1247 prodiisse
912 1179 1192 1249 perhibet,
1240 1176 1671 1249 quoruininitio
1718 1176 1838 1249 libri
1892 1177 1960 1230 de

376 1246 739 1303 Grammatica
766 1248 844 1304 sic
870 1246 1149 1304 meminit:
1182 1246 1361 1316 Cujus,
1392 1248 1598 1303 scilicet
1628 1246 1845 1313 Donati,
1873 1262 1963 1316 ge-

377 1316 523 1371 mina
562 1328 852 1390 commenta
888 1320 1205 1390 reliquimus.
1252 1316 1525 1390 Hactenus
1560 1318 1724 1390 nobis
1755 1316 1961 1371 incom-

379 1397 591 1454 pertum
622 1404 691 1442 an
721 1389 863 1444 edita
894 1386 1110 1445 fuerint.
1137 1388 1363 1445 Unicum
1391 1387 1583 1442 damus
1611 1388 1663 1440 in
1695 1386 1963 1440 Donatum

379 1456 689 1528 (lassiodori
716 1457 1196 1524 Commentarium,
1225 1474 1386 1528 quem
1412 1456 1962 1528 suppeditavitgvetu-

379 1527 646 1582 stissimus
695 1532 867 1584 codex
919 1544 1021 1585 ms.
1074 1526 1416 1584 bibliotheca:
1464 1526 1533 1581 εξ
1580 1526 1853 1581 Michaelis
1909 1526 1961 1579 in

382 1595 566 1652 Monte
590 1613 682 1653 seu
720 1600 775 1653 in
809 1598 1057 1655 Pericula
1087 1599 1276 1664 Maris;
1304 1615 1373 1654 ex
1401 1598 1554 1667 cujus
1580 1597 1759 1664 titulo,
1798 1595 1963 1667 nimia

380 1676 663 1739 senectute
694 1683 841 1739 pene
885 1678 1228 1739 consumpto,
1265 1660 1386 1725 hinc
1420 1660 1628 1722 tantum
1667 1660 1859 1739 eruere
1900 1660 1963 1739 l_i-

382 1736 513 1791 cuit.
547 1737 602 1807 lii
625 1735 793 1807 prima
822 1739 962 1793 linea
991 1757 1004 1792 :
1030 1735 1225 1807 Incipit
1253 1738 1685 1794 Commentariuni
1717 1736 1872 1807 Su...
1905 1735 1962 1789 ln

382 1806 618 1861 secunda
647 1807 786 1862 linea
815 1827 827 1861 :
864 1807 992 1864 Cll.
1018 1810 1082 1863 de
1121 1806 1373 1864 Oratione
1394 1820 1443 1862 et
1470 1810 1533 1862 de
1554 1807 1780 1862 Vlll.....
1814 1806 1875 1858 Et
1908 1807 1959 1859 in

382 1877 541 1930 tertia
571 1877 709 1932 linea
740 1896 753 1931 :
784 1879 919 1933 tibus
949 1878 1238 1934 Orationis.
1263 1880 1393 1946 Qua:
1419 1878 1648 1944 singula,
1676 1878 1720 1930 si
1750 1877 1961 1946 placeat

385 1947 726 2019 conjectura,
772 1948 1002 2019 reddunt
1044 1950 1150 2006 hoc
1197 1945 1460 2019 integrum
1506 1949 1737 2019 lemma;
1774 1945 1965 2019 Incipit

384 2014 823 2088 commentarium
851 2018 1143 2084 Senatoris,
1174 2014 1335 2088 quod
1350 2020 1621 2088 proprium
1651 2017 1811 2071 etiam
1842 2016 1966 2088 Cas-

384 2086 605 2143 siodoro
630 2103 846 2152 nomen,
877 2090 1156 2144 clarissimi
1179 2086 1243 2143 (le
1272 2086 1549 2151 Oratione,
1578 2097 1627 2141 et
1654 2096 1767 2141 octo
1796 2086 1965 2152 parti-

385 2156 479 2210 bus
510 2155 796 2213 Orationis.
828 2159 937 2214 Nec
958 2158 1097 2214 forte
1121 2161 1432 2215 aberramus
1460 2174 1489 2212 a
1518 2173 1666 2215 vero.
1702 2166 1811 2210 tum
1840 2155 1965 2225 quia

386 2235 538 2282 certo
565 2228 763 2284 scimus
787 2228 1171 2285 Cassiodorum
1210 2230 1262 2283 in
1310 2230 1576 2284 Donatum
1625 2226 1790 2281 libros
1835 2225 1965 2280 scri-

387 2297 581 2369 psisse,
616 2308 728 2354 tum
757 2300 903 2369 quia;
921 2300 1023 2355 sibi
1047 2299 1249 2369 jugiter
1289 2301 1584 2369 colitereut,
1624 2311 1743 2365 qua:
1782 2297 1871 2351 hic
1913 2301 1967 2369 et

387 2379 508 2441 qua:
529 2368 581 2441 i_n
613 2368 750 2441 libro
775 2366 841 2424 de
865 2366 1226 2441 Grammatica
1248 2369 1524 2441 leguntur;
1572 2367 1645 2441 ita
1687 2376 1746 2441 u_t
1769 2380 1888 2441 qua:
1912 2366 1966 2419 in

387 2437 495 2491 isto
524 2437 898 2510 desiderantur
915 2440 1015 2496 sub
1037 2441 1217 2510 linem,
1248 2437 1324 2495 ei
1341 2440 1433 2495 illo
1458 2438 1662 2510 possint
1688 2437 1965 2492 abundan-

390 2509 755 2578 ter__suppleri.

461 2575 660 2651 Omnes
686 2578 948 2651 editiones
979 2580 1099 2635 libri
1129 2580 1198 2635 de
1232 2578 1621 2651 Orthographia
1661 2578 1968 2651 Cassiodori

389 2642 689 2719 Senatoris,
723 2648 818 2719 sed
855 2664 974 2719 eam
1005 2652 1240 2704 maxime
1266 2665 1386 2719 quae.
1405 2642 1733 2716 'An'tuerpire
1772 2648 1969 2719 prodiit

390 2729 556 2784 opera
582 2717 838 2773 Ludovici
877 2718 1121 2774 Carionis
1161 2717 1304 2776 serio
1351 2719 1675 2775 contulimus
1716 2717 1838 2772 cum
1878 2717 1968 2770 illo

389 2785 579 2842 codice
624 2787 902 2859 Montano,
954 2789 1022 2844 de
1075 2805 1197 2859 quo,
1233 2805 1361 2845 mox
1411 2787 1618 2859 prasfati
1665 2803 1869 2851 sumus,
1914 2794 1969 2842 et

389 2869 549 2921 quem
571 2858 786 2913 unicum
804 2858 1164 2916 babuimusiin
1188 2858 1291 2914 hac
1318 2858 1561 2913 materia.

462 2923 707 3000 Meniiuit
747 2927 1099 2985 Cassiodorus
1138 2929 1328 3000 (Praef.
1377 2926 1649 3000 Ortliogr.)
1697 2944 1756 2983 se
1807 2928 1969 2982 alium

391 2994 580 3070 librum
608 2998 909 3070 Sacerdotis
934 3000 998 3053 de
1033 2994 1394 3065 schematibus,
1426 2994 1648 3070 Domino
1669 3007 1967 3070 prtestante,

391 3064 675 3140 collegisse,
702 3068 946 3140 hancque
974 3069 1050 3124 ait
1077 3064 1510 3140 compilatiOneui
1533 3067 1602 3122 98
1624 3064 1808 3140 tropos
1837 3064 1968 3140 con?-

392 3136 587 3204 tinere,
616 3154 753 3209 quos
781 3136 1009 3195 de'libro
1031 3136 1314 3211 cujusdam
1337 3140 1574 3211 auctoris
1599 3139 1682 3193 cui
1707 3136 1969 3211 Sacerdos

2056 478 2358 533 riebantur.

2131 546 2282 603 Licet
2309 544 2666 602 Cassiodorus
2694 545 2887 600 librum
2926 543 2993 599 de
3023 545 3214 599 Anima
3241 544 3520 614 scripserit
3540 561 3643 600 an-

2059 626 2275 687 tequam
2305 617 2634 672 monasticen
2665 615 3026 687 proﬁteretur,
3055 616 3258 687 placuit
3286 623 3464 669 tamen
3494 616 3645 670 illum

2058 686 2304 758 proxime
2337 688 2661 758 subjungere
2692 686 3006 758 tractatibus
3033 686 3135 740 illis
3163 700 3301 758 quos
3325 700 3499 758 senes
3519 687 3645 741 edi-

2058 754 2137 813 dit
2154 798 2169 820 ,
2193 758 2295 811 rati
2318 757 2519 812 nullum
2547 757 2596 812 ei
2617 757 2795 811 locum
2817 756 2995 825 aptius
3013 756 3329 821 convenire,
3350 754 3396 808 si
3423 756 3645 810 solitum

2058 828 2555 898 philosophicorum
2594 825 2835 898 ordinem
2877 834 3110 895 spectes,
3147 826 3234 898 ubi
3274 834 3534 880 tractatus
3575 826 3645 898 de

2060 896 2389 953 Animastiea
2435 897 2643 952 caeteris
2689 911 2825 965 quos
2872 896 3307 950 enumeravimus
3349 911 3457 949 non
3505 897 3647 951 male

2058 970 2315 1024 cohzeret.
2347 967 2535 1022 Naevos
2564 976 2742 1035 autem
2786 966 3135 1022 abstersimus
3173 980 3278 1035 ope
3316 981 3443 1019 mss.
3490 968 3646 1021 codi-

2062 1053 2187 1093 cum
2230 1038 2397 1092 nostri
2444 1036 2651 1091 scilicet
2695 1034 2752 1090 S.
2787 1035 3031 1091 Audoeni
3062 1034 3541 1104 Rotliomagensis,
3588 1044 3649 1091 et

2061 1108 2288 1176 abbatis:
2312 1107 2380 1162 de
2407 1106 2560 1176 Noa;
2583 1107 2778 1176 quibus
2805 1106 3054 1162 omnibus
3082 1107 3361 1175 insigniter
3394 1107 3649 1175 pncluxit

2059 1175 2276 1233 Juretus
2301 1179 2413 1232 suis
2452 1177 2506 1231 in
2538 1175 2846 1233 cassiodori
2884 1190 3048 1247 opera
3092 1176 3648 1232 aniinadversiouibus

2061 1256 2118 1303 et
2144 1248 2527 1317 margiiialibus
2555 1248 2718 1302 notis.
2832 1316 2841 1317 ί
3101 1315 3111 1317 _
3157 1316 3165 1317 ί
3198 1316 3203 1317 γ
3562 1278 3565 1279 '

2133 1315 2292 1373 Plura
2320 1318 2609 1387 scripserat
2627 1316 2996 1381 Cassiodorus,
3022 1315 3116 1371 sed
3140 1316 3425 1384 diligentia:
3447 1326 3648 1371 nostrae

2062 1389 2410 1459 omniumque
2438 1388 2873 1459 votisexcidere.
2905 1388 2960 1442 Si
2993 1390 3252 1443 immensa
3276 1387 3647 1459 illailibrorum

2062 1458 2337 1527 supellex,
2381 1472 2539 1526 quam
2587 1458 2641 1512 in
2689 1458 2989 1512 Vivariensi
3041 1473 3141 1512 suo
3175 1458 3421 1512 C(BllOblO
3456 1473 3647 1511 mona-

2064 1526 2287 1583 chorum
2311 1529 2500 1586 studiis
2525 1526 2857 1598 profuturam
2888 1528 3163 1596 allegerat,
3189 1528 3444 1598 hactenus
3467 1536 3649 1582 exsta-

2062 1607 2166 1660 ret,
2196 1614 2305 1653 non
2327 1597 2545 1653 dubium
2574 1599 2702 1666 quin
2732 1598 2906 1665 major
2932 1608 2989 1652 et
3018 1598 3352 1652 numerosior
3379 1597 3518 1652 foret
3545 1598 3650 1653 ista

2064 1668 2335 1723 collectio.
2361 1666 2598 1722 Cernere
2626 1667 2806 1724 forsan
2832 1669 3017 1723 liceret
3046 1668 3236 1721 librum
3267 1667 3330 1720 de
3360 1667 3648 1722 Divisioni-

2067 1737 2193 1808 bus;
2224 1739 2386 1792 alium
2424 1738 2490 1791 de
2520 1738 2723 1801 Titulis,
2754 1738 2846 1808 qui
2875 1739 3007 1792 alias
3049 1737 3351 1791 Meinoriale
3374 1754 3650 1792 sacrarum

2067 1807 2459 1879 Scripturan
2504 1807 2844 1873 inscribitur;
2902 1809 3075 1863 breves
3132 1809 3537 1879 Commentarios
3590 1810 3649 1862 iit

2065 1877 2332 1948 Epistolas
2361 1878 2743 1948 apostolorum,
2780 1895 2955 1933 eorum
2984 1880 3142 1942 Acta,
3182 1888 3233 1931 et
3258 1877 3480 1931 Joannis
3508 1878 3651 1948 Apo-

2068 1949 2295 2020 calypsin
2314 1966 2331 2013 ;
2356 1957 2640 2020 tractatum
2664 1948 2728 2002 de
2748 1948 3111 2020 Etymologiis,
3131 1956 3185 2002 et
3210 1948 3648 2020 aliusquosdaiii,

2067 2018 2135 2072 de
2152 2016 2356 2086 quibus
2384 2019 2434 2071 iu
2455 2018 2570 2088 ejus
2592 2018 2709 2071 Vita
2741 2016 2908 2088 pauca
2939 2016 3281 2073 (liSSeremus.
3318 2016 3464 2088 Uinus
3493 2018 3650 2072 nobis

2067 2035 2135 2072 ue
2161 2035 2356 2086 quibus
2384 2035 2434 2071 iu
2455 2035 2570 2140 eljus
2599 2035 2709 2071 Vlla
2741 2035 2908 2088 pauca
2939 2035 3281 2073 disseremus.
3320 2035 3464 2072 unus
3493 2035 3650 2072 nonis

2066 2089 2257 2143 obvius
2304 2089 2403 2142 luit
2451 2087 2770 2142 lineinarus
2817 2089 3153 2151 Rhemeiisis,
3203 2088 3293 2157 qui
3342 2087 3650 2143 Cassiodori

2069 2159 2351 2227 scliolia'in
2383 2158 2674 2227 Epistolam
2703 2158 2769 2212 ad
2800 2158 3074 2213 Romanos
3101 2174 3160 2213 se
3191 2159 3381 2227 legisse
3421 2166 3651 2212 testatur

2071 2226 2207 2300 (Lib.
2241 2229 2304 2283 de
2334 2226 2668 2293 Prtedestin.,
2699 2245 2746 2282 c.
2774 2228 2886 2300 25).
2913 2228 3022 2284 Nec
3051 2229 3183 2284 alios
3211 2229 3428 2293 scimus,
3455 2228 3653 2298 quibus

2068 2298 2122 2353 lii
2149 2299 2200 2351 in
2221 2315 2403 2355 sacras
2433 2300 2638 2353 litteras
2670 2298 2931 2355 tractatus
2951 2300 3301 2355 iniiotuerint.

2138 2369 2256 2424 Non
2278 2369 2443 2425 semel
2482 2369 2704 2423 forsitan
2736 2369 2973 2425 olfendes
3004 2371 3057 2424 in
3085 2370 3220 2424 alios
3249 2369 3432 2433 libros,
3454 2370 3653 2438 quibus

2070 2440 2476 2494 celeberrimum
2513 2439 2820 2494 Cassiodori
2870 2456 3065 2495 nomen
3108 2440 3275 2493 illusit
3314 2454 3453 2492 vano
3492 2454 3654 2493 men-

2034 2532 2037 2533 ν
2071 2510 2208 2563 dacii
2238 2509 2382 2571 fuco,
2416 2519 2473 2564 ut
2493 2510 2547 2563 in
2568 2510 2682 2563 hinc
2701 2511 2807 2564 duo
2834 2511 3130 2576 volumina,
3161 2524 3278 2577 qua:
3297 2509 3657 2577 Cantabrigiie

2070 2579 2126 2633 in
2154 2580 2476 2634 bibliotheca
2510 2580 2765 2648 Corporis
2792 2580 2989 2636 Christi
3016 2589 3390 2642 asservantur,
3418 2580 3656 2648 primum

2071 2595 2126 2633 in
2154 2595 2476 2634 nimiouieca
2510 2595 2765 2703 'JOIBOI‘IS
2792 2595 2989 2636 Christi
3016 2595 3390 2642 asservantur,
3418 2595 3651 2648 primum

2071 2649 2137 2718 de
2182 2651 2545 2718 ecclesiasticis
2652 2650 2827 2718 (ﬁciis,
2891 2652 3120 2706 alterum
3161 2651 3239 2705 sic
3286 2650 3651 2718 inscriptum:

2073 2717 2357 2791 Sententia;
2393 2717 2691 2775 Cassiodori
2728 2737 2794 2774 ea:
2833 2720 2894 2776 S.
2922 2721 3204 2791 Cypriane.
3236 2717 3658 2791 Iiirbibli’otheca

2071 2787 2383 2861 onniensi,
2414 2797 2469 2843 et
2499 2790 2639 2860 apud
2665 2787 3256 2861 quemdam'privalum
3285 2790 3513 2858 Anglum
3543 2790 3658 2845 duo

2071 2860 2317 2913 visuntur
2342 2858 2689 2928 exemplaria,
2729 2858 3035 2916 Cassiodori
3064 2862 3279 2916 nomine
3321 2861 3400 2915 sic
3437 2875 3658 2928 pramo-

2074 2936 2186 3000 tata
2205 2947 2224 3000 _:
2255 2929 2635 2984 Scintillarium
2682 2930 3106 2999 Scripturarum;
3147 2940 3203 2985 et
3242 2930 3383 3000 apud
3435 2929 3658 2985 Petrum

2072 2997 2139 3053 de
2171 2998 2470 3067 Natalibus,
2517 3002 2609 3070 qui
2662 2997 2967 3056 Cassiodori
3018 2997 3417 3056 lucubrationes
3465 3015 3661 3054 recen-

2072 3084 2220 3137 sens,
2250 3070 2441 3124 librum
2463 3069 2816 3127 de'Trinitate
2862 3073 3004 3126 inter
3040 3072 3302 3140 genuinos
3348 3070 3466 3139 ejus
3513 3069 3659 3125 fetus

2074 3148 2412 3210 annumerat.
2442 3140 2548 3196 Sed
2578 3140 2646 3195 de
2675 3141 2756 3195 his
2797 3142 3046 3197 omnibus
3075 3142 3239 3195 altum
3284 3141 3422 3210 apud
3464 3155 3660 3194 omnes

393 3219 591 3282 tiomeu
630 3206 989 3282 excerpserat.
1031 3206 1355 3282 In'cxcusis
1376 3210 1483 3265 duo
1523 3209 1971 3282 circumferuutur
1999 3206 2042 3268 C
2072 3209 2366 3282 seijptores
2411 3225 2636 3282 cptevos
2673 3219 2729 3264 et
2778 3226 3036 3282 suppares
3081 3206 3380 3275 silentium;
3404 3281 3408 3282 ί
3434 3226 3535 3264 nec
3591 3213 3659 3265 iis

395 3274 515 3349 libri
543 3276 611 3332 de
637 3274 994 3335 schematibus
1017 3290 1072 3335 ct
1092 3281 1260 3349 tropis
1279 3280 1377 3334 sub
1403 3280 1620 3334 nomine
1640 3277 1965 3349 Cassiodori,

393 3344 686 3419 iidemque_
709 3349 1004 3405 venerabili
1055 3344 1210 3405 Beda:
1259 3350 1500 3419 inscripti
1552 3358 1698 3404 tomo
1744 3348 1764 3402 l
1813 3348 1970 3416 hujus

390 3428 639 3538 lo‘perum.
666 3417 794 3474 lude
823 3420 877 3474 in
898 3435 1085 3476 omnes
1105 3419 1410 3475 Cassiodori
1428 3417 1716 3484 editiones,
1742 3428 1971 3487 excepta

443 3486 711 3538 ivelliaua.
742 3492 978 3538 manavit
1005 3505 1178 3538 error-
1212 3500 1270 3538 ut
1312 3490 1412 3538 sub
1439 3491 1715 3538 utriusmie
1755 3489 1971 3538 nomine

443 3486 711 3558 ivelliana,
742 3492 978 3545 manavit
1005 3505 1179 3558 error,
1212 3500 1270 3544 ut
1312 3490 1412 3545 sub
1439 3491 1715 3558 utriusque
1754 3486 1971 3558 nomine

390 3555 671 3632 prodirent
707 3574 828 3632 cuin
865 3561 968 3615 hoc
998 3555 1208 3632 titulo—:7
1239 3559 1422 3632 Magni
1447 3555 1645 3632 Aurelii
1670 3557 1973 3632 Cassiodori

392 3624 457 3678 de
483 3627 824 3700 sgliematibus
850 3641 899 3684 et
941 3633 1101 3700 tropis
1128 3624 1360 3685 collecti?)
1384 3646 1450 3684 ea:
1480 3630 1779 3700 Sacerdote,
1814 3629 1869 3700 id
1895 3635 1971 3700 est

391 3711 459 3749 ea:
498 3695 640 3772 Beda
679 3700 991 3772 presbytero.
1022 3695 1131 3756 Sed
1159 3716 1318 3769 quam
1356 3700 1576 3772 immani
1610 3699 1971 3772 chronologiai

392 3767 605 3841 iueiido_
618 3767 709 3841 vel
732 3767 852 3841 ipsi'
875 3772 1034 3826 rudes
1056 3767 1370 3841 agnoscant,
1405 3771 1597 3839 quibus
1625 3776 1828 3841 certum
1870 3768 1969 3822 Be-

390 3834 518 3908 dam
565 3834 887 3908 Cgssiodoro
940 3834 1183 3895 ducentis
1236 3840 1350 3895 fere
1404 3834 1556 3894 annis
1611 3839 1969 3908 posteriorem

388 3903 575 3985 fuisse.
608 3906 795 3965 Tutior
820 3910 981 3985 fuerit
1007 3911 1338 3985 conjectura,
1367 3911 1413 3964 si
1440 3908 1599 3966 Beda:
1614 3903 1806 3985 potius
1819 3905 1969 3985 Cas-

390 3975 1025 4053 siodorumpricluxisse
1073 3975 1194 4051 quis
1238 3975 1514 4053 opinetur,
1564 3975 1743 4053 utiet_
1762 3976 1968 4053 Isidoro

392 4043 882 4121 llispalensifinter
908 4050 1058 4119 cujus
1081 4043 1246 4121 opera
1276 4043 1420 4105 "liber
1452 4049 1590 4103 idem
1618 4050 1686 4104 de
1712 4047 1970 4121 Schema-

391 4116 537 4188 tibus
559 4128 884 4185 recensetur,
917 4116 1016 4175 nisi
1040 4116 1183 4188 quod
1212 4121 1314 4175 iste
1354 4131 1535 4188 impos
1571 4135 1667 4174 seu
1706 4117 1900 4188 ﬁguras
1936 4134 1969 4172 a

389 4186 744 4269 scgipto't‘ibus
770 4190 1023 4260 profanis,
1050 4186 1192 4245 Beda
1212 4206 1342 4246 vero
1371 4205 1403 4245 a
1430 4186 1706 4260 Scriptura
1731 4186 1883 4244 sacra
1912 4198 1969 4244 et

388 4270 423 4306 a
447 4252 545 4309 SS.
578 4252 822 4314 Patribus
845 4252 1138 4315 mutuatur.

462 4322 676 4382 Habent
712 4339 924 4386 veteres
968 4332 1291 4386 membrantn
1334 4332 1567 4387 emnobii
1615 4329 1968 4385 Floriacensis

390 4397 638 4471 eumdem
660 4406 945 4471 tractatum
967 4415 1125 4471 quem
1154 4400 1377 4470 legimus
1407 4404 1543 4471 apud
1572 4400 1795 4471 Bedam,
1817 4412 1969 4471 eum-

389 4481 501 4549 que
531 4466 1144 4549 _Cassi_odoro__tribuuut
1184 4466 1290 4526 line
1327 4466 1488 4549 titulo
1538 4491 1565 4549 :_
1604 4466 1796 4542 Incipit
1839 4469 1967 4542 liber

390 4537 693 4619 Cassiudori
734 4540 797 4594 de
837 4539 1050 4619 Figuris
1088 4557 1176 4619 seu
1207 4544 1381 4619 Arnodis
1409 4537 1752 4619 locutionum,
1780 4537 1965 4619 (μιφά

392 4609 878 4682 (immisse/tentata
908 4609 993 4667 uel
1022 4615 1152 4682 tropi
1182 4613 1438 4677 dicuntur,
1471 4614 1655 4667 missus
1684 4611 1752 4682 ad

391 4688 505 4751 tum
520 4680 747 4751 lavitum.
780 4681 916 4737 Hinc
949 4680 1128 4751 tamen
1160 4700 1268 4738 non
1297 4692 1511 4737 constat
1535 4681 1820 4751 genuinam
1848 4695 1967 4734 esse

388 4748 598 4831 prolem
624 4748 930 4831 Cassiodori
954 4750 1254 4831 Senatoris.
1286 4753 1341 4804 1°
1364 4752 1518 4807 Hunc
1542 4748 1752 4831 :quippe
1773 4750 1966 4831 librum

388 4820 460 4873 ad
486 4834 614 4874 suos
641 4819 982 4877 Vivarienses
1010 4824 1321 4889 monachos,
1350 4837 1456 4877 non
1495 4819 1759 4875 ad’alium
1792 4820 1967 4875 uomi-

390 4891 561 4960 uatim
589 4897 644 4945 ct
670 4890 1012 4960 peculiariter
1041 4893 1300 4948 intentum
1332 4893 1592 4959 direxisse
1629 4899 1835 4946 certum
1856 4897 1965 4960 est.

387 4955 455 5031 2°
482 4959 587 5031 Bis
612 4955 753 5016 in-eo
778 4962 971 5017 citatur
991 4962 1282 5031 Gregorius
1311 4955 1551 5031 Magnus,
1582 4962 1671 5031 qui
1694 4968 1819 5030 post
1838 4958 1968 5015 Cas-

389 5029 592 5102 siodori
638 5033 808 5088 nostri
836 5040 1080 5102 tempora
1107 5029 1417 5088 scribebat.‘
1433 5032 1490 5086 δ”
1515 5029 1827 5087 Ιίρῐυοιὰιιιιι
1853 5031 1967 5100 ipse

389 5100 641 5172 Senator,
687 5103 781 5172 qui
826 5100 1073 5171 perbibet
1116 5119 1174 5158 se
1216 5102 1284 5157 98
1330 5104 1603 5158 schemata
1646 5118 1741 5157 seu
1782 5110 1968 5170 tropos

390 5171 896 5256 complexum_esse,
927 5188 1156 5256 quorum
1184 5173 1272 5256 vix
1299 5174 1527 5256 mediam
1561 5181 1769 5256 partem
1800 5171 1965 5225 attin-

389 5243 468 5308 git
493 5242 662 5297 codex
693 5241 1076 5309 Floriacensis,
1114 5243 1270 5299 Bedze
1312 5241 1774 5299 lucubrationibus
1814 5257 1966 5297 assu-

390 5310 605 5384 tus_._Eo
631 5313 792 5383 igitur
821 5314 959 5369 libro
988 5314 1128 5369 inter
1158 5329 1322 5384 opera
1352 5312 1509 5369 Beda:
1535 5314 1745 5379 relicto,
1774 5312 1966 5384 melius

390 5381 547 5437 nobis
570 5381 739 5438 visum
760 5392 858 5449 est,
884 5395 940 5438 et
960 5384 1028 5439 ad
1047 5381 1281 5439 mentem
1301 5382 1578 5439 Senatoris
1598 5384 1767 5439 nostri
1790 5382 1967 5452 aptius

390 5452 510 5527 haec
525 5454 715 5508 eadem
741 5454 1038 5527 schemata,
1067 5470 1185 5527 qua:
1211 5454 1263 5509 in
1291 5452 1691 5511 Commentario
1717 5453 1883 5524 ipsius
1910 5452 1965 5506 in

392 5523 635 5579 Psalmos
676 5525 872 5592 passim
918 5523 1435 5594 obvia—cernuntur,
1473 5527 1526 5580 in
1565 5523 1968 5593 unum’corpns

390 5594 636 5668 redigere
659 5594 811 5663 juxta
837 5596 1351 5668 seriemralphabeti,
1393 5598 1651 5666 appositis
1683 5595 1967 5668 adgsiiigu-

391 5664 474 5719 las
512 5665 708 5731 ﬁguras
736 5680 844 5719 uno
874 5675 968 5720 aut
1040 5664 1241 5722 luribns
1268 5664 1545 5736 exemplis,
1576 5666 1718 5735 quod
1760 5666 1812 5719 in
1846 5678 1969 5732 gra-

391 5734 523 5788 tiain
553 5734 766 5789 lectoris
796 5750 902 5790 non
934 5682 1034 5790 adp
1028 5736 1097 5790 98
1128 5744 1333 5790 tantum
1373 5747 1583 5790 tronos.
1623 5737 1716 5790 sed
1761 5736 1828 5789 ad
1868 5732 1969 5786 120

390 5734 531 5808 tiain_
553 5734 766 5789 lectoris
796 5750 902 5808 non
934 5732 1016 5790 ad
1028 5736 1097 5791 98
1127 5744 1333 5808 tantum
1373 5732 1716 5808 tropum—sed
1761 5736 1828 5789 ad
1857 5732 1969 5808 7120

394 5816 449 5859 ct
481 5803 620 5858 ultra
649 5804 1041 5876 protendimus,
1075 5807 1268 5864 additis
1302 5803 1620 5877 quibusdam
1665 5807 1967 5865 rhetorico-

2070 3279 2393 3350 sullragatur
2420 3278 2771 3337 Cassiodorus
2796 3278 3056 3347 senator,
3099 3282 3191 3350 qui
3229 3281 3415 3335 nullibi
3461 3282 3659 3335 borum

2071 3348 2360 3415 librorum,
2414 3366 2485 3406 ne
2532 3366 2756 3420 operum
2805 3352 3021 3421 quidem
3073 3348 3293 3406 suorum
3349 3351 3658 3418 catalogum

2072 3427 2281 3485 texens,
2329 3421 2657 3476 mentionem
2712 3422 2921 3477 habuit.
2971 3424 3082 3477 Nec
3125 3423 3298 3476 minus
3328 3422 3583 3477 aberrant
3623 3436 3660 3475 a

2070 3504 2202 3544 vero
2238 3490 2331 3557 qui
2372 3491 2506 3544 vitas
2549 3500 2856 3564 sanctorum
2893 3491 3202 3564 Paphnutii,
3233 3491 3561 3564 Spiridionis
3600 3500 3663 3564 et

2070 3569 2422 3633 czeterorum,
2459 3575 2592 3629 quas
2630 3562 2686 3616 in
2728 3564 2954 3633 primam
2974 3561 3190 3633 partem
3220 3561 3546 3633 Legendarii
3571 3563 3662 3633 sui

2070 3630 2341 3698 congessit
2368 3629 2772 3702 Lipomanus,_a
2798 3629 3121 3702 Cassiodoro
3150 3632 3381 3702 primum
3414 3632 3664 3686 conscri-

2070 3707 2190 3772 ptas
2219 3700 2578 3772 piitant,'_qute
2608 3702 2793 3771 primis
2815 3700 3066 3758 Historiae
3094 3700 3398 3772 Tripartita:
3425 3702 3665 3771 scripto-

2070 3769 2232 3843 ijbus’
2258 3771 2381 3843 jure
2427 3769 2709 3843 debentur.
2757 3769 3662 3843 liiiprobabilioruideturopinio

2070 3838 2296 3909 Cesneri
2336 3841 2390 3895 in
2432 3839 2767 3898 Bibliotheca
2814 3838 2930 3909 sua,
2971 3844 3061 3899 ubi
3096 3841 3369 3898 sexdecim
3398 3838 3564 3896 libros
3592 3841 3665 3895 de

2073 3908 2151 3981 lie
2180 3912 2372 3966 rustica
2390 3952 2404 3976 ,
2440 3926 2577 3980 quos
2604 3927 2743 3967 vano
2773 3929 2990 3969 rumore
3019 3914 3192 3968 innuit
3228 3912 3459 3981 reperiri
3480 3912 3531 3965 in
3576 3912 3665 3966 bi-

2071 3980 2338 4037 bliotheca
2374 3982 2686 4037 monasterii
2721 3982 2777 4038 S.
2810 3982 3084 4038 Michaelis
3106 3984 3174 4038 de
3206 3980 3403 4043 Monte,
3432 3980 3657 4037 Cassio-

2069 4049 2205 4122 doro
2226 4062 2411 4107 nostro
2441 4052 2656 4119 tribuit;
2688 4052 2858 4122 magis
2896 4054 3041 4109 enim
3070 4052 3369 4109 ascribeudi
3398 4060 3522 4106 sunt
3550 4051 3665 4106 Co-

2069 4120 2320 4204 lumelluz,
2350 4123 2536 4204 quiea
2570 4123 2639 4204 de
2687 4138 2748 4204 re
2786 4120 3016 4204 totidem
3064 4124 3241 4204 Libros
3256 4122 3486 4204 scripsit,
3537 4122 3664 4204 ipso

2071 4198 2210 4262 teste
2232 4191 2555 4247 Cassiodoro
2589 4191 2854 4248 Senatore
2883 4192 3024 4261 (Lib.
3060 4193 3175 4248 Dia.
3208 4191 3360 4259 Litt.,
3389 4208 3504 4261 cap.
3538 4192 3659 4262 28).

2068 4259 2127 4314 In
2161 4261 2349 4318 codice
2393 4262 2496 4317 Hb
2537 4270 2589 4317 et
2632 4262 2769 4318 1469
2810 4259 3153 4320 bibliothecae
3201 4259 3472 4318 Vaticana:
3519 4259 3663 4317 alius

2070 4330 2340 4403 invenitur
2368 4332 2502 4387 liber
2526 4334 2614 4387 cui
2644 4334 2831 4388 titulus
2851 4333 2940 4388 hic
2969 4334 3274 4403 appingitur
3304 4350 3317 4385 :
3350 4330 3665 4388 Cassiodori

2070 4401 2134 4475 tle
2160 4401 2450 4475 divinarum
2477 4403 2867 4475 Scripturarum
2895 4401 3436 4475 libris—Etymologite;
3464 4403 3558 4457 scd
3587 4404 3662 4475 ab

2070 4471 2182 4545 illo
2209 4473 2460 4545 lemmate
2505 4471 2750 4528 dissentit
2793 4482 3095 4540 contextus,
3138 4471 3236 4545 qui
3281 4471 3426 4528 totus
3463 4480 3549 4528 est
3587 4473 3662 4528 de

2073 4540 2271 4597 Divinis
2292 4543 2526 4599 Litteris.

1806 4586 1966 4664 :a'ier—
1994 4586 2045 4645 ο
2116 4586 2699 4681 ’δὶὶῇὂῖὲῐῖιὶὶᾘνθνεία
2726 4615 2855 4669 oriri
2895 4621 3074 4684 potest
3101 4616 3168 4670 de
3200 4614 3339 4670 libro
3367 4615 3430 4668 de
3454 4614 3659 4668 Amici-

2068 4684 2160 4746 tia,
2211 4698 2369 4754 quem
2418 4683 2471 4737 in
2517 4684 2674 4738 editis
2720 4683 3039 4754 quibuSdam
3085 4684 3502 4754 exemplaribus,
3554 4699 3663 4738 nec

2065 4753 2411 4821 paucioribus
2440 4753 2817 4823 manuscrip’tis
2848 4754 3173 4810 Cassiodoro
3203 4753 3389 4809 uestro
3426 4754 3663 4809 ascribi-

2068 4832 2399 4895 tur;uverum
2431 4824 2593 4895 totius
2619 4823 2939 4895 libristylus
2961 4825 3061 4894 ipsi
3091 4841 3198 4879 non
3228 4824 3405 4895 favet,
3447 4823 3664 4895 sediti-

2068 4892 2294 4960 signiter
2318 4892 2592 4949 Bernardo
2620 4903 2715 4949 aut
2743 4892 2903 4950 Petro
2933 4892 3190 4949 Dlescnsi.
3224 4893 3488 4948 Prmterca
3518 4893 3663 4949 liber

2070 4963 2161 5017 hic
2201 4963 2265 5016 de
2300 4964 2542 5018 Amicitia
2591 4965 2818 5033 vulgata:
2862 4965 3114 5020 editionis
3157 4963 3442 5033 Scriptura:
3487 4979 3664 5019 sacra:

2072 5040 2268 5118 textus;
2280 5033 2527 5118 adhibet,
2559 5032 2751 5118 quibus
2779 5050 3048 5118 nunquam
3078 5050 3204 5091 usus
3239 5032 3323 5088 est
3367 5032 3662 5118 Cassiodo-

2069 5118 2185 5175 rus.
2236 5102 2467 5158 Senator
2512 5102 2719 5175 llD—Sleb
2743 5102 2945 5175 nullibi
2976 5120 3202 5175 operum
3236 5119 3461 5160 suorum
3496 5103 3664 5172 hujus

2071 5173 2194 5229 libri
2230 5174 2493 5229 meminit.
2528 5173 2683 5230 llunc
2709 5174 2904 5230 librum
2933 5173 3095 5230 Petro
3123 5174 3363 5230 Bleseiisi
3398 5182 3660 5230 tanquam

2070 5260 2203 5300 vero
2225 5245 2434 5313 parenti
2454 5245 2583 5300 satis
2603 5246 2832 5301 asseruit
2854 5246 3040 5301 ultima
3071 5244 3186 5314 ejus
3212 5259 3435 5315 operum
3465 5244 3659 5308 editio,

2072 5330 2188 5385 non
2206 5315 2278 5369 ita
2306 5315 2513 5385 pridem
2542 5316 2790 5385 repetita.

2148 5384 2384 5443 Uterque
2422 5384 2615 5441 tomus
2639 5384 2946 5443 Cassiodori
2993 5401 3215 5443 onerum
3255 5385 3521 5440 clauditur
3556 5398 3663 5440 suo

2149 5400 2384 5509 Uterque
2422 5400 2601 5441 tomus
2639 5400 2946 5443 baSSIOtIOI‘l
2993 5402 3026 5442 ο
3065 5401 3215 5442 erum
3255 5400 3521 5440 eiauuitur
3556 5400 3663 5440 suo

2071 5454 2249 5511 indice
2313 5456 2748 5526 ocupletissimo,
2785 5457 2978 5527 quibus
3024 5402 3301 5512 genatoris
3338 5455 3508 5527 nostri
3551 5455 3663 5527 viri

2070 5535 2219 5582 certe
2263 5527 2707 5596 prmstantissimi,
2738 5525 2981 5583 necdum
3029 5536 3207 5582 tamen
3255 5525 3386 5582 satis
3412 5525 3660 5596 cogniti,

2072 5596 2233 5668 vitam
2265 5595 2396 5668 cum
2424 5596 2801 5653 dissertatione
2823 5598 2891 5653 de
2912 5598 3029 5668 ejus
3056 5597 3167 5668 vita
3193 5595 3489 5668 monastica
3513 5609 3665 5668 pra;-

2069 5666 2209 5731 niisi,
2243 5667 2458 5734 adjutus
2483 5682 2646 5737 opera
2676 5669 2846 5724 nostri
2871 5664 3074 5723 Nicolai
3104 5666 3358 5737 Nourriti,
3389 5665 3482 5737 qui
3510 5666 3563 5737 in
3593 5664 3665 5737 iis

2066 5737 2459 5792 concinnaudis
2477 5735 2774 5795 studiorum
2795 5753 3038 5797 ineorum
3059 5739 3240 5795 socius
3258 5735 3357 5793 fuit
3379 5745 3434 5791 ct
3456 5735 3665 5792 laboris

2071 5811 2361 5884 particeps.
