3954 6178
482 296 579 351 (Si

1615 293 1683 347 Μ.
1728 288 2071 347 AURELIUS
2109 287 2598 346 CASSIODORUS.

3640 286 3745 345 432

476 425 708 487 nostrum
744 431 1086 487 expensorum
1142 410 1377 467 oneribus
1425 412 1722 482 ingrararet
1777 406 1919 479 (Lib.
1981 424 2054 475 ix,
2090 419 2136 469 Α
2166 406 2800 487 ηιριιίςιιιῌιειιθιριιιιιιιο
2839 404 3000 487 animi
3028 405 3288 487 vigorem.
3330 393 3775 487 Regitueitaquel

475 502 557 542 ea.
588 485 705 542 ‘25).

505 492 741 610 pallia
763 556 877 622 ejus
901 552 1062 608 animi
1090 552 1359 622 nobilitas,
1383 566 1444 605 ea
1469 549 1533 603 de
1556 550 1776 617 singulis
1790 549 1928 604 bene
1948 564 2063 622 me—

474 626 629 682 rendi
659 620 926 683 voluntas,
978 631 1034 676 ut
1083 638 1188 677 non
1236 621 1396 675 modo
1435 622 1486 673 in
1519 622 1681 684 cives,
1712 620 2063 674 vcrumetiam

479 696 530 751 in
558 709 734 762 regem
757 694 1030 748 beneficus
1051 693 1348 753 exstiterit;
1374 700 1426 744 et
1451 691 1608 743 alieni
1637 690 1902 762 conunodi
1927 691 2063 744 adeo

477 760 751 834 providus,
782 771 839 817 ut
868 780 1012 817 arma
1040 764 1149 834 ejus
1178 762 1319 834 nulla
1350 777 1696 834 possessorum
1722 760 1912 812 damna
1943 776 2065 834 sen_-

478 829 657 887 ierint.
688 833 857 899 Quam
896 848 1024 901 ergo
1063 829 1208 899 juste
1246 831 1497 884 laHdatur
1535 830 1675 901 apud
1722 841 1967 901 senatum
1998 829 2067 901 ab

480 896 813 966 Athalarico,
851 896 984 956 duni
1018 896 1414 970 provinciarum
1462 896 1739 953 custodem
1786 896 2060 966 appellat!

484 972 608 1026 Fuit
635 973 875 1026 nimirum
899 973 1277 1041 provinciarum
1307 971 1596 1023 rarissimus
1618 978 1805 1022 custos.
1833 970 1897 1022 Et
1916 984 1999 1041 ce,
2015 976 2069 1023 te

483 1043 602 1112 quis
634 1058 865 1112 unquam
888 1043 1044 1112 regia:
1074 1040 1369 1107 majestatis
1389 1048 1627 1112 assertor
1651 1041 1821 1105 magis
1853 1040 2070 1112 religio-

483 1109 573 1167 sus
601 1121 653 1165 et
677 1109 847 1172 fortis,
890 1111 1059 1178 magis
1088 1112 1351 1163 bonorum
1381 1110 1607 1177 vittaque
1636 1124 1745 1162 sua:
1790 1110 2063 1179 prodigus,

482 1197 641 1248 quem
670 1198 769 1236 nec
790 1181 1091 1249 vacillantis
1114 1180 1261 1245 regni
1288 1180 1545 1249 principia
1574 1179 1672 1231 sub
1696 1179 1897 1232 infante
1921 1192 2065 1249 rege,

485 1267 583 1307 nec
632 1251 791 1305 dubia
838 1266 1018 1305 rerum
1075 1248 1260 1311 facies,
1301 1256 1394 1301 aut
1441 1250 1643 1301 incerta
1686 1248 1994 1303 vicissitudo
2038 1263 2068 1300 a

484 1322 762 1390 proposito
793 1322 965 1390 potuit
994 1335 1224 1387 unquam
1255 1318 1567 1373 deterrere?
1599 1316 1742 1390 (Eris
1772 1318 1899 1384 regii
1926 1315 2070 1390 lid.s-_-

485 1385 648 1446 simus
703 1385 806 1445 fuit
848 1385 1222 1454 conservator;
1276 1390 1397 1441 teris
1450 1388 1655 1457 proprii
1695 1390 1942 1456 provisor
1986 1385 2070 1439 vel

484 1461 851 1530 parcissimus,
881 1461 965 1514 vel
1005 1459 1218 1530 nullus;
1240 1472 1773 1530 generosonamque
1820 1457 2069 1530 praeditus

487 1526 687 1592 animo,
719 1526 1039 1599 posthabitis
1064 1529 1147 1583 his
1168 1526 1399 1599 aliisque
1434 1527 1732 1599 rationibus
1775 1529 1981 1599 quibus
2002 1526 2070 1599 ad

488 1615 576 1653 res
602 1597 733 1654 suas
758 1600 1122 1669 procurandas
1148 1598 1269 1653 duci
1304 1606 1546 1669 (poterat,
1577 1598 1642 1651 ad
1687 1598 1877 1651 altiora
1910 1597 2071 1669 erigi-

490 1678 606 1733 tur;
641 1679 697 1723 ut
726 1667 877 1738 cujus
909 1670 988 1722 lid.
1010 1687 1036 1722 s
1079 1669 1236 1722 nullis
1283 1667 1534 1721 limitibus
1565 1669 1866 1738 tenebatur,
1911 1667 2070 1721 nullis

490 1739 603 1810 ipse
620 1737 1057 1810 rebusparceret
1083 1745 1181 1810 pro
1210 1738 1352 1810 regis
1378 1737 1653 1810 obsequio.

561 1808 590 1880 §
618 1807 969 1873 ΧΧΙΧζριιὶά
1000 1807 1225 1880 dimissis
1247 1808 1491 1861 militibus
1517 1811 1569 1861 in
1599 1814 1856 1878 questura
1887 1809 2068 1878 egerit.

490 1877 676 1933 At'ubi
701 1880 768 1932 ab
797 1880 960 1933 armis
987 1877 1278 1932 discessum
1307 1885 1411 1941 est,
1442 1877 1625 1931 curam
1662 1893 1876 1931 omnem
1910 1877 2072 1945 atque

491 1949 758 2017 ingenium
788 1950 839 2003 in
870 1963 937 2002 eo
966 1949 1162 2017 posuit,
1195 1956 1252 2002 ut
1287 1962 1381 2002 sua
1420 1946 1643 2015 singulis
1684 1962 1779 2016 pro
1819 1948 2072 2017 (equitate

486 2018 605 2088 jura
636 2020 931 2088 tribueret:
964 2017 1107 2088 quod
1139 2017 1470 2071 Athalaricus
1520 2018 1591 2088 ita
1635 2024 1861 2071 testatur
1911 2017 2068 2087 (Var.

491 2086 581 2143 lib.
613 2104 686 2150 ιι,
717 2105 798 2157 ep.
830 2086 1029 2156 25)...)1
1062 2087 1181 2141 belli
1222 2104 1346 2140 cura
1394 2087 1620 2157 resoluta
1665 2097 1763 2149 est,
1812 2086 2071 2157 ingenium

490 2174 638 2213 suum
667 2155 832 2228 legum
863 2155 1028 2225 potius
1052 2158 1231 2211 ductor
1259 2157 1506 2211 exercuit.
1540 2155 1673 2210 Belli
1703 2158 1844 2211 enim
1871 2155 2075 2210 confu-

491 2228 645 2284 sione
674 2228 948 2289 dissoluta,
986 2228 1239 2296 corrupta
1269 2241 1405 2296 pene
1432 2228 1634 2290 omnia,
1677 2242 1742 2282 ac
1785 2228 2074 2295 dissipatas

492 2298 658 2365 leges,
688 2299 794 2353 imo
819 2298 1077 2364 iudicum,
1123 2313 1258 2365 quos
1304 2298 1524 2351 avaritia
1558 2298 1843 2363 invaserat,
1878 2298 2076 2364 reperit

491 2368 703 2424 venalia
739 2368 960 2437 judicia.
995 2366 1133 2433 Quid
1179 2368 1341 2437 vero?
1385 2366 1509 2422 ll:ec
1554 2367 1747 2422 danma
1803 2382 2075 2437 reparare,

494 2438 635 2492 hanc
664 2436 866 2508 peStem
894 2438 1168 2508 eliminare
1190 2436 1394 2490 studuit
1422 2453 1485 2492 ea
1517 2438 1811 2507 prudentia:
1836 2446 1889 2490 et
1914 2436 2075 2504 justi-

496 2511 582 2563 tite
612 2505 786 2571 laude,
816 2516 873 2561 ut
894 2505 1011 2573 ejus
1036 2507 1234 2575 judicio
1262 2508 1464 2575 :cquius
1494 2505 1619 2560 nihil
1651 2515 1867 2576 possent
1889 2516 2077 2575 optare

498 2578 827 2647 litigantium,
856 2577 1021 2630 turba:
1048 2594 1060 2629 :
1096 2576 1325 2647 Signans
1364 2578 1478 2629 sine
1507 2577 1820 2647 litigantium
1839 2577 2071 2647 ⁸ιὶίιιιιιιο,

544 2644 631 2701 toil
651 2656 770 2700 ante
789 2646 899 2699 sine
913 2648 1074 2714 pretio
1096 2644 1360 2698 coits'abat
1380 2662 1490 2699 esse
1511 2646 1679 2698 lacera
1689 2656 1791 2698 tum
1807 2644 1856 2713 (I
1862 2645 2074 2705 bidem).

544 2664 628 2701 toa
651 2664 770 2700 ante
789 2664 899 2699 sine
913 2664 1074 2714 prcao
1096 2664 1360 2698 cons'aaat
1380 2664 1490 2699 esse
1511 2664 1791 2698 laceratum
1807 2664 2072 2713 (lDtttcml.

494 2664 643 2784 guns
672 2717 723 2769 in
753 2718 857 2769 hoc
886 2725 1102 2769 secutus
1143 2716 1211 2768 sit
1247 2714 1602 2769 Cassiodorus
1647 2717 1691 2784 si
1738 2716 1877 2768 scire
1922 2718 2072 2773 velis.

497 2783 617 2840 audi
664 2787 910 2857 eumdem
943 2785 1302 2857 {\tbalaricum
1335 2784 1580 2857 (Ibidem)
1608 2783 1841 2857 :_Talem
1863 2784 2078 2857 Metelli

495 2857 551 2910 in
581 2857 722 2920 Asia,
758 2856 906 2909 talem
933 2854 1141 2908 Catonis
1172 2856 1223 2906 in
1257 2853 1513 2921 Hispania
1555 2854 1766 2922 legimus
1797 2855 2078 2925 fuisserdu-

496 2934 687 2984 catum,
713 2927 799 2996 qui
821 2927 933 2996 plus
956 2925 1019 2979 de
1041 2942 1135 2996 sua
1164 2925 1456 2996 disciplina,
1482 2941 1633 2991 quam
1662 2940 1752 2994 per
1786 2924 1933 2977 arma
1960 2924 2077 2977 lan-

498 2996 610 3050 dati
646 2994 783 3061 sunt.
828 2995 939 3048 Nec
965 2994 1062 3049 eos
1098 2994 1352 3048 imitando
1404 3003 1605 3047 tantum
1646 3003 1925 3048 assecutus
1973 3004 2073 3061 est,

498 3067 590 3121 sed
616 3056 771 3133 lotige
795 3065 1125 3134 multmnque
1152 3065 1424 3133 superavit
1450 3081 1462 3116 :
1493 3064 1920 3132 quandoquidem
1969 3056 2077 3119 tam

498 3137 810 3214 prteclarum
852 3133 1060 3190 cximim
1109 3134 1248 3188 illius
1293 3134 1523 3214 virtutis
1550 3133 2078 3214 Athalaricqsuled‘it
2106 3153 2149 3214 ρ

501 3203 883 3286 testimonium,
909 3214 1295 3286 ut_asscverarc
1313 3220 1416 3257 non
1438 3204 1644 3285 dubitet
1662 3218 1783 3258 eum
1808 3203 2072 3286 (Ibidem),

500 3275 621 3329 dum
650 3278 866 3330 nesciret
908 3276 1082 3346 aliena
1110 3291 1356 3346 qttmrere,
1388 3275 1587 3346 novisse
1628 3284 1824 3346 tantum
1867 3275 2080 3346 propria

500 3347 674 3417 largus
704 3346 905 3414 offerre.
938 3344 1096 3407 IIinc,
1123 3344 1317 3417 inquit,
1350 3345 1553 3417 cunctis
1569 3346 1642 3417 ita
1666 3346 1762 3417 fuit
1789 3344 2073 3409 benecolus,

499 3425 557 3470 ut
585 3413 802 3468 suarum
834 3432 1003 3469 rerum
1032 3432 1137 3469 non
1165 3416 1434 3479 dominus,
1465 3415 1558 3468 sed
1594 3413 1893 3467 distributor
1932 3431 2080 3483 egre-

498 3488 615 3558 gius
635 3484 921 3540 videretur.
952 3484 1229 3553 Nunquam
1259 3494 1438 3558 tamen
1483 3499 1665 3558 rerum
1694 3485 1917 3558 feliciter
1954 3498 2080 3553 pro-

499 3554 724 3612 cedente
752 3572 932 3622 cursu,
964 3570 1065 3610 nec
1114 3555 1381 3624 poliularis
1411 3569 1552 3607 anne
1580 3554 1762 3607 afllatu
1811 3554 1948 3607 elata
1988 3562 2078 3624 est

499 3626 616 3695 ejus
641 3626 802 3695 animi
826 3623 1151 3688 moderatio;
1183 3625 1381 3695 etenim
1411 3624 1597 3695 solidis
1645 3624 1960 3695 Chiistiana:
1986 3623 2080 3679 bu-

499 3692 742 3749 militatis
779 3693 1138 3749 fundamentis
1183 3693 1405 3747 ﬁrmiter
1435 3693 1666 3751 innixus.
1723 3692 1820 3747 fuit
1864 3709 2078 3762 semper

498 3766 793 3819 moderatus
819 3766 871 3817 in
900 3767 1180 3835 prosperis.
1218 3763 1411 3835 verum
1455 3779 1561 3831 quo
1606 3771 1935 3835 pratccptorc
1978 3765 2078 3819 has

500 3836 789 3905 proborum
822 3833 1029 3888 morum
1054 3833 1506 3905 legesdidicerat,
1552 3846 1681 3905 quas
1714 3833 1910 3905 surculi
1951 3849 2077 3905 ιιι-ιι-

500 3901 679 3958 dentia
708 3919 960 3973 respuere
988 3901 1165 3957 solet?
1189 3901 1523 3973 Nullocerte
1551 3902 1653 3956 nisi
1700 3903 1912 3957 Christo
1959 3901 2076 3957 Do-

499 3975 666 4036 mino,
698 3972 858 4042 quem
892 3975 944 4026 in
978 3974 1144 4026 sacris
1182 3972 1456 4026 codicibus
1490 3972 1772 4042 docentem
1810 3973 2072 4042 audierat.

499 4044 613 4114 ljos
629 4041 786 4114 igitur
806 4059 971 4096 mores
992 4044 1139 4114 lectio
1160 4043 1334 4095 divina
1357 4042 1597 4114 solidarit
1614 4041 1752 4110 (Lib.
1767 4058 1933 4113 tx,ep.
1958 4041 2071 4112 ‘25).

499 4112 579 4166 Ex
610 4112 691 4166 his
718 4112 950 4166 fantibus
979 4113 1095 4165 illas
1124 4113 1345 4165 virtutes
1376 4113 1551 4165 hausit
1576 4127 1709 4180 quas
1737 4113 1790 4167 in
1814 4121 2075 4166 mternum

539 4184 841 4236 oliticorum
871 4183 1110 4237 omnium
1139 4181 1440 4249 exemplum
1470 4182 1735 4247 traduxit;
1765 4182 1945 4237 ethoc
1966 4198 2076 4238 cm-

522 4253 621 4307 esti
648 4252 878 4306 Doctore
904 4252 1055 4305 novit
1091 4252 1390 4321 humilitate
1418 4250 1615 4305 Chriéti
1648 4253 1699 4305 in
1738 4253 2076 4321 amplissimis

499 4322 791 4377 honoribus
838 4338 1014 4377 mores
1061 4320 1483 4376 modestissimos
1525 4320 1881 4377 conformare.
1935 4322 2077 4376 Hinc

497 4394 738 4446 virtutum
783 4396 1009 4451 omnium
1058 4392 1276 4445 sumitur
1322 4392 1598 4462 manifesta
1648 4393 1906 4461 cognitio;
1955 4393 2075 4447 hinc

496 4464 753 4532 sapientia
780 4463 1006 4516 veritatis
1025 4478 1211 4532 sapore
1234 4462 1510 4515 conditur:
1540 4463 1613 4515 sic
1642 4463 1711 4515 ad
1735 4464 1910 4532 omnia
1955 4463 2074 4516 red-

2168 476 2429 530 voluntati
2458 475 2793 544 consilioque
2821 475 3173 531 salubetrimo
3206 485 3312 530 tam
3339 476 3615 544 praefracte
3636 485 3765 530 tano‘

2168 554 2330 614 taque
2373 544 2963 614 ferocitateobstitere,
3005 556 3061 600 ut
3116 561 3303 599 eorum
3356 545 3522 598 futuri
3563 546 3755 601 cedere

2169 613 2384 670 tandem
2423 624 2612 671 coacta
2649 613 2825 668 fuerit.
2876 614 3078 669 Idcirco
3130 614 3422 668 Athalarici
3476 616 3651 670 mollis
3701 625 3754 670 et

2169 684 2309 740 fluxa
2340 694 2471 739 tetas
2510 685 2786 739 exstinctis
2823 686 3075 738 virtutum
3106 694 3161 739 et
3200 686 3520 753 optimarum
3561 686 3754 739 artium

2168 756 2461 810 seminibus
2488 753 2556 808 ad
2581 755 2706 807 vitia
2747 755 2900 809 facile
2926 754 3162 825 deflexit,
3199 770 3262 809 ac
3300 756 3587 823 pessimum
3619 757 3760 825 regis

2168 825 2475 894 exemplum
2500 825 2608 880 cito
2637 832 2821 879 secuta
2847 832 2929 879 est
2966 824 3300 879 subditorum
3344 840 3482 895 pene
3517 824 3764 882 omnium

2172 895 2474 949 miseranda
2500 895 2794 963 corruptio.

2244 965 2539 1034 Depravata
2570 965 2747 1018 omnia
2779 979 2878 1034 nec
2899 964 3015 1019 sine
3045 964 3313 1034 lacrymis,
3341 980 3440 1019 nec
3462 965 3578 1019 sine
3607 981 3763 1021 acer-

2168 1032 2397 1107 bissimo,
2419 1034 2579 1107 animi
2604 1050 2762 1107 sensu
2792 1032 2977 1107 videre
3006 1032 3217 1107 poterat
3243 1034 3651 1107 Amalasuntba,
3672 1037 3765 1107 pia

2171 1104 2431 1173 imprimis
2459 1105 2677 1170 regina;
2712 1104 2917 1172 ipsique
2968 1113 3024 1157 et
3059 1104 3214 1159 bonis
3242 1106 3491 1160 omnibus
3537 1104 3766 1161 incredio

2170 1174 2332 1244 bilem
2363 1174 2605 1244 dolorem
2637 1174 2884 1228 inurehat
2912 1174 3103 1227 misera
3129 1183 3241 1227 tum
3266 1176 3449 1242 regim,
3477 1185 3586 1229 tum
3610 1176 3766 1244 regni

2171 1242 2369 1315 facies.
2414 1242 2694 1315 ngmum
2744 1251 2948 1315 tamen
2979 1259 3269 1315 maerorem
3311 1246 3588 1300 minuebat
3638 1242 3768 1315 spes

2173 1314 2327 1368 unica
2360 1314 2410 1366 in
2447 1311 2752 1367 Cassiodori
2798 1313 3067 1381 probitate
3099 1314 3303 1382 posita;
3353 1326 3579 1370 noverat
3614 1311 3765 1370 enim

2171 1391 2429 1454 quantum
2454 1384 2593 1454 regis
2616 1382 3029 1438 adolescentiam
3059 1384 3298 1438 consiliis
3319 1393 3373 1439 et
3400 1400 3585 1454 opera,
3617 1386 3769 1440 curis

2172 1460 2227 1523 et
2257 1453 2448 1521 opibus
2470 1453 2687 1507 favisset
2707 1470 2721 1517 ;
2744 1462 2877 1521 quot
2899 1462 3134 1521 qumstor
3163 1454 3336 1508 factus
3365 1453 3574 1523 iniquas
3600 1457 3768 1510 resci-

2173 1521 2346 1593 disset
2371 1524 2542 1590 leges;
2573 1530 2706 1592 quot
2729 1523 3123 1592 impiobissinie
3144 1539 3361 1579 eversas
3381 1521 3523 1593 justo
3552 1525 3771 1580 relixis-

2171 1601 2274 1663 set.
2306 1591 2456 1646 Unde
2479 1591 2709 1663 vitiosas
2726 1607 2914 1647 omnes
2945 1602 3001 1647 et
3027 1604 3306 1663 corruptas
3345 1591 3771 1650 consuetudines

2170 1661 2319 1717 brevi
2343 1663 2411 1717 ab
2432 1677 2500 1717 eo
2524 1662 2885 1717 emendandas
2912 1661 3235 1724 conﬁdebat,
3266 1678 3427 1732 quem
3450 1673 3562 1718 tum
3580 1680 3609 1718 a
3651 1665 3769 1721 Deo

2171 1731 2428 1812 donatum
2455 1733 2676 1812 putabat
2699 1741 2756 1786 ut
2784 1732 3062 1802 pristinum
3089 1731 3391 1804 reipublicae
3418 1736 3770 1805 splendorem

2174 1809 2503 1856 restitueret.

2249 1872 2276 1943 §
2308 1870 2496 1947 XXXI.
2530 1870 2747 1926 Creatur
2782 1874 3273 1947 iterumpraefectus
3314 1876 3577 1947 prtctorio.
3624 1873 3767 1947 Eam

2174 1957 2304 2014 sane
2332 1944 2402 1997 ob
2428 1957 2645 2014 causam
2672 1943 2851 1997 cuncti
2882 1943 3076 2013 quibus
3102 1943 3264 1999 chara
3292 1943 3407 1999 erat
3434 1946 3620 2014 patria:
3643 1946 3771 2011 glo-

2177 2013 2277 2079 ria,
2307 2028 2405 2083 per
2432 2011 2748 2083 senatorem
2773 2011 3174 2079 integerrimum
3205 2011 3450 2083 praatorii
3487 2015 3773 2083 pnel'ectuo

2175 2098 2289 2153 ram
2330 2082 2693 2137 administrari
2723 2085 2983 2153 optabant
3030 2082 3431 2150 ardentissime;
3483 2082 3643 2153 idque
3698 2086 3771 2138 ab

2175 2151 2488 2206 Athalarico
2535 2154 2726 2225 saepius
2762 2151 3201 2225 postulaverant,
3250 2169 3479 2223 quorum
3512 2151 3773 2225 precibus

2176 2237 2418 2275 annuens
2448 2237 2544 2276 rex
2586 2223 2730 2276 illum
2763 2223 3014 2292 prmiurio
3057 2224 3293 2292 przefecit
3331 2223 3627 2280 indictione
3669 2241 3770 2289 xu,

2178 2292 2230 2345 id
2258 2302 2340 2346 est
2366 2306 2510 2346 anno
2542 2291 2775 2346 Domini
2799 2291 2920 2345 554.
2952 2291 3076 2348 "me
3104 2293 3440 2349 Athalaricus
3478 2311 3588 2349 non
3646 2296 3777 2351 sine

2178 2362 2433 2430 praeclara
2483 2361 2788 2417 Cassiodori
2827 2365 3295 2419 commendatione
3334 2365 3590 2427 insinuat,
3635 2365 3773 2419 dum

2178 2432 2253 2484 ait
2283 2431 2440 2497 (Var.
2470 2432 2561 2485 lib.
2592 2448 2665 2495 ιιι,
2695 2449 2774 2502 ep.
2809 2431 2898 2500 24)
2926 2449 2939 2485 :
2988 2432 3194 2488 Diutius
3227 2435 3429 2504 quidem
3469 2434 3774 2502 (li/ferendo

2178 2518 2270 2570 pro
2300 2510 2348 2554 te
2372 2512 2667 2555 cunctorum
2697 2512 2811 2555 vota
2835 2504 3156 2569 Iassavimus,
3186 2516 3241 2557 ut
3261 2505 3673 2558 benevolentiam
3720 2509 3776 2559 in

2179 2580 2227 2623 te
2255 2571 2583 2640 probaremus
2606 2573 2976 2642 generalitatis,
3009 2583 3057 2625 et
3086 2577 3280 2628 cunctis
3302 2575 3644 2628 desideratior
3669 2576 3776 2627 ad-

2179 2642 2394 2695 venires.
2435 2642 2553 2695 Pari
2584 2643 2737 2696 laude
2762 2644 3032 2696 subditum
3065 2660 3158 2697 rex
3200 2644 3384 2707 allicit,
3436 2646 3563 2699 dum
3603 2660 3777 2699 sena-

2181 2719 2290 2785 tum
2321 2712 2574 2785 admonet
2596 2728 2713 2785 qua
2732 2712 2923 2785 ductus
2944 2715 3152 2767 ratiooe
3181 2716 3486 2783 praefectum
3509 2717 3777 2785 prmtorio

2180 2781 2330 2835 illum
2361 2781 2579 2854 fecerat,
2633 2783 2878 2836 videlicet
2923 2790 2980 2835 ut
3026 2781 3263 2837 omnium
3308 2787 3447 2839 votis
3491 2781 3777 2854 expetitus

2180 2853 2514 2923 corruptelas
2543 2868 2733 2906 omnes
2755 2860 2809 2906 et
2838 2868 3033 2923 pravos
3058 2870 3183 2907 usus
3212 2854 3420 2910 facilius
3441 2853 3772 2921 corrigeret.

2184 2921 2321 2995 I_I_nic
2345 2939 2467 2991 ergo
2488 2925 2811 2993 prtul'ectura:
2838 2921 3168 2995 prwtorianw
3191 2924 3469 2995 regendam
3494 2924 3775 2979 tribuimus

2180 2990 2514 3063 dignitatem,
2567 2990 2623 3045 ut
2648 2993 2909 3063 _querelas
2946 3008 3121 3047 omnes
3168 2990 3456 3063 infidelium
3503 2996 3777 3048 nundina-

2181 3062 2318 3115 tione
2340 3062 2609 3135 collectas,
2638 3061 2746 3115 Deo
2767 3071 3065 3135 priestante,
3093 3080 3187 3116 sua
3226 3061 3527 3135 integritate
3556 3081 3777 3135 compo-

2182 3140 2288 3206 not,
2322 3133 2579 3206 faciatque
2607 3133 2947 3206 tam_nimium
2976 3133 3316 3206 desideratus,
3340 3133 3401 3187 ἰιι
3424 3138 3620 3189 cunctis
3647 3133 3777 3206 pos-

2178 3201 2375 3274 sit_esse
2401 3201 2654 3271 beneﬁcus
2678 3201 2816 3274 (Lib.
2849 3218 2922 3267 ιχ,
2948 3219 3027 3273 ep.
3053 3202 3164 3273 25).
3326 3210 3338 3222 ’

2249 3270 2419 3325 Docet
2442 3270 2699 3340 praeterea
2731 3288 2828 3328 rex
2853 3270 2984 3325 eum
3005 3288 3035 3325 a
3066 3270 3131 3328 se
3148 3274 3454 3342 praefectum
3480 3290 3545 3329 ea
3581 3287 3779 3331 mente

2180 3349 2240 3394 ut
2267 3342 2572 3413 provincias
2594 3342 2863 3410 judicibus
2884 3343 3082 3412 iniquis
3101 3360 3384 3413 oppressas
3414 3346 3735 3401 sublevaret
3761 3365 3775 3399 :

2179 3419 2235 3463 ut
2262 3412 2531 3485 probatum
2549 3413 2912 3485 judicemsitte
2952 3422 3088 3465 metu
3132 3412 3410 3483 provincia:
3452 3416 3777 3485 suscipiant,

2178 3482 2573 3557 quas‘itactenus
2602 3482 2949 3557 improborum
2985 3486 3309 3557 cognot'imus
3339 3486 3538 3557 actione
3571 3482 3780 3557 fuligo;

2180 3559 2258 3604 tas
2301 3550 2438 3621 (Lib.
2484 3569 2556 3616 ix,
2587 3568 2667 3622 ep.
2698 3551 2811 3622 24).
2847 3550 3128 3623 Αιιιιιοίιι
3158 3555 3248 3621 qui
3294 3556 3508 3609 sordido
3549 3550 3783 3623 semper

2178 3633 2384 3687 quazstu
2418 3623 2695 3688 abstinuit,
2735 3623 2970 3675 avaritize
2998 3622 3528 3678 damna'rcsarciat:
3564 3622 3779 3680 Solitus

2176 3705 2232 3764 es
2259 3691 2460 3764 quidem
2480 3692 2625 3764 justo
2641 3708 2755 3764 non
2784 3692 3024 3764 vendere;
3056 3692 3145 3745 sed
3169 3710 3308 3764 nunc
3338 3703 3536 3764 oportet
3559 3696 3779 3763 impen-

2178 3760 2282 3813 sius
2303 3761 2442 3815 lwsis
2464 3760 2553 3831 per
2571 3762 2819 3832 injuriam
2848 3762 3114 3833 subvenire
3133 3760 3403 3833 (Ibidem).
3423 3763 3560 3830 Quid
3586 3760 3782 3833 plura?

2178 3838 2238 3882 ut
2275 3833 2366 3905 qui
2409 3830 2679 3905 anteactis,
2713 3832 2887 3905 inquit
2936 3830 3204 3905 (Ibidnn),
3253 3830 3477 3905 fascibus
3506 3830 3780 3890 mirabilis

2177 3901 2505 3972 continentia:
2554 3904 2789 3972 exempla
2836 3902 3072 3972 praebuit,
3114 3901 3499 3972 incorruptibili
3550 3920 3780 3960 morum

2178 3969 2294 4037 ejus
2319 3972 2626 4039 integritate
2655 3969 2851 4026 abusus
2885 3987 3073 4027 omnes
3108 3981 3163 4027 et
3203 3969 3536 4028 fraudulenta
3582 3976 3779 4030 studia

2179 4041 2542 4115 exstirpentur
2555 4052 2609 4115 et
2630 4042 2865 4095 funditus
2888 4043 3160 4115 tollantur.
3186 4042 3426 4115 Invigilet
3452 4047 3783 4115 incorrupti-

2178 4107 2294 4164 bilis
2315 4107 2491 4186 sensus
2522 4112 2763 4186 adversus
2794 4113 2930 4186 male
2951 4122 3220 4186 consuetas
3261 4107 3445 4167 nimius
3480 4107 3776 4186 (Ibidem),

2178 4187 2283 4255 etc.
2317 4179 2455 4235 llinc
2483 4197 2604 4255 eum
2636 4183 2688 4235 in
2720 4183 3039 4251 prtetoriana
3068 4183 3217 4255 sede,
3247 4179 3502 4255 tanquam
3551 4184 3604 4237 in
3644 4179 3779 4255 spe-

2177 4250 2295 4330 cula
2325 4266 2356 4304 a
2393 4267 2457 4332 se
2482 4250 2807 4332 collocatum
2837 4254 3177 4332 pronuntiat;
3204 4250 3282 4307 ut
3331 4250 3782 4332 n'ulla_sagac'em

2177 4318 2294 4393 ejus
2326 4321 2664 4390 prudentiam
2701 4318 2920 4390 ell‘ugiat
2956 4322 3178 4393 malitia,
3207 4337 3370 4392 quam
3416 4324 3502 4377 vel
3547 4318 3776 4393 punire,

2175 4391 2260 4462 vel
2290 4393 2580 4446 emendare
2611 4406 2717 4447 non
2748 4394 2953 4462 possit:
2991 4392 3182 4445 Lumen
3208 4390 3255 4446 te
3277 4390 3583 4448 immisimu's
3617 4390 3781 4449 rebiis

2177 4460 2375 4534 celatis,
2419 4462 2625 4534 quando
2649 4460 2763 4534 nec—
2783 4462 3071 4530 prudentia:
3116 4471 3218 4517 tute
3262 4465 3784 4534 quisquamApotcrit

499 4519 638 4604 dil_u_r
663 4519 1770 4604 humiliskquemimbuitdoctrinacwlestis
1800 4530 2068 4604 (Ibidem).
2104 4519 2149 4577 Β
2176 4519 2411 4604 illudere,
2432 4519 2560 4604 '_n_ec
2580 4533 2735 4602 ﬁdem
2775 4519 2949 4604 uliqua
2989 4534 3248 4587 oblatione
3274 4519 3487 4587 'teut'are
3513 4519 3660 4604 (L'ib.
3698 4552 3777 4598 ιι,

571 4600 666 4655 llis
718 4610 825 4656 tam
880 4598 1194 4656 Christiana:
1244 4602 1460 4670 pietatis
1508 4598 2074 4656 virtutibus'animum

499 4670 625 4727 dum
648 4680 928 4726 exerceret
954 4671 1328 4735 Cassiodorus,
1357 4672 1595 4727 muneris
1638 4672 1858 4727 alterius
1896 4680 2078 4741 partes

497 4741 763 4797 sustinere
785 4742 1094 4809 cogebatur,
1131 4756 1239 4810 quo
1265 4751 1324 4795 ut
1361 4757 1531 4810 nuper
1575 4742 1679 4796 sub
1712 4740 2075 4808 Theoderico,

495 4812 576 4867 sic
602 4812 701 4865 sub
727 4810 1037 4865 Athalarico
1067 4811 1207 4864 illius
1242 4810 1497 4865 mandato
1540 4820 1596 4865 et
1645 4811 1862 4866 nomine
1897 4813 2078 4867 varias

497 4882 566 4936 ad
605 4880 949 4952 pontificem,
999 4880 1064 4936 ad
1106 4881 1408 4952 episcopos,
1449 4880 1514 4933 ad
1561 4880 1784 4944 clerum,
1833 4889 2076 4935 senatum

535 4949 862 5022 opulumque
890 4949 1211 5022 Romanum,
1240 4949 1307 5003 ad
1342 4951 1744 5022 imperatorem,
1788 4952 1855 5004 ad
1892 4965 2075 5022 regem

535 4968 862 5022 oputumque
890 4968 1211 5014 uomanum,
1240 4968 1307 5003 au
1342 4968 1744 5018 imperatorem,
1788 4968 1855 5004 au
1892 4968 2075 5017 regem

496 4968 890 5084 gandalorum,
943 5021 1345 5089 permultosque
1391 5020 1528 5073 alios
1561 5020 1768 5074 litteras
1809 5020 2078 5076 scribebat

497 5092 698 5163 pietate
724 5091 1005 5163 singulari,
1040 5098 1094 5163 et
1141 5090 1448 5163 exquisitis__
1469 5090 1751 5163 sententiis
1780 5091 2070 5157 mirabiles,

496 5158 934 5231 quasiviglereest
959 5161 1105 5214 libris
1134 5175 1225 5213 vm
1255 5170 1309 5213 et
1335 5174 1389 5212 ιιι
1412 5158 1706 5231 Variarum.

570 5233 599 5303 ᾗ
630 5229 792 5284 XXX.
824 5229 1162 5303 Cassiodorus
1191 5246 1304 5303 spes
1337 5230 1505 5303 unica
1540 5230 1931 5303 Amalasunthw
1976 5234 2074 5285 do-

492 5297 620 5356 len'ti
643 5311 896 5356 remotum
919 5318 951 5353 a
978 5300 1162 5353 studiis
1191 5297 1565 5352 Athalaricum.
1594 5297 1872 5364 Octavum,
1904 5308 1964 5354 ut
2001 5302 2076 5355 vi-

495 5371 691 5435 dimus,
722 5386 922 5425 annum
950 5373 1143 5439 agebat
1170 5369 1507 5439 Athalaricus
1544 5384 1665 5422 cum
1704 5370 1771 5423 ad
1804 5372 2073 5437 guberna-

494 5441 616 5495 cula
647 5442 853 5511 imperii
884 5438 1099 5511 Gothici
1128 5438 1462 5511 accessisset,
1494 5452 1663 5511 quem,
1691 5439 2072 5511 Amalasuﬁntha

496 5518 671 5565 mater
694 5508 745 5566 in
777 5511 841 5565 iis
869 5510 1116 5565 omnibus
1143 5508 1437 5581 disciplinis
1462 5516 1519 5562 et
1544 5510 1751 5565 artibus
1780 5527 1899 5581 qua:
1917 5510 2073 5565 Chri-

495 5582 728 5635 stianum
758 5590 813 5634 et
841 5582 1131 5640 maximum
1155 5593 1335 5640 regem
1357 5579 1573 5640 decent,
1596 5579 1944 5636 erudiendum
1964 5592 2074 5635 tra-

497 5596 728 5635 suanum
758 5596 813 5634 et
896 5596 1131 5635 axrmum
1155 5596 1212 5635 re
1250 5596 1335 5634 em
1357 5596 1573 5640 necent,
1596 5596 1944 5636 erudiendum
1964 5596 2074 5635 tra-

497 5649 729 5705 diderat.
760 5596 1038 5716 Atraothi,
1068 5665 1200 5720 gens
1214 5596 1392 5714 ᾔει-οι,
1423 5663 1482 5702 se
1508 5649 1617 5715 regi
1645 5652 1882 5705 scientiis
1895 5651 2077 5707 dedito

496 5733 690 5788 parere
719 5720 856 5774 velle
881 5722 1111 5788 superbe
1140 5726 1499 5786 negaverunt:
1533 5728 1781 5787 putantes
1809 5736 2076 5776 armorum

499 5787 725 5856 gloriam
753 5803 876 5843 cum
906 5787 1083 5844 studio
1104 5789 1404 5844 litterarum
1434 5795 1577 5841 stare
1611 5798 1717 5843 n‘on
1748 5804 1928 5859 posse,
1958 5806 2078 5861 qua:

2178 4616 2262 4671 ep.
2302 4601 2414 4674 at).
2445 4600 2602 4674 Nullo
2634 4611 2813 4656 tamen
2841 4600 3091 4674 exemplo
3117 4618 3239 4657 eum
3288 4604 3462 4658 induci
3507 4600 3783 4674 oportere

2178 4671 2432 4743 przedicat
2469 4671 2535 4726 ad
2573 4687 2636 4725 ea
2664 4687 2785 4743 qu:_e
2819 4671 3021 4739 magna
3054 4681 3179 4743 sunt
3214 4671 3561 4743 peragendaﬁ
3590 4673 3783 4741 Quart.

2179 4740 2336 4811 putas
2365 4741 2434 4812 ob
2466 4746 2720 4795 causam?
2744 4740 2923 4812 Ipsum
2967 4742 3090 4796 audi
3137 4740 3534 4810 Athalaricum;
3571 4740 3782 4799 miram

2179 4825 2310 4865 sane
2356 4811 2435 4865 rei
2488 4812 2716 4866 insolitas
2766 4811 2973 4882 profert
3010 4812 3281 4868 rationem
3324 4830 3338 4865 :
3383 4814 3625 4867 Aliorum
3682 4816 3783 4869 tibi

2180 4883 2417 4947 exempla
2441 4897 2543 4935 non
2571 4883 2832 4953 ponimus,
2854 4891 3023 4953 cetera
3053 4884 3279 4953 moribus
3318 4884 3437 4947 tuis,
3465 4891 3514 4937 et
3535 4887 3783 4938 omnium

2182 4960 2299 5004 vota
2321 4949 2585 5021 complesti
2612 4950 2884 5020 (Ibidem).
2922 4949 3125 5007 Summi
3151 4954 3248 5007 viri
3287 4953 3497 5007 laudem
3548 4955 3786 5008 absolu-

2182 5021 2445 5075 tissimam
2474 5036 2574 5095 nec
2602 5021 2837 5095 brevius,
2860 5037 2962 5095 nec
2982 5023 3173 5095 melius
3199 5023 3318 5095 quis
3354 5024 3645 5095 complecti
3677 5042 3786 5095 p0-

2182 5099 2308 5155 test,
2338 5106 2502 5211 quam
2525 5092 2607 5144 his
2634 5092 2993 5161 paucioribus,
3026 5092 3119 5145 sed
3158 5092 3593 5148 luculentissimis
3645 5092 3784 5149 ver-

2182 5160 2264 5211 bis
2290 5178 2302 5211 :
2384 5171 2522 5211 ctera
2543 5162 2769 5211 moribus
2797 5163 2915 5211 tuis.
2946 5172 2994 5211 et
3017 5164 3243 5211 omnium
3270 5172 3385 5211 vota
3407 5167 3706 5211 comnlesti-

2180 5160 2522 5233 bis_:_i’_eiei'o
2543 5160 2769 5233 moribus
2797 5163 2915 5225 tuis,
2946 5172 2994 5215 et
3017 5164 3243 5233 omnium
3270 5172 3385 5215 vota
3407 5167 3706 5233 complesti.

2256 5231 2283 5301 §
2316 5228 2521 5303 XXXII.
2559 5230 2852 5303 (λιλίιᾼ-ειιιςἶ
2880 5241 2929 5284 et
2947 5232 3200 5303 quomodo
3225 5235 3490 5302 scripserit
3521 5228 3593 5286 ad
3637 5252 3781 5288 sum.

2179 5300 2369 5371 pontif.
2394 5300 2650 5354 Joannem
2674 5300 2758 5355 II.
2810 5300 3000 5355 Mirum
3034 5301 3279 5371 profecto
3321 5300 3481 5370 quam
3514 5314 3793 5359 constans

2180 5386 2396 5441 semper
2422 5371 2582 5425 fuerit
2610 5372 2833 5425 summis
2862 5373 2914 5426 in
2948 5372 3193 5427 laudibus
3212 5371 3516 5434 Christiana
3547 5372 3790 5429 Cassio-

2181 5441 2301 5495 dori
2332 5441 2641 5505 humilitas;
2677 5442 2915 5515 nam'ubi
2944 5443 3172 5510 primum
3206 5441 3484 5515 prmfectus
3513 5447 3795 5515 pneturio

2183 5520 2399 5582 creatus
2446 5521 2547 5575 est,
2589 5512 2768 5565 statim
2820 5512 2887 5565 ad
2933 5527 3199 5565 suntmqu
3248 5512 3556 5582 pontiﬁcem
3598 5513 3792 5568 Joan-

2183 5595 2305 5635 nem
2334 5580 2376 5634 ll
2406 5582 2674 5651 supplices
2702 5582 2905 5635 litteras
2933 5583 3167 5650 scripsit,
3197 5580 3390 5650 quibus
3416 5591 3473 5636 ut
3512 5582 3662 5638 filius
3692 5588 3796 5641 ob-

2183 5662 2377 5715 secrat,
2414 5652 2580 5706 Deum
2608 5667 2705 5721 pro
2732 5667 2790 5706 se
2819 5652 3026 5706 enixius
3052 5661 3171 5705 oret
3208 5661 3472 5721 quatenus
3511 5658 3793 5709 caminis-

2185 5736 2300 5774 sam
2330 5723 2428 5792 sibi
2457 5723 2785 5791 provinciam
2826 5737 2889 5792 ac
2929 5722 3233 5792 reipublicae
3278 5732 3456 5791 partes
3500 5726 3798 5780 sustinere

2185 5807 2285 5863 pro
2314 5791 2570 5863 dignitate
2596 5794 2790 5848 valeat.
2826 5791 3040 5863 Precor,
3074 5792 3243 5862 inquit
3281 5794 3436 5863 (Var.
3463 5792 3552 5848 lib.
3574 5808 3664 5852 xx.
3693 5810 3788 5862 cp.
