3954 6178
172 164 276 224 45Ἱ

1561 141 2086 207 PROLEGOMENA.

3343 149 3452 210 £58

175 272 372 330 nuunt,
401 261 597 345 quibus
635 275 743 316 non
772 275 868 345 sua
895 260 1234 345 providentia
1255 261 1496 345 quidem,
1521 262 1618 319 sed
1635 277 1772 345 _pro-
1802 269 1851 327 Α
1877 262 2024 345 leris.
2031 260 2174 345 bello
2196 259 2554 345 repetendam.
2591 259 3247 345 provocabatLArmoruni
3279 260 3455 318 insue-

173 347 372 393 borum
402 330 678 403 hominum
700 330 948 403 precibus
975 342 1042 403 et
1069 333 1317 403 lacrymis
1344 330 1593 403 effectum
1618 330 1768 396 dicit,

175 422 243 462 ne
271 405 478 460 diutius
519 399 735 473 acribus
779 399 951 473 famis
970 399 1326 473 incommodis
1354 401 1524 457 Roma
1555 416 1770 473 preme—

172 485 348 554 retur.
397 473 477 528 Ita
511 473 654 554 enim
685 471 774 554 ille
799 471 885 554 .ad'
925 471 1219 554 Joannem.
1239 471 1281 554 II
1311 487 1502 554 papam
1519 471 1773 554 scribens

175 545 325 618 (Lib.
358 561 441 618 xi,
464 560 546 614 ep.
567 541 624 611 2)
649 540 1066 618 :_Ec_clesi_asticis
1088 540 1339 618 siquidem
1360 540 1576 618 jejuniis
1607 544 1773 618 [antes

174 611 250 670 est
274 611 502 669 exclusa
529 613 820 683 popularis,
863 613 1062 684 decoris
1109 611 1772 684 lacrymis’tristiliafteda

175 686 448 748 discessit,-
475 682 636 752 et’per
663 693 874 752 sanctos
901 683 1037 752 uiros
1065 682 1408 736 acceleratum
1436 693 1543 751 est,
1565 682 1771 738 ne'tra-

178 757 389 810 lueretur
411 751 607 807 diutius
637 751 774 822 quod
797 751 1068 823 gravabat.

245 826 278 897 ς
311 823 429 878 XL.
452 896 460 897 ί
487 825 599 897 Quo
652 821 814 897 anno'
847 830 1080 876 mortuus
1128 821 1198 874 sit
1237 821 1586 897 Athalaricus,
1619 825 1774 897 eique

179 890 880 962 successeritTheodahatus,
901 901 950 946 et
971 901 1168 962 quanta
1189 900 1309 944 tunc
1330 890 1628 947 Cassiodori
1651 890 1776 948 con-

179 967 400 1020 stantia.
436 964 570 1018 Cum
602 959 1108 1032 prazfecturam'tam
1139 963 1394 1032 pmclare
1422 962 1776 1019 Cassiodorus

181 1031 618 1098 administraret,
652 1046 722 1085 ex
769 1031 1063 1101 llthalarici
1105 1031 1254 1086 obitu
1300 1033 1568 1101 ingentem
1611 1033 1777 1088 animi

182 1107 432 1159 dolorem
462 1101 719 1171 suscepit.
770 1099 953 1155 Primo
1000 1101 1144 1156 enim
1178 1099 1514 1157 :etatis'flore
1535 1117 1656 1157 cum
1681 1119 1778 1158 an—

185 1191 312 1230 num
344 1182 532 1242 ageret
553 1171 822 1242 decimum
847 1180 1091 1242 sextum,
1121 1173 1272 1242 regni
1296 1180 1474 1226 autem
1503 1181 1773 1239 octavum,

184 1240 980 1316 pr:eterbmni_um_opinionem
1010 1240 1212 1316 interiit
1236 1257 1333 1316 rex
1359 1242 1774 1316 adolescentior.

189 1308 303 1372 'b'on
336 1312 606 1384 pepercit,
635 1308 848 1384 florenti
878 1310 1137 1382 principis
1175 1311 1321 1365 aetati
1345 1349 1360 1374 ,
1392 1327 1506 1384 non
1546 1313 1778 1368 reverita

185 1395 264 1440 cst
311 1381 524 1452 regiam
561 1381 1243 1452 dignitatem’prtematurtc
1267 1383 1457 1452 mortis
1478 1382 1612 1436 dura
1636 1398 1778 1452 icon-

186 1456 340 1510 ditio.
373 1451 653 1508 fnversam
680 1451 900 1520 quidem
929 1451 1090 1505 tertio
1116 1451 1248 1505 vidit
1272 1459 1398 1506 tunc
1427 1451 1779 1507 Cassiodorus

186 1527 336 1592 regni
388 1522 618 1586 faciem;
651 1521 795 1576 nulla
824 1530 1002 1574 tamen
1034 1535 1214 1576 rerum
1253 1521 1490 1592 mutatio
1523 1520 1781 1592 firmissi-

188 1591 328 1650 mam
349 1593 576 1662 grandis
601 1592 796 1646 animae
835 1592 1223 1656 constantiam,
1251 1591 1359 1646 imo
1388 1607 1489 1647 nec
1511 1591 1778 1647 fortunam

188 1663 559 1720 labefactavit.

254 1733 576 1789 Athalarieo
624 1729 1005 1785 Tbeodahatns
1050 1729 1120 1784 ab
1157 1729 1540 1785 Amalasuntha
1589 1746 1784 1788 conso-

195 1805 343 1860 brina
367 1801 634 1857 suflectus
652 1809 736 1856 est
762 1801 814 1854 in
837 1813 1060 1860 regnum
1091 1800 1230 1855 circa
1253 1801 1486 1855 medium
1512 1801 1597 1856 vel
1629 1802 1786 1856 linem

195 1876 317 1929 anni
367 1872 500 1927 554.
557 1869 722 1939 Cujus
767 1870 846 1940 rei
898 1869 1069 1925 facilis
1099 1885 1167 1925 ex
1207 1869 1511 1926 Cassiodori
1543 1872 1788 1940 epistolis

193 1944 448 2022 probatio
485 1942 702 2022 eruitur
733 1939 895 2022 chr.
939 1941 1030 1994 lib.
1063 1956 1097 1994 x
1122 1981 1138 2008 ,
1169 1941 1323 2022 epist.
1353 1940 1386 1993 6
1413 1950 1462 1994 et
1493 1939 1787 2022 7).;Ratri-

193 2009 326 2071 cium
351 2011 626 2081 siquidem
657 2009 952 2081 indictione
980 2026 1092 2081 xui,
1123 2009 1244 2081 qua;
1264 2009 1319 2064 in
1347 2009 1546 2065 annum
1573 2009 1678 2065 535
1706 2012 1789 2066 in-

191 2085 332 2149 cidit,
361 2079 694 2152 quaistorem
743 2080 973 2152 instituit
1010 2079 1416 2152 Theodahatus;
1447 2095 1612 2152 _r.nno
1642 2095 1786 2152 _vero

193 2148 474 2225 superiore
497 2192 514 2218 ,
546 2153 652 2207 hoc
680 2161 764 2225 est
808 2148 914 2204 53f
941 2187 978 2225 ,_
1003 2150 1072 2225 ab
1096 2149 1408 2225 A_tbalarico
1435 2148 1788 2225 Cassiodorus

196 2217 449 2295 primorie
480 2222 800 2295 prtepositus
841 2231 926 2295 est
965 2217 1260 2275 indictione
1303 2235 1412 2290 xii,
1438 2234 1545 2290 qua
1587 2220 1788 2276 idcirco

198 2291 553 2374 adulari-cus
578 2291 692 2374 ipse
717 2291 966 2374 decessit.

258 2365 286 2438 ς
327 2359 647 2438 XLI:_Qui_d
673 2361 834 2433 egerit
873 2359 1217 2438 Cassiodorus
1243 2362 1393 2416 initio
1421 2362 1568 2432 regni
1619 2359 1789 2417 Theo-

197 2432 398 2490 daiiati.
448 2433 571 2488 Non
604 2432 821 2500 ignarus
851 2447 1022 2504 novus
1051 2432 1305 2504 princeps
1333 2440 1595 2504 quantum
1624 2447 1791 2504 opera

197 2515 246 2560 et
270 2505 513 2560 consilio
559 2512 932 2557 antecessores
974 2501 1203 2571 juvtsset
1243 2501 1474 2560 Senator
1497 2544 1512 2566 ,
1542 2501 1686 2572 apud
1725 2517 1792 2572 se

197 2575 480 2630 constituit
511 2572 1011 2643 pratstantissimum
1039 2573 1214 2626 virum
1235 2574 1398 2643 rebus
1439 2571 1792 2643 moderandis

196 2646 476 2708 adbibere,
502 2640 654 2712 ratus
685 2658 791 2696 non
821 2642 1182 2712 discessurum
1211 2643 1280 2698 ab
1307 2642 1568 2712 obsequio
1597 2650 1651 2698 et
1673 2640 1791 2696 ofli-

201 2717 293 2770 ciis
332 2715 538 2781 quibus
567 2711 961 2768 Theodoricum
1005 2711 1480 2781 Athalaricumque
1509 2712 1793 2767 demerue—

200 2798 296 2840 rat.
328 2781 686 2854 Quapropter
721 2782 810 2837 ubi
849 2782 1077 2854 primum
1106 2782 1344 2854 suscepit
1371 2781 1522 2854 regni
1563 2782 1793 2837 admini-

198 2851 540 2918 strationem,
565 2851 768 2922 praeter
796 2851 1021 2922 adeptas
1047 2867 1178 2921 quas
1205 2851 1427 2922 gerebat
1473 2851 1788 2921 dignitates,

199 2926 340 2980 illum
398 2926 456 2980 in
514 2920 706 2979 litteris
753 2923 822 2977 ad
868 2920 1250 2987 imperatorem
1304 2920 1694 2987 Iustinianum,
1726 2925 1792 2976 al

200 3005 444 3051 senatum
469 3037 486 3060 ,
537 2996 884 3063 diversosque
912 2991 1350 3063 aliosmittendis
1368 2992 1668 3062 adjutorem
1697 2991 1795 3046 ha-

201 3067 323 3129 bere
343 3065 557 3129 voluit;
589 3079 697 3134 quo
721 3065 774 3118 in
798 3062 1019 3134 munere
1044 3062 1440 3117 Amalasunthze
1468 3063 1666 3132 regina:
1693 3079 1792 3118 no-

202 3138 341 3192 mine
371 3132 687 3206 scripsitad
716 3132 963 3190 eumdem
990 3135 1373 3206 imperatorem
1401 3140 1792 3206 etsenatorcs,

203 3217 257 3260 ut
301 3202 570 3274 suffragio
599 3219 698 3260 suo
738 3213 900 3274 atque
941 3202 1263 3274 auctoritate
1291 3202 1626 3274 Theodahati
1653 3205 1795 3272 regis

204 3273 531 3332 electionem
588 3276 657 3329 ab
712 3290 777 3330 ea
813 3273 1030 3342 factam
1070 3273 1440 3342 dignarentur.
1491 3273 1795 3340 Quinetiam

204 3346 483 3403 Gudelina:
513 3344 851 3400 Theodahati
880 3338 1034 3399 uxori
1060 3338 1529 3398 ad'Justinianum'
1544 3351 1600 3399 et
1620 3343 1797 3399 Theo-

206 3419 391 3471 doram
423 3418 753 3484 Augustam,
782 3416 993 3469 litteras
1022 3415 1163 3484 rupti
1189 3415 1407 3470 fmderis
1432 3415 1606 3484 ipsum
1628 3416 1793 3484 impe-

205 3497 441 3543 ratorem
497 3488 642 3540 inter
667 3494 723 3540 et
766 3484 1174 3540 Theodahatum
1226 3485 1615 3540 conciliatrices
1661 3485 1797 3540 seri-

207 3557 349 3612 benti
383 3558 554 3611 variis
585 3555 915 3626 temporibus
945 3569 1161 3626 manum
1205 3554 1588 3626 commodavit.
1622 3554 1799 3626 Theo-

209 3629 435 3682 dahatus
463 3627 610 3680 enim
641 3625 801 3679 illata:
831 3626 977 3680 necis
1005 3625 1425 3689 Amalasunthac,
1456 3628 1609 3693 cujus
1637 3625 1801 3681 bene-

211 3698 326 3752 ficio
352 3698 511 3766 regni
526 3695 947 3763 gubernaculum
970 3697 1205 3758 tenebat,
1219 3698 1342 3766 jure
1366 3696 1417 3766 in
1439 3695 1800 3766 suspicionem

212 3764 454 3823 venerat.
491 3767 628 3821 llinc
655 3775 740 3820 est
765 3767 909 3834 quod
938 3766 1175 3835 graviter
1205 3764 1429 3820 offendit
1470 3765 1610 3835 apud
1637 3764 1800 3820 Justi-

214 3840 428 3892 nianum
461 3839 870 3906 imperatorem,
899 3834 992 3906 qui
1020 3837 1292 3905 prmeipuo
1331 3850 1563 3906 semper
1595 3834 1802 3891 honore

212 3917 534 3976 prosecutus
549 3905 648 3960 est
673 3905 943 3976 reginam,
974 3921 1134 3976 quam
1161 3913 1383 3960 noverat
1409 3905 1801 3976 eximiisisupra

213 3975 397 4032 sexum
428 3979 650 4032 dotibus
678 3975 1014 4030 exornatam.
1045 3975 1181 4042 Quid
1229 3990 1404 4030 causa:
1434 3977 1500 4028 ad
1538 3976 1590 4029 id
1616 3975 1802 4042 flagitii

215 4047 625 4103 Theodahatum
668 4048 961 4114 impulerit,
1005 4064 1111 4102 non
1141 4055 1224 4102 est
1262 4047 1311 4099 in
1342 4054 1613 4114 promptu.
1644 4045 1805 4100 Forte

216 4128 305 4171 aut
329 4121 497 4172 socia:
535 4118 683 4184 regni
727 4117 1013 4186 impatiens
1039 4156 1054 4182 ,
1085 4125 1177 4170 aut
1219 4131 1427 4169 memor
1452 4117 1657 4184 injuria:
1696 4131 1802 4184 qua

215 4203 332 4243 eum
355 4189 521 4258 paulo
546 4182 672 4241 ante
700 4182 952 4241 affecerat
977 4187 1359 4258 Ainalasuntlia
1389 4182 1547 4253 quam
1580 4182 1805 4254 imperio

217 4257 536 4327 paeliceret,
568 4258 758 4327 impias
780 4258 1040 4326 sanguine
1061 4257 1209 4323 regio
1227 4272 1413 4310 manus
1436 4259 1805 4312 Contaminare

217 4325 322 4381 non
355 4325 683 4382 formidavit.
718 4325 849 4381 Utut
878 4325 947 4381 sit
977 4338 1198 4396 propter
1223 4327 1548 4380 exstincwm
1579 4328 1803 4380 misera-

1877 341 1962 387 tus
1982 331 2385 396 Theodabatus,
2410 331 2778 386 imminentem
2805 331 3110 400 praeliorum
3141 332 3338 388 molem
3363 348 3456 386 ex-

1873 417 2191 482 pagescens,
2210 401 2288 482 .ad
2305 479 2314 482 Α
2326 415 2521 482 pacem
2552 402 2967 482 quibuscunque
2985 410 3234 482 potuerat
3260 402 3454 469 modis,

1875 469 1933 526 at
1957 471 2174 539 frustra,
2202 469 2997 526 Justinianum'sollicitaverat.
3009 471 3194 541 Itaque
3223 488 3290 528 eo
3315 488 3460 528 anno

1877 542 2165 596 invadebat
2213 541 2530 595 Dalmatiam
2579 541 2823 605 Mundus,
2855 541 3148 596 Belisarius
3170 541 3408 597 Siciliam
3441 559 3456 596 :

1875 612 2069 680 quibus
2095 621 2152 666 ut
2180 626 2275 665 rex
2323 611 2611 682 obsisteret
2639 653 2654 680 ,
2705 613 2932 680 primum
2977 612 3134 682 jussit
3166 614 3362 668 tributa
3392 612 3462 668 ad

1876 682 2004 736 belli
2051 696 2316 751 expensas
2356 681 2553 736 subditi
2601 682 2929 751 penderent;
2981 681 3463 752 ’dif'ficilliniamque

1876 752 2132 820 cogendae
2161 767 2191 806 a
2216 752 2479 822 barbaris,
2513 760 2569 806 et
2597 752 2825 822 principi
2854 768 2953 808 suo
2971 753 3192 808 infensis
3211 753 3462 816 gentibus

1879 822 2121 892 pecuniae
2147 821 2779 892 provinciamgcommisit
2809 823 3079 878 Senatori.
3112 823 3313 877 Durum
3341 823 3464 892 qui-

1877 890 2000 946 dem
2028 890 2345 946 man'datum
2374 891 2502 946 illud
2531 892 2702 946 visum
2724 899 2808 947 est
2833 893 2950 948 viro
2971 893 3339 949 amantissimo
3361 890 3465 962 po-

1918 962 2150 1027 ulorum,
2197 976 2302 1017 nec
2347 977 2454 1017 non
2483 971 2538 1016 et
2584 963 2918 1017 Theodahati
2967 963 3462 1019 observantissimo.

1904 1032 2192 1101 mpositum
2221 1039 2399 1086 tamen
2429 1047 2566 1087 onus
2592 1048 2658 1087 ea
2708 1032 2969 1087 industria
2998 1033 3121 1087 tulit
3145 1075 3160 1099 ,
3192 1041 3251 1087 ut
3279 1033 3457 1087 maxi-

1880 1118 2024 1157 mam
2054 1101 2304 1157 omnibus
2342 1103 2572 1157 moverit
2596 1102 3005 1158 admirationem
3030 1143 3046 1169 ,
3077 1103 3276 1158 nullius
3294 1103 3468 1158 oflen-

1880 1173 2091 1229 sionem
2119 1172 2344 1227 subierit
2373 1189 2385 1224 :
2419 1185 2482 1226 ea
2513 1171 2771 1254 felicitate
2797 1181 2886 1254 ut
2911 1172 3160 1254 Deonro
3192 1175 3464 1254 insperato

1880 1257 2132 1298 successu
2153 1281 2168 1306 ,
2200 1256 2360 1310 quam
2407 1244 2672 1300 maximas
2719 1242 2894 1312 potuit
2921 1242 3122 1312 gratias
3150 1242 3466 1312 egerit._Sic

1881 1314 2038 1382 enim,
2057 1313 2339 1367 exorditur
2365 1312 2658 1367 secundam
2699 1310 2818 1368 libri
2863 1310 2945 1368 χιι
2965 1310 3246 1382 epistolam
3283 1330 3296 1367 :
3329 1310 3466 1368 Gra-

1885 1384 1983 1436 tias
2007 1381 2280 1457 Divinitati
2301 1385 2497 1457 refero,
2521 1385 2643 1457 quia
2664 1393 2713 1436 et
2738 1381 3083 1457 provinciales
3105 1385 3332 1457 fecerunt
3349 1399 3467 1457 qua:

1882 1454 2083 1520 monui,
2110 1460 2159 1506 et
2205 1467 2299 1523 ego
2327 1453 2581 1525 compleri
2624 1453 2798 1525 omnia
2840 1469 2954 1525 qua:
2981 1453 3216 1525 promisi.
3245 1453 3380 1508 Tum
3408 1463 3466 1508 et

1883 1537 2036 1594 suam
2081 1530 2137 1576 et
2173 1537 2392 1594 suorum
2419 1523 2470 1594 in
2499 1524 2773 1592 exigendis
2801 1523 3150 1594 vectigalibus
3191 1538 3467 1594 commen-

1888 1591 1982 1663 dat
2009 1593 2368 1660 integritatem
2394 1632 2408 1654 ,
2439 1593 2566 1663 dum
2601 1591 2826 1663 papulas
2871 1591 3120 1663 reperisse
3161 1593 3468 1661 alfectuosos

1815 1642 1862 1701 B
1883 1642 2196 1745 iussa};
2209 1642 2566 1744 iras—suis;
2578 1642 2954 1745 σόἑᾷιὶξςῖάάὲξ
2965 1642 3114 1745 ira;
3129 1642 3468 1745 patina;

1890 1741 1966 1786 set
2006 1733 2232 1804 o/ferre;
2263 1748 2317 1804 se
2351 1734 2636 1802 priscorum
2665 1733 2885 1788 terrores
2915 1733 3099 1804 fecisse
3128 1734 3403 1804 ignorari;
3433 1751 3466 1786 a

1887 1818 1944 1856 se
1963 1818 2065 1856 non
2092 1802 2308 1872 publicis
2326 1841 2350 1875 ,_
2369 1819 2472 1875 non
2499 1805 2712 1871 privatis
2739 1802 3043 1875 quemquam
3075 1803 3322 1874 afﬂictum
3354 1820 3467 1858 esse

1889 1879 2299 1942 commemorat.
2324 1872 2484 1926 Addit
2504 1872 2910 1929 excusationem
2935 1872 3135 1927 nullam
3162 1889 3283 1928 esse
3310 1889 3470 1942 posse

1885 1939 2051 2013 judici
2078 1941 2146 2013 ab
2169 1941 2350 1997 officio
2379 1943 2704 2013 declinanti;
2735 1945 2813 1997 nil
2832 1945 2929 1997 vile
2951 1983 2965 2008 ,
2999 1945 3073 1997 nil
3101 1939 3343 2012 cupidum
3374 1945 3468 2013 ju-

1891 2011 2061 2082 dicent
2077 2011 2291 2075 decere;
2315 2029 2346 2064 a
2360 2013 2540 2082 judice
2559 2011 2838 2066 tribunalia
2859 2013 3151 2077 conscendi,
3167 2011 3238 2066 ut
3267 2011 3468 2067 morum

1890 2080 2134 2164 gradibus
2180 2080 2468 2164 evehaturni
2506 2083 2855 2164 clarasreddi
2881 2084 3114 2164 maculas
3153 2084 3370 2164 judicis,
3422 2084 3469 2136 si

1891 2152 2018 2224 ipse,
2043 2152 2114 2204 ad
2136 2167 2282 2224 quem
2321 2153 2468 2224 multi
2510 2153 2790 2220 respiciunt
2811 2154 3032 2224 ,aliqua
3074 2152 3470 2222 reprehensione

1890 2220 2175 2292 sordescat.
2203 2220 2549 2275 Postmodum
2598 2236 2694 2278 eos
2745 2220 2954 2292 quibus
2979 2220 3238 2292 imperata
3272 2224 3472 2277 tributa

1891 2290 2127 2362 fuerant,
2159 2307 2266 2362 non
2309 2292 2547 2362 asperis,
2578 2307 2683 2362 non
2705 2290 3025 2362 minacibus,
3055 2290 3165 2347 non
3186 2302 3471 2348 contume-

1892 2360 2040 2415 liosis
2061 2402 2077 2427 ,
2107 2358 2204 2415 sed
2233 2358 2438 2416 lenibus
2461 2403 2475 2428 ,
2505 2362 2602 2416 sed
2629 2360 2881 2417 officiosis
2903 2401 2918 2427 ,
2961 2372 3018 2417 et
3041 2363 3318 2417 servanda:
3345 2377 3472 2430 erga

1893 2446 2083 2486 omnes
2106 2432 2374 2500 tequitatis
2412 2432 2724 2501 prainuntiis
2766 2433 2941 2486 verbis
2969 2433 3260 2501 compellat
3293 2451 3304 2484 :
3339 2431 3472 2486 Pos-

1891 2516 2063 2555 sessor
2089 2501 2218 2575 mihi
2237 2502 2740 2575 pecuniaspublicas
2769 2501 2936 2575 libens
2957 2502 3165 2572 offerat;
3194 2519 3289 2575 ego
3310 2503 3389 2557 illi
3417 2503 3474 2557 in

1893 2571 2388 2643 conventujustitite
2417 2571 2607 2643 tributa
2635 2573 2942 2643 persoluam.

1968 2588 2144 2624 aventu
2229 2588 2388 2626 sutile
2417 2588 2607 2626 tributa
2635 2588 2942 2643 persowam.

1968 2640 1996 2712 §
2048 2588 2226 2696 Χιιίῖἶ
2257 2640 2515 2713 ν-Οοηαιιιι·
2566 2641 2748 2698 Roma:
2791 2643 2994 2698 scholas
3037 2659 3216 2698 sacras
3253 2644 3474 2713 erigere.

1894 2710 2010 2777 Qua
2032 2726 2161 2766 cura
2191 2711 2508 2767 utilitatibus
2533 2713 2791 2782 principis
2819 2721 2874 2768 ct
2904 2713 3240 2768 subditorum
3263 2710 3479 2769 Cassio-

1895 2785 2060 2836 dorus
2104 2783 2372 2849 servierit,
2418 2782 2581 2837 modo
2617 2783 2850 2838 vidimus
2884 2800 2896 2836 :
2931 2798 3118 2838 verum
3163 2791 3219 2837 ut
3247 2784 3477 2838 conditis

1895 2852 2056 2922 rebus
2085 2853 2421 2907 conditorem
2451 2853 2622 2922 ipsum
2637 2854 2794 2922 longe
2813 2861 3070 2922 pnestare
3097 2851 3476 2918 confitebatur,

1896 2922 1976 2976 sic
2006 2921 2261 2993 Ecclesia:
2290 2923 2383 2993 Dei
2413 2921 2694 2993 commoda
2739 2921 2970 2991 negotiis
3015 2923 3237 2992 reliquis
3262 2938 3480 2993 semper

1823 3014 1868 3076 ρ
1899 2992 2275 3076 anteponenda
2317 2992 2616 3076 judicabat.
2644 2992 3166 3076 locupletissimum
3213 2992 3479 3074 hujusrei

1902 3061 2265 3117 testiinonium
2321 3061 2600 3119 habemus.
2641 3061 2914 3119 Metue‘bat
2954 3063 3188 3120 Senator
3215 3061 3296 3118 ne'
3318 3064 3482 3118 varia:

1897 3131 2113 3188 Cothici
2156 3133 2306 3200 regni
2335 3133 2747 3200 vicissitudines,
2777 3143 2828 3189 et
2869 3133 3035 3189 Italia:
3061 3134 3200 3188 bella
3229 3133 3484 3188 scientias

1899 3202 2110 3274 divinas
2135 3202 2637 3274 ecclesiasticasqne
2665 3203 2838 3259 Roma
2881 3205 3098 3260 tandem
3122 3205 3480 3274 expellerent,

1899 3273 2093 3345 quibus
2147 3273 2465 3345 populorum
2509 3275 2595 3328 vel
2639 3275 2708 3329 ab
2736 3275 2854 3345 ipso
2903 3276 3050 3344 pacis
3096 3286 3153 3330 et
3179 3273 3482 3330 litterarum

1901 3343 2117 3398 nomine
2155 3343 2557 3398 abhorrentium
2602 3343 2787 3398 comes
2825 3343 3100 3399 barbaries
3143 3346 3480 3400 succederet.

1900 3411 2080 3480 Quare
2108 3413 2312 3484 nullum
2340 3429 2445 3484 non
2468 3413 2700 3483 lapidem
2728 3416 2896 3468 movit
2920 3429 3041 3470 cum
3066 3415 3295 3484 Agapito
3315 3429 3478 3484 papa,

1902 3494 1961 3538 ut
1989 3483 2322 3552 exponendis
2369 3481 2663 3552 Scripturis
2689 3485 2860 3539 sacris
2906 3481 3482 3540 scholie'in'stitueren-

1903 3562 2008 3608 tur.
2041 3552 2110 3607 At
2136 3552 2358 3624 consilia
2379 3594 2395 3621 ,
2425 3569 2534 3624 quo
2553 3555 2857 3624 capiuntur
2882 3555 3166 3616 salubrius,
3197 3569 3265 3609 eo
3293 3554 3484 3610 diffici-

1903 3624 2006 3678 lius
2037 3633 2095 3678 nt
2115 3623 2408 3694 plurimum
2431 3623 2614 3694 perfici
2640 3623 2757 3678 tum
2779 3626 3014 3680 maxime
3033 3626 3218 3680 sensit.
3253 3624 3307 3678 ld
3337 3625 3481 3679 enim

1901 3693 2190 3762 quominus
2210 3693 2364 3764 fieret
2391 3693 2559 3749 Italici
2585 3695 2841 3750 tumultus
2885 3695 3265 3764 impedimento
3312 3695 3480 3760 fuere,

1904 3773 1962 3833 ut
1990 3765 2104 3832 ipse
2133 3765 2184 3818 in
2225 3762 2533 3833 praefatione
2556 3765 2676 3819 libri
2704 3765 2772 3819 de
2812 3762 3012 3820 Divinis
3032 3764 3248 3819 Litteris
3268 3765 3482 3822 asserit.

1906 3832 2070 3906 Nisus
2096 3832 2349 3906 suntcum
2378 3833 2670 3889 beatissimo
2697 3835 2918 3906 Agapito
2945 3835 3087 3889 urbis
3136 3834 3316 3890 Roma:
3353 3853 3486 3906 pon-

1905 3905 2061 3974 tiﬁce,
2086 3912 2162 3969 ut,
2191 3905 2322 3958 sicut
2345 3906 2486 3974 apud
2511 3905 2882 3959 Alexandriam
2907 3908 3065 3960 multo
3081 3915 3306 3976 tempore
3321 3908 3486 4030 guisse

1907 3977 2129 4027 traditur
2149 3976 2458 4030 institutum.
2488 3991 2623 4029 nunc
2650 3978 2879 4030 etiamin
2903 3975 3073 4030 Nisibi
3095 3977 3296 4030 civitate
3347 3977 3486 4030 ἰη-ο-

1907 3977 2129 4046 traditur
2149 3976 2458 4037 institutum,
2488 3991 2623 4029 nunc
2650 3978 2879 4030 etiamin
2903 3975 3073 4030 Nisibi
3095 3975 3296 4030 civitate
3321 3975 3486 4046 Syro-

1904 4061 2020 4117 rum
2053 4043 2298 4117 AHebrceis
2336 4046 2514 4100 sedulo
2543 4049 2706 4115 fertur
2748 4048 2969 4117 exponi;
3010 4049 3216 4101 collatis
3245 4043 3486 4115 expensis

1904 4116 1959 4168 in
1980 4115 2102 4168 urbe
2135 4115 2373 4186 {fontana
2402 4120 2662 4186 professos
2687 4115 2922 4170 doctores
2942 4117 3132 4171 schola:
3151 4119 3321 4186 potius
3349 4118 3488 4168 acci-

1905 4194 2084 4258 perent
2129 4183 2461 4250 Christianaz,
2501 4183 2644 4239 unde
2689 4188 2870 4258 anima
2907 4183 3188 4258 susciperet
3235 4195 3486 4258 internum

1905 4257 2124 4308 salutem
2157 4295 2170 4319 ,
2224 4266 2273 4308 et
2335 4267 2478 4310 casto
2535 4266 2686 4326 atque
2754 4256 3055 4324 purissimo
3089 4257 3289 4324 eloquio
3355 4256 3488 4325 [ide-

1905 4327 2031 4379 lium
2069 4327 2246 4396 lingua
2291 4335 2598 4396 conteretur.
2637 4326 2747 4380 Sed
2760 4342 2880 4396 cum
2903 4336 3111 4396 propter
3127 4327 3261 4380 bella
3291 4329 3488 4396 [eruen-

217 4399 449 4453 bilicasu
467 4399 725 4465 reginam,
751 4397 904 4466 cujus
929 4393 1322 4467 observantiam
1348 4397 1401 4450 in
1431 4412 1488 4450 se
1518 4398 1805 4450 maximam
1841 4405 1886 4465 ο
1913 4398 2002 4467 tia,
2033 4405 2081 4449 et
2129 4393 2418 4448 turbulenta
2445 4398 2596 4449 nimis
2643 4397 2699 4448 in
2749 4393 2937 4467 Italico
2975 4393 3132 4467 regno
3179 4393 3485 4459 certamina,

217 4483 596 4537 saepenumero
641 4465 1022 4534 comprobarat
1047 4465 1426 4528 Cassiodorus,
1462 4482 1567 4520 non
1595 4477 1678 4521 est
1709 4467 1808 4520 du-

219 4539 369 4592 bium
425 4539 555 4606 quin
630 4537 846 4591 tristitia
920 4537 1080 4591 fuerit
1140 4537 1419 4604 perculsus
1473 4537 1805 4600 incredibili;

219 4620 442 4663 coactus
473 4618 653 4660 tamen
683 4617 765 4661 est
805 4608 1020 4662 tandem
1051 4607 1222 4660 dolori
1250 4607 1464 4660 modum
1510 4607 1807 4677 imponere,

219 4680 304 4732 cui
337 4680 542 4730 nullum
561 4678 674 4741 jam
695 4686 980 4746 suppetere
1009 4678 1304 4732 remedium
1334 4679 1711 4744 cognoscebat.

291 4749 320 4820 ᾗ
357 4747 514 4801 XLII.
547 4746 848 4820 Cassiodori
887 4749 1119 4820 tertium_
1144 4748 1377 4820 prwfer_ti
1417 4749 1662 4820 prcetorio
1691 4765 1806 4803 mo-

221 4816 424 4871 deratio
453 4821 508 4871 in
535 4818 804 4888 exigendis
835 4819 1056 4871 tributis.
1101 4816 1288 4885 Itaque
1317 4816 1694 4888 Thcodahatus
1722 4835 1809 4875 re-

220 4905 336 4942 rum
367 4886 866 4958 dominns'tertium
912 4888 1163 4958 przetorio
1192 4888 1428 4955 praefecit
1454 4886 1802 4952 Senatorem;

220 4960 311 5013 sed
345 4974 413 5012 an
438 4973 548 5012 uno
571 4957 656 5011 vel
680 4957 921 5026 pluribus
943 4959 1098 5011 annis
1119 4958 1257 5011 hanc
1275 4958 1373 5011 sub
1394 4973 1460 5011 eo
1490 4972 1616 5026 rege
1644 4959 1809 5027 digni-

221 5037 390 5098 tatem
421 5028 671 5096 gesserit,
701 5029 832 5082 satis
851 5043 958 5082 non
980 5027 1169 5098 liquet.
1201 5027 1460 5080 Nimirum
1487 5044 1597 5081 rem
1616 5029 1810 5084 obscu-

218 5114 338 5151 ram
371 5097 574 5152 faciunt
595 5097 818 5153 diversa:
847 5097 1128 5153 auctorum
1158 5098 1438 5168 Opiniones
1457 5140 1470 5161 .
1501 5113 1637 5168 quos
1673 5099 1812 5154 inter

219 5170 287 5222 de
317 5169 529 5238 Agapiti
560 5168 906 5238 pontificatus
932 5178 988 5223 et
1016 5166 1298 5237 legationis
1318 5166 1434 5235 ejus
1461 5174 1527 5221 ad
1557 5167 1810 5224 Justinia-

222 5255 353 5293 num
386 5247 633 5308 tempore
663 5254 770 5293 non
799 5240 1070 5294 convenit.
1102 5239 1351 5292 Attamen
1396 5247 1453 5292 ut
1482 5241 1753 5307 negotium
1782 5256 1814 5294 e

220 5308 536 5364 Cassiodori
565 5309 780 5380 scriptis
812 5325 915 5380 pro
957 5324 1108 5364 more
1150 5318 1334 5363 nostro
1365 5317 1533 5380 totum
1559 5311 1812 5365 conficia-

223 5325 536 5364 ussronon
565 5325 780 5380 scriptis
811 5325 915 5433 pro
957 5325 1108 5364 more
1150 5325 1334 5363 nostro
1365 5325 1533 5363 totum
1559 5325 1812 5365 conuela-

223 5395 369 5446 mus,
406 5379 639 5449 epistola
681 5379 750 5434 55
773 5381 806 5433 li
851 5380 892 5432 ri
922 5395 980 5444 II,
1013 5390 1067 5434 et
1095 5379 1320 5449 epistola
1341 5380 1376 5432 2
1403 5379 1519 5433 libri
1551 5396 1642 5440 xu.
1675 5381 1813 5435 indi-

225 5451 410 5504 ctione
463 5465 556 5505 xiii
598 5451 759 5517 datin,
790 5465 915 5505 eum
946 5465 1089 5505 anno
1121 5449 1224 5504 535
1260 5452 1511 5520 praetorio
1543 5452 1815 5520 pnnfuisse

231 5529 421 5586 aperte
450 5520 609 5574 nobis
648 5521 903 5575 indicant.

302 5589 705 5644 Amalasuntha:
726 5591 923 5658 regina:
947 5589 1188 5648 interitus
1208 5592 1413 5648 Gothos
1441 5591 1506 5645 ad
1535 5592 1818 5647 seditiosos

225 5661 527 5726 tumultus,
557 5669 721 5729 atque
748 5661 1128 5730 imperatorem
1160 5665 1224 5721 ad
1256 5665 1518 5722 ultionem
1549 5661 1682 5718 tanti
1709 5679 1820 5719 seco

478 5750 754 5810 Pauor.
803 5748 1033 5809 LXIX.
1290 5747 1303 5766 ⁸

1911 4466 2404 4539 desideriummeum
2429 4467 2721 4539 nullatenus
2750 4466 2990 4539 ualuisset
3010 4466 3232 4539 impleri,
3246 4469 3490 4539 quoniam

1912 4553 2015 4609 non
2043 4537 2193 4609 habet
2218 4537 2384 4609 locum
2406 4553 2486 4590 res
2503 4537 2657 4609 pacis
2681 4535 2990 4607 temporibus
3018 4535 3281 4609 inquietis,
3309 4539 3490 4609 adhoc

1911 4608 2087 4678 divina
2115 4607 2365 4678 charitate
2399 4607 2587 4678 probor
2631 4623 2741 4661 esse
2784 4607 3096 4678 compulsus
3118 4618 3203 4672 ut,
3233 4619 3339 4663 etc.
3371 4608 3489 4673 Quo

1911 4676 2525 4748 potuitaltiusgloriam
2567 4693 2777 4748 sponsa:
2807 4676 3003 4733 Christi
3034 4677 3288 4734 Ecclesia:
3315 4678 3491 4748 piissi-

1911 4745 2031 4802 inus
2057 4747 2195 4803 filius
2223 4745 2435 4818 eerrre,
2467 4745 2626 4818 quam
2651 4757 2708 4802 ut
2735 4763 2902 4803 sacra:
2930 4745 3331 4804 adolescentuni
3358 4747 3491 4818 edu-

1913 4818 2113 4872 cationi
2161 4817 2505 4888 consuleret,
2540 4833 2649 4888 quo
2697 4820 3040 4874 scientiarum
3081 4819 3317 4874 omnium
3361 4817 3491 4872 insi-

1912 4889 2044 4956 gniti
2074 4887 2378 4959 luminibus,
2413 4887 2752 4959 uti-.liSSimum
2773 4890 3057 4959 aliquando
3084 4889 3241 4942 matri
3270 4897 3494 4957 przesta-

1913 4966 2036 5014 rent
2062 4958 2410 5028 obsequium?
2442 4958 2639 5014 Verum
2669 4961 2771 5014 etsi
2797 4958 2905 5012 tam
2949 4967 3184 5020 rectum,
3211 4968 3319 5011 tam
3368 4972 3488 5028 san-

1915 5037 2062 5083 ctum
2091 5029 2434 5094 desiderium,
2466 5029 2622 5084 bellis
2650 5030 2846 5099 passim
2869 5029 3257 5098 grassantibus,
3280 5027 3493 5099 impleri

1918 5108 2048 5155 tunc
2085 5115 2205 5170 non,
2241 5100 2445 5170 potuit,
2471 5100 2646 5168 potuit
2674 5109 2851 5154 tamen
2883 5099 3094 5170 tandem
3123 5099 3410 5170 aliquando
3439 5100 3494 5154 in

1918 5167 2256 5225 monasterio
2279 5167 2578 5225 Vivariénsi
2602 5210 2616 5233 ,
2659 5170 2746 5225 ubi
2775 5185 2957 5224 sacras
2981 5185 3011 5222 a
3039 5167 3362 5225 Cassiodoro
3399 5171 3490 5227 alio

1919 5241 2045 5296 bate
2072 5241 2285 5309 scholas
2323 5248 2538 5309 apertas
2560 5240 2721 5296 fuisse
2745 5239 3069 5294 videbimus.

1995 5312 2024 5382 ς
2050 5308 2233 5364 XLIV.
2259 5308 2479 5383 Quando
2495 5309 2990 5383 Constantinopolim
3007 5311 3208 5383 petierit
3223 5311 3490 5383 Agapitus,

1923 5381 2015 5435 cui
2033 5396 2158 5434 vasa
2180 5397 2330 5433 sacra
2365 5381 2704 5436 Cassiodorus
2749 5381 3062 5435 restituenda
3090 5381 3305 5436 curauit.
3336 5383 3498 5438 Com-

1924 5451 2187 5520 ponendis
2217 5450 2423 5519 imperii
2453 5461 2509 5505 et
2537 5451 2790 5508 Ecclesia:
2814 5452 2972 5506 rebus
2999 5468 3121 5508 cum
3163 5452 3501 5508 laudabiliter

1925 5530 2145 5575 vacaret
2169 5520 2418 5583 Senator,
2449 5530 2594 5576 totus
2620 5531 2737 5576 erat
2764 5522 2816 5574 in
2856 5524 3148 5578 avertendo
3175 5523 3286 5578 suis
3309 5539 3339 5576 a
3380 5523 3504 5577 fini-

1927 5592 2027 5664 bus
2043 5591 2196 5664 bello
2225 5589 2623 5664 'I‘heodahatus.
2653 5591 2884 5647 lmbellis
2907 5593 3006 5648 iste
3022 5594 3286 5664 princeps
3316 5608 3504 5663 pacem

1928 5662 1996 5718 ab
2039 5662 2364 5735 imperatore
2392 5662 2485 5720 diu
2514 5661 2843 5736 flagitaverat
2873 5683 2886 5719 :
2939 5661 3049 5720 sed'
3067 5661 3250 5720 irritos
3277 5661 3505 5720 conatus

3110 5757 3174 5812 I5
