3954 6178
422 265 530 325 ⁴67

1553 254 1627 313 Μ.
1667 251 2019 319 AURELIUS
2049 251 2534 317 CASSIODORUS.

3580 280 3673 341 168

416 364 525 419 lem
552 363 860 434 Magistrum
888 364 967 447 sic
993 366 1279 435 alloquitur
1307 383 1320 420 :
1351 364 1466 421 Tibi
1508 366 1684 422 utilius
1714 376 1790 423 est
1818 369 2007 424 servire
2037 369 2085 432 Α
2113 382 2201 447 mo
2222 363 2510 447 transfuga:
2530 364 2819 447 pepererit,
2840 363 3084 421 indicare
3103 362 3341 447 voluisse
3359 369 3664 447 dociissimos

416 451 571 507 quam
586 453 754 507 regna
782 436 958 491 mundi
979 454 1263 507 capessere.

495 504 1051 577 §HVLWCassiodorumV
1086 524 1189 577 non
1220 523 1378 577 prope
1408 506 1710 562 Ravennam
1736 505 1828 577 sed
1847 523 2006 577 prope

418 575 741 647 Scyllaeum:
786 578 1070 647 secessisse.
1097 575 1228 631 Jam'
1255 575 1384 633 vero
1435 578 1586 647 quod
1643 577 1767 642 loci,
1801 575 1948 647 dum
1974 590 2005 647 e

416 645 734 718 procellosis
766 646 927 718 undis
970 649 1146 702 seculi
1197 648 1347 703 laetus
1396 645 1718 716 emergeret,
1743 646 1891 701 velut
1938 646 2006 700 ad

437 724 634 770 )ortum
680 716 1001 772 turissimum
1075 718 1382 783 appulerit.
1426 734 1535 772 non
1590 719 1721 772 satis
1766 724 2001 772 constat.

469 786 674 840 onnulli
721 795 987 848 auctores.
1019 796 1074 841 ut
1106 779 1455 850 Triihemius,
1486 787 1735 852 Barrius,
1764 786 2003 851 Ruheus,

420 853 657 924 Ugellus,
690 855 1068 926 Cuspinianus,
1102 874 1225 912 cum
1278 858 1329 912 in
1386 858 1637 914 coenobio
1694 872 1862 927 pr0pe
1892 854 2002 910 Ila-

417 941 651 981 vennam
705 935 1034 991 constructo,
1061 928 1384 983 monasticas
1422 937 1602 983 vestes
1652 927 1883 982 induisse
1907 942 2005 982 vo-

419 995 540 1051 lunt
573 1014 586 1050 :
612 996 700 1050 alii
730 1014 860 1052 vero
888 1014 1024 1066 quos
1076 999 1372 1067 sequimur,
1402 998 1455 1053 in
1488 997 1795 1053 Brutiorum
1816 996 1998 1066 regio-

421 1067 662 1139 nejuxta
690 1068 1034 1139 Scyllacium,
1065 1069 1240 1122 natale
1268 1068 1462 1139 solum,
1486 1083 1665 1139 suum,
1700 1069 1752 1122 in
1782 1080 1997 1139 quare-

424 1138 666 1205 ligiosam
699 1136 861 1191 vitam
885 1138 1010 1205 egit,
1042 1138 1424 1193 monasterium
1454 1137 1775 1193 tediiicatum
1809 1153 1838 1192 a
1867 1136 1995 1192 Cas-

421 1206 640 1277 siodoro
671 1207 831 1263 fuisse
857 1209 1078 1277 mquiori
1096 1207 1298 1277 judicio
1326 1216 1569 1263 censent.
1597 1206 1820 1262 Gemina
1849 1223 1996 1277 suam

424 1273 563 1348 hanc
591 1278 900 1345 Opinionem
922 1273 1131 1333 ratione
1177 1276 1351 1332 ﬁrmat
1376 1278 1637 1333 Baronius
1666 1276 1770 1348 (Ad
1792 1294 1880 1331 an.
1906 1276 1998 1335 Cir.

426 1346 571 1416 562).
599 1348 778 1401 Altera
806 1358 906 1411 est,
938 1348 1063 1418 quia
1111 1348 1415 1418 coenobium
1459 1346 1829 1413 Castelliense,
1860 1349 2001 1415 quod

423 1432 591 1543 prope
643 1417 967 1489 Scyllacium
1008 1419 1168 1473 situm
1198 1417 1358 1473 fuisse
1404 1434 1470 1473 ex
1512 1418 1753 1487 epistolis
1798 1418 2002 1475 duabus

473 1527 487 1542 .
569 1489 761 1543 reuerti
813 1488 987 1543 Magni
1040 1490 1293 1543 colligere
1340 1498 1441 1543 est.
1493 1486 1844 1543 Cassiodorus
1893 1487 2002 1543 inse

473 1527 487 1542 .
522 1486 761 1557 Gregorii
813 1488 987 1554 Magni
1040 1490 1293 1557 colligere
1340 1498 1441 1553 est,
1493 1486 1844 1543 Cassiodorus
1893 1487 2005 1556 ipse

421 1575 577 1612 suum
601 1558 854 1627 appellat.
878 1559 1082 1623 Altera,
1112 1559 1255 1627 quod
1279 1558 1589 1613 incredibile
1615 1558 1683 1612 sit
1712 1559 1882 1612 virum
1910 1574 2005 1611 au-

424 1628 512 1684 lici
563 1629 848 1697 bellicique
890 1630 1148 1698 strepitus
1185 1630 1295 1695 jam
1352 1629 1553 1684 dudum
1610 1628 2001 1698 impatientem,

423 1698 708 1766 tranquilla
740 1708 939 1753 sancta:
967 1700 1268 1755 solitudinis
1312 1700 1423 1755 otia
1474 1707 1588 1753 toto
1618 1699 1850 1768 pectoris
1871 1706 2004 1752 aestu

417 1769 530 1838 jam
558 1748 776 1822 laniem
802 1769 1162 1834 anhelantem,
1195 1785 1465 1825 secessum
1494 1769 1596 1824 sibi
1619 1748 1763 1838 apud
1794 1767 2005 1822 Raven-
2040 1748 2082 1806 Β

421 1853 569 1964 itam,
624 1839 856 1895 illSJlliiS
919 1854 1193 1895 armorum
1245 1848 1555 1909 quassatam
1605 1839 1868 1906 motibus,
1913 1838 2006 1893 de-

443 1922 632 1964 egisse.

443 1923 632 1964 εκιςεθ.

530 1926 565 1961 ἓ.
618 1948 632 1962 ο

475 1922 659 2050 εέθξῖἳί.
687 1978 832 2052 Idem
860 1978 1064 2052 uberius
1092 1981 1491 2052 demonstratur,
1516 1988 1566 2033 et
1591 1980 1705 2052 quis
1736 1980 1803 2033 sit
1823 1979 2011 2052 {iuvius

420 2048 639 2104 Petena.
672 2051 743 2104 At
790 2060 936 2105 certe
987 2050 1219 2107 Baronio
1269 2050 1466 2105 Pelena
1511 2048 1617 2119 qua
1664 2058 1816 2119 parte
1844 2048 2008 2103 Italiae

424 2132 552 2189 suas
599 2135 765 2189 aquas
817 2121 1075 2184 volveret,
1130 2120 1277 2176 haud
1318 2121 1570 2181 innotuit,
1620 2119 1771 2188 cujus
1826 2127 2007 2189 tamen

390 2188 626 2244 'lluenta
651 2188 976 2246 monasterio
1005 2190 1304 2247 Vivariensi
1349 2189 1639 2245 admodum
1678 2189 1855 2245 vicina
1902 2188 2005 2243 Se-

421 2269 581 2331 nator
608 2271 789 2317 noster
818 2262 1029 2326 asserit,
1061 2261 1198 2317 adeo
1230 2271 1290 2317 ut
1336 2262 1505 2315 amnis
1551 2269 1677 2331 arte,
1708 2260 2007 2331 moderatus

419 2329 487 2403 iri
509 2329 685 2403 liortog
701 2347 814 2385 cum
842 2332 1159 2403 necessarius
1179 2332 1523 2403 judicaretur,
1576 2330 1740 2403 facile
1768 2329 2007 2403 inﬂuere;

424 2399 625 2467 (Diuiu.
650 2399 800 2463 Lilt.,
834 2418 946 2471 cap.
978 2401 1093 2469 29).
1121 2398 1229 2457 Séd
1282 2411 1337 2457 et
1388 2398 1619 2470 scriptor
1646 2400 1809 2455 Italus
1827 2398 1843 2471 ί
1859 2398 2008 2455 brevi

422 2471 663 2524 eliturus
713 2470 921 2525 sacram
976 2471 1282 2525 Brutiorum
1340 2471 1643 2536 historiam,
1677 2479 1737 2527 ut
1783 2470 1851 2525 ad
1904 2485 2007 2525 nos

422 2537 690 2609 Scyllacio
714 2542 1035 2599 rescriptum
1058 2550 1159 2606 est,
1186 2542 1276 2609 qui
1301 2542 1518 2609 quidem
1541 2541 1655 2609 haec
1683 2541 2007 2609 oculisiper-

422 2608 668 2664 lustravit
692 2610 829 2674 loca,
856 2611 1003 2674 dicit,
1035 2610 1154 2665 luce
1181 2608 1379 2681 clarius
1398 2619 1585 2681 patere
1611 2608 1828 2664 ﬂuvium
1860 2608 2009 2664 Pele-

420 2694 546 2733 nam
569 2695 693 2750 eum
714 2694 832 2734 esse
853 2688 1015 2749 quem
1046 2680 1218 2750 hodie
1264 2680 1514 2750 Scyllacii
1545 2695 1757 2734 amnem
1787 2688 2002 2745 vocant,

421 2757 478 2817 ct
503 2749 733 2804 vicinum
765 2749 1093 2806 monasterio
1124 2749 1422 2805 Vivariensi
1465 2763 1650 2817 agrum
1704 2750 2006 2805 labentibus

422 2816 618 2889 leniter
635 2821 790 2889 aquis
812 2820 1053 2888 irrigare.
1086 2817 1240 2889 Unde
1268 2816 1570 2875 cmnobium
1601 2819 1666 2873 ad
1688 2819 1830 2888 quod
1861 2835 1892 2875 e
1923 2830 2006 2874 tu-

422 2888 580 2944 midis
607 2888 1057 2945 sareulilluctibus
1077 2888 1428 2945 Cassiodorus
1479 2890 1702 2944 l'e'iciter
1752 2890 2007 2956 enaviga-

420 2959 525 3031 vit,
550 2975 659 3015 non
685 2961 880 3031 procui
900 2959 1167 3031 Scyllacio
1196 2960 1400 3016 distare
1430 2976 1568 3031 nova
1597 2966 1852 3031 certaque
1879 2976 2006 3031 pro-

422 3029 641 3102 batione
687 3028 880 3102 conjici
919 3028 1131 3102 potest;
1160 3046 1284 3087 cum
1329 3041 1388 3087 et
1433 3028 1563 3085 illud
1616 3030 1825 3102 Peionaa
1849 3028 2003 3102 uiulis

2110 436 2256 509 viros
2290 453 2322 509 _;
2372 445 2467 489 aut
2511 444 2659 509 certe
2711 442 2920 504 tempus
2940 452 3047 506 quo
3077 436 3409 509 amplissimis
3447 440 3659 509 lidgebat

2109 505 2428 572 honoribus,
2451 505 2827 573 scribebatque
2863 505 3047 574 regum
3098 509 3311 561 nomine
3342 505 3542 565 litteras
3559 513 3659 567 ele-

2105 584 2313 643 gantes,
2344 584 2505 645 atque
2530 590 2808 645 sermones
2837 574 3087 638 habebat.
3114 575 3425 644 eloquentiae
3454 588 3555 633 tum
3581 599 3662 638 sa-

2105 660 2233 713 cm,
2248 652 2369 718 tum
2417 643 2657 714 profante
2688 653 2869 718 testes,
2899 645 2965 699 ab
3018 645 3095 718 eis
3148 645 3306 702 fuisse
3333 646 3662 718 designatum,

2105 731 2212 770 non
2244 716 2501 779 incertus,
2533 731 2639 769 non
2691 714 2971 782 ambiguus
3024 715 3285 783 interpres
3318 714 3662 774 divinaverimi

2180 783 2288 857 §IX
2299 784 3044 857 ._Cas_siodorusmonasterium
3062 788 3316 857 exstruxit
3327 789 3487 856 patrio
3506 790 3555 843 in
3568 793 3667 845 solo

2107 854 2270 930 prope
2300 854 2633 930 §cyltaciuntt
2668 855 2831 923 igitur
2859 855 3034 930 patrio
3158 856 3272 930 solo
3296 854 3457 930 prope
3480 858 3666 930 Scylla.

2106 924 2249 979 Cium
2303 924 2387 979 ibi
2415 926 2720 980 cmnobium
2770 925 3037 981 exstruxit
3080 924 3150 978 Μ.
3183 924 3565 991 Cassiodorus;
3591 930 3669 985 ubi

2107 995 2235 1066 olim
2266 1011 2387 1050 cum
2419 994 2647 1050 Lucanis
2677 1002 2749 1066 et
2799 993 3004 1066 Brutiis
3041 1003 3186 1066 esset
3226 999 3549 1066 prarpositus,
3574 1015 3669 1056 uno

2106 1064 2321 1136 circiter
2348 1066 2414 1120 ab
2447 1065 2577 1136 urbe
2598 1064 2811 1119 milliari
2838 1080 3022 1120 versus
3040 1064 3375 1136 scyllaceum
3402 1067 3588 1132 sinum,
3610 1068 3671 1123 ad

2106 1135 2290 1208 Muscii
2348 1135 2812 1208 montis__radiees,
2836 1136 3039 1208 vivaria
3090 1135 3324 1203 jbsserat
3361 1136 3516 1208 cli‘odi
3545 1137 3671 1208 (Lib.

2108 1204 2373 1275 xnl’ar.,
2404 1223 2484 1275 ep.
2520 1204 2629 1275 15).
2680 1205 2813 1259 Illud
2862 1204 3004 1259 enim
3052 1214 3208 1259 terra:
3238 1206 3460 1275 spatium
3483 1204 3615 1275 quod
3640 1225 3670 1262 a

2108 1274 2347 1347 civitate
2378 1274 2443 1330 ad
2494 1274 2641 1330 mare
2670 1276 3031 1347 protenditur,
3061 1284 3233 1347 totum
3264 1274 3534 1331 Senatoris
3557 1293 3674 1347 pos-

2109 1345 2436 1401 sessionibus
2477 1353 2885 1399 annumeratum
2918 1345 3080 1401 fuisse
3110 1345 3357 1400 laudatus
3384 1345 3676 1402 auctorita-

2108 1415 2191 1472 lus
2219 1416 2398 1470 tradit.
2430 1415 2568 1482 Quin
2597 1415 2758 1470 etiam
2807 1416 2914 1470 illic
2961 1415 3120 1470 hodie
3165 1417 3407 1469 cernitur
3438 1418 3674 1485 praedium

2110 1486 2243 1541 alias
2296 1486 2611 1552 SchilLtauo,
2642 1501 2785 1541 nunc
2829 1485 3047 1540 Seallati
3101 1494 3488 1553 nuncupatum,
3516 1487 3680 1554 subjo-

2108 1570 2237 1611 cens
2267 1556 2597 1610 monasterio
2626 1554 2944 1617 Vivariensi,
2963 1554 3116 1624 cujus
3142 1556 3194 1610 in
3224 1554 3389 1610 fundo
3414 1556 3564 1610 situm
3585 1566 3677 1623 est;

2109 1640 2279 1694 quare
2310 1626 2588 1680 monachis
2635 1640 2857 1679 censum
2899 1641 3138 1680 annuum
3168 1626 3366 1680 incultu
3394 1627 3682 1694 persolvere

2109 1695 2383 1767 quondam
2412 1696 2756 1767 t_enebantur,
2777 1704 2833 1767 ut
2860 1696 3127 1767 colligitur
3147 1710 3219 1767 ex
3243 1697 3466 1767 cpistola
3488 1695 3681 1751 D.Gre-

2110 1766 2245 1838 gorii
2296 1765 2365 1820 ad
2414 1764 3428 1838 JoannemuepiscoiinmScyllaceum,
3458 1768 3684 1838 quatri-

2109 1834 2309 1902 gesima
2340 1835 2496 1891 tertia
2550 1842 2634 1889 est
2676 1834 2779 1905 lib.
2809 1851 2884 1890 vn
2917 1834 3169 1905 Registr.)
3220 1834 3406 1890 indict.
3437 1834 3686 1891 Libidem

2109 1920 2417 1976 peramoena
2462 1906 2607 1970 villa,
2658 1904 2934 1961 Castellesi
2989 1907 3284 1976 appellata,
3316 1905 3515 1970 visitur,
3539 1921 3685 1975 quant

2108 1974 2460 2030 Cassiodorus
2482 1977 2631 2041 olim,
2658 1991 2801 2030 nunc
2850 1984 2996 2030 tenet
3028 1974 3235 2041 clarus
3273 1974 3687 2030 nobilitatecivis

2108 2044 2383 2115 Scyllacii,
2407 2060 2471 2099 ex
2510 2040 2726 2115 antiqua
2763 2047 3020 2101 oriundus
3050 2040 3324 2101 Gerondrc
3347 2045 3562 2108 familia,
3584 2061 3690 2113 qua:

2107 2114 2401 2170 ArnalJum
2447 2114 2753 2171 Gerondam
2803 2116 3190 2181 Normannum,
3246 2116 3480 2184 Rogerio
3521 2116 3689 2170 comiti

2107 2185 2378 2255 quondam
2409 2186 2667 2251 imprimis
2690 2186 2930 2247 charum,
2963 2194 3250 2241 auctorem
3282 2186 3541 2255 agnoscit.

2182 2254 2209 2327 ᾗ
2236 2254 2299 2309 Χ.
2337 2255 2571 2321 Praedia,
2595 2256 2809 2327 (editus,
2842 2266 2891 2310 et
2918 2257 3044 2311 situs
3074 2257 3405 2327 monasterii
3427 2272 3457 2309 a
3491 2254 3689 2327 Cassio:

2108 2324 2240 2396 dero
2273 2328 2558 2396 exstructi.
2586 2324 2967 2381 Cassiodorum
2997 2337 3053 2381 et
3077 2328 3186 2382 hoc
3224 2332 3281 2382 et
3325 2326 3441 2381 aliis
3469 2341 3581 2395 qua:
3602 2325 3693 2396 ipsi

2108 2395 2447 2452 haereditario
2465 2397 2585 2463 jure
2607 2396 2932 2465 obtigerant,
2950 2398 3263 2453 cuinohium
3294 2397 3595 2451 Vivariense
3614 2395 3698 2450 do-

2108 2480 2269 2538 nasse
2316 2466 2553 2538 praidiis
2585 2467 2864 2538 probabile
2898 2468 3117 2538 omnino
3174 2476 3286 2522 est.
3319 2468 3538 2522 Annuos
3561 2476 3699 2522 certe

2108 2537 2314 2607 reditus
2342 2536 2761 2607 superbissimis,
2789 2544 2927 2592 teste
2968 2537 3160 2600 Fabro,
3209 2538 3452 2607 aediliciis
3486 2551 3699 2605 reSpon-

2108 2604 2255 2677 disse
2298 2604 2699 2677 copiosissimos
2752 2623 2861 2662 non
2930 2608 3251 2665 dubitanter
3303 2604 3693 2663 afﬁrmaverim.

2107 2675 2279 2730 Situm
2308 2675 2439 2732 vero
2459 2678 2818 2745 gratissimum
2841 2677 3168 2734 exhibebant
3207 2679 3413 2733 montis
3438 2679 3696 2745 marisque

2105 2746 2324 2819 vicinia,
2348 2756 2403 2801 et
2419 2747 2630 2819 Peleutn
2650 2747 2803 2819 aquis
2824 2747 3020 2819 irrigua
3037 2749 3322 2819 planities.
3340 2749 3411 2802 At
3437 2748 3697 2819 ingenium

2105 2816 2210 2870 soli
2238 2815 2563 2871 Vivariensis
2595 2815 2712 2871 tam
2723 2817 2905 2880 docto,
2923 2815 3328 2874 tam'accurato
3354 2818 3595 2872 exaravit
3618 2831 3699 2872 ca-

2103 2883 2250 2958 iamo
2279 2885 2629 2942 Cassiodorus
2676 2888 2792 2958 ipse
2836 2903 2954 2958 cap.
2987 2887 3056 2942 29
3085 2889 3178 2944 lib.
3206 2889 3277 2944 de
3317 2889 3437 2944 Div.
3472 2887 3615 2951 Litt.,
3642 2892 3701 2958 ut

2105 2955 2236 3011 illud
2272 2957 2432 3029 quale
2461 2959 2553 3026 sit,
2584 2955 2711 3029 nou'
2735 2955 2935 3029 1383τᾴ
2963 2959 3131 3029 magis
3181 2975 3353 3029 quam
3388 2958 3515 3029 ipsis
3540 2956 3702 3029 oculis

2106 3038 2333 3099 cernere
2376 3027 2558 3099 liceat.
2587 3026 2765 3095 Quare
2796 3026 2878 3084 ne
2917 3027 3028 3098 jam
3057 3026 3245 3085 actum
3297 3026 3463 3099 agere
3508 3028 3702 3089 videar.

421 3101 663 3173 pervium
705 3095 868 3173 fuisse
894 3095 1003 3173 vel
1054 3095 1169 3173 ipse
1212 3098 1995 3173 commemoret‘(DieinsLitL
2034 3109 2081 3173 α
2111 3095 2343 3153 sufﬁciat
2370 3098 2458 3153 hic
2490 3113 2568 3173 ert
2611 3095 2987 3173 innumerabili
3018 3100 3250 3173 laudium
3285 3095 3445 3173 copia
3470 3114 3531 3153 ea
3558 3113 3702 3153 com-

418 3168 535 3241 ξαρ.
577 3168 691 3241 29).
725 3171 815 3227 llis
844 3171 980 3241 adde
1022 3168 1167 3239 quod
1213 3187 1366 3226 mons
1397 3170 1555 3238 vulgo
1600 3168 1805 3241 Mnscio
1833 3170 2008 3241 dictus

420 3239 792 3306 et'Castellesi,
822 3240 974 3309 cujus
1002 3242 1070 3295 ad
1101 3242 1307 3297 radices
1325 3241 1522 3295 vivaria
1553 3239 1829 3304 ell‘oderat,
1855 3240 2008 3308 cujus

421 3310 476 3363 in
503 3311 700 3365 vertice
744 3312 1023 3365 monachis
1057 3311 1125 3366 ad
1154 3311 1485 3366 eremiticam
1505 3311 1670 3365 vitam
1702 3325 1731 3363 a
1767 3312 2007 3366 ρωποὺί-

420 3379 526 3434 tica
557 3382 783 3436 transire
812 3382 1149 3449 cupientibus
1186 3381 1351 3437 cellas
1400 3382 1694 3435 destinarat
1722 3380 2008 3436 Cassiodo-

418 3466 531 3533 rus,
560 3451 755 3533 declivi
777 3451 1127 3533 facilitatead
1152 3452 1345 3533 urbem
1366 3449 2007 3533 A.Scyllaiciutn_deprimi-

419 3528 527 3575 tur.
558 3520 624 3576 Et
646 3537 776 3577 sane
804 3522 1123 3591 geographis
1148 3532 1258 3576 tum
1289 3520 1541 3591 antiquis,
1576 3530 1684 3576 tum
1730 3520 2006 3577 hodiernis

417 3592 624 3664 planus,
638 3601 724 3664 est
761 3593 980 3664 ubique,
1028 3601 1085 3646 et
1130 3593 1402 3664 palustris,
1435 3607 1535 3646 nec
1576 3593 1847 3647 montibus
1900 3591 2005 3645 cir-

418 3663 773 3717 cumvallatos
794 3662 921 3729 ager
943 3662 1367 3716 ltavcnaatensis
1391 3679 1405 3727 ;
1430 3676 1551 3716 cum
1583 3670 1765 3715 tamen
1794 3670 2007 3716 conter.

418 3732 645 3796 minum,
671 3734 778 3786 imo
820 3734 1083 3787 inclusum
1130 3734 1298 3800 septis
1342 3731 1655 3800 monasterii
1702 3732 1785 3787 sui
1840 3730 2004 3787 fuisse

416 3809 658 3856 montem
713 3801 936 3867 Moscin,
977 3817 1071 3856 seu
1121 3799 1402 3856 CaStellesi
1448 3799 1677 3855 Senator
1705 3809 1999 3857 asseveret.

420 3872 660 3941 Denique
685 3882 871 3926 contra
908 3870 1169 3940 Ugellom,
1202 3870 1559 3939 Augustinum
1606 3870 2000 3941 Florentinum,

418 3948 475 3993 et
498 3940 634 4011 alios
656 3941 916 4011 quosdam
952 3942 1140 4011 probat
1170 3941 1367 3995 citatus
1392 3949 1583 3996 auctor
1611 3940 1772 3995 Italus
1802 3940 1869 3995 ad
1891 3956 2002 3996 cm-

418 4010 639 4064 nobimn
668 4009 975 4078 Classense',
1005 4009 1066 4063 D.
1095 4010 1390 4078 Apollinari
1414 4027 1655 4076 sacrum,
1689 4012 1852 4066 tertio
1880 4012 2002 4066 mil-

419 4079 537 4133 liari
562 4080 749 4148 procul
782 4078 1035 4134 Ravenna
1061 4087 1415 4145 exstructum,
1439 4096 1706 4149 nusquam
1733 4096 1791 4136 se
1810 4090 2001 4137 contu-

417 4149 543 4204 lisse
564 4149 878 4220 monastica:
899 4150 1194 4220 disciplina:
1217 4151 1560 4205 candidatum
1585 4150 1996 4218 Cassiodorum;

415 4220 560 4288 quod
590 4219 703 4291 lleri
722 4233 836 4291 non
868 4219 1050 4291 possit
1081 4227 1138 4274 ut
1182 4220 1233 4274 in
1264 4221 1641 4291 inionastcrio,
1663 4221 1807 4291 quod
1857 4237 1999 4291 anno

415 4287 627 4345 tantum
676 4287 779 4343 545
823 4287 1136 4354 eicitatum,
1188 4289 1341 4358 cujus
1395 4287 1857 4345 basilicam-anno
1894 4290 2000 4346 549

413 4369 808 4431 consecratam,
842 4363 896 4415 in
936 4376 1047 4431 quo
1072 4362 1369 4416 monachos
1397 4376 1540 4416 anno
1567 4360 1674 4415 595
1696 4362 1748 4415 in
1771 4363 1997 4416 canoni-

414 4445 603 4486 corum
644 4430 768 4485 loco
805 4432 1126 4499 subrogatus
1156 4433 1422 4495 novimus,
1455 4433 1766 4487 monasticre
1795 4433 1997 4486 militia:

413 4498 612 4556 nombn
668 4515 811 4557 anno
858 4486 1101 4557 558vvel
1154 4500 1261 4557 559
1306 4486 1527 4559 claustri
1597 4486 1768 4558 novus
1822 4486 2074 4558 incolaD

413 4564 645 4625 dederit.

490 4638 684 4714 §_Vlll.
714 4638 822 4714 Car
859 4640 1028 4714 dictus
1077 4643 1145 4698 sit
1199 4642 1541 4698 Cassiodorus
1588 4643 1727 4714 apud
1779 4641 1997 4698 Romam

412 4708 674 4782 ﬂoruisse.
706 4708 976 4782 Cteterum
1006 4711 1060 4766 in
1090 4714 1443 4769 dissolvendis
1485 4708 1639 4768 nodis
1667 4714 1861 4782 quibus
1891 4714 1999 4766 his-

408 4780 583 4836 torias
609 4780 921 4852 implicuere
948 4783 1236 4852 scriptores
1257 4783 1651 4852 quamplurimi,
1675 4780 1997 4837 dissentien-

410 4858 499 4923 tes
526 4865 558 4906 a
597 4849 774 4923 nobis,
802 4851 848 4905 si
869 4849 997 4919 quid
1018 4849 1075 4905 et
1093 4849 1353 4923 temporis
1378 4849 1435 4907 et
1466 4853 1665 4908 laboris
1695 4854 1992 4922 posuimus,

411 4921 586 4994 lector
612 4921 871 4990 benignus
892 4921 1186 4994 excusabit,
1208 4921 1382 4978 dicam
1403 4924 1434 4994 ir
1451 4938 1522 4977 an
1565 4921 1872 4994 pergratum
1895 4924 1998 4978 sibi

409 4991 603 5064 fecisse
657 5006 759 5047 nos
806 5007 992 5064 tequus
1036 4992 1319 5057 fatebitur;
1350 4993 1547 5064 quippe
1569 4991 1861 5064 qui‘lucem
1890 5010 1996 5049 non

412 5060 678 5136 modicam
745 5060 1085 5136 attulerimus
1130 5065 1207 5136 iis,
1244 5060 1385 5136 quic'
1415 5060 1525 5118 tum
1581 5060 1719 5136 apud
1769 5062 1992 5136 Paulum

408 5127 708 5203 Diaconum
729 5131 797 5188 de
816 5134 981 5201 gestis
1007 5127 1506 5203 Langobardorum,
1522 5127 1633 5189 tuni
1653 5133 1791 5200 apud
1837 5134 1996 5188 abba-

407 5208 520 5256 tem
555 5199 946 5273 Uspergensem
976 5204 1028 5258 in
1049 5199 1315 5261 Chronico
1336 5204 1403 5259 ad
1431 5199 1627 5260 annum
1656 5199 1760 5259 527
1787 5214 1873 5259 sat
1898 5206 1997 5260 ob-

407 5272 583 5350 scuris
620 5272 1277 5350 verborum_ambagibus
1307 5275 1595 5350 leguntur;
1627 5274 1991 5350 Cassiodorus,

410 5342 691 5418 inquiunt,
712 5346 852 5413 apud
890 5342 1287 5418 _Romant_tam
1338 5346 1590 5418 saeculari
1634 5346 1993 5418 quamidivina

405 5411 624 5465 scientia
646 5411 851 5483 ctnruit.
881 5413 1024 5480 Quas
1044 5415 1259 5483 quidem
1303 5431 1466 5471 voces
1508 5411 1673 5471 nolim
1696 5417 1776 5472 sic
1805 5416 1996 5472 intelli-

406 5482 694 5555 g:ts,_qt_tasi
726 5483 908 5538 Roma:
931 5487 1250 5541 monachum
1274 5487 1464 5555 egerit.
1491 5495 1584 5541 aut
1605 5488 1991 5543 monasterium

406 5551 726 5632 condiderit,
758 5554 921 5632 quod,
951 5555 1109 5610 sicuti
1139 5572 1206 5611 ex
1227 5551 1614 5632 dictis_liq_uet,
1638 5560 1811 5632 erexit
1839 5558 1994 5625 juxta

405 5620 729 5704 _Seyl|acium
758 5620 900 5704 {sed
949 5633 1043 5704 aut
1076 5635 1336 5704 quantum
1363 5620 1558 5704 glorier
1570 5620 1675 5684 non
1702 5620 1884 5683 Roma:
1904 5644 1995 5683 so-

407 5701 542 5753 tum,
564 5705 754 5746 verum
782 5694 941 5747 etiam
991 5694 1043 5748 in
1095 5694 1247 5750 Italia
1273 5694 1385 5751 tota
1411 5697 1717 5753 divitiarum
1746 5707 1993 5753 contem-

404 5769 535 5832 ptus
561 5775 914 5834 secessusque
943 5764 997 5819 in
1036 5766 1379 5823 solitudinem
1409 5768 1647 5841 piissimo
1676 5784 1737 5824 ac
1761 5769 1990 5826 fortissi-

2111 3182 2435 3234 memorare,
2459 3169 2659 3237 quibus
2683 3177 2833 3223 tanta
2860 3170 2937 3224 ait
2963 3169 3127 3225 fuisse
3142 3170 3254 3227 loci
3280 3169 3458 3226 felicis
3481 3182 3704 3224 commo-

2110 3237 2197 3322 da,
2229 3245 2542 3322 tantamque
2567 3240 2902 3322 ubertatem,
2922 3248 2982 3295 ut
3010 3240 3151 3322 aliis,
3178 3238 3706 3322 etiamperfectiorio

2108 3306 2208 3363 bus
2255 3306 2469 3385 ascetis’
2498 3317 2684 3378 posset
2726 3325 2846 3385 non
2889 3311 3164 3385 immerito
3211 3306 3479 3385 invidiam
3501 3308 3701 3385 facere:

2109 3392 2237 3449 suos
2265 3380 2409 3433 enim
2426 3422 2441 3445 ,
2473 3388 2757 3449 postquam
2788 3378 3123 3436 Vivariensia
3149 3382 3278 3437 loca
3301 3379 3613 3449 descripsit,
3634 3378 3707 3432 sic

2108 3448 2402 3522 alloquitur
2438 3448 2741 3522 monachos
2791 3467 2804 3502 :
2863 3449 2950 3504 Ita
2998 3452 3082 3521 ﬁt,
3124 3452 3315 3521 inquit
3358 3448 3501 3522 (Lib.
3537 3448 3703 3503 Divin.

2108 3515 2259 3591 Littf,
2290 3535 2408 3591 cap.
2431 3518 2546 3591 29),
2570 3530 2627 3573 ut
2663 3515 3031 3576 monasterium
3061 3515 3296 3576 oestrum
3326 3515 3707 3591 potiusqmera-

2106 3588 2584 3661 tur_ait_aliis_,quam
2611 3606 2697 3643 vos
2725 3599 2976 3661 extfanea
2992 3594 3107 3646 loca
3133 3588 3454 3647 desiderare
3482 3588 3704 3661 pessitis.

2179 3658 2326 3730 §XL
2360 3658 2741 3714 Monasterium
2795 3659 3093 3716 Cassiodori
3141 3679 3241 3715 cur
3315 3658 3710 3722 Vivariense,et

2105 3730 2439 3784 Castettiense
2461 3731 2792 3802 appellatum.
2823 3731 2902 3786 An
2959 3732 3276 3787 cmnobium
3330 3731 3483 3802 quod
3533 3730 3711 3802 subter

2104 3809 2362 3871 montem,
2389 3808 2444 3871 et
2464 3801 2669 3856 cellula:
2689 3816 2822 3869 quas
2850 3817 3010 3871 supra
3033 3803 3294 3857 eumdem
3323 3801 3571 3858 eremitis
3590 3813 3713 3871 con-

2105 3870 2239 3924 didit
2262 3869 2629 3942 Cassiodorus,
2659 3872 2874 3942 unicum
2920 3869 3030 3942 vel,
3065 3874 3279 3942 duplex
3323 3870 3711 3942 monasterium

2102 3941 2310 3995 censeri
2340 3948 2558 4009 queant,
2586 3956 2691 3996 non
2719 3941 2983 3998 immerito
3015 3939 3199 3997 fol-san
3233 3942 3553 3997 addubites.
3581 3939 3709 3993 Nam

2103 4010 2319 4081 utrique
2364 4010 2645 4081 sententia:
2698 4010 2877 4067 favere
2905 4011 3138 4069 Senator
3165 4015 3291 4081 ipse
3322 4013 3563 4074 videtur.
3593 4011 3713 4063 dum

2103 4079 2268 4135 modo
2324 4080 2405 4135 his
2446 4080 2613 4135 utitur
2658 4082 2882 4136 verbis:
2913 4079 3308 4137 Monasterium
3373 4082 3709 4137 l’ioariense:

2104 4148 2478 4205 Monasteiium
2542 4159 2763 4205 vestrum
2817 4169 2831 4205 :
2873 4154 2929 4207 in
2982 4152 3322 4208 Monasterio
3393 4149 3714 4211 Vivariensi.‘

2102 4220 2263 4291 modo
2282 4221 2401 4275 istis
2434 4238 2447 4274 :
2474 4218 2799 4276 Monasteria
2820 4232 3024 4277 sancta.
3051 4223 3330 4279 Abbatem
3381 4224 3456 4279 de
3500 4221 3715 4291 proprio

2101 4290 2673 4364 cla_ustro_|oquentem
2708 4292 2818 4364 hic,
2841 4294 3134 4361 sequimur.
3172 4294 3260 4349 Ac
3290 4294 3477 4364 primo
3502 4290 3715 4361 quidem

2102 4361 2317 4415 unicum
2340 4360 2503 4415 fuisse
2530 4362 2761 4431 probant
2779 4360 3073 4417 situsintra
3102 4360 3340 4419 eosdem
3365 4360 3579 4426 mures,
3602 4372 3719 4430 pre-

2101 4445 2224 4485 cum
2253 4431 2553 4486 cmnobitas
2582 4431 2724 4486 inter
2747 4441 2803 4486 et
2825 4434 3184 4488 auacboretas
3229 4433 3583 4497 communio,
3609 4444 3716 4485 cte-

2101 4500 2301 4556 nobitis
2325 4500 2494 4572 facilis
2521 4500 2589 4555 ad
2616 4509 2857 4572 montem
2900 4503 3103 4567 aditus,
3139 4504 3536 4572 transitusque
3558 4500 3625 4555 ad
3642 4498 3717 4553 vi-

2103 4577 2209 4642 tam
2257 4570 2609 4642 eremiticam.
2660 4571 2867 4642 Duplex
2920 4582 3099 4628 autem
3147 4572 3330 4629 fuisse
3373 4570 3570 4630 eorum
3608 4586 3636 4623 a
3666 4583 3720 4624 se

2102 4641 2333 4713 invicem
2354 4641 2629 4713 distantia,
2652 4641 2844 4707 vietus,
2871 4644 3125 4713 colloquii
3155 4653 3217 4699 et
3242 4645 3518 4699 abbatum
3546 4642 3720 4713 diver-

2099 4711 2232 4768 sitas
2250 4713 2397 4767 clare
2419 4712 2809 4767 demonstrant.
2835 4713 3000 4781 Igitur
3025 4711 3069 4771 si
3105 4715 3449 4769 monasterii
3485 4711 3718 4781 vocabu-

2101 4783 2211 4836 lum
2244 4783 2297 4836 in
2326 4782 2545 4837 arctiori
2592 4797 2752 4839 sensu
2776 4780 3033 4853 accipias,
3064 4784 3428 4840 Vivariensia
3463 4780 3720 4853 loca_dis-

2101 4853 2339 4921 tingues;
2366 4853 2411 4906 si
2436 4867 2566 4923 vero
2611 4854 2663 4906 in
2692 4851 2961 4922 ampliori,
2990 4854 3327 4920 eonfundes,
3363 4851 3721 4923 quemadmov

2102 4919 2230 4976 dum
2283 4923 2414 4976 alias
2460 4922 2528 4976 de
2594 4919 3104 4988 Benedictiuorum,
3163 4940 3330 4981 nunc
3383 4919 3593 4979 autem
3659 4919 3723 4975 de

2102 4992 2491 5065 Montisserrati
2518 5001 2572 5047 et
2591 4994 3081 5065 Canialdulcnsium
3118 4994 3511 5065 Hispanorum
3542 4991 3723 5065 solitu-

2102 5062 2316 5119 dinibus
2343 5063 2447 5118 dici
2468 5073 2667 5134 potest.
2695 5063 2805 5119 llac
2832 5080 2933 5132 ego
2955 5064 3021 5119 de
3043 5080 3211 5120 causa
3224 5062 3566 5120 Cassiodori
3591 5071 3721 5134 temo
3760 5066 3767 5074 '

2103 5134 2325 5203 poribus
2344 5132 2616 5203 binoinine
2639 5133 2801 5189 fuisse
2829 5135 2947 5203 ejus
2970 5138 3384 5190 monasterium
3409 5151 3564 5199 reor,
3588 5132 3718 5186 adeo

2103 5202 2162 5274 ut
2188 5220 2307 5274 qua:
2336 5219 2458 5273 pars
2487 5202 2813 5274 Vivariensis
2857 5205 3156 5272 dicebatur,
3183 5206 3614 5262 cusuobitarum
3638 5215 3696 5255 se

2100 5272 2396 5339 des—esset;
2422 5288 2542 5341 quae
2560 5273 2941 5335 Castelliensis.
2968 5276 3360 5330 eremitarum.

2176 5344 2204 5415 §
2236 5343 2348 5399 ΧΠ.
2370 5342 2606 5417 Quinam
2636 5361 2671 5417 a
2722 5346 3028 5417 fundatione
3047 5347 3316 5417 usquead
3343 5347 3462 5400 lucc
3494 5354 3728 5417 teinpora

2098 5411 2470 5485 monasterium
2500 5411 2797 5470 Vivarieuse
2825 5411 3150 5470 incoluerini.
3178 5415 3308 5470 Nec
3332 5411 3613 5485 ingratum
3643 5411 3726 5464 hic

2098 5484 2216 5541 fore
2256 5485 2490 5541 arbitror
2545 5489 2762 5545 curioso
2838 5490 3075 5555 lectori,
3143 5485 3310 5554 quod
3375 5484 3452 5541 ab
3503 5491 3729 5539 auctore

2096 5557 2234 5615 Italo
2280 5574 2452 5628 nuper
2479 5560 2801 5629 accepimus,
2852 5559 3159 5617 Cassiodori
3191 5561 3427 5617 scilicet
3452 5564 3730 5629 monaste-

2097 5629 2238 5714 rium
2259 5630 2328 5711 ab
2348 5626 2466 5714 ipso
2485 5626 2727 5714 exordio,
2752 5631 3044 5714 multisque
3081 5638 3225 5714 post
3269 5632 3452 5714 aii-nis.
3472 5626 3731 5714 Benedic.

2099 5700 2242 5755 tinos
2271 5700 2558 5755 incoluisse
2582 5718 2596 5764 ;
2628 5699 2714 5755 his
2734 5698 3061 5757 successisse
3081 5698 3133 5755 S.
3165 5698 3375 5757 Basilii
3399 5698 3727 5768 discipulos,

2097 5784 2233 5841 quos
2262 5771 2385 5828 inde
2416 5771 2628 5827 tandem
2681 5780 2771 5828 aut
2824 5772 3084 5829 bellorum
3114 5770 3353 5842 injuria,
3389 5780 3489 5828 aut
3513 5769 3727 5827 vicissi-
