3954 6178
407 275 514 334 487

1588 280 1657 336 Μ.
1701 277 2046 337 AURELIUS
2082 277 2566 338 CASSIODOBUS.

3559 270 3654 327 488

408 402 466 467 et
491 402 556 467 ut
580 393 776 467 adeas
813 397 1164 467 tempestivus
1203 404 1259 451 et
1301 395 1474 452 laeilis
1497 466 1502 467 ί
1525 404 1672 452 esset
1716 411 1986 466 accessus,
2017 401 2065 461 Α
2091 411 2200 452 non
2223 396 2366 452 enim
2389 395 2605 453 dimterI
2631 402 2856 467 possunt
2882 394 3074 451 eruditi
3111 391 3352 467 regulam
3379 391 3511 450 hanc
3546 395 3651 466 ipso

409 465 756 521 tinniensium
791 465 1210 536 horologiorum,
1238 475 1296 522 et
1317 467 1460 536 jugis
1494 466 1711 521 luminis
1763 483 1862 522 usu
1899 465 1984 522 in?

408 537 630 608 geniose
664 535 898 608 providit
931 535 1282 608 Cassiodorus
1310 535 1329 591 :7
1361 537 1492 608 [lac
1540 553 1662 608 ergo
1707 546 1987 608 procurata

407 615 552 671 sunt,
575 607 746 674 inquit
772 622 891 676 cap.
925 607 993 660 50
1025 607 1117 661 lib.
1150 607 1323 662 Divin.
1357 607 1506 673 Litt.,
1539 606 1812 661 utmilites
1837 606 1990 661 Chri-

409 677 479 748 sti
506 676 804 730 certissimis
842 679 1002 748 signis
1046 678 1320 745 admoniti,
1362 678 1430 730 ad
1477 694 1605 748 opus
1649 678 1990 732 exercendum

411 747 640 819 diuinum
667 749 816 819 quasi
843 747 976 802 tubis
1004 748 1360 819 clangentibus
1389 756 1675 819 evocentur.

483 823 533 870 4.
576 815 841 871 Convenit
888 820 1027 873 inter
1064 815 1307 874 eruditos
1353 818 1556 872 nullum
1598 818 1650 871 in
1697 815 1992 873 Occidente

409 896 571 958 aetate
602 887 892 942 Benedicto
921 891 1255 958 superiorem
1294 888 1345 941 in
1374 887 1514 942 serie
1541 888 1796 958 horarum
1822 902 1991 943 cano-

411 956 652 1010 nicarum
683 956 1021 1026 completorii
1069 959 1404 1022 meminisse,
1448 966 1504 1012 et
1550 957 1691 1012 illius
1738 972 1890 1012 usum
1939 964 1995 1013 et

411 1027 637 1098 formam
667 1025 1104 1083 Occidentalibus
1144 1029 1420 1098 monachis
1451 1029 1861 1098 praescripsisse,
1899 1043 1994 1084 cu-

415 1097 495 1154 ius
540 1097 700 1151 ritum
745 1100 1081 1153 sanctissimo
1127 1098 1270 1151 Patri
1321 1097 1486 1154 debet
1537 1097 1702 1152 etiam
1753 1098 1994 1152 Romana

458 1168 672 1236 celesia,
707 1176 764 1220 ut
793 1168 961 1236 probe
1003 1170 1244 1224 scribunt
1292 1167 1667 1236 Bellarminus,
1717 1168 1994 1223 Francoli-

413 1254 535 1302 nus,
567 1235 720 1306 IIugo
754 1235 1058 1304 Menardns,
1101 1239 1387 1294 eardinalis
1431 1239 1601 1303 Bona,
1630 1235 1685 1293 et
1713 1239 1802 1292 alii
1831 1239 1898 1293 ab
1928 1253 1996 1294 eo

409 1307 558 1388 citati
588 1324 708 1388 cap.
734 1307 806 1388 10
839 1308 1140 1388 deﬁnivina
1179 1307 1501 1388 Psalmodia.
1533 1307 1698 1388 Igitur
1725 1308 1869 1388 haud
1896 1307 1997 1362 du-

409 1377 555 1432 bium
580 1377 709 1446 quin
734 1377 1139 1434 Benedictinam
1179 1379 1438 1446 Regulam
1479 1387 1695 1434 secutus
1723 1380 1794 1434 sit
1821 1377 1997 1433 Sena-

411 1457 520 1519 tor,
550 1447 675 1519 dum
707 1449 761 1502 in
792 1449 1017 1519 prologo
1038 1450 1120 1504 sui
1149 1449 1202 1504 in
1233 1449 1476 1504 Psalmos
1505 1447 1915 1519 Commentarii,
1943 1455 2000 1502 et

411 1517 467 1570 in
499 1518 705 1586 psalmo
731 1533 913 1586 cxvm,
937 1517 994 1573 et
1027 1519 1259 1574 maxime
1290 1520 1343 1572 in
1371 1518 1718 1574 conclusione
1747 1517 1883 1588 psal.
1907 1533 1996 1583 xc,

413 1588 770 1658 completorios
817 1600 931 1658 post
977 1606 1155 1644 omnes
1199 1598 1342 1642 actus
1397 1589 1520 1652 diei,
1569 1590 1734 1643 noctis
1779 1589 1999 1644 adventu

409 1657 569 1726 jussit
595 1657 891 1713 deCantari.

488 1726 542 1784 5.
584 1726 785 1784 Similis
816 1729 1092 1798 utriusque
1121 1730 1173 1784 in
1221 1745 1476 1785 manuum
1505 1728 1780 1784 laboribus
1807 1742 1998 1798 mona-

415 1797 671 1870 chis,ine
723 1799 835 1870 otio
883 1786 1182 1869 torperent,
1233 1799 1657 1870 praescribendis,
1704 1799 1893 1854 similis
1942 1797 1998 1870 in
2028 1786 2075 1848 Β

415 1868 798 1939 distribuendis
823 1867 1110 1938 unicuique
1137 1867 1430 1926 secundum
1460 1869 1604 1939 vires
1649 1883 1776 1924 suas
1815 1867 2000 1939 operi-

414 1937 518 1992 bus
546 1953 670 1992 cura
702 1946 756 1992 et
784 1937 1105 1994 sollicitudo.
1161 1940 1436 1994 Similibus
1479 1938 1640 1994 ambo
1672 1937 1867 1994 verbis
1899 1939 2000 1992 ini-

416 2008 613 2061 micam
639 2009 939 2063 animarum
967 2009 1292 2064 otiositatem
1322 2018 1378 2064 et
1401 2009 1658 2064 desidiam
1682 2023 1712 2062 a
1753 2006 2001 2063 claustris

456 2078 604 2150 roenl
637 2079 928 2150 amandare
961 2080 1296 2150 contendunt
1326 2079 1498 2150 (Reg.
1529 2094 1646 2150 cap.
1693 2076 1819 2150 48;
1848 2077 1997 2150 Cgss.

415 2145 508 2201 lib.
542 2147 658 2202 Div.
691 2147 817 2202 Litt.
840 2166 956 2221 cap.
988 2149 1078 2203 30.
1114 2149 1246 2221 Reg.
1279 2145 1396 2220 cap.
1429 2145 1539 2216 '48;
1570 2145 1718 2202 Cass.
1761 2147 1852 2202 lib.
1878 2145 1998 2202 Div.

415 2216 545 2272 Litt.
578 2234 694 2287 cap.
727 2217 839 2287 52).
1617 2285 1622 2287 _

464 2226 545 2272 ιιι.
578 2234 694 2274 can.
727 2226 839 2274 5‘2).

578 2237 839 2358 iii'ériié'
860 2289 975 2358 pari
1005 2289 1356 2345 veneratione
1385 2285 1626 2344 Cassiani
1671 2288 1872 2359 scripta
1909 2301 2004 2359 co-

345 2409 359 2422 ,
415 2357 534 2430 luit,
556 2357 772 2430 suisque
783 2357 1020 2430 legenda
1041 2359 1341 2430 proposuit.
1367 2359 1596 2413 Sedeant
1615 2357 1810 2420 omnes,
1834 2357 2008 2426 inquit

416 2427 742 2500 Benedictus
782 2427 915 2500 Reg.
957 2427 1078 2500 cap.
1123 2427 1213 2494 η,
1240 2437 1306 2500 iet
1342 2429 1478 2500 legat
1519 2445 1652 2500 u_nus
1703 2430 2006 2483 collationcs

414 2499 656 2564 Patrum,
685 2497 915 2568 scriptas
939 2497 1149 2554 scilicet
1171 2514 1201 2552 a
1224 2497 1504 2568 Cassiano.
1527 2497 1838 2568 Cassianum
1865 2514 2008 2568 pres-

416 2569 670 2638 byterum,
721 2565 809 2620 ait'
843 2568 1194 2638 Cassiodorus
1233 2569 1325 2621 lib.
1371 2567 1485 2621 Div.
1540 2567 1689 2638 Litt.,
1748 2565 2002 2638 cap.'_29,

413 2637 595 2692 sedulo
621 2639 791 2708 legite,
823 2647 872 2691 et
901 2637 1119 2708 libenter
1145 2641 1321 2691 audite
1341 2654 1359 2691 :
1391 2639 1440 2692 id
1469 2645 1552 2708 est
1590 2637 1772 2708 forsan
1801 2636 2005 2708 audite,

414 2708 546 2762 dum
581 2704 894 2762 sedentibus
922 2707 1062 2771 aliis,
1098 2719 1155 2762 ut
1197 2708 1438 2777 praecipit
1492 2707 1835 2776 Benedictus,
1875 2704 2008 2762 Cas;

413 2779 554 2833 siani
584 2777 903 2832 collationes
933 2793 1069 2830 unus
1097 2793 1280 2831 coram
1313 2777 1534 2833 legeret.

489 2848 539 2902 7.
583 2847 940 2903 Cassiodorus
971 2847 1308 2918 Vivarienscs
1336 2845 1642 2918 obedientia
1665 2862 1775 2918 prze
1795 2845 2008 2902 caeteris

413 2918 702 2973 virtutibus
731 2919 975 2972 exerceri
1013 2917 1191 2986 jussit,
1224 2921 1377 2988 cujus
1415 2925 1474 2970 ut
1513 2917 1817 2986 religiosior
1857 2924 2008 2988 esset

418 2988 781 3052 observantia,
828 3004 948 3044 eam
995 2988 1124 3058 ipsis
1171 3003 1308 3058 pene
1359 2988 1538 3042 verbis
1587 2987 2003 3052 commendavit,

412 3059 607 3127 quibus
635 3057 692 3112 S.
719 3057 1040 3114 Benedictus
1057 3074 1142 3126 ea,
1169 3057 1331 3113 veluti
1358 3067 1557 3128 tessera
1577 3059 1830 3128 quadam,
1853 3058 2010 3113 disci-

417 3129 575 3199 pulos
625 3130 866 3196 insigniri
907 3129 1078 3184 volnit
1121 3128 1278 3201 (Reg.
1309 3145 1425 3200 cap.
1462 3127 1525 3194 5;
1559 3127 1709 3183 Cass.
1759 3129 1851 3182 lib.
1881 3128 2003 3183 Div.

417 3198 547 3253 Litt.
572 3216 690 3253 can.
721 3199 835 3253 32).
935 3221 939 3224 ·

467 3201 547 3254 itt.
572 3216 690 3254 can.
721 3201 835 3254 δί).
935 3221 939 3224 ·

572 3216 696 3324 (iiii;
721 3202 903 3324 iniibus
940 3269 1268 3339 persuadent
1294 3268 1698 3324 Benedictinum
1720 3268 2006 3325 Vivarien-

416 3340 555 3394 sium
611 3340 914 3394 institutum
955 3348 1036 3394 tot
1087 3340 1385 3409 peculiares
1415 3341 1707 3395 Benedicto
1751 3339 2007 3409 loquendi

411 3410 694 3475 formulas,
745 3411 940 3480 quibus
985 3410 1064 3465 sie
1110 3410 1316 3464 studuit
1365 3409 1718 3465 Cassiodorus
1761 3410 1832 3464 ad
1877 3425 2006 3466 suos

415 3481 677 3544 scribens,
707 3489 766 3534 ut
803 3494 939 3550 pene
968 3480 1020 3533 in
1050 3480 1211 3534 verba
1238 3480 1468 3550 Magistri
1489 3481 1699 3550 jurasse
1721 3481 2004 3550 videatur:

417 3551 670 3620 exemplo
692 3551 763 3606 sit
789 3549 933 3621 quod
963 3551 1126 3605 variis
1149 3551 1210 3621 in
1233 3549 1364 3604 locis
1398 3549 1499 3604 lib.
1523 3550 1695 3605 Divin.
1728 3549 1855 3621 Litt.
1901 3550 2009 3621 Ira:-

416 3629 530 3676 tres
559 3637 686 3676 suos
715 3620 872 3675 vocet
902 3621 1088 3674 milites
1116 3620 1327 3682 Christi,
1359 3637 1457 3674 usu
1502 3621 1717 3688 Regulae
1754 3620 2006 3674 familiari

419 3691 592 3754 (Cass.
625 3692 716 3746 lib.
754 3690 872 3745 Div.
899 3690 1048 3755 Litt.,
1071 3707 1186 3758 cap.
1217 3690 1329 3760 50).
1364 3691 1516 3754 Item,
1549 3693 1713 3760 ﬁtque
1744 3691 1838 3743 illa
1863 3691 2007 3744 scala

415 3761 602 3826 Iacob,
636 3771 766 3824 etc.;
819 3761 911 3815 sed
950 3761 1142 3831 gradus
1187 3759 1294 3831 iste
1327 3759 1634 3831 humilitatis
1664 3759 1753 3831 (In
1790 3764 2000 3831 prtefat.

418 3833 554 3902 psal.
586 3833 756 3902 cxrx),
785 3839 894 3886 etc.
939 3829 1088 3902 Unde
1126 3830 1490 3902 scalaniillain
1521 3829 1684 3883 Jacob
1721 3846 1815 3900 pro
1859 3829 2008 3900 parte

417 3899 595 3972 aliqua
625 3901 765 3968 (Lib.
814 3902 927 3954 Div.
979 3899 1128 3972 Litt.,
1159 3917 1275 3972 cap.
1301 3899 1419 3972 52),
1452 3908 1584 3966 etc.,
1607 3899 1811 3970 magna:
1833 3899 2007 3972 remu-

418 3969 705 4024 uerationis
731 3981 814 4040 est
835 3971 1104 4040 prwmium
1125 3970 1235 4023 sine
1257 3969 1428 4040 aliqua
1451 3969 1710 4024 murmure
1738 3970 2007 4040 prwceptis

419 3988 705 4024 iterationis
731 3988 805 4024 est
835 3988 1104 4040 praemium
1125 3988 1235 4023 sine
1257 3988 1428 4040 (inquo
1451 3988 1710 4024 murmure
1738 3988 1905 4040 prwce
1943 3988 2007 4024 ns

419 4040 732 4094 salutaribus
765 4039 974 4094 obedire
996 4039 1086 4109 (In
1117 4040 1256 4111 psal,
1295 4054 1420 4101 Lxx,
1443 4057 1502 4111 νυ.
1535 4040 1642 4111 l5).
1674 4040 1846 4094 Item:
1879 3988 2008 4105 (fuat

421 4111 568 4180 uilius
623 4112 916 4180 comparari
954 4107 1170 4178 possunt
1204 4107 1294 4178 (In
1335 4110 1469 4180 psal.
1513 4107 1731 4177 cxsxvr,
1777 4128 1825 4165 υ.
1874 4111 2005 4180 il);

419 4179 577 4261 Item,
600 4181 714 4233 ista:
733 4179 1090 4266 cggitation'es,
1116 4180 1237 4232 dum
1259 4187 1379 4266 sunt
1382 4180 1640 4266 futatim
1649 4179 2008 4266 percutiuntur

420 4198 577 4261 item,
600 4198 714 4233 ista:
733 4198 1090 4250 cognationes,
1116 4198 1237 4232 aum
1259 4198 1627 4304 sunrgxarygta:
1649 4198 2008 4266 percutiuntur

419 4267 491 4331 sn_
503 4260 702 4331 petram
716 4249 968 4331 .(Prolog.
1002 4249 1267 4331 Beg._cap.
1291 4250 1351 4331 _7,
1417 4291 1431 4316 ,
1459 4248 1590 4331 ῥυ).
1623 4251 1702 4304 hx
1731 4251 1927 4331 quibus
1954 4260 2010 4306 et

422 4319 546 4391 aliis
585 4319 784 4391 passim
821 4319 994 4376 obviis
1023 4320 1194 4391 facilis
1223 4329 1306 4391 est
1351 4319 1660 4388 conjectura
1700 4319 2009 4377 nullatenus

421 4389 698 4445 Benedicti
730 4390 983 4459 Regulam
1015 4391 1092 4445 sic
1113 4389 1438 4446 Cassiodoro
1467 4391 1533 4444 ad
1563 4407 1780 4445 manum
1826 4391 2007 4458 fuisse,

421 4461 523 4516 nisi
553 4477 619 4515 ex
650 4461 791 4516 illius
823 4477 917 4514 usu
949 4470 1003 4516 et
1031 4461 1234 4514 diutina
1258 4461 1486 4516 lectione
1513 4477 1673 4530 quam
1698 4461 1752 4516 in
1779 4477 2008 4531 congre-

421 4531 640 4603 gatione
667 4533 860 4603 sepius
895 4531 1192 4586 iterandam
1223 4532 1466 4603 praecipit
1501 4533 1589 4586 illa
1621 4548 1741 4603 cap.
1773 4532 1857 4585 66.

495 4601 639 4655 Idem
670 4617 770 4656 nec
794 4602 973 4671 inepte
999 4603 1214 4670 quidem
1243 4602 1456 4670 probari
1486 4611 1663 4672 potest
1687 4601 1762 4657 ex
1793 4605 1894 4657 hac
1919 4601 2012 4658 Se-

425 4672 632 4742 natoris
653 4674 936 4742 sententia,
969 4673 1046 4726 sic
1088 4672 1172 4742 ad,
1185 4688 1314 4727 suos
1355 4674 1638 4728 scribentis
1668 4689 1788 4742 cap.
1821 4672 1892 4725 52
1914 4674 2006 4727 lib.

426 4742 557 4814 Div.
578 4740 729 4814 Litt.,
755 4740 883 4796 Tam
914 4744 1118 4814 regulas
1141 4741 1360 4814 Patrum
1389 4760 1542 4814 quam
1577 4740 1779 4814 proprii
1808 4759 2009 4814 prince-

424 4813 588 4894 pto_r_is
608 4813 760 4894 jussu
784 4811 1006 4894 servate.
1036 4811 1138 4893 Per
1166 4813 1376 4894 regulas
1401 4811 1626 4894 quippe.
1644 4811 1862 4894 Patrum
1903 4813 2009 4894 B_e_-

427 4883 750 4954 nedictinam
782 4883 1005 4954 intelligi
1032 4883 1323 4954 opinantur
1345 4899 1450 4954 nec
1475 4883 1650 4954 pauci,
1681 4899 1781 4937 nec
1809 4883 2013 4951 ignobi-

426 4953 503 5006 les
531 4953 648 5016 viri,
681 4957 784 5006 rati
813 4952 908 5008 SS.
943 4953 1302 5022 legislatorem
1343 4952 1688 5022 Benedictum
1735 4956 2011 5008 modestia:

425 5038 588 5077 causa
635 5038 790 5077 suum
829 5021 1025 5078 nomen
1068 5023 1300 5091 genuino
1352 5021 1480 5077 fetui
1526 5024 1908 5092 suppressisse,
1956 5033 2013 5079 et

427 5092 644 5146 Patrum
696 5094 933 5159 nomine,
981 5108 1210 5162 quorum
1257 5093 1469 5161 placitis
1519 5095 1719 5148 multus
1765 5094 2009 5159 adhaesit,

464 5164 729 5233 ostcritati
781 5179 1136 5232 nuncupasse.
1188 5162 1320 5218 Vide
1371 5163 1648 5233 Ilngonem
1698 5163 2009 5219 Menardum

464 5179 729 5217 osrcrnau
781 5179 1136 5232 nuncupasse.
1195 5179 1320 5218 Vltle
1371 5179 1648 5233 nugonem
1698 5179 2009 5219 menaraum

424 5179 519 5290 lib.
549 5233 616 5286 de
638 5231 783 5303 Orig.
813 5235 1017 5288 ordinis
1042 5233 1214 5289 sancti
1257 5233 1556 5300 Benedicti,
1609 5233 1910 5289 Haeltenum
1954 5235 2010 5289 in

427 5303 701 5378 Disqnisit.
728 5312 982 5370 monast.,
1013 5313 1068 5358 et
1088 5304 1269 5378 pl_ure_s
1289 5305 1423 5378 alios
1451 5304 1571 5359 ideo
1595 5306 1665 5378 ita
1692 5307 2008 5378 sentientes;

425 5373 582 5442 quia,
637 5383 696 5428 ut
741 5384 891 5430 recte
941 5373 1103 5430 notat
1136 5375 1194 5428 ὃ.
1227 5373 1545 5430 Benedictus
1585 5376 1752 5429 abbas
1794 5375 2024 5429 Auiame

427 5444 481 5499 in
511 5445 821 5512 pnefatione
868 5444 1182 5500 Concordiae
1224 5446 1546 5513 regularum,
1589 5455 1794 5500 certum
1837 5457 1920 5500 est
1942 5446 2005 5500 Β.

428 5513 762 5587 Benedictum
793 5533 938 5570 suam
977 5534 1008 5570 a
1050 5517 1249 5587 cwteris
1280 5516 1511 5587 regulam
1560 5518 1917 5584 assumpsisse.
1948 5516 2013 5570 Et

429 5593 486 5658 ut
516 5586 566 5638 in
583 5587 702 5658 vita
734 5586 790 5640 S.
823 5587 1035 5658 Martini
1061 5587 1128 5642 de
1158 5585 1394 5658 Vertano
1426 5587 1616 5658 legitur
1641 5605 1652 5638 :
1681 5587 1847 5650 Quam
1871 5603 2016 5658 regu-

428 5654 554 5720 lam,
577 5655 631 5710 S.
665 5655 958 5723 Benedicti,
982 5662 1210 5725 priorum
1241 5656 1455 5710 Patrum
1482 5657 1698 5710 decretis
1727 5654 2012 5710 institutam

429 5741 463 5796 tt
503 5726 845 5796 transalpinis
897 5728 1191 5796 regionibus
1245 5729 1416 5796 [erant
1463 5730 1525 5778 ab
1580 5729 1691 5796 ipso
1761 5729 2008 5780 delatam.

429 5794 698 5867 Superllui
725 5803 867 5852 esset
894 5794 1091 5853 laboris
1111 5794 1262 5866 plura
1294 5800 1344 5852 in
1376 5798 1514 5852 hanc
1539 5794 1653 5853 rem
1684 5811 2013 5867 congerere;

2093 468 2256 522 etiam
2286 467 2504 523 vivente
2529 465 2837 536 Iegislatore
2863 467 2942 522 sic
2969 465 3304 536 inscriptam,
3348 471 3400 517 et
3425 479 3453 518 a
3477 465 3656 521 coaeta-

2092 538 2210 592 neis
2239 538 2554 593 auctoribus
2587 535 2654 593 eo
2699 538 2802 592 sub
2846 537 3004 592 titulo
3034 535 3338 594 laudatam:
3369 547 3482 588 eam
3525 538 3654 592 enim

2090 605 2384 676 Gregorius
2447 608 2589 663 inter
2651 621 2875 676 magnos
2938 605 2998 660 B.
3063 603 3341 676 Benedicti
3388 603 3658 676 discipulos

2091 673 2359 749 maximus
2383 677 2701 749 simpliciter
2717 673 2777 749 et
2805 676 3050 749 absolute
3075 681 3233 749 vocat
3277 673 3530 749 Begulani
3553 693 3656 734 mo-

2093 747 2394 802 nachorum
2424 743 2600 803 in'lib.
2635 764 2672 803 ιι
2711 747 3076 815 Dialogorum.
3123 743 3214 815 Sic
3237 745 3400 815 etiam
3439 745 3490 800 in
3531 750 3658 804 anti-

2095 818 2368 888 quissimis
2405 819 2621 884 chartis,
2655 814 2969 889 pontiﬁcum
3000 814 3252 889 decretis,
3286 814 3660 889 diplomatibus

2093 883 2300 955 regum,
2333 896 2387 944 et
2409 883 2878 944 conciliis'eitatnr
2900 886 3000 957 (a),
3025 886 3112 957 ubi
3145 883 3252 938 Leo:
3278 883 3659 957 Monachum»,

2096 954 2297 1030 Regula
2327 968 2529 1030 sancta,
2558 959 2756 1030 Regula
2787 954 3024 1030 Patrum,
3059 954 3264 1030 Nomia
3292 954 3520 1022 Patrum,
3544 959 3662 1013 nihil

2095 1025 2236 1099 aliud
2267 1037 2410 1093 sunt,
2438 1029 2536 1084 nisi
2577 1025 2694 1099 ipsa
2726 1027 2932 1099 Regula
2957 1025 3255 1087 Benedicti,
3275 1039 3447 1099 Aquam
3477 1042 3543 1099 ex
3565 1044 3666 1084 me-

2096 1097 2320 1154 lioribus
2360 1107 2414 1153 et
2443 1095 2745 1168 exquisitis
2793 1095 3010 1152 Patrum
3057 1095 3665 1168 sententiisconfectam

2096 1168 2383 1224 advertens
2425 1165 2800 1229 Cassiodorus,
2845 1184 2957 1222 non
3003 1167 3148 1222 male
3194 1165 3421 1237 Regulas
3463 1165 3666 1223 Patrum

2095 1253 2248 1295 more
2269 1249 2586 1294 cacterornm
2612 1238 2921 1308 appellavit.

2169 1308 2320 1375 Quod
2349 1310 2393 1364 si
2423 1306 2750 1380 pertinacius
2777 1309 2990 1380 quidam
3031 1306 3385 1380 reluctenlur,
3408 1307 3664 1380 et_malint

2097 1377 2524 1434 Senatorem‘ad
2567 1394 2755 1434 omnes
2796 1377 3261 1433 indiscriminatim
3303 1384 3360 1430 et
3396 1377 3668 1433 universim

2098 1450 2312 1520 regulas
2341 1449 2680 1520 antiquorum
2711 1449 2928 1520 Patrum
2957 1448 3268 1520 memoratis
3306 1447 3485 1520 verbis
3507 1447 3670 1520 inten-

2097 1515 2262 1602 disse,
2284 1535 2443 1602 quem
2465 1515 2705 1602 obsidem
2731 1519 2935 1574 dabunt
2955 1533 3067 1573 sua:
3084 1518 3232 1599 lidei,
3265 1524 3326 1602 ut
3347 1515 3532 1602 isthmc
3549 1518 3672 1602 citra

2102 1587 2378 1659 tanti'viri
2428 1588 2676 1659 iujuriam
2728 1603 2888 1659 posse
2932 1588 3098 1659 asseri
3140 1588 3260 1656 quis
3291 1595 3423 1659 tuto
3458 1587 3672 1659 credat?

2098 1658 2322 1715 Nutaret
2342 1654 2510 1725 certe,
2529 1674 2595 1715 ne
2614 1654 2787 1716 dicam
2809 1660 3020 1729 penitus
3041 1654 3672 1729 obruereturCassiodori

2100 1731 2386 1798 prudentia
2409 1733 2508 1784 sub
2539 1739 2684 1784 tanta
2712 1727 3103 1800 praeceptorum
3131 1727 3301 1800 mole,
3334 1727 3383 1800 si
3410 1738 3672 1800 constaret

2101 1796 2278 1855 virum
2300 1800 2626 1855 discretione
2653 1796 2980 1868 principuum
3014 1806 3095 1854 tot
3129 1796 3676 1868 importabiliaonera

2099 1886 2319 1927 suorum
2350 1870 2588 1925 humeris
2616 1865 2884 1938 alligasse,
2910 1875 3038 1938 puta
3071 1865 3286 1936 regulas
3317 1865 3548 1938 Antonii,
3579 1865 3676 1920 Pa-

2101 1942 2284 2006 comii,
2311 1940 2585 2006 Macharii,
2616 1937 2809 2004 Oresii,
2841 1937 3042 2004 Basilii,
3073 1938 3344 2004 Cassiani,
3373 1945 3428 1991 et
3447 1937 3499 1991 id
3522 1951 3678 2005 genus

2101 2011 2368 2082 plurium;
2400 2023 2535 2082 quas
2554 2011 2773 2078 quidem
2820 2009 3101 2082 monachis
3149 2007 3440 2076 indigitare
3483 2008 3678 2082 utilissi-

2102 2077 2248 2136 inum
2277 2089 2380 2144 est,
2417 2077 2491 2134 ad
2539 2077 2632 2135 eas
2660 2093 2855 2145 cogere
2899 2079 3182 2142 nocivum;
3227 2092 3392 2134 secus
3420 2086 3592 2132 autem
3617 2077 3681 2134 de

2103 2149 2328 2219 Regula,
2360 2163 2523 2218 quam
2555 2150 2668 2219 ipse
2698 2149 3005 2220 specialiter
3028 2147 3328 2218 proﬁteris,
3359 2163 3390 2201 a
3421 2147 3568 2217 cujus
3594 2148 3682 2203 im-

2105 2221 2281 2292 periis,
2303 2227 2450 2292 totus
2478 2220 2710 2292 pendeat
2736 2220 3278 2292 monachusnecesse
3306 2225 3410 2274 est.

2179 2290 2289 2346 Sed
2310 2298 2369 2345 ut
2395 2287 2607 2360 longius
2629 2287 2917 2357 lacessant,
2951 2298 3006 2345 et
3036 2288 3274 2360 funditus
3307 2294 3470 2343 ruant
3505 2289 3682 2360 adver-

2105 2361 2370 2417 sariorum
2406 2358 2684 2429 responsa,
2712 2361 2800 2414 vel
2847 2375 3012 2414 unum
3051 2359 3228 2414 adhuc
3268 2372 3468 2429 urgere
3512 2358 3680 2429 liceat,

2105 2447 2216 2500 quo
2239 2430 2375 2486 citra
2399 2427 2709 2500 scrupulum
2734 2429 2960 2499 quilibet
2986 2429 3144 2483 facile
3177 2427 3684 2500 credat_Cass_iodo-

2107 2497 2226 2581 rum
2255 2514 2350 2571 per
2383 2497 2616 2581 Begu'las
2644 2497 2864 2554 Patrum
2911 2500 3116 2581 nullum
3148 2499 3334 2581 Δξιιὶιιιιι
3378 2497 3684 2581 [tegularum

2108 2567 2352 2626 codic'em
2383 2567 2702 2636 insinuasse,
2725 2584 2888 2639 quam
2912 2569 3341 2625 Benedictinum.
3377 2567 3589 2623 Certum
3609 2575 3688 2639 est

2109 2655 2270 2709 quam
2297 2639 2459 2695 toties
2481 2641 2594 2695 suis
2621 2638 3021 2696 commendavit
3049 2639 3414 2694 observantiae
3438 2638 3687 2709 regularis

2106 2708 2646 2781 perfectionemearn
2683 2725 2822 2776 esse,
2854 2710 3008 2780 cujus
3045 2725 3197 2781 usum
3234 2709 3423 2781 vigere
3450 2709 3610 2762 voluit
3637 2708 3685 2781 in

2108 2778 2209 2837 suo
2230 2780 2558 2835 monasterio
2581 2779 2876 2835 Vivariensi
2895 2778 3096 2846 {certis
3109 2781 3251 2834 enim
3281 2779 3510 2848 legibus,
3535 2778 3688 2833 certis

2107 2851 2295 2906 usibus
2325 2866 2431 2906 non
2463 2852 2628 2918 vagis,
2656 2865 2764 2920 non
2791 2859 3014 2915 temere,
3045 2859 3137 2903 aut
3168 2849 3539 2920 perfunctorie
3563 2863 3685 2920 con-

2111 2921 2282 2992 ceptis
2310 2929 2455 2976 stare
2481 2917 2644 2992 debet
2681 2919 2878 2992 familia
2911 2917 3337 2992 regularis.$ed
3367 2935 3435 2975 ex
3462 2917 3684 2988 ejusdem

2110 2990 2390 3068 senatoris
2431 2991 2668 3068 scriptis,
2712 2991 2946 3054 dictatis,
2975 3000 3030 3068 et
3064 3005 3092 3044 a
3124 2990 3286 3068 nobis
3311 2993 3690 3068 superiusmre:

2112 3062 2360 3127 censitis,
2391 3057 2732 3131 maximeque
2759 3076 2827 3117 ex
2857 3061 3190 3131 completorii
3219 3057 3500 3129 totiusi1ue
3537 3057 3686 3131 omcii

2112 3077 2360 3127 censnls,
2391 3077 2732 3131 maxrmeque
2759 3077 2827 3117 ex
2857 3077 3190 3185 compiletorn
3219 3077 3500 3129 tounsque
3537 3077 3686 3138 omen

2033 3155 2080 3218 ρ
2110 3131 2275 3187 divini
2296 3133 2678 3218 ‘dispositionne
2706 3140 2944 3218 constat
3009 3132 3688 3218 ilval‘leﬁlISiSJEDIRSECEB

2109 3218 2238 3258 usus
2262 3197 2551 3258 alios'non
2596 3201 2756 3257 fuisse
2793 3216 2955 3270 quam
2999 3217 3134 3271 quos
3160 3201 3467 3271 przescribit
3499 3197 3688 3266 Regula

2105 3273 2164 3328 S.
2193 3273 2490 3329 Benedicti.
2516 3273 2599 3327 Ad
2627 3273 2745 3328 illas
2767 3273 2928 3341 igitur
2947 3270 3325 3328 observantias
3345 3270 3690 3325 Benedictinre

2106 3342 2326 3412 Regula:
2367 3359 2396 3397 a
2439 3358 2500 3398 se
2526 3343 2732 3414 pridem
2764 3345 3091 3414 propositas,
3137 3343 3204 3414 ad
3258 3342 3432 3405 illam,
3466 3343 3687 3408 inquam,

2105 3411 2318 3484 praxim
2359 3411 2552 3484 cuique
2575 3411 2808 3484 inotan’},
2842 3411 2895 3467 in
2932 3411 3081 3467 Italia
3113 3413 3379 3484 universa
3407 3418 3688 3484 receptam,

2106 3478 2236 3541 suos
2271 3478 2520 3539 hortatur
2559 3482 2946 3548 Cassiodorus;
2975 3498 3134 3552 quam
3167 3481 3297 3537 ideo
3339 3478 3562 3552 Regulus
3589 3478 3692 3532 Pa-

2108 3561 2244 3608 trum
2274 3555 2528 3625 appellat,
2561 3555 2706 3622 quod
2734 3553 2841 3609 alio
2872 3563 3022 3625 tunc
3046 3553 3316 3622 temporis
3346 3567 3457 3606 non
3485 3562 3696 3625 vocare-

2107 3631 2196 3678 tur
2223 3618 2462 3692 noinine,
2488 3618 2758 3693 sciretque
2795 3640 2826 3678 a
2875 3618 3183 3691 legislatore
3233 3621 3622 3693 compendiose
3647 3618 3695 3672 in

2106 3709 2202 3750 sua
2233 3690 2742 3764 Regula'redaetum
2767 3690 3024 3764 quidquid
3051 3694 3102 3746 in
3143 3690 3413 3764 immensa
3457 3690 3696 3757 variaque

2107 3773 2352 3820 veterum
2381 3763 2603 3835 Patrum
2626 3762 2943 3834 supellectili
2969 3779 3215 3832 sparsum
3251 3762 3495 3832 jacebat.

2590 3877 3071 3934 ABGUMENTUM
3109 3879 3200 3935 IV.

2179 3967 2404 4040 Eruitur
2424 3967 2552 4040 illud
2585 3983 2654 4024 ex
2678 3970 3002 4040 auctoritate
3050 3971 3391 4040 scriptorum
3433 3969 3527 4038 qui
3568 3980 3699 4024 asse-

2109 4048 2236 4094 runt
2260 4037 2638 4110 Cassiodorum
2668 4039 2724 4094 S.
2766 4039 3040 4096 Benedicti
3067 4037 3424 4110 discipulum,
3455 4037 3518 4094 et
3561 4051 3701 4110 regu-

2109 4110 2224 4181 lam
2249 4108 2365 4178 ejus
2389 4109 2705 4179 professum,
2753 4125 2889 4181 quos
2921 4107 3223 4180 antequam
3259 4110 3602 4181 proferamus
3650 4107 3696 4160 in

2109 4180 2368 4246 medium,
2418 4180 2712 4234 notandum
2762 4179 2906 4236 haud
2954 4179 3073 4236 sine
3117 4179 3494 4236 admiratione
3540 4180 3696 4233 altum

2112 4251 2252 4321 apud
2278 4259 2490 4321 veteres
2518 4250 2585 4306 de
2614 4251 2806 4321 viroin
2837 4251 3040 4321 saeculo
3065 4259 3122 4305 et
3163 4251 3220 4305 in
3252 4252 3498 4307 claustro
3527 4251 3629 4303 vita
3654 4254 3703 4301 et

2111 4319 2332 4395 scriptis
2362 4321 2666 4395 clarissimo
2695 4320 2984 4395 silentium.
3015 4319 3314 4395 Jurgantur
3358 4325 3703 4395 pene__poste-

2111 4389 2271 4446 rioris
2290 4393 2388 4446 :evi
2417 4400 2667 4446 auctores
2693 4407 2816 4462 cum
2858 4389 3144 4462 Procopio,
3173 4389 3464 4447 Jornaude
3507 4389 3703 4462 Raven-

2113 4470 2258 4522 nate,
2289 4469 2344 4533 et
2373 4463 2489 4532 ipso
2518 4463 2679 4516 etiam
2723 4460 2938 4533 Isidoro,
2959 4460 3287 4532 Hispalensi,
3323 4465 3419 4533 qui
3467 4471 3574 4533 aut
3604 4460 3700 4520 vix,

2035 4539 2089 4599 D
2113 4541 2205 4586 aut
2228 4529 2412 4601 jejune
2441 4533 2600 4587 nimis
2628 4533 2695 4586 de
2720 4529 3071 4598 Cassiodoro,
3111 4541 3168 4586 et
3210 4529 3580 4601 ejus—vivendi
3623 4544 3703 4584 ra—

2115 4603 2262 4657 tione
2290 4603 2558 4672 proloenti
2585 4609 2738 4666 sunt;
2771 4603 3016 4672 quamvis
3060 4603 3128 4656 ab
3165 4604 3290 4671 ejus
3319 4605 3578 4672 operibus
3606 4615 3701 4653 non

2113 4688 2283 4743 pauca
2301 4671 2534 4727 mutuati
2565 4671 2799 4727 fuerint.’
2821 4671 3013 4726 Verum
3035 4674 3123 4726 vix
3148 4675 3295 4743 ullus
3323 4671 3484 4728 nobis
3511 4673 3703 4726 videtur

2114 4742 2478 4813 conquerendi
2510 4744 2680 4807 locus,
2711 4743 2756 4796 si
2782 4743 2851 4796 de
2880 4743 3233 4799 Benedictino
3255 4742 3572 4798 Cassiodori
3595 4755 3700 4795 mo—

2115 4816 2366 4876 nachatu,
2395 4829 2556 4884 quem
2585 4815 2800 4868 unicum
2849 4815 3190 4881 inquirimus,
3235 4815 3311 4868 sit
3349 4830 3560 4878 sermo;
3608 4825 3702 4884 non

2116 4885 2310 4939 desunt
2365 4879 2510 4938 enim
2563 4885 2655 4953 qui
2710 4879 2991 4938 sententiae
3035 4879 3236 4938 nostra:
3298 4896 3492 4953 aperte
3538 4879 3705 4939 suifra-

2117 4963 2337 5022 gentur,
2390 4963 2445 5010 et
2498 4955 2678 5008 tandiu
2736 4954 3102 5025 synchronum
3154 4963 3358 5009 testem
3412 4955 3702 5025 citabimus,

2115 5021 2348 5094 quandiu
2381 5025 2590 5092 integra
2614 5021 2781 5080 stabit
2809 5033 2860 5079 et
2886 5025 3082 5078 invicta
3127 5027 3388 5094 superius
3429 5027 3588 5078 allata
3619 5021 3704 5094 ab-

2115 5089 2257 5151 batis
2306 5089 2549 5150 Fundam
2593 5097 2906 5150 auctoritas.
2947 5089 3232 5150 Secundus
3282 5096 3442 5151 testis
3500 5089 3705 5149 accedet

2114 5165 2330 5220 Gabriel
2349 5165 2541 5220 Vuarri
2563 5164 2657 5219 lib.
2680 5181 2736 5220 III
2770 5165 2837 5220 de
2866 5166 2985 5220 Situ
3005 5173 3059 5220 et
3079 5164 3416 5235 antiquitate
3437 5163 3700 5235 Calabriae,

2115 5237 2258 5291 circa
2282 5235 2441 5291 tinem
2465 5253 2478 5289 :
2514 5236 2574 5290 Si
2597 5245 2767 5290 tamen
2788 5237 2853 5302 is,
2881 5236 3055 5304 inquit
3076 5233 3278 5289 Paulus
3303 5235 3558 5290 Emilius
3577 5233 3705 5304 san--

2118 5307 2287 5361 torius
2318 5307 2371 5360 in
2423 5305 2657 5360 Historia
2697 5299 3011 5361 monasterii
3052 5305 3448 5371 Carbonensis,
3480 5318 3598 5376 pag.
3627 5299 3704 5376 li.

2116 5377 2235 5430 libri
2261 5385 2442 5430 auctor
2470 5378 2646 5448 fuerit,
2671 5377 2790 5430 licet
2813 5378 3023 5430 nomine
3042 5379 3166 5448 ejus
3174 5378 3232 5429 in
3254 5377 3426 5448 lucem
3449 5373 3704 5448 prodierit;

2116 5463 2236 5500 nam
2265 5449 2429 5512 multi,
2463 5441 2512 5501 et
2535 5451 2757 5520 fortasse
2779 5464 2882 5502 non
2907 5441 3100 5500 insulse
3127 5444 3404 5501 Guillelmi
3434 5441 3707 5520 cardinalis

2117 5520 2300 5572 Sirleti
2327 5516 2626 5589 prwstantis
2651 5518 2921 5583 doctrinae,
2947 5527 2995 5570 et
3021 5526 3208 5571 exacta
3238 5521 3537 5573 studiorum
3563 5516 3707 5567 disci.

2191 5652 2269 5724 (a)
2301 5653 2357 5707 In
2388 5653 2688 5724 Chron.S.
2716 5652 3112 5724 \Vandregisili.
3132 5649 3703 5724 Concil.ﬂﬂothomag.

2117 5717 2216 5777 sub
2250 5717 2562 5778 'Ansberto.
2606 5723 2745 5778 Beda
2788 5722 2839 5776 in
2888 5717 3005 5777 Vita
3046 5722 3103 5776 S.
3143 5719 3406 5774 Will'ridi.
3450 5721 3506 5774 In
3554 5717 3710 5787 diplo~

2120 5805 2264 5854 male
2292 5794 2617 5852 Tneodorici
2648 5796 2700 5850 in
2731 5796 2958 5866 gratiam
2986 5794 3045 5850 S.
3077 5791 3251 5847 Mauri
3285 5790 3623 5846 monasterii.
