  <div class='ocr_page' id='page_1' title='image "/cluster/home/n/w/nwhite01/storage/ocr_20150623/69/hvd.32044054758727/278.png"; bbox 0 0 3954 6178; ppageno 0'>
   <div class='ocr_carea' id='block_1_1' title="bbox 516 428 3035 445">
    <p class='ocr_par' dir='ltr' id='par_1_1' title="bbox 516 428 3035 445">
     <span class='ocr_line' id='line_1_1' title="bbox 516 428 3035 445; baseline 0.001 -3"><span class='ocrx_word' id='word_1_1' title='bbox 516 428 3035 445; x_wconf 40' lang='grc' dir='ltr'><strong>ψυηρῄΜὼκΜῊ-ὸηᾟῌ</strong></span> 
     </span>
    </p>
   </div>
   <div class='ocr_carea' id='block_1_2' title="bbox 791 494 2999 638">
    <p class='ocr_par' dir='ltr' id='par_1_2' title="bbox 791 494 2999 638">
     <span class='ocr_line' id='line_1_2' title="bbox 791 494 2999 638; baseline 0.001 -17"><span class='ocrx_word' id='word_1_2' title='bbox 791 512 991 621; x_wconf 73' lang='grc' dir='ltr'><strong>Μ.</strong></span> <span class='ocrx_word' id='word_1_3' title='bbox 1068 494 1841 621; x_wconf 60' lang='grc' dir='ltr'><strong>ΔΙῘΒΕῙΑῙῙ</strong></span> <span class='ocrx_word' id='word_1_4' title='bbox 1917 506 2999 638; x_wconf 69' lang='grc' dir='ltr'><strong>αΛεειουοιιι</strong></span> 
     </span>
    </p>
   </div>
   <div class='ocr_carea' id='block_1_3' title="bbox 1272 1074 2518 1285">
    <p class='ocr_par' dir='ltr' id='par_1_3' title="bbox 1272 1074 2518 1203">
     <span class='ocr_line' id='line_1_3' title="bbox 1272 1074 2518 1203; baseline -0.002 -2"><span class='ocrx_word' id='word_1_5' title='bbox 1272 1074 1647 1202; x_wconf 77' lang='lat' dir='ltr'><strong>LIBRI</strong></span> <span class='ocrx_word' id='word_1_6' title='bbox 1739 1088 2518 1203; x_wconf 81' lang='lat' dir='ltr'><strong>DUODECIM.</strong></span> 
     </span>
    </p>
   </div>
   <div class='ocr_carea' id='block_1_4' title="bbox 1593 1376 2198 1446">
    <p class='ocr_par' dir='ltr' id='par_1_4' title="bbox 1593 1376 2198 1446">
     <span class='ocr_line' id='line_1_4' title="bbox 1593 1376 2198 1446; baseline -0.002 -2"><span class='ocrx_word' id='word_1_7' title='bbox 1593 1376 2198 1446; x_wconf 66' lang='lat' dir='ltr'><strong>PRIEFA&#39;I‘IU.</strong></span> 
     </span>
    </p>
   </div>
   <div class='ocr_carea' id='block_1_5' title="bbox 339 1479 3558 1558">
    <p class='ocr_par' dir='ltr' id='par_1_5' title="bbox 339 1479 3558 1558">
     <span class='ocr_line' id='line_1_5' title="bbox 339 1479 3558 1558; baseline 0.001 -22"><span class='ocrx_word' id='word_1_8' title='bbox 339 1485 375 1552; x_wconf 86' lang='lat'><strong>]</strong></span> <span class='ocrx_word' id='word_1_9' title='bbox 414 1479 551 1537; x_wconf 91' lang='lat' dir='ltr'><strong>Cum</strong></span> <span class='ocrx_word' id='word_1_10' title='bbox 578 1480 900 1537; x_wconf 74' lang='lat' dir='ltr'><strong>disertorum</strong></span> <span class='ocrx_word' id='word_1_11' title='bbox 931 1484 1060 1539; x_wconf 86' lang='lat' dir='ltr'><strong>mibi</strong></span> <span class='ocrx_word' id='word_1_12' title='bbox 1091 1485 1341 1552; x_wconf 85' lang='lat' dir='ltr'><strong>gratiam,</strong></span> <span class='ocrx_word' id='word_1_13' title='bbox 1368 1494 1461 1540; x_wconf 86' lang='lat' dir='ltr'><strong>aut</strong></span> <span class='ocrx_word' id='word_1_14' title='bbox 1484 1486 1860 1540; x_wconf 84' lang='lat' dir='ltr'><strong>communibus</strong></span> <span class='ocrx_word' id='word_1_15' title='bbox 1891 1495 1929 1545; x_wconf 75' lang='grc' dir='ltr'>Α</span> <span class='ocrx_word' id='word_1_16' title='bbox 1964 1486 2089 1540; x_wconf 77' lang='lat' dir='ltr'><strong>visa:</strong></span> <span class='ocrx_word' id='word_1_17' title='bbox 2116 1494 2239 1541; x_wconf 87' lang='lat' dir='ltr'><strong>sunt</strong></span> <span class='ocrx_word' id='word_1_18' title='bbox 2269 1486 2586 1541; x_wconf 83' lang='lat' dir='ltr'><strong>immensum</strong></span> <span class='ocrx_word' id='word_1_19' title='bbox 2616 1501 2753 1541; x_wconf 87' lang='lat' dir='ltr'><strong>onus</strong></span> <span class='ocrx_word' id='word_1_20' title='bbox 2783 1488 3078 1558; x_wconf 83' lang='lat' dir='ltr'><strong>imponere,</strong></span> <span class='ocrx_word' id='word_1_21' title='bbox 3110 1487 3234 1540; x_wconf 89' lang='lat' dir='ltr'><strong>dum</strong></span> <span class='ocrx_word' id='word_1_22' title='bbox 3265 1486 3332 1541; x_wconf 87' lang='lat' dir='ltr'><strong>ad</strong></span> <span class='ocrx_word' id='word_1_23' title='bbox 3360 1484 3558 1557; x_wconf 80' lang='lat' dir='ltr'><strong>ipsam,</strong></span> 
     </span>
    </p>
   </div>
   <div class='ocr_carea' id='block_1_6' title="bbox 262 1572 1862 1644">
    <p class='ocr_par' dir='ltr' id='par_1_6' title="bbox 262 1572 1862 1644">
     <span class='ocr_line' id='line_1_6' title="bbox 262 1572 1862 1644; baseline 0.004 -17"><span class='ocrx_word' id='word_1_24' title='bbox 262 1572 486 1637; x_wconf 75' lang='lat' dir='ltr'><strong>fabulis,</strong></span> <span class='ocrx_word' id='word_1_25' title='bbox 532 1580 625 1627; x_wconf 81' lang='lat' dir='ltr'><strong>aut</strong></span> <span class='ocrx_word' id='word_1_26' title='bbox 660 1575 909 1642; x_wconf 88' lang='lat' dir='ltr'><strong>gratuitis</strong></span> <span class='ocrx_word' id='word_1_27' title='bbox 953 1576 1249 1644; x_wconf 82' lang='lat' dir='ltr'><strong>be‘uelieiis,</strong></span> <span class='ocrx_word' id='word_1_28' title='bbox 1306 1578 1463 1632; x_wconf 81' lang='lat' dir='ltr'><strong>nullis</strong></span> <span class='ocrx_word' id='word_1_29' title='bbox 1508 1586 1685 1633; x_wconf 88' lang='lat' dir='ltr'><strong>tamen</strong></span> <span class='ocrx_word' id='word_1_30' title='bbox 1723 1581 1862 1635; x_wconf 76' lang='lat' dir='ltr'><strong>veris</strong></span> 
     </span>
    </p>
   </div>
   <div class='ocr_carea' id='block_1_7' title="bbox 263 1664 1862 1737">
    <p class='ocr_par' dir='ltr' id='par_1_7' title="bbox 263 1664 1862 1737">
     <span class='ocr_line' id='line_1_7' title="bbox 263 1664 1862 1737; baseline 0.004 -19"><span class='ocrx_word' id='word_1_31' title='bbox 263 1664 470 1719; x_wconf 83' lang='lat' dir='ltr'><strong>metitis</strong></span> <span class='ocrx_word' id='word_1_32' title='bbox 520 1664 879 1734; x_wconf 84' lang='lat' dir='ltr'><strong>collegissem,</strong></span> <span class='ocrx_word' id='word_1_33' title='bbox 923 1666 1063 1721; x_wconf 88' lang='lat' dir='ltr'><strong>dicta</strong></span> <span class='ocrx_word' id='word_1_34' title='bbox 1112 1683 1255 1734; x_wconf 88' lang='lat' dir='ltr'><strong>mea,</strong></span> <span class='ocrx_word' id='word_1_35' title='bbox 1292 1683 1415 1737; x_wconf 77' lang='lat' dir='ltr'><strong>qua:</strong></span> <span class='ocrx_word' id='word_1_36' title='bbox 1464 1668 1516 1723; x_wconf 88' lang='lat' dir='ltr'><strong>in</strong></span> <span class='ocrx_word' id='word_1_37' title='bbox 1566 1670 1862 1724; x_wconf 81' lang='lat' dir='ltr'><strong>honoribus</strong></span> 
     </span>
    </p>
   </div>
   <div class='ocr_carea' id='block_1_8' title="bbox 258 1756 1859 1830">
    <p class='ocr_par' dir='ltr' id='par_1_8' title="bbox 258 1756 1859 1830">
     <span class='ocr_line' id='line_1_8' title="bbox 258 1756 1859 1830; baseline 0.006 -23"><span class='ocrx_word' id='word_1_38' title='bbox 258 1769 404 1824; x_wconf 71' lang='lat' dir='ltr'><strong>stepe</strong></span> <span class='ocrx_word' id='word_1_39' title='bbox 442 1756 649 1824; x_wconf 88' lang='lat' dir='ltr'><strong>positus</strong></span> <span class='ocrx_word' id='word_1_40' title='bbox 693 1771 793 1826; x_wconf 86' lang='lat' dir='ltr'><strong>pro</strong></span> <span class='ocrx_word' id='word_1_41' title='bbox 848 1758 1166 1827; x_wconf 77' lang='lat' dir='ltr'><strong>explicanda</strong></span> <span class='ocrx_word' id='word_1_42' title='bbox 1217 1762 1553 1828; x_wconf 74' lang='lat' dir='ltr'><strong>negotiorum</strong></span> <span class='ocrx_word' id='word_1_43' title='bbox 1601 1762 1859 1830; x_wconf 77' lang='lat' dir='ltr'><strong>qualitate</strong></span> 
     </span>
    </p>
   </div>
   <div class='ocr_carea' id='block_1_9' title="bbox 259 1845 1859 1920">
    <p class='ocr_par' dir='ltr' id='par_1_9' title="bbox 259 1845 1859 1920">
     <span class='ocr_line' id='line_1_9' title="bbox 259 1845 1859 1920; baseline 0.007 -22"><span class='ocrx_word' id='word_1_44' title='bbox 259 1845 628 1914; x_wconf 82' lang='lat' dir='ltr'><strong>profuderam,</strong></span> <span class='ocrx_word' id='word_1_45' title='bbox 651 1847 703 1901; x_wconf 91' lang='lat' dir='ltr'><strong>in</strong></span> <span class='ocrx_word' id='word_1_46' title='bbox 731 1862 894 1903; x_wconf 90' lang='lat' dir='ltr'><strong>unum</strong></span> <span class='ocrx_word' id='word_1_47' title='bbox 916 1864 1114 1920; x_wconf 83' lang='lat' dir='ltr'><strong>corpus</strong></span> <span class='ocrx_word' id='word_1_48' title='bbox 1140 1851 1397 1920; x_wconf 80' lang='lat' dir='ltr'><strong>redigere</strong></span> <span class='ocrx_word' id='word_1_49' title='bbox 1425 1852 1722 1908; x_wconf 88' lang='lat' dir='ltr'><strong>suadebant</strong></span> <span class='ocrx_word' id='word_1_50' title='bbox 1754 1873 1766 1907; x_wconf 88' lang='lat'><strong>:</strong></span> <span class='ocrx_word' id='word_1_51' title='bbox 1802 1865 1859 1909; x_wconf 91' lang='lat' dir='ltr'><strong>ut</strong></span> 
     </span>
    </p>
   </div>
   <div class='ocr_carea' id='block_1_10' title="bbox 260 1938 1854 2008">
    <p class='ocr_par' dir='ltr' id='par_1_10' title="bbox 260 1938 1854 2008">
     <span class='ocr_line' id='line_1_10' title="bbox 260 1938 1854 2008; baseline 0.006 -19"><span class='ocrx_word' id='word_1_52' title='bbox 260 1944 486 1990; x_wconf 81' lang='lat' dir='ltr'><strong>ventura</strong></span> <span class='ocrx_word' id='word_1_53' title='bbox 533 1938 844 2007; x_wconf 79' lang='lat' dir='ltr'><strong>posteritas,</strong></span> <span class='ocrx_word' id='word_1_54' title='bbox 888 1947 945 1993; x_wconf 92' lang='lat' dir='ltr'><strong>et</strong></span> <span class='ocrx_word' id='word_1_55' title='bbox 986 1939 1230 1994; x_wconf 86' lang='lat' dir='ltr'><strong>laborum</strong></span> <span class='ocrx_word' id='word_1_56' title='bbox 1282 1956 1525 1998; x_wconf 89' lang='lat' dir='ltr'><strong>meorum</strong></span> <span class='ocrx_word' id='word_1_57' title='bbox 1560 1943 1854 2008; x_wconf 84' lang='lat' dir='ltr'><strong>molestias,</strong></span> 
     </span>
    </p>
   </div>
   <div class='ocr_carea' id='block_1_11' title="bbox 260 2028 1857 2098">
    <p class='ocr_par' dir='ltr' id='par_1_11' title="bbox 260 2028 1857 2098">
     <span class='ocr_line' id='line_1_11' title="bbox 260 2028 1857 2098; baseline 0.005 -17"><span class='ocrx_word' id='word_1_58' title='bbox 260 2040 391 2095; x_wconf 81' lang='lat' dir='ltr'><strong>quas</strong></span> <span class='ocrx_word' id='word_1_59' title='bbox 440 2042 542 2097; x_wconf 83' lang='lat' dir='ltr'><strong>pro</strong></span> <span class='ocrx_word' id='word_1_60' title='bbox 602 2028 972 2097; x_wconf 73' lang='lat' dir='ltr'><strong>generalitatis</strong></span> <span class='ocrx_word' id='word_1_61' title='bbox 1037 2033 1324 2087; x_wconf 89' lang='lat' dir='ltr'><strong>commodo</strong></span> <span class='ocrx_word' id='word_1_62' title='bbox 1382 2034 1739 2098; x_wconf 83' lang='lat' dir='ltr'><strong>sustinebam,</strong></span> <span class='ocrx_word' id='word_1_63' title='bbox 1804 2045 1857 2089; x_wconf 78' lang='lat' dir='ltr'><strong>rt</strong></span> 
     </span>
    </p>
   </div>
   <div class='ocr_carea' id='block_1_12' title="bbox 148 2110 1857 2192">
    <p class='ocr_par' dir='ltr' id='par_1_12' title="bbox 148 2110 1857 2192">
     <span class='ocr_line' id='line_1_12' title="bbox 148 2110 1857 2192; baseline 0.005 -23"><span class='ocrx_word' id='word_1_64' title='bbox 148 2110 167 2131; x_wconf 83' lang='lat'><strong><em>°</em></strong></span> <span class='ocrx_word' id='word_1_65' title='bbox 254 2116 643 2191; x_wconf 79' lang='lat' dir='ltr'><strong>sineeris;|ed.,</strong></span> <span class='ocrx_word' id='word_1_66' title='bbox 668 2118 912 2191; x_wconf 72' lang='lat' dir='ltr'><strong>einecne]</strong></span> <span class='ocrx_word' id='word_1_67' title='bbox 932 2120 1288 2175; x_wconf 70' lang='lat' dir='ltr'><strong>conscientia:</strong></span> <span class='ocrx_word' id='word_1_68' title='bbox 1338 2122 1629 2192; x_wconf 88' lang='lat' dir='ltr'><strong>inemptam</strong></span> <span class='ocrx_word' id='word_1_69' title='bbox 1654 2134 1679 2160; x_wconf 79' lang='grc' dir='ltr'>ι</span> <span class='ocrx_word' id='word_1_70' title='bbox 1713 2141 1857 2192; x_wconf 73' lang='lat' dir='ltr'><strong>_ma.,</strong></span> 
     </span>
    </p>
   </div>
   <div class='ocr_carea' id='block_1_13' title="bbox 261 2205 1854 2277">
    <p class='ocr_par' dir='ltr' id='par_1_13' title="bbox 261 2205 1854 2277">
     <span class='ocr_line' id='line_1_13' title="bbox 261 2205 1854 2277; baseline 0.006 -20"><span class='ocrx_word' id='word_1_71' title='bbox 261 2205 522 2277; x_wconf 82' lang='lat' dir='ltr'><strong>hteptamj</strong></span> <span class='ocrx_word' id='word_1_72' title='bbox 546 2206 888 2275; x_wconf 87' lang='lat' dir='ltr'><strong>dignosceret</strong></span> <span class='ocrx_word' id='word_1_73' title='bbox 912 2209 1203 2264; x_wconf 83' lang='lat' dir='ltr'><strong>actionem.</strong></span> <span class='ocrx_word' id='word_1_74' title='bbox 1225 2210 1479 2266; x_wconf 84' lang='lat' dir='ltr'><strong>Dicebam</strong></span> <span class='ocrx_word' id='word_1_75' title='bbox 1511 2213 1854 2269; x_wconf 76' lang='lat' dir='ltr'><strong>dilectionem</strong></span> 
     </span>
    </p>
   </div>
   <div class='ocr_carea' id='block_1_14' title="bbox 258 2297 1855 2376">
    <p class='ocr_par' dir='ltr' id='par_1_14' title="bbox 258 2297 1855 2376">
     <span class='ocr_line' id='line_1_14' title="bbox 258 2297 1855 2376; baseline 0.004 -23"><span class='ocrx_word' id='word_1_76' title='bbox 258 2297 498 2366; x_wconf 82' lang='lat' dir='ltr'><strong>ipsorum</strong></span> <span class='ocrx_word' id='word_1_77' title='bbox 527 2299 658 2355; x_wconf 81' lang='lat' dir='ltr'><strong>mihi</strong></span> <span class='ocrx_word' id='word_1_78' title='bbox 674 2300 863 2371; x_wconf 82' lang='lat' dir='ltr'><strong>potius</strong></span> <span class='ocrx_word' id='word_1_79' title='bbox 892 2299 1008 2357; x_wconf 90' lang='lat' dir='ltr'><strong>fore</strong></span> <span class='ocrx_word' id='word_1_80' title='bbox 1035 2304 1360 2358; x_wconf 79' lang='lat' dir='ltr'><strong>contrariam</strong></span> <span class='ocrx_word' id='word_1_81' title='bbox 1388 2320 1400 2357; x_wconf 89' lang='lat'><strong>:</strong></span> <span class='ocrx_word' id='word_1_82' title='bbox 1439 2314 1497 2359; x_wconf 89' lang='lat' dir='ltr'><strong>ut</strong></span> <span class='ocrx_word' id='word_1_83' title='bbox 1535 2320 1607 2376; x_wconf 85' lang='lat' dir='ltr'><strong>qu</strong></span> <span class='ocrx_word' id='word_1_84' title='bbox 1631 2305 1678 2360; x_wconf 49' lang='lat' dir='ltr'><strong>id</strong></span> <span class='ocrx_word' id='word_1_85' title='bbox 1724 2306 1855 2360; x_wconf 77' lang='lat' dir='ltr'><strong>milii</strong></span> 
     </span>
    </p>
   </div>
   <div class='ocr_carea' id='block_1_15' title="bbox 258 2390 1856 2466">
    <p class='ocr_par' dir='ltr' id='par_1_15' title="bbox 258 2390 1856 2466">
     <span class='ocr_line' id='line_1_15' title="bbox 258 2390 1856 2466; baseline 0.003 -21"><span class='ocrx_word' id='word_1_86' title='bbox 258 2390 420 2446; x_wconf 87' lang='lat' dir='ltr'><strong>modo</strong></span> <span class='ocrx_word' id='word_1_87' title='bbox 470 2400 697 2461; x_wconf 62' lang='lat' dir='ltr'><strong>prqnter</strong></span> <span class='ocrx_word' id='word_1_88' title='bbox 741 2390 1007 2448; x_wconf 83' lang='lat' dir='ltr'><strong>desideria</strong></span> <span class='ocrx_word' id='word_1_89' title='bbox 1074 2394 1492 2466; x_wconf 79' lang='lat' dir='ltr'><strong>supplicantium</strong></span> <span class='ocrx_word' id='word_1_90' title='bbox 1568 2396 1856 2466; x_wconf 76' lang='lat' dir='ltr'><strong>putabatur</strong></span> 
     </span>
    </p>
   </div>
   <div class='ocr_carea' id='block_1_16' title="bbox 260 2483 1848 2559">
    <p class='ocr_par' dir='ltr' id='par_1_16' title="bbox 260 2483 1848 2559">
     <span class='ocr_line' id='line_1_16' title="bbox 260 2483 1848 2559; baseline 0.003 -23"><span class='ocrx_word' id='word_1_91' title='bbox 260 2491 567 2551; x_wconf 78' lang='lat' dir='ltr'><strong>acceptum,</strong></span> <span class='ocrx_word' id='word_1_92' title='bbox 616 2491 810 2552; x_wconf 85' lang='lat' dir='ltr'><strong>postea</strong></span> <span class='ocrx_word' id='word_1_93' title='bbox 862 2483 1165 2553; x_wconf 81' lang='lat' dir='ltr'><strong>legentibus</strong></span> <span class='ocrx_word' id='word_1_94' title='bbox 1218 2486 1494 2541; x_wconf 88' lang='lat' dir='ltr'><strong>videretur</strong></span> <span class='ocrx_word' id='word_1_95' title='bbox 1546 2488 1848 2559; x_wconf 84' lang='lat' dir='ltr'><strong>insipidum.</strong></span> 
     </span>
    </p>
   </div>
   <div class='ocr_carea' id='block_1_17' title="bbox 258 2574 1852 2648">
    <p class='ocr_par' dir='ltr' id='par_1_17' title="bbox 258 2574 1852 2648">
     <span class='ocr_line' id='line_1_17' title="bbox 258 2574 1852 2648; baseline 0.003 -19"><span class='ocrx_word' id='word_1_96' title='bbox 258 2574 556 2634; x_wconf 68' lang='lat' dir='ltr'><strong>Addebam.</strong></span> <span class='ocrx_word' id='word_1_97' title='bbox 597 2574 798 2630; x_wconf 84' lang='lat' dir='ltr'><strong>debere</strong></span> <span class='ocrx_word' id='word_1_98' title='bbox 848 2576 969 2631; x_wconf 89' lang='lat' dir='ltr'><strong>illos</strong></span> <span class='ocrx_word' id='word_1_99' title='bbox 1017 2575 1256 2632; x_wconf 61' lang='lat' dir='ltr'><strong>Flaccilt</strong></span> <span class='ocrx_word' id='word_1_100' title='bbox 1287 2578 1428 2633; x_wconf 84' lang='lat' dir='ltr'><strong>dicta</strong></span> <span class='ocrx_word' id='word_1_101' title='bbox 1455 2577 1720 2643; x_wconf 83' lang='lat' dir='ltr'><strong>recolere,</strong></span> <span class='ocrx_word' id='word_1_102' title='bbox 1759 2578 1852 2648; x_wconf 89' lang='lat' dir='ltr'><strong>qui</strong></span> 
     </span>
    </p>
   </div>
   <div class='ocr_carea' id='block_1_18' title="bbox 258 2667 1851 2747">
    <p class='ocr_par' dir='ltr' id='par_1_18' title="bbox 258 2667 1851 2747">
     <span class='ocr_line' id='line_1_18' title="bbox 258 2667 1851 2747; baseline 0.003 -27"><span class='ocrx_word' id='word_1_103' title='bbox 258 2675 443 2723; x_wconf 75' lang='lat' dir='ltr'><strong>nionet</strong></span> <span class='ocrx_word' id='word_1_104' title='bbox 467 2667 598 2736; x_wconf 87' lang='lat' dir='ltr'><strong>quid</strong></span> <span class='ocrx_word' id='word_1_105' title='bbox 624 2668 846 2738; x_wconf 86' lang='lat' dir='ltr'><strong>periculi</strong></span> <span class='ocrx_word' id='word_1_106' title='bbox 865 2683 973 2723; x_wconf 65' lang='lat' dir='ltr'><strong>vos</strong></span> <span class='ocrx_word' id='word_1_107' title='bbox 994 2669 1334 2739; x_wconf 65' lang='lat' dir='ltr'><strong>praecipimm</strong></span> <span class='ocrx_word' id='word_1_108' title='bbox 1358 2669 1534 2747; x_wconf 77' lang='lat' dir='ltr'><strong>possit</strong></span> <span class='ocrx_word' id='word_1_109' title='bbox 1556 2670 1851 2725; x_wconf 89' lang='lat' dir='ltr'><strong>incurrere.</strong></span> 
     </span>
    </p>
   </div>
   <div class='ocr_carea' id='block_1_19' title="bbox 320 2760 1850 2833">
    <p class='ocr_par' dir='ltr' id='par_1_19' title="bbox 320 2760 1850 2833">
     <span class='ocr_line' id='line_1_19' title="bbox 320 2760 1850 2833; baseline 0.003 -17"><span class='ocrx_word' id='word_1_110' title='bbox 320 2760 711 2832; x_wconf 75' lang='lat' dir='ltr'><strong>Respondendi</strong></span> <span class='ocrx_word' id='word_1_111' title='bbox 750 2764 1079 2820; x_wconf 78' lang='lat' dir='ltr'><strong>celeritatem</strong></span> <span class='ocrx_word' id='word_1_112' title='bbox 1126 2775 1354 2821; x_wconf 89' lang='lat' dir='ltr'><strong>cunctos</strong></span> <span class='ocrx_word' id='word_1_113' title='bbox 1395 2765 1586 2820; x_wconf 80' lang='lat' dir='ltr'><strong>videtis</strong></span> <span class='ocrx_word' id='word_1_114' title='bbox 1610 2765 1850 2833; x_wconf 78' lang='lat' dir='ltr'><strong>exigere,</strong></span> 
     </span>
    </p>
   </div>
   <div class='ocr_carea' id='block_1_20' title="bbox 1967 1576 3548 1648">
    <p class='ocr_par' dir='ltr' id='par_1_20' title="bbox 1967 1576 3548 1648">
     <span class='ocr_line' id='line_1_20' title="bbox 1967 1576 3548 1648; baseline 0.001 -19"><span class='ocrx_word' id='word_1_115' title='bbox 1967 1576 2189 1631; x_wconf 88' lang='lat' dir='ltr'><strong>honoris</strong></span> <span class='ocrx_word' id='word_1_116' title='bbox 2230 1577 2421 1645; x_wconf 86' lang='lat' dir='ltr'><strong>gratia,</strong></span> <span class='ocrx_word' id='word_1_117' title='bbox 2479 1577 2787 1632; x_wconf 88' lang='lat' dir='ltr'><strong>maluerunt</strong></span> <span class='ocrx_word' id='word_1_118' title='bbox 2835 1592 2973 1648; x_wconf 90' lang='lat' dir='ltr'><strong>pene</strong></span> <span class='ocrx_word' id='word_1_119' title='bbox 3025 1578 3205 1633; x_wconf 90' lang='lat' dir='ltr'><strong>omnia</strong></span> <span class='ocrx_word' id='word_1_120' title='bbox 3258 1578 3548 1648; x_wconf 83' lang='lat' dir='ltr'><strong>pertinere.</strong></span> 
     </span>
    </p>
   </div>
   <div class='ocr_carea' id='block_1_21' title="bbox 1966 1667 3549 1739">
    <p class='ocr_par' dir='ltr' id='par_1_21' title="bbox 1966 1667 3549 1739">
     <span class='ocr_line' id='line_1_21' title="bbox 1966 1667 3549 1739; baseline 0.001 -19"><span class='ocrx_word' id='word_1_121' title='bbox 1966 1667 2117 1734; x_wconf 83' lang='lat' dir='ltr'><strong>Quod</strong></span> <span class='ocrx_word' id='word_1_122' title='bbox 2162 1668 2304 1722; x_wconf 88' lang='lat' dir='ltr'><strong>enim</strong></span> <span class='ocrx_word' id='word_1_123' title='bbox 2343 1669 2573 1738; x_wconf 82' lang='lat' dir='ltr'><strong>spatium</strong></span> <span class='ocrx_word' id='word_1_124' title='bbox 2607 1670 2779 1738; x_wconf 88' lang='lat' dir='ltr'><strong>possis</strong></span> <span class='ocrx_word' id='word_1_125' title='bbox 2807 1669 3019 1739; x_wconf 90' lang='lat' dir='ltr'><strong>publico</strong></span> <span class='ocrx_word' id='word_1_126' title='bbox 3053 1669 3222 1723; x_wconf 83' lang='lat' dir='ltr'><strong>labori</strong></span> <span class='ocrx_word' id='word_1_127' title='bbox 3251 1669 3549 1738; x_wconf 86' lang='lat' dir='ltr'><strong>subripere,</strong></span> 
     </span>
    </p>
   </div>
   <div class='ocr_carea' id='block_1_22' title="bbox 1963 1755 3555 1829">
    <p class='ocr_par' dir='ltr' id='par_1_22' title="bbox 1963 1755 3555 1829">
     <span class='ocr_line' id='line_1_22' title="bbox 1963 1755 3555 1829; baseline 0.003 -20"><span class='ocrx_word' id='word_1_128' title='bbox 1963 1755 2178 1826; x_wconf 80' lang='lat' dir='ltr'><strong>quando</strong></span> <span class='ocrx_word' id='word_1_129' title='bbox 2226 1757 2279 1811; x_wconf 91' lang='lat' dir='ltr'><strong>in</strong></span> <span class='ocrx_word' id='word_1_130' title='bbox 2311 1773 2473 1811; x_wconf 90' lang='lat' dir='ltr'><strong>unum</strong></span> <span class='ocrx_word' id='word_1_131' title='bbox 2515 1766 2701 1827; x_wconf 88' lang='lat' dir='ltr'><strong>pectus</strong></span> <span class='ocrx_word' id='word_1_132' title='bbox 2744 1757 2997 1823; x_wconf 81' lang='lat' dir='ltr'><strong>conﬂuit,</strong></span> <span class='ocrx_word' id='word_1_133' title='bbox 3046 1758 3304 1829; x_wconf 82' lang='lat' dir='ltr'><strong>quidquid</strong></span> <span class='ocrx_word' id='word_1_134' title='bbox 3354 1759 3555 1814; x_wconf 71' lang='lat' dir='ltr'><strong>utilitas</strong></span> 
     </span>
    </p>
   </div>
   <div class='ocr_carea' id='block_1_23' title="bbox 1961 1844 2650 1916">
    <p class='ocr_par' dir='ltr' id='par_1_23' title="bbox 1961 1844 2650 1916">
     <span class='ocr_line' id='line_1_23' title="bbox 1961 1844 2650 1916; baseline 0.001 -16"><span class='ocrx_word' id='word_1_135' title='bbox 1961 1844 2330 1914; x_wconf 77' lang='lat' dir='ltr'><strong>generalitatis</strong></span> <span class='ocrx_word' id='word_1_136' title='bbox 2357 1847 2650 1916; x_wconf 81' lang='lat' dir='ltr'><strong>exposcit?</strong></span> 
     </span>
    </p>
   </div>
   <div class='ocr_carea' id='block_1_24' title="bbox 2034 1936 3553 2008">
    <p class='ocr_par' dir='ltr' id='par_1_24' title="bbox 2034 1936 3553 2008">
     <span class='ocr_line' id='line_1_24' title="bbox 2034 1936 3553 2008; baseline 0.001 -17"><span class='ocrx_word' id='word_1_137' title='bbox 2034 1936 2290 1993; x_wconf 82' lang='lat' dir='ltr'><strong>Addimus</strong></span> <span class='ocrx_word' id='word_1_138' title='bbox 2315 1938 2498 2001; x_wconf 89' lang='lat' dir='ltr'><strong>etiam,</strong></span> <span class='ocrx_word' id='word_1_139' title='bbox 2521 1939 2668 2006; x_wconf 86' lang='lat' dir='ltr'><strong>quod</strong></span> <span class='ocrx_word' id='word_1_140' title='bbox 2708 1938 3017 2008; x_wconf 84' lang='lat' dir='ltr'><strong>frequenter</strong></span> <span class='ocrx_word' id='word_1_141' title='bbox 3039 1946 3325 2007; x_wconf 66' lang='lat' dir='ltr'><strong>quasturte</strong></span> <span class='ocrx_word' id='word_1_142' title='bbox 3350 1938 3553 1994; x_wconf 84' lang='lat' dir='ltr'><strong>vicibus</strong></span> 
     </span>
    </p>
   </div>
   <div class='ocr_carea' id='block_1_25' title="bbox 1964 2029 3554 2100">
    <p class='ocr_par' dir='ltr' id='par_1_25' title="bbox 1964 2029 3554 2100">
     <span class='ocr_line' id='line_1_25' title="bbox 1964 2029 3554 2100; baseline -0.001 -16"><span class='ocrx_word' id='word_1_143' title='bbox 1964 2030 2241 2098; x_wconf 83' lang='lat' dir='ltr'><strong>ingravate</strong></span> <span class='ocrx_word' id='word_1_144' title='bbox 2263 2030 2358 2084; x_wconf 84' lang='lat' dir='ltr'><strong>otii</strong></span> <span class='ocrx_word' id='word_1_145' title='bbox 2390 2039 2599 2100; x_wconf 88' lang='lat' dir='ltr'><strong>tempus</strong></span> <span class='ocrx_word' id='word_1_146' title='bbox 2627 2030 2812 2084; x_wconf 85' lang='lat' dir='ltr'><strong>adimit</strong></span> <span class='ocrx_word' id='word_1_147' title='bbox 2839 2032 3025 2085; x_wconf 88' lang='lat' dir='ltr'><strong>crebra</strong></span> <span class='ocrx_word' id='word_1_148' title='bbox 3056 2029 3332 2099; x_wconf 78' lang='lat' dir='ltr'><strong>cogitatio,</strong></span> <span class='ocrx_word' id='word_1_149' title='bbox 3358 2038 3416 2084; x_wconf 89' lang='lat' dir='ltr'><strong>et</strong></span> <span class='ocrx_word' id='word_1_150' title='bbox 3439 2030 3554 2084; x_wconf 88' lang='lat' dir='ltr'><strong>vel-</strong></span> 
     </span>
    </p>
   </div>
   <div class='ocr_carea' id='block_1_26' title="bbox 1961 2120 3571 2193">
    <p class='ocr_par' dir='ltr' id='par_1_26' title="bbox 1961 2120 3571 2193">
     <span class='ocr_line' id='line_1_26' title="bbox 1961 2120 3571 2193; baseline 0 -18"><span class='ocrx_word' id='word_1_151' title='bbox 1961 2131 2018 2176; x_wconf 89' lang='lat' dir='ltr'><strong>ut</strong></span> <span class='ocrx_word' id='word_1_152' title='bbox 2045 2122 2410 2178; x_wconf 85' lang='lat' dir='ltr'><strong>mediocribus</strong></span> <span class='ocrx_word' id='word_1_153' title='bbox 2437 2122 2671 2177; x_wconf 83' lang='lat' dir='ltr'><strong>fascibus</strong></span> <span class='ocrx_word' id='word_1_154' title='bbox 2698 2122 2989 2186; x_wconf 85' lang='lat' dir='ltr'><strong>insudanti,</strong></span> <span class='ocrx_word' id='word_1_155' title='bbox 3026 2125 3076 2193; x_wconf 68' lang='lat'><strong>2</strong></span> <span class='ocrx_word' id='word_1_156' title='bbox 3106 2121 3195 2175; x_wconf 90' lang='lat' dir='ltr'><strong>illa</strong></span> <span class='ocrx_word' id='word_1_157' title='bbox 3218 2121 3405 2176; x_wconf 91' lang='lat' dir='ltr'><strong>tibide</strong></span> <span class='ocrx_word' id='word_1_158' title='bbox 3431 2120 3571 2175; x_wconf 80' lang='lat' dir='ltr'><strong>aliis</strong></span> 
     </span>
    </p>
   </div>
   <div class='ocr_carea' id='block_1_27' title="bbox 1961 2212 3568 2283">
    <p class='ocr_par' dir='ltr' id='par_1_27' title="bbox 1961 2212 3568 2283">
     <span class='ocr_line' id='line_1_27' title="bbox 1961 2212 3568 2283; baseline -0.002 -15"><span class='ocrx_word' id='word_1_159' title='bbox 1961 2213 2259 2269; x_wconf 86' lang='lat' dir='ltr'><strong>honoribus</strong></span> <span class='ocrx_word' id='word_1_160' title='bbox 2285 2213 2557 2283; x_wconf 89' lang='lat' dir='ltr'><strong>principes</strong></span> <span class='ocrx_word' id='word_1_161' title='bbox 2585 2213 2834 2268; x_wconf 90' lang='lat' dir='ltr'><strong>videntur</strong></span> <span class='ocrx_word' id='word_1_162' title='bbox 2864 2214 3158 2283; x_wconf 87' lang='lat' dir='ltr'><strong>imponere,</strong></span> <span class='ocrx_word' id='word_1_163' title='bbox 3190 2226 3308 2281; x_wconf 75' lang='lat' dir='ltr'><strong>qua:</strong></span> <span class='ocrx_word' id='word_1_164' title='bbox 3347 2212 3568 2282; x_wconf 77' lang='lat' dir='ltr'><strong>prpprii&#39;</strong></span> 
     </span>
    </p>
   </div>
   <div class='ocr_carea' id='block_1_28' title="bbox 1954 2301 3566 2375">
    <p class='ocr_par' dir='ltr' id='par_1_28' title="bbox 1954 2301 3566 2375">
     <span class='ocr_line' id='line_1_28' title="bbox 1954 2301 3566 2375; baseline -0.002 -14"><span class='ocrx_word' id='word_1_165' title='bbox 1954 2301 2162 2373; x_wconf 74' lang='lat' dir='ltr'><strong>iudices</strong></span> <span class='ocrx_word' id='word_1_166' title='bbox 2188 2312 2464 2374; x_wconf 89' lang='lat' dir='ltr'><strong>nequeunt</strong></span> <span class='ocrx_word' id='word_1_167' title='bbox 2502 2304 2791 2375; x_wconf 78' lang='lat' dir='ltr'><strong>explicare.</strong></span> <span class='ocrx_word' id='word_1_168' title='bbox 2826 2303 2950 2360; x_wconf 72' lang='lat' dir='ltr'><strong>Hmc</strong></span> <span class='ocrx_word' id='word_1_169' title='bbox 2996 2314 3174 2359; x_wconf 88' lang='lat' dir='ltr'><strong>autem</strong></span> <span class='ocrx_word' id='word_1_170' title='bbox 3225 2302 3353 2360; x_wconf 87' lang='lat' dir='ltr'><strong>facis</strong></span> <span class='ocrx_word' id='word_1_171' title='bbox 3404 2302 3566 2357; x_wconf 56' lang='lat' dir='ltr'><strong>nulla»</strong></span> 
     </span>
    </p>
   </div>
   <div class='ocr_carea' id='block_1_29' title="bbox 1959 2395 3550 2467">
    <p class='ocr_par' dir='ltr' id='par_1_29' title="bbox 1959 2395 3550 2467">
     <span class='ocr_line' id='line_1_29' title="bbox 1959 2395 3550 2467; baseline -0.003 -15"><span class='ocrx_word' id='word_1_172' title='bbox 1959 2395 2264 2465; x_wconf 80' lang='lat' dir='ltr'><strong>vendendo,</strong></span> <span class='ocrx_word' id='word_1_173' title='bbox 2305 2396 2399 2452; x_wconf 89' lang='lat' dir='ltr'><strong>sed</strong></span> <span class='ocrx_word' id='word_1_174' title='bbox 2433 2398 2682 2467; x_wconf 83' lang='lat' dir='ltr'><strong>exemplo</strong></span> <span class='ocrx_word' id='word_1_175' title='bbox 2715 2397 2917 2467; x_wconf 88' lang='lat' dir='ltr'><strong>proprii</strong></span> <span class='ocrx_word' id='word_1_176' title='bbox 2949 2396 3235 2465; x_wconf 84' lang='lat' dir='ltr'><strong>genitoris,</strong></span> <span class='ocrx_word' id='word_1_177' title='bbox 3259 2410 3289 2450; x_wconf 90' lang='lat' dir='ltr'><strong>a</strong></span> <span class='ocrx_word' id='word_1_178' title='bbox 3324 2410 3550 2465; x_wconf 81' lang='lat' dir='ltr'><strong>speran-</strong></span> 
     </span>
    </p>
   </div>
   <div class='ocr_carea' id='block_1_30' title="bbox 1961 2485 3567 2559">
    <p class='ocr_par' dir='ltr' id='par_1_30' title="bbox 1961 2485 3567 2559">
     <span class='ocr_line' id='line_1_30' title="bbox 1961 2485 3567 2559; baseline 0 -20"><span class='ocrx_word' id='word_1_179' title='bbox 1961 2489 2101 2543; x_wconf 81' lang='lat' dir='ltr'><strong>tibus</strong></span> <span class='ocrx_word' id='word_1_180' title='bbox 2129 2488 2329 2559; x_wconf 84' lang='lat' dir='ltr'><strong>accipis</strong></span> <span class='ocrx_word' id='word_1_181' title='bbox 2355 2488 2503 2542; x_wconf 89' lang='lat' dir='ltr'><strong>solos</strong></span> <span class='ocrx_word' id='word_1_182' title='bbox 2530 2488 2742 2543; x_wconf 83' lang='lat' dir='ltr'><strong>labores</strong></span> <span class='ocrx_word' id='word_1_183' title='bbox 2760 2489 2874 2553; x_wconf 63' lang='lat' dir='ltr'><strong>rsic</strong></span> <span class='ocrx_word' id='word_1_184' title='bbox 2896 2487 3203 2556; x_wconf 83' lang='lat' dir='ltr'><strong>petentibus</strong></span> <span class='ocrx_word' id='word_1_185' title='bbox 3243 2485 3567 2556; x_wconf 65' lang='lat' dir='ltr'><strong>praestando</strong></span> 
     </span>
    </p>
   </div>
   <div class='ocr_carea' id='block_1_31' title="bbox 1956 2578 3542 2649">
    <p class='ocr_par' dir='ltr' id='par_1_31' title="bbox 1956 2578 3542 2649">
     <span class='ocr_line' id='line_1_31' title="bbox 1956 2578 3542 2649; baseline -0.001 -17"><span class='ocrx_word' id='word_1_186' title='bbox 1956 2579 2143 2649; x_wconf 84' lang='lat' dir='ltr'><strong>gratis,</strong></span> <span class='ocrx_word' id='word_1_187' title='bbox 2190 2578 2292 2634; x_wconf 79' lang='lat' dir='ltr'><strong>sub</strong></span> <span class='ocrx_word' id='word_1_188' title='bbox 2337 2580 2685 2635; x_wconf 73' lang='lat' dir='ltr'><strong>continentia:</strong></span> <span class='ocrx_word' id='word_1_189' title='bbox 2739 2594 2963 2633; x_wconf 89' lang='lat' dir='ltr'><strong>munere</strong></span> <span class='ocrx_word' id='word_1_190' title='bbox 3017 2586 3213 2634; x_wconf 86' lang='lat' dir='ltr'><strong>cuncta</strong></span> <span class='ocrx_word' id='word_1_191' title='bbox 3266 2578 3542 2633; x_wconf 87' lang='lat' dir='ltr'><strong>mercaris.</strong></span> 
     </span>
    </p>
   </div>
   <div class='ocr_carea' id='block_1_32' title="bbox 1958 2661 3567 2740">
    <p class='ocr_par' dir='ltr' id='par_1_32' title="bbox 1958 2661 3567 2740">
     <span class='ocr_line' id='line_1_32' title="bbox 1958 2661 3567 2740; baseline -0.001 -17"><span class='ocrx_word' id='word_1_192' title='bbox 1958 2670 2165 2740; x_wconf 74' lang='lat' dir='ltr'><strong>Regum</strong></span> <span class='ocrx_word' id='word_1_193' title='bbox 2194 2669 2490 2739; x_wconf 88' lang='lat' dir='ltr'><strong>quinetiam</strong></span> <span class='ocrx_word' id='word_1_194' title='bbox 2521 2669 2755 2738; x_wconf 83' lang='lat' dir='ltr'><strong>gloriosa</strong></span> <span class='ocrx_word' id='word_1_195' title='bbox 2786 2668 3055 2738; x_wconf 88' lang='lat' dir='ltr'><strong>colloquia</strong></span> <span class='ocrx_word' id='word_1_196' title='bbox 3083 2683 3180 2738; x_wconf 91' lang='lat' dir='ltr'><strong>pro</strong></span> <span class='ocrx_word' id='word_1_197' title='bbox 3209 2682 3400 2737; x_wconf 85' lang='lat' dir='ltr'><strong>magna</strong></span> <span class='ocrx_word' id='word_1_198' title='bbox 3439 2661 3567 2721; x_wconf 59' lang='lat' dir='ltr'><strong>diei‘</strong></span> 
     </span>
    </p>
   </div>
   <div class='ocr_carea' id='block_1_33' title="bbox 1956 2759 3557 2829">
    <p class='ocr_par' dir='ltr' id='par_1_33' title="bbox 1956 2759 3557 2829">
     <span class='ocr_line' id='line_1_33' title="bbox 1956 2759 3557 2829; baseline -0.001 -16"><span class='ocrx_word' id='word_1_199' title='bbox 1956 2763 2109 2829; x_wconf 74' lang='lat' dir='ltr'><strong>parte</strong></span> <span class='ocrx_word' id='word_1_200' title='bbox 2128 2760 2189 2814; x_wconf 85' lang='lat' dir='ltr'><strong>in</strong></span> <span class='ocrx_word' id='word_1_201' title='bbox 2220 2759 2417 2814; x_wconf 87' lang='lat' dir='ltr'><strong>bonum</strong></span> <span class='ocrx_word' id='word_1_202' title='bbox 2447 2760 2719 2829; x_wconf 88' lang='lat' dir='ltr'><strong>publicum</strong></span> <span class='ocrx_word' id='word_1_203' title='bbox 2770 2767 2822 2813; x_wconf 92' lang='lat' dir='ltr'><strong>te</strong></span> <span class='ocrx_word' id='word_1_204' title='bbox 2852 2774 3117 2829; x_wconf 90' lang='lat' dir='ltr'><strong>occupare</strong></span> <span class='ocrx_word' id='word_1_205' title='bbox 3153 2765 3458 2824; x_wconf 88' lang='lat' dir='ltr'><strong>noverunt;</strong></span> <span class='ocrx_word' id='word_1_206' title='bbox 3489 2764 3557 2811; x_wconf 75' lang='lat' dir='ltr'><strong>ut</strong></span> 
     </span>
    </p>
   </div>
   <div class='ocr_carea' id='block_1_34' title="bbox 255 2845 1859 2928">
    <p class='ocr_par' dir='ltr' id='par_1_34' title="bbox 255 2853 1856 2928">
     <span class='ocr_line' id='line_1_34' title="bbox 255 2853 1856 2928; baseline 0.004 -21"><span class='ocrx_word' id='word_1_207' title='bbox 255 2861 309 2907; x_wconf 86' lang='lat' dir='ltr'><strong>et</strong></span> <span class='ocrx_word' id='word_1_208' title='bbox 329 2853 563 2910; x_wconf 75' lang='lat' dir='ltr'><strong>creditis</strong></span> <span class='ocrx_word' id='word_1_209' title='bbox 604 2869 692 2911; x_wconf 85' lang='lat' dir='ltr'><strong>me</strong></span> <span class='ocrx_word' id='word_1_210' title='bbox 733 2855 1119 2926; x_wconf 68' lang='lat' dir='ltr'><strong>impusnitenda</strong></span> <span class='ocrx_word' id='word_1_211' title='bbox 1138 2857 1412 2928; x_wconf 83' lang='lat' dir='ltr'><strong>proferre.</strong></span> <span class='ocrx_word' id='word_1_212' title='bbox 1444 2857 1618 2913; x_wconf 86' lang='lat' dir='ltr'><strong>Dictio</strong></span> <span class='ocrx_word' id='word_1_213' title='bbox 1638 2874 1856 2928; x_wconf 88' lang='lat' dir='ltr'><strong>semper</strong></span> 
     </span>
    </p>
   </div>
   <div class='ocr_carea' id='block_1_35' title="bbox 1965 2845 3550 2928">
    <p class='ocr_par' dir='ltr' id='par_1_35' title="bbox 1965 2845 3550 2919">
     <span class='ocr_line' id='line_1_35' title="bbox 1965 2845 3550 2919; baseline -0.001 -17"><span class='ocrx_word' id='word_1_214' title='bbox 1965 2847 2228 2904; x_wconf 77' lang='lat' dir='ltr'><strong>fastidium</strong></span> <span class='ocrx_word' id='word_1_215' title='bbox 2258 2849 2329 2904; x_wconf 89' lang='lat' dir='ltr'><strong>sit</strong></span> <span class='ocrx_word' id='word_1_216' title='bbox 2356 2848 2548 2904; x_wconf 83' lang='lat' dir='ltr'><strong>otiosis</strong></span> <span class='ocrx_word' id='word_1_217' title='bbox 2572 2859 2908 2918; x_wconf 79' lang='lat' dir='ltr'><strong>exspectare,</strong></span> <span class='ocrx_word' id='word_1_218' title='bbox 2940 2863 3061 2919; x_wconf 71' lang='lat' dir='ltr'><strong>qure</strong></span> <span class='ocrx_word' id='word_1_219' title='bbox 3092 2856 3146 2901; x_wconf 91' lang='lat' dir='ltr'><strong>tu</strong></span> <span class='ocrx_word' id='word_1_220' title='bbox 3171 2847 3428 2902; x_wconf 88' lang='lat' dir='ltr'><strong>continuo</strong></span> <span class='ocrx_word' id='word_1_221' title='bbox 3469 2845 3550 2900; x_wconf 82' lang='lat' dir='ltr'><strong>la-</strong></span> 
     </span>
    </p>
   </div>
   <div class='ocr_carea' id='block_1_36' title="bbox 258 2945 1855 3020">
    <p class='ocr_par' dir='ltr' id='par_1_36' title="bbox 258 2945 1855 3020">
     <span class='ocr_line' id='line_1_36' title="bbox 258 2945 1855 3020; baseline 0.002 -18"><span class='ocrx_word' id='word_1_222' title='bbox 258 2945 484 3015; x_wconf 67' lang='lat' dir='ltr'><strong>agrestis</strong></span> <span class='ocrx_word' id='word_1_223' title='bbox 511 2954 617 3014; x_wconf 75' lang='lat' dir='ltr'><strong>est,</strong></span> <span class='ocrx_word' id='word_1_224' title='bbox 645 2961 767 3017; x_wconf 66' lang='lat' dir='ltr'><strong>qua:</strong></span> <span class='ocrx_word' id='word_1_225' title='bbox 794 2954 885 3002; x_wconf 76' lang='lat' dir='ltr'><strong>aut</strong></span> <span class='ocrx_word' id='word_1_226' title='bbox 911 2950 1158 3004; x_wconf 77' lang='lat' dir='ltr'><strong>sensibus</strong></span> <span class='ocrx_word' id='word_1_227' title='bbox 1184 2950 1373 3006; x_wconf 87' lang='lat' dir='ltr'><strong>electis</strong></span> <span class='ocrx_word' id='word_1_228' title='bbox 1393 2964 1490 3020; x_wconf 87' lang='lat' dir='ltr'><strong>per</strong></span> <span class='ocrx_word' id='word_1_229' title='bbox 1508 2966 1717 3005; x_wconf 89' lang='lat' dir='ltr'><strong>moram</strong></span> <span class='ocrx_word' id='word_1_230' title='bbox 1736 2966 1855 3005; x_wconf 87' lang='lat' dir='ltr'><strong>non</strong></span> 
     </span>
    </p>
   </div>
   <div class='ocr_carea' id='block_1_37' title="bbox 256 3031 1858 3113">
    <p class='ocr_par' dir='ltr' id='par_1_37' title="bbox 256 3031 1858 3113">
     <span class='ocr_line' id='line_1_37' title="bbox 256 3031 1858 3113; baseline 0.004 -23"><span class='ocrx_word' id='word_1_231' title='bbox 256 3037 510 3103; x_wconf 65' lang='lat' dir='ltr'><strong>comitur,</strong></span> <span class='ocrx_word' id='word_1_232' title='bbox 542 3047 639 3093; x_wconf 67' lang='lat' dir='ltr'><strong>aut</strong></span> <span class='ocrx_word' id='word_1_233' title='bbox 663 3040 950 3095; x_wconf 85' lang='lat' dir='ltr'><strong>verborum</strong></span> <span class='ocrx_word' id='word_1_234' title='bbox 972 3031 1196 3097; x_wconf 82' lang='lat' dir='ltr'><strong>minime</strong></span> <span class='ocrx_word' id='word_1_235' title='bbox 1223 3042 1646 3112; x_wconf 80' lang='lat' dir='ltr'><strong>proprietatibus</strong></span> <span class='ocrx_word' id='word_1_236' title='bbox 1686 3042 1858 3113; x_wconf 80' lang='lat' dir='ltr'><strong>expli-</strong></span> 
     </span>
    </p>
   </div>
   <div class='ocr_carea' id='block_1_38' title="bbox 258 3129 1857 3203">
    <p class='ocr_par' dir='ltr' id='par_1_38' title="bbox 258 3129 1857 3203">
     <span class='ocr_line' id='line_1_38' title="bbox 258 3129 1857 3203; baseline 0.006 -22"><span class='ocrx_word' id='word_1_237' title='bbox 258 3139 429 3186; x_wconf 82' lang='lat' dir='ltr'><strong>ratur.</strong></span> <span class='ocrx_word' id='word_1_238' title='bbox 474 3129 651 3203; x_wconf 83' lang='lat' dir='ltr'><strong>Loqui</strong></span> <span class='ocrx_word' id='word_1_239' title='bbox 694 3133 850 3189; x_wconf 83' lang='lat' dir='ltr'><strong>nobis</strong></span> <span class='ocrx_word' id='word_1_240' title='bbox 887 3136 1251 3190; x_wconf 83' lang='lat' dir='ltr'><strong>communiter</strong></span> <span class='ocrx_word' id='word_1_241' title='bbox 1292 3135 1475 3191; x_wconf 91' lang='lat' dir='ltr'><strong>datum</strong></span> <span class='ocrx_word' id='word_1_242' title='bbox 1530 3144 1656 3190; x_wconf 90' lang='lat' dir='ltr'><strong>est:</strong></span> <span class='ocrx_word' id='word_1_243' title='bbox 1709 3135 1857 3190; x_wconf 91' lang='lat' dir='ltr'><strong>solus</strong></span> 
     </span>
    </p>
   </div>
   <div class='ocr_carea' id='block_1_39' title="bbox 256 3224 1854 3294">
    <p class='ocr_par' dir='ltr' id='par_1_39' title="bbox 256 3224 1854 3294">
     <span class='ocr_line' id='line_1_39' title="bbox 256 3224 1854 3294; baseline 0.005 -22"><span class='ocrx_word' id='word_1_244' title='bbox 256 3229 481 3277; x_wconf 75' lang='lat' dir='ltr'><strong>ornatus</strong></span> <span class='ocrx_word' id='word_1_245' title='bbox 508 3231 616 3287; x_wconf 89' lang='lat' dir='ltr'><strong>est,</strong></span> <span class='ocrx_word' id='word_1_246' title='bbox 645 3224 735 3294; x_wconf 91' lang='lat' dir='ltr'><strong>qui</strong></span> <span class='ocrx_word' id='word_1_247' title='bbox 768 3224 1024 3281; x_wconf 77' lang='lat' dir='ltr'><strong>disCernit</strong></span> <span class='ocrx_word' id='word_1_248' title='bbox 1063 3226 1330 3283; x_wconf 87' lang='lat' dir='ltr'><strong>indoctos.</strong></span> <span class='ocrx_word' id='word_1_249' title='bbox 1364 3227 1546 3282; x_wconf 88' lang='lat' dir='ltr'><strong>Nonus</strong></span> <span class='ocrx_word' id='word_1_250' title='bbox 1576 3242 1749 3281; x_wconf 89' lang='lat' dir='ltr'><strong>annus</strong></span> <span class='ocrx_word' id='word_1_251' title='bbox 1789 3226 1854 3280; x_wconf 90' lang='lat' dir='ltr'><strong>ad</strong></span> 
     </span>
    </p>
   </div>
   <div class='ocr_carea' id='block_1_40' title="bbox 258 3312 1854 3383">
    <p class='ocr_par' dir='ltr' id='par_1_40' title="bbox 258 3312 1854 3383">
     <span class='ocr_line' id='line_1_40' title="bbox 258 3312 1854 3383; baseline 0.003 -20"><span class='ocrx_word' id='word_1_252' title='bbox 258 3312 605 3368; x_wconf 74' lang='lat' dir='ltr'><strong>scribendum</strong></span> <span class='ocrx_word' id='word_1_253' title='bbox 635 3314 908 3370; x_wconf 81' lang='lat' dir='ltr'><strong>relaxatur</strong></span> <span class='ocrx_word' id='word_1_254' title='bbox 933 3316 1267 3383; x_wconf 87' lang='lat' dir='ltr'><strong>auctoribus,</strong></span> <span class='ocrx_word' id='word_1_255' title='bbox 1297 3317 1426 3370; x_wconf 83' lang='lat' dir='ltr'><strong>mihi</strong></span> <span class='ocrx_word' id='word_1_256' title='bbox 1473 3332 1573 3371; x_wconf 89' lang='lat' dir='ltr'><strong>nec</strong></span> <span class='ocrx_word' id='word_1_257' title='bbox 1602 3317 1854 3370; x_wconf 87' lang='lat' dir='ltr'><strong>horarum</strong></span> 
     </span>
    </p>
   </div>
   <div class='ocr_carea' id='block_1_41' title="bbox 259 3406 1856 3478">
    <p class='ocr_par' dir='ltr' id='par_1_41' title="bbox 259 3406 1856 3478">
     <span class='ocr_line' id='line_1_41' title="bbox 259 3406 1856 3478; baseline 0.004 -23"><span class='ocrx_word' id='word_1_258' title='bbox 259 3411 535 3459; x_wconf 87' lang='lat' dir='ltr'><strong>momenta</strong></span> <span class='ocrx_word' id='word_1_259' title='bbox 567 3413 890 3474; x_wconf 51' lang='lat' dir='ltr'><strong>praestantur</strong></span> <span class='ocrx_word' id='word_1_260' title='bbox 918 3425 931 3460; x_wconf 92' lang='lat'><strong>:</strong></span> <span class='ocrx_word' id='word_1_261' title='bbox 962 3423 1089 3462; x_wconf 83' lang='lat' dir='ltr'><strong>mox</strong></span> <span class='ocrx_word' id='word_1_262' title='bbox 1136 3417 1195 3462; x_wconf 91' lang='lat' dir='ltr'><strong>ut</strong></span> <span class='ocrx_word' id='word_1_263' title='bbox 1245 3423 1482 3478; x_wconf 69' lang='lat' dir='ltr'><strong>coepero,</strong></span> <span class='ocrx_word' id='word_1_264' title='bbox 1530 3406 1856 3461; x_wconf 78' lang='lat' dir='ltr'><strong>clamoribus</strong></span> 
     </span>
    </p>
   </div>
   <div class='ocr_carea' id='block_1_42' title="bbox 259 3493 1858 3568">
    <p class='ocr_par' dir='ltr' id='par_1_42' title="bbox 259 3493 1858 3568">
     <span class='ocr_line' id='line_1_42' title="bbox 259 3493 1858 3568; baseline 0.004 -20"><span class='ocrx_word' id='word_1_265' title='bbox 259 3493 591 3563; x_wconf 88' lang='lat' dir='ltr'><strong>imminetur,</strong></span> <span class='ocrx_word' id='word_1_266' title='bbox 618 3505 673 3552; x_wconf 88' lang='lat' dir='ltr'><strong>et</strong></span> <span class='ocrx_word' id='word_1_267' title='bbox 696 3496 1036 3555; x_wconf 80' lang='lat' dir='ltr'><strong>festinatione</strong></span> <span class='ocrx_word' id='word_1_268' title='bbox 1059 3499 1220 3554; x_wconf 90' lang='lat' dir='ltr'><strong>nimia</strong></span> <span class='ocrx_word' id='word_1_269' title='bbox 1248 3501 1525 3568; x_wconf 79' lang='lat' dir='ltr'><strong>ingeritur,</strong></span> <span class='ocrx_word' id='word_1_270' title='bbox 1559 3513 1627 3553; x_wconf 92' lang='lat' dir='ltr'><strong>ne</strong></span> <span class='ocrx_word' id='word_1_271' title='bbox 1648 3499 1858 3554; x_wconf 82' lang='lat' dir='ltr'><strong>cautius</strong></span> 
     </span>
    </p>
   </div>
   <div class='ocr_carea' id='block_1_43' title="bbox 259 3590 1855 3661">
    <p class='ocr_par' dir='ltr' id='par_1_43' title="bbox 259 3590 1855 3661">
     <span class='ocr_line' id='line_1_43' title="bbox 259 3590 1855 3661; baseline 0.003 -21"><span class='ocrx_word' id='word_1_272' title='bbox 259 3597 436 3658; x_wconf 75' lang='lat' dir='ltr'><strong>rtepta</strong></span> <span class='ocrx_word' id='word_1_273' title='bbox 477 3597 828 3658; x_wconf 72' lang='lat' dir='ltr'><strong>peragantur.</strong></span> <span class='ocrx_word' id='word_1_274' title='bbox 880 3591 1032 3646; x_wconf 86' lang='lat' dir='ltr'><strong>Alter</strong></span> <span class='ocrx_word' id='word_1_275' title='bbox 1085 3607 1184 3647; x_wconf 85' lang='lat' dir='ltr'><strong>nos</strong></span> <span class='ocrx_word' id='word_1_276' title='bbox 1233 3591 1531 3661; x_wconf 80' lang='lat' dir='ltr'><strong>frequentia</strong></span> <span class='ocrx_word' id='word_1_277' title='bbox 1581 3590 1855 3645; x_wconf 65' lang='lat' dir='ltr'><strong>invidiosae</strong></span> 
     </span>
    </p>
   </div>
   <div class='ocr_carea' id='block_1_44' title="bbox 260 3676 1856 3749">
    <p class='ocr_par' dir='ltr' id='par_1_44' title="bbox 260 3676 1856 3749">
     <span class='ocr_line' id='line_1_44' title="bbox 260 3676 1856 3749; baseline 0.003 -19"><span class='ocrx_word' id='word_1_278' title='bbox 260 3676 712 3748; x_wconf 84' lang='lat' dir='ltr'><strong>interpellationis</strong></span> <span class='ocrx_word' id='word_1_279' title='bbox 763 3689 1082 3749; x_wconf 71' lang='lat' dir='ltr'><strong>exaggerat;</strong></span> <span class='ocrx_word' id='word_1_280' title='bbox 1126 3681 1266 3736; x_wconf 89' lang='lat' dir='ltr'><strong>alter</strong></span> <span class='ocrx_word' id='word_1_281' title='bbox 1325 3681 1660 3735; x_wconf 83' lang='lat' dir='ltr'><strong>miseriarum</strong></span> <span class='ocrx_word' id='word_1_282' title='bbox 1714 3680 1856 3735; x_wconf 90' lang='lat' dir='ltr'><strong>mole</strong></span> 
     </span>
    </p>
   </div>
   <div class='ocr_carea' id='block_1_45' title="bbox 258 3762 1857 3843">
    <p class='ocr_par' dir='ltr' id='par_1_45' title="bbox 258 3762 1857 3843">
     <span class='ocr_line' id='line_1_45' title="bbox 258 3762 1857 3843; baseline 0.003 -24"><span class='ocrx_word' id='word_1_283' title='bbox 258 3766 523 3835; x_wconf 68' lang='lat' dir='ltr'><strong>castigat;</strong></span> <span class='ocrx_word' id='word_1_284' title='bbox 548 3767 639 3823; x_wconf 89' lang='lat' dir='ltr'><strong>alii</strong></span> <span class='ocrx_word' id='word_1_285' title='bbox 662 3762 861 3824; x_wconf 84' lang='lat' dir='ltr'><strong>furiosa</strong></span> <span class='ocrx_word' id='word_1_286' title='bbox 885 3770 1241 3826; x_wconf 85' lang='lat' dir='ltr'><strong>intentionu&#39;m</strong></span> <span class='ocrx_word' id='word_1_287' title='bbox 1270 3769 1400 3843; x_wconf 59' lang='lat' dir='ltr'><strong>fect,</strong></span> <span class='ocrx_word' id='word_1_288' title='bbox 1422 3768 1857 3842; x_wconf 85' lang='lat' dir='ltr'><strong>contentionum]</strong></span> 
     </span>
    </p>
   </div>
   <div class='ocr_carea' id='block_1_46' title="bbox 259 3854 1856 3930">
    <p class='ocr_par' dir='ltr' id='par_1_46' title="bbox 259 3854 1856 3930">
     <span class='ocr_line' id='line_1_46' title="bbox 259 3854 1856 3930; baseline 0.003 -20"><span class='ocrx_word' id='word_1_289' title='bbox 259 3854 533 3913; x_wconf 80' lang='lat' dir='ltr'><strong>seditione</strong></span> <span class='ocrx_word' id='word_1_290' title='bbox 558 3858 929 3914; x_wconf 45' lang='lat' dir='ltr'><strong>circumdant.</strong></span> <span class='ocrx_word' id='word_1_291' title='bbox 946 3859 1091 3915; x_wconf 86' lang='lat' dir='ltr'><strong>inter</strong></span> <span class='ocrx_word' id='word_1_292' title='bbox 1118 3861 1233 3917; x_wconf 71' lang='lat' dir='ltr'><strong>btcc</strong></span> <span class='ocrx_word' id='word_1_293' title='bbox 1262 3876 1360 3916; x_wconf 92' lang='lat' dir='ltr'><strong>cur</strong></span> <span class='ocrx_word' id='word_1_294' title='bbox 1387 3860 1660 3930; x_wconf 89' lang='lat' dir='ltr'><strong>requiritis</strong></span> <span class='ocrx_word' id='word_1_295' title='bbox 1688 3861 1856 3915; x_wconf 84' lang='lat' dir='ltr'><strong>dicta-</strong></span> 
     </span>
    </p>
   </div>
   <div class='ocr_carea' id='block_1_47' title="bbox 262 3945 1857 4024">
    <p class='ocr_par' dir='ltr' id='par_1_47' title="bbox 262 3945 1857 4024">
     <span class='ocr_line' id='line_1_47' title="bbox 262 3945 1857 4024; baseline 0.008 -26"><span class='ocrx_word' id='word_1_296' title='bbox 262 3945 425 4006; x_wconf 77' lang='lat' dir='ltr'><strong>tionis</strong></span> <span class='ocrx_word' id='word_1_297' title='bbox 460 3950 766 4019; x_wconf 89' lang='lat' dir='ltr'><strong>eloquium,</strong></span> <span class='ocrx_word' id='word_1_298' title='bbox 796 3953 884 4008; x_wconf 91' lang='lat' dir='ltr'><strong>ubi</strong></span> <span class='ocrx_word' id='word_1_299' title='bbox 921 3953 1011 4008; x_wconf 81' lang='lat' dir='ltr'><strong>vix</strong></span> <span class='ocrx_word' id='word_1_300' title='bbox 1058 3955 1268 4024; x_wconf 90' lang='lat' dir='ltr'><strong>copiam</strong></span> <span class='ocrx_word' id='word_1_301' title='bbox 1318 3970 1604 4024; x_wconf 89' lang='lat' dir='ltr'><strong>possumus</strong></span> <span class='ocrx_word' id='word_1_302' title='bbox 1657 3954 1857 4010; x_wconf 85' lang='lat' dir='ltr'><strong>habere</strong></span> 
     </span>
    </p>
   </div>
   <div class='ocr_carea' id='block_1_48' title="bbox 261 4038 1854 4116">
    <p class='ocr_par' dir='ltr' id='par_1_48' title="bbox 261 4038 1854 4116">
     <span class='ocr_line' id='line_1_48' title="bbox 261 4038 1854 4116; baseline 0.005 -24"><span class='ocrx_word' id='word_1_303' title='bbox 261 4042 613 4095; x_wconf 40' lang='lat' dir='ltr'><strong>seminum?</strong></span> <span class='ocrx_word' id='word_1_304' title='bbox 637 4038 783 4111; x_wconf 75' lang='lat' dir='ltr'><strong>lpsas</strong></span> <span class='ocrx_word' id='word_1_305' title='bbox 823 4058 1039 4116; x_wconf 88' lang='lat' dir='ltr'><strong>quoque</strong></span> <span class='ocrx_word' id='word_1_306' title='bbox 1078 4054 1271 4101; x_wconf 84' lang='lat' dir='ltr'><strong>noctes</strong></span> <span class='ocrx_word' id='word_1_307' title='bbox 1300 4046 1692 4115; x_wconf 82' lang='lat' dir='ltr'><strong>inexplicabilis</strong></span> <span class='ocrx_word' id='word_1_308' title='bbox 1727 4063 1854 4101; x_wconf 91' lang='lat' dir='ltr'><strong>cura</strong></span> 
     </span>
    </p>
   </div>
   <div class='ocr_carea' id='block_1_49' title="bbox 261 4127 1856 4206">
    <p class='ocr_par' dir='ltr' id='par_1_49' title="bbox 261 4127 1856 4206">
     <span class='ocr_line' id='line_1_49' title="bbox 261 4127 1856 4206; baseline 0.008 -26"><span class='ocrx_word' id='word_1_309' title='bbox 261 4127 637 4197; x_wconf 81' lang='lat' dir='ltr'><strong>circumvolat,</strong></span> <span class='ocrx_word' id='word_1_310' title='bbox 660 4146 730 4187; x_wconf 90' lang='lat' dir='ltr'><strong>ne</strong></span> <span class='ocrx_word' id='word_1_311' title='bbox 757 4133 929 4189; x_wconf 90' lang='lat' dir='ltr'><strong>desint</strong></span> <span class='ocrx_word' id='word_1_312' title='bbox 960 4134 1214 4190; x_wconf 88' lang='lat' dir='ltr'><strong>alimonia</strong></span> <span class='ocrx_word' id='word_1_313' title='bbox 1244 4136 1571 4204; x_wconf 78' lang='lat' dir='ltr'><strong>civitatibus,</strong></span> <span class='ocrx_word' id='word_1_314' title='bbox 1603 4152 1721 4206; x_wconf 78' lang='lat' dir='ltr'><strong>qua:</strong></span> <span class='ocrx_word' id='word_1_315' title='bbox 1761 4154 1856 4191; x_wconf 90' lang='lat' dir='ltr'><strong>su-</strong></span> 
     </span>
    </p>
   </div>
   <div class='ocr_carea' id='block_1_50' title="bbox 1958 2936 3547 3008">
    <p class='ocr_par' dir='ltr' id='par_1_50' title="bbox 1958 2936 3547 3008">
     <span class='ocr_line' id='line_1_50' title="bbox 1958 2936 3547 3008; baseline -0.003 -13"><span class='ocrx_word' id='word_1_316' title='bbox 1958 2940 2093 2995; x_wconf 88' lang='lat' dir='ltr'><strong>bore</strong></span> <span class='ocrx_word' id='word_1_317' title='bbox 2139 2939 2483 3008; x_wconf 86' lang='lat' dir='ltr'><strong>cognosceris</strong></span> <span class='ocrx_word' id='word_1_318' title='bbox 2523 2940 2809 2994; x_wconf 88' lang='lat' dir='ltr'><strong>sustinere.</strong></span> <span class='ocrx_word' id='word_1_319' title='bbox 2845 2938 3038 2992; x_wconf 85' lang='lat' dir='ltr'><strong>Verum</strong></span> <span class='ocrx_word' id='word_1_320' title='bbox 3081 2938 3187 2991; x_wconf 91' lang='lat' dir='ltr'><strong>hoc</strong></span> <span class='ocrx_word' id='word_1_321' title='bbox 3232 2937 3401 3006; x_wconf 90' lang='lat' dir='ltr'><strong>magis</strong></span> <span class='ocrx_word' id='word_1_322' title='bbox 3450 2936 3547 2991; x_wconf 90' lang='lat' dir='ltr'><strong>tibi</strong></span> 
     </span>
    </p>
   </div>
   <div class='ocr_carea' id='block_1_51' title="bbox 1958 3024 3545 3102">
    <p class='ocr_par' dir='ltr' id='par_1_51' title="bbox 1958 3024 3545 3102">
     <span class='ocr_line' id='line_1_51' title="bbox 1958 3024 3545 3102; baseline -0.003 -14"><span class='ocrx_word' id='word_1_323' title='bbox 1958 3035 2024 3089; x_wconf 88' lang='lat' dir='ltr'><strong>ad</strong></span> <span class='ocrx_word' id='word_1_324' title='bbox 2053 3024 2359 3102; x_wconf 68' lang='lat' dir='ltr'><strong>suﬁ‘ragium</strong></span> <span class='ocrx_word' id='word_1_325' title='bbox 2398 3032 2572 3087; x_wconf 80' lang='lat' dir='ltr'><strong>laudis</strong></span> <span class='ocrx_word' id='word_1_326' title='bbox 2607 3040 2789 3102; x_wconf 83' lang='lat' dir='ltr'><strong>potest</strong></span> <span class='ocrx_word' id='word_1_327' title='bbox 2819 3029 3099 3101; x_wconf 83' lang='lat' dir='ltr'><strong>prolicere,</strong></span> <span class='ocrx_word' id='word_1_328' title='bbox 3133 3030 3175 3084; x_wconf 91' lang='lat' dir='ltr'><strong>si</strong></span> <span class='ocrx_word' id='word_1_329' title='bbox 3224 3030 3364 3084; x_wconf 74' lang='lat' dir='ltr'><strong>inter</strong></span> <span class='ocrx_word' id='word_1_330' title='bbox 3398 3038 3545 3084; x_wconf 86' lang='lat' dir='ltr'><strong>tanta</strong></span> 
     </span>
    </p>
   </div>
   <div class='ocr_carea' id='block_1_52' title="bbox 1957 3120 3552 3194">
    <p class='ocr_par' dir='ltr' id='par_1_52' title="bbox 1957 3120 3552 3194">
     <span class='ocr_line' id='line_1_52' title="bbox 1957 3120 3552 3194; baseline -0.004 -12"><span class='ocrx_word' id='word_1_331' title='bbox 1957 3135 2013 3183; x_wconf 90' lang='lat' dir='ltr'><strong>et</strong></span> <span class='ocrx_word' id='word_1_332' title='bbox 2065 3128 2190 3181; x_wconf 90' lang='lat' dir='ltr'><strong>talia</strong></span> <span class='ocrx_word' id='word_1_333' title='bbox 2243 3126 2480 3181; x_wconf 90' lang='lat' dir='ltr'><strong>valueris</strong></span> <span class='ocrx_word' id='word_1_334' title='bbox 2535 3125 2758 3193; x_wconf 85' lang='lat' dir='ltr'><strong>legenda</strong></span> <span class='ocrx_word' id='word_1_335' title='bbox 2814 3121 3089 3194; x_wconf 76' lang='lat' dir='ltr'><strong>proferre;</strong></span> <span class='ocrx_word' id='word_1_336' title='bbox 3161 3120 3354 3177; x_wconf 86' lang='lat' dir='ltr'><strong>deinde</strong></span> <span class='ocrx_word' id='word_1_337' title='bbox 3400 3122 3552 3191; x_wconf 86' lang='lat' dir='ltr'><strong>quod</strong></span> 
     </span>
    </p>
   </div>
   <div class='ocr_carea' id='block_1_53' title="bbox 1957 3210 3544 3286">
    <p class='ocr_par' dir='ltr' id='par_1_53' title="bbox 1957 3210 3544 3286">
     <span class='ocr_line' id='line_1_53' title="bbox 1957 3210 3544 3286; baseline -0.005 -13"><span class='ocrx_word' id='word_1_338' title='bbox 1957 3218 2118 3274; x_wconf 89' lang='lat' dir='ltr'><strong>rudes</strong></span> <span class='ocrx_word' id='word_1_339' title='bbox 2158 3219 2324 3275; x_wconf 89' lang='lat' dir='ltr'><strong>viros.</strong></span> <span class='ocrx_word' id='word_1_340' title='bbox 2377 3225 2433 3271; x_wconf 90' lang='lat' dir='ltr'><strong>et</strong></span> <span class='ocrx_word' id='word_1_341' title='bbox 2478 3215 2545 3270; x_wconf 90' lang='lat' dir='ltr'><strong>ad</strong></span> <span class='ocrx_word' id='word_1_342' title='bbox 2596 3215 2981 3286; x_wconf 82' lang='lat' dir='ltr'><strong>rempublicam</strong></span> <span class='ocrx_word' id='word_1_343' title='bbox 3032 3212 3246 3268; x_wconf 87' lang='lat' dir='ltr'><strong>conscia</strong></span> <span class='ocrx_word' id='word_1_344' title='bbox 3300 3210 3544 3266; x_wconf 88' lang='lat' dir='ltr'><strong>facundia</strong></span> 
     </span>
    </p>
   </div>
   <div class='ocr_carea' id='block_1_54' title="bbox 1957 3301 3565 3378">
    <p class='ocr_par' dir='ltr' id='par_1_54' title="bbox 1957 3301 3565 3378">
     <span class='ocr_line' id='line_1_54' title="bbox 1957 3301 3565 3378; baseline -0.006 -16"><span class='ocrx_word' id='word_1_345' title='bbox 1957 3316 2306 3378; x_wconf 61' lang='lat' dir='ltr'><strong>praeparatos,</strong></span> <span class='ocrx_word' id='word_1_346' title='bbox 2340 3306 2493 3360; x_wconf 91' lang='lat' dir='ltr'><strong>labor</strong></span> <span class='ocrx_word' id='word_1_347' title='bbox 2518 3313 2644 3358; x_wconf 91' lang='lat' dir='ltr'><strong>tuus</strong></span> <span class='ocrx_word' id='word_1_348' title='bbox 2670 3306 2787 3358; x_wconf 89' lang='lat' dir='ltr'><strong>sine</strong></span> <span class='ocrx_word' id='word_1_349' title='bbox 2815 3302 2989 3372; x_wconf 88' lang='lat' dir='ltr'><strong>aliqua</strong></span> <span class='ocrx_word' id='word_1_350' title='bbox 3011 3302 3308 3357; x_wconf 77' lang='lat' dir='ltr'><strong>olfensione</strong></span> <span class='ocrx_word' id='word_1_351' title='bbox 3349 3301 3565 3371; x_wconf 63' lang='lat' dir='ltr'><strong>poterit.</strong></span> 
     </span>
    </p>
   </div>
   <div class='ocr_carea' id='block_1_55' title="bbox 1957 3391 3548 3463">
    <p class='ocr_par' dir='ltr' id='par_1_55' title="bbox 1957 3391 3548 3463">
     <span class='ocr_line' id='line_1_55' title="bbox 1957 3391 3548 3463; baseline -0.005 -10"><span class='ocrx_word' id='word_1_352' title='bbox 1957 3398 2219 3461; x_wconf 83' lang='lat' dir='ltr'><strong>educere,</strong></span> <span class='ocrx_word' id='word_1_353' title='bbox 2252 3404 2308 3451; x_wconf 91' lang='lat' dir='ltr'><strong>et</strong></span> <span class='ocrx_word' id='word_1_354' title='bbox 2347 3410 2502 3451; x_wconf 86' lang='lat' dir='ltr'><strong>usum</strong></span> <span class='ocrx_word' id='word_1_355' title='bbox 2532 3410 2690 3463; x_wconf 89' lang='lat' dir='ltr'><strong>quem</strong></span> <span class='ocrx_word' id='word_1_356' title='bbox 2722 3404 2777 3448; x_wconf 90' lang='lat' dir='ltr'><strong>tn</strong></span> <span class='ocrx_word' id='word_1_357' title='bbox 2812 3394 2952 3447; x_wconf 91' lang='lat' dir='ltr'><strong>inter</strong></span> <span class='ocrx_word' id='word_1_358' title='bbox 2990 3393 3362 3448; x_wconf 87' lang='lat' dir='ltr'><strong>altercantium</strong></span> <span class='ocrx_word' id='word_1_359' title='bbox 3402 3391 3548 3462; x_wconf 88' lang='lat' dir='ltr'><strong>peri-</strong></span> 
     </span>
    </p>
   </div>
   <div class='ocr_carea' id='block_1_56' title="bbox 1958 3484 3563 3558">
    <p class='ocr_par' dir='ltr' id='par_1_56' title="bbox 1958 3484 3563 3558">
     <span class='ocr_line' id='line_1_56' title="bbox 1958 3484 3563 3558; baseline -0.006 -11"><span class='ocrx_word' id='word_1_360' title='bbox 1958 3490 2077 3547; x_wconf 83' lang='lat' dir='ltr'><strong>enla</strong></span> <span class='ocrx_word' id='word_1_361' title='bbox 2115 3489 2351 3558; x_wconf 75' lang='lat' dir='ltr'><strong>iactatus</strong></span> <span class='ocrx_word' id='word_1_362' title='bbox 2380 3502 2620 3552; x_wconf 81' lang='lat' dir='ltr'><strong>exerces,</strong></span> <span class='ocrx_word' id='word_1_363' title='bbox 2652 3486 2773 3540; x_wconf 82' lang='lat' dir='ltr'><strong>illos</strong></span> <span class='ocrx_word' id='word_1_364' title='bbox 2799 3485 2890 3554; x_wconf 88' lang='lat' dir='ltr'><strong>qui</strong></span> <span class='ocrx_word' id='word_1_365' title='bbox 2918 3492 3043 3539; x_wconf 85' lang='lat' dir='ltr'><strong>sunt</strong></span> <span class='ocrx_word' id='word_1_366' title='bbox 3073 3484 3124 3538; x_wconf 86' lang='lat' dir='ltr'><strong>in</strong></span> <span class='ocrx_word' id='word_1_367' title='bbox 3163 3484 3563 3552; x_wconf 51' lang='lat' dir='ltr'><strong>tranquillitate</strong></span> 
     </span>
    </p>
   </div>
   <div class='ocr_carea' id='block_1_57' title="bbox 1957 3574 3561 3656">
    <p class='ocr_par' dir='ltr' id='par_1_57' title="bbox 1957 3574 3561 3656">
     <span class='ocr_line' id='line_1_57' title="bbox 1957 3574 3561 3656; baseline -0.005 -18"><span class='ocrx_word' id='word_1_368' title='bbox 1957 3583 2137 3656; x_wconf 89' lang='lat' dir='ltr'><strong>positi,</strong></span> <span class='ocrx_word' id='word_1_369' title='bbox 2171 3581 2435 3650; x_wconf 70' lang='lat' dir='ltr'><strong>contingit</strong></span> <span class='ocrx_word' id='word_1_370' title='bbox 2456 3579 2525 3633; x_wconf 84' lang='lat' dir='ltr'><strong>fel</strong></span> <span class='ocrx_word' id='word_1_371' title='bbox 2546 3579 2661 3633; x_wconf 91' lang='lat' dir='ltr'><strong>cius</strong></span> <span class='ocrx_word' id='word_1_372' title='bbox 2685 3577 2925 3648; x_wconf 89' lang='lat' dir='ltr'><strong>adipisci.</strong></span> <span class='ocrx_word' id='word_1_373' title='bbox 2957 3575 3210 3640; x_wconf 84' lang='lat' dir='ltr'><strong>Proinde,</strong></span> <span class='ocrx_word' id='word_1_374' title='bbox 3231 3574 3376 3644; x_wconf 88' lang='lat' dir='ltr'><strong>quod</strong></span> <span class='ocrx_word' id='word_1_375' title='bbox 3397 3574 3561 3630; x_wconf 56' lang='lat' dir='ltr'><strong>salvat—</strong></span> 
     </span>
    </p>
   </div>
   <div class='ocr_carea' id='block_1_58' title="bbox 1958 3668 3549 3745">
    <p class='ocr_par' dir='ltr' id='par_1_58' title="bbox 1958 3668 3549 3745">
     <span class='ocr_line' id='line_1_58' title="bbox 1958 3668 3549 3745; baseline -0.004 -16"><span class='ocrx_word' id='word_1_376' title='bbox 1958 3676 2092 3741; x_wconf 47' lang='lat' dir='ltr'><strong>title,</strong></span> <span class='ocrx_word' id='word_1_377' title='bbox 2125 3691 2229 3745; x_wconf 85' lang='lat' dir='ltr'><strong>qua</strong></span> <span class='ocrx_word' id='word_1_378' title='bbox 2259 3674 2470 3740; x_wconf 87' lang='lat' dir='ltr'><strong>frueris,</strong></span> <span class='ocrx_word' id='word_1_379' title='bbox 2515 3672 2852 3727; x_wconf 90' lang='lat' dir='ltr'><strong>dissimulare</strong></span> <span class='ocrx_word' id='word_1_380' title='bbox 2879 3687 2985 3726; x_wconf 91' lang='lat' dir='ltr'><strong>non</strong></span> <span class='ocrx_word' id='word_1_381' title='bbox 3014 3668 3236 3741; x_wconf 90' lang='lat' dir='ltr'><strong>poteris,</strong></span> <span class='ocrx_word' id='word_1_382' title='bbox 3266 3677 3412 3723; x_wconf 86' lang='lat' dir='ltr'><strong>tanta</strong></span> <span class='ocrx_word' id='word_1_383' title='bbox 3461 3684 3549 3723; x_wconf 84' lang='lat' dir='ltr'><strong>re-</strong></span> 
     </span>
    </p>
   </div>
   <div class='ocr_carea' id='block_1_59' title="bbox 1958 3761 3553 3840">
    <p class='ocr_par' dir='ltr' id='par_1_59' title="bbox 1958 3761 3553 3840">
     <span class='ocr_line' id='line_1_59' title="bbox 1958 3761 3553 3840; baseline -0.006 -16"><span class='ocrx_word' id='word_1_384' title='bbox 1958 3784 2082 3840; x_wconf 91' lang='lat' dir='ltr'><strong>gum</strong></span> <span class='ocrx_word' id='word_1_385' title='bbox 2132 3767 2396 3823; x_wconf 74' lang='lat' dir='ltr'><strong>beneficia</strong></span> <span class='ocrx_word' id='word_1_386' title='bbox 2438 3765 2483 3821; x_wconf 89' lang='lat' dir='ltr'><strong>si</strong></span> <span class='ocrx_word' id='word_1_387' title='bbox 2515 3765 2716 3837; x_wconf 90' lang='lat' dir='ltr'><strong>pateris</strong></span> <span class='ocrx_word' id='word_1_388' title='bbox 2748 3764 3024 3834; x_wconf 79' lang='lat' dir='ltr'><strong>ignorari,</strong></span> <span class='ocrx_word' id='word_1_389' title='bbox 3076 3763 3271 3818; x_wconf 88' lang='lat' dir='ltr'><strong>frustra</strong></span> <span class='ocrx_word' id='word_1_390' title='bbox 3314 3761 3553 3816; x_wconf 87' lang='lat' dir='ltr'><strong>maluisti</strong></span> 
     </span>
    </p>
   </div>
   <div class='ocr_carea' id='block_1_60' title="bbox 1957 3852 3563 3930">
    <p class='ocr_par' dir='ltr' id='par_1_60' title="bbox 1957 3852 3563 3930">
     <span class='ocr_line' id='line_1_60' title="bbox 1957 3852 3563 3930; baseline -0.007 -13"><span class='ocrx_word' id='word_1_391' title='bbox 1957 3861 2188 3930; x_wconf 88' lang='lat' dir='ltr'><strong>benigna</strong></span> <span class='ocrx_word' id='word_1_392' title='bbox 2242 3859 2583 3915; x_wconf 75' lang='lat' dir='ltr'><strong>festinatione</strong></span> <span class='ocrx_word' id='word_1_393' title='bbox 2639 3856 2882 3912; x_wconf 84' lang='lat' dir='ltr'><strong>concedi.</strong></span> <span class='ocrx_word' id='word_1_394' title='bbox 2934 3855 3075 3919; x_wconf 84' lang='lat' dir='ltr'><strong>Noli,</strong></span> <span class='ocrx_word' id='word_1_395' title='bbox 3127 3868 3455 3924; x_wconf 61' lang='lat' dir='ltr'><strong>quatsumus.</strong></span> <span class='ocrx_word' id='word_1_396' title='bbox 3493 3852 3563 3906; x_wconf 78' lang='lat' dir='ltr'><strong>in.</strong></span> 
     </span>
    </p>
   </div>
   <div class='ocr_carea' id='block_1_61' title="bbox 1958 3945 3547 4016">
    <p class='ocr_par' dir='ltr' id='par_1_61' title="bbox 1958 3945 3547 4016">
     <span class='ocr_line' id='line_1_61' title="bbox 1958 3945 3547 4016; baseline -0.009 -7"><span class='ocrx_word' id='word_1_397' title='bbox 1958 3952 2247 4009; x_wconf 83' lang='lat' dir='ltr'><strong>obscurum</strong></span> <span class='ocrx_word' id='word_1_398' title='bbox 2273 3950 2473 4005; x_wconf 89' lang='lat' dir='ltr'><strong>silentii</strong></span> <span class='ocrx_word' id='word_1_399' title='bbox 2504 3962 2784 4011; x_wconf 84' lang='lat' dir='ltr'><strong>revocare,</strong></span> <span class='ocrx_word' id='word_1_400' title='bbox 2805 3947 2895 4016; x_wconf 86' lang='lat' dir='ltr'><strong>qui</strong></span> <span class='ocrx_word' id='word_1_401' title='bbox 2918 3955 2972 4000; x_wconf 83' lang='lat' dir='ltr'><strong>te</strong></span> <span class='ocrx_word' id='word_1_402' title='bbox 2997 3945 3210 4000; x_wconf 87' lang='lat' dir='ltr'><strong>dicente</strong></span> <span class='ocrx_word' id='word_1_403' title='bbox 3237 3953 3547 3998; x_wconf 89' lang='lat' dir='ltr'><strong>meruerunt</strong></span> 
     </span>
    </p>
   </div>
   <div class='ocr_carea' id='block_1_62' title="bbox 1958 4034 3567 4111">
    <p class='ocr_par' dir='ltr' id='par_1_62' title="bbox 1958 4034 3567 4111">
     <span class='ocr_line' id='line_1_62' title="bbox 1958 4034 3567 4111; baseline -0.006 -13"><span class='ocrx_word' id='word_1_404' title='bbox 1958 4043 2195 4099; x_wconf 86' lang='lat' dir='ltr'><strong>illustres</strong></span> <span class='ocrx_word' id='word_1_405' title='bbox 2213 4042 2497 4111; x_wconf 86' lang='lat' dir='ltr'><strong>dignitates</strong></span> <span class='ocrx_word' id='word_1_406' title='bbox 2517 4039 2779 4109; x_wconf 89' lang='lat' dir='ltr'><strong>accipere.</strong></span> <span class='ocrx_word' id='word_1_407' title='bbox 2805 4035 2884 4092; x_wconf 83' lang='lat' dir='ltr'><strong>&#39;l‘u</strong></span> <span class='ocrx_word' id='word_1_408' title='bbox 2912 4038 3051 4092; x_wconf 90' lang='lat' dir='ltr'><strong>enim</strong></span> <span class='ocrx_word' id='word_1_409' title='bbox 3076 4036 3195 4091; x_wconf 85' lang='lat' dir='ltr'><strong>illos</strong></span> <span class='ocrx_word' id='word_1_410' title='bbox 3216 4034 3567 4105; x_wconf 78' lang='lat' dir='ltr'><strong>assumpsisti-</strong></span> 
     </span>
    </p>
   </div>
   <div class='ocr_carea' id='block_1_63' title="bbox 1958 4126 3549 4197">
    <p class='ocr_par' dir='ltr' id='par_1_63' title="bbox 1958 4126 3549 4197">
     <span class='ocr_line' id='line_1_63' title="bbox 1958 4126 3549 4197; baseline -0.004 -10"><span class='ocrx_word' id='word_1_411' title='bbox 1958 4148 2086 4188; x_wconf 89' lang='lat' dir='ltr'><strong>vera</strong></span> <span class='ocrx_word' id='word_1_412' title='bbox 2114 4132 2272 4187; x_wconf 88' lang='lat' dir='ltr'><strong>laude</strong></span> <span class='ocrx_word' id='word_1_413' title='bbox 2300 4131 2628 4197; x_wconf 55' lang='lat' dir='ltr'><strong>describere,</strong></span> <span class='ocrx_word' id='word_1_414' title='bbox 2667 4136 2723 4184; x_wconf 91' lang='lat' dir='ltr'><strong>et</strong></span> <span class='ocrx_word' id='word_1_415' title='bbox 2751 4127 3147 4197; x_wconf 65' lang='lat' dir='ltr'><strong>quotammodo</strong></span> <span class='ocrx_word' id='word_1_416' title='bbox 3168 4126 3426 4181; x_wconf 68' lang='lat' dir='ltr'><strong>historic)</strong></span> <span class='ocrx_word' id='word_1_417' title='bbox 3453 4140 3549 4181; x_wconf 59' lang='lat' dir='ltr'><strong>eoo</strong></span> 
     </span>
    </p>
   </div>
   <div class='ocr_carea' id='block_1_64' title="bbox 261 4216 3544 4302">
    <p class='ocr_par' dir='ltr' id='par_1_64' title="bbox 261 4216 3544 4302">
     <span class='ocr_line' id='line_1_64' title="bbox 261 4216 3544 4302; baseline -0.006 -14"><span class='ocrx_word' id='word_1_418' title='bbox 261 4234 355 4288; x_wconf 69' lang='grc' dir='ltr'><strong>Ρη</strong></span> <span class='ocrx_word' id='word_1_419' title='bbox 406 4223 592 4277; x_wconf 91' lang='lat' dir='ltr'><strong>omnia</strong></span> <span class='ocrx_word' id='word_1_420' title='bbox 620 4226 805 4294; x_wconf 85' lang='lat' dir='ltr'><strong>populi</strong></span> <span class='ocrx_word' id='word_1_421' title='bbox 837 4226 955 4297; x_wconf 87' lang='lat' dir='ltr'><strong>plus</strong></span> <span class='ocrx_word' id='word_1_422' title='bbox 984 4229 1283 4298; x_wconf 91' lang='lat' dir='ltr'><strong>requirunt,</strong></span> <span class='ocrx_word' id='word_1_423' title='bbox 1336 4229 1615 4284; x_wconf 90' lang='lat' dir='ltr'><strong>studentes</strong></span> <span class='ocrx_word' id='word_1_424' title='bbox 1659 4228 1854 4295; x_wconf 83' lang='lat' dir='ltr'><strong>ventri,</strong></span> <span class='ocrx_word' id='word_1_425' title='bbox 1886 4240 1931 4302; x_wconf 64' lang='grc' dir='ltr'><strong>(ς</strong></span> <span class='ocrx_word' id='word_1_426' title='bbox 1959 4223 2078 4279; x_wconf 87' lang='lat' dir='ltr'><strong>lore</strong></span> <span class='ocrx_word' id='word_1_427' title='bbox 2096 4222 2403 4293; x_wconf 84' lang='lat' dir='ltr'><strong>depingere.</strong></span> <span class='ocrx_word' id='word_1_428' title='bbox 2428 4221 2573 4289; x_wconf 85' lang='lat' dir='ltr'><strong>Quos</strong></span> <span class='ocrx_word' id='word_1_429' title='bbox 2602 4221 2644 4275; x_wconf 89' lang='lat' dir='ltr'><strong>si</strong></span> <span class='ocrx_word' id='word_1_430' title='bbox 2687 4218 3042 4274; x_wconf 87' lang='lat' dir='ltr'><strong>celebrandus</strong></span> <span class='ocrx_word' id='word_1_431' title='bbox 3078 4218 3308 4287; x_wconf 86' lang='lat' dir='ltr'><strong>posteris</strong></span> <span class='ocrx_word' id='word_1_432' title='bbox 3338 4216 3544 4281; x_wconf 76' lang='lat' dir='ltr'><strong>tradas,</strong></span> 
     </span>
    </p>
   </div>
   <div class='ocr_carea' id='block_1_65' title="bbox 261 4312 1857 4388">
    <p class='ocr_par' dir='ltr' id='par_1_65' title="bbox 261 4312 1857 4388">
     <span class='ocr_line' id='line_1_65' title="bbox 261 4312 1857 4388; baseline 0.007 -27"><span class='ocrx_word' id='word_1_433' title='bbox 261 4323 369 4364; x_wconf 62' lang='lat' dir='ltr'><strong>non</strong></span> <span class='ocrx_word' id='word_1_434' title='bbox 379 4312 773 4371; x_wconf 88' lang='lat' dir='ltr'><strong>auribus.llinc</strong></span> <span class='ocrx_word' id='word_1_435' title='bbox 792 4325 871 4371; x_wconf 60' lang='lat' dir='ltr'><strong>est</strong></span> <span class='ocrx_word' id='word_1_436' title='bbox 893 4318 1035 4388; x_wconf 75' lang='lat' dir='ltr'><strong>quoi</strong></span> <span class='ocrx_word' id='word_1_437' title='bbox 1057 4318 1298 4387; x_wconf 82' lang='lat' dir='ltr'><strong>cogimur</strong></span> <span class='ocrx_word' id='word_1_438' title='bbox 1317 4318 1497 4372; x_wconf 89' lang='lat' dir='ltr'><strong>animo</strong></span> <span class='ocrx_word' id='word_1_439' title='bbox 1518 4333 1615 4388; x_wconf 89' lang='lat' dir='ltr'><strong>per</strong></span> <span class='ocrx_word' id='word_1_440' title='bbox 1636 4326 1857 4373; x_wconf 89' lang='lat' dir='ltr'><strong>cunctas</strong></span> 
     </span>
    </p>
   </div>
   <div class='ocr_carea' id='block_1_66' title="bbox 260 4402 1856 4481">
    <p class='ocr_par' dir='ltr' id='par_1_66' title="bbox 260 4402 1856 4481">
     <span class='ocr_line' id='line_1_66' title="bbox 260 4402 1856 4481; baseline 0.007 -28"><span class='ocrx_word' id='word_1_441' title='bbox 260 4402 340 4458; x_wconf 86' lang='lat' dir='ltr'><strong>ie</strong></span> <span class='ocrx_word' id='word_1_442' title='bbox 389 4406 724 4476; x_wconf 85' lang='lat' dir='ltr'><strong>provincias,</strong></span> <span class='ocrx_word' id='word_1_443' title='bbox 751 4417 807 4464; x_wconf 92' lang='lat' dir='ltr'><strong>et</strong></span> <span class='ocrx_word' id='word_1_444' title='bbox 855 4410 1092 4477; x_wconf 89' lang='lat' dir='ltr'><strong>injuncta</strong></span> <span class='ocrx_word' id='word_1_445' title='bbox 1122 4423 1337 4481; x_wconf 87' lang='lat' dir='ltr'><strong>semper</strong></span> <span class='ocrx_word' id='word_1_446' title='bbox 1376 4410 1648 4479; x_wconf 78' lang='lat' dir='ltr'><strong>inquirere</strong></span> <span class='ocrx_word' id='word_1_447' title='bbox 1682 4427 1694 4463; x_wconf 90' lang='lat'>:</span> <span class='ocrx_word' id='word_1_448' title='bbox 1731 4409 1856 4480; x_wconf 86' lang='lat' dir='ltr'><strong>quia</strong></span> 
     </span>
    </p>
   </div>
   <div class='ocr_carea' id='block_1_67' title="bbox 262 4494 1857 4569">
    <p class='ocr_par' dir='ltr' id='par_1_67' title="bbox 262 4494 1857 4569">
     <span class='ocr_line' id='line_1_67' title="bbox 262 4494 1857 4569; baseline 0.006 -25"><span class='ocrx_word' id='word_1_449' title='bbox 262 4504 371 4548; x_wconf 77' lang='lat' dir='ltr'><strong>non</strong></span> <span class='ocrx_word' id='word_1_450' title='bbox 400 4494 601 4551; x_wconf 79' lang='lat' dir='ltr'><strong>suflicit</strong></span> <span class='ocrx_word' id='word_1_451' title='bbox 629 4497 833 4566; x_wconf 88' lang='lat' dir='ltr'><strong>agenda</strong></span> <span class='ocrx_word' id='word_1_452' title='bbox 861 4498 1123 4554; x_wconf 80' lang='lat' dir='ltr'><strong>militibus</strong></span> <span class='ocrx_word' id='word_1_453' title='bbox 1146 4500 1437 4569; x_wconf 89' lang='lat' dir='ltr'><strong>imperare,</strong></span> <span class='ocrx_word' id='word_1_454' title='bbox 1488 4498 1586 4554; x_wconf 83' lang='lat' dir='ltr'><strong>nisi</strong></span> <span class='ocrx_word' id='word_1_455' title='bbox 1629 4498 1743 4553; x_wconf 77' lang='lat' dir='ltr'><strong>luce</strong></span> <span class='ocrx_word' id='word_1_456' title='bbox 1765 4498 1857 4568; x_wconf 88' lang='lat' dir='ltr'><strong>ju—</strong></span> 
     </span>
    </p>
   </div>
   <div class='ocr_carea' id='block_1_68' title="bbox 261 4582 1859 4660">
    <p class='ocr_par' dir='ltr' id='par_1_68' title="bbox 261 4582 1859 4660">
     <span class='ocr_line' id='line_1_68' title="bbox 261 4582 1859 4660; baseline 0.004 -20"><span class='ocrx_word' id='word_1_457' title='bbox 261 4582 404 4641; x_wconf 78' lang='lat' dir='ltr'><strong>dicis</strong></span> <span class='ocrx_word' id='word_1_458' title='bbox 449 4587 737 4643; x_wconf 89' lang='lat' dir='ltr'><strong>assiduitas</strong></span> <span class='ocrx_word' id='word_1_459' title='bbox 778 4590 1027 4646; x_wconf 81' lang='lat' dir='ltr'><strong>videatur</strong></span> <span class='ocrx_word' id='word_1_460' title='bbox 1085 4592 1321 4659; x_wconf 72' lang='lat' dir='ltr'><strong>exigere.</strong></span> <span class='ocrx_word' id='word_1_461' title='bbox 1378 4590 1591 4656; x_wconf 87' lang='lat' dir='ltr'><strong>Nolite,</strong></span> <span class='ocrx_word' id='word_1_462' title='bbox 1653 4607 1859 4660; x_wconf 62' lang='lat' dir='ltr'><strong>quaeso,</strong></span> 
     </span>
    </p>
   </div>
   <div class='ocr_carea' id='block_1_69' title="bbox 260 4676 1861 4755">
    <p class='ocr_par' dir='ltr' id='par_1_69' title="bbox 260 4676 1861 4755">
     <span class='ocr_line' id='line_1_69' title="bbox 260 4676 1861 4755; baseline 0.006 -28"><span class='ocrx_word' id='word_1_463' title='bbox 260 4676 433 4731; x_wconf 73' lang='lat' dir='ltr'><strong>noxie</strong></span> <span class='ocrx_word' id='word_1_464' title='bbox 461 4692 563 4732; x_wconf 88' lang='lat' dir='ltr'><strong>nos</strong></span> <span class='ocrx_word' id='word_1_465' title='bbox 603 4688 807 4735; x_wconf 82' lang='lat' dir='ltr'><strong>amare.</strong></span> <span class='ocrx_word' id='word_1_466' title='bbox 854 4681 1179 4737; x_wconf 88' lang='lat' dir='ltr'><strong>Declinanda</strong></span> <span class='ocrx_word' id='word_1_467' title='bbox 1210 4691 1293 4738; x_wconf 90' lang='lat' dir='ltr'><strong>est</strong></span> <span class='ocrx_word' id='word_1_468' title='bbox 1340 4684 1520 4738; x_wconf 89' lang='lat' dir='ltr'><strong>suasio</strong></span> <span class='ocrx_word' id='word_1_469' title='bbox 1582 4697 1702 4752; x_wconf 79' lang='lat' dir='ltr'><strong>qua:</strong></span> <span class='ocrx_word' id='word_1_470' title='bbox 1741 4683 1861 4755; x_wconf 89' lang='lat' dir='ltr'><strong>plus</strong></span> 
     </span>
    </p>
   </div>
   <div class='ocr_carea' id='block_1_70' title="bbox 259 4764 1861 4844">
    <p class='ocr_par' dir='ltr' id='par_1_70' title="bbox 259 4764 1861 4844">
     <span class='ocr_line' id='line_1_70' title="bbox 259 4764 1861 4844; baseline 0.006 -27"><span class='ocrx_word' id='word_1_471' title='bbox 259 4764 435 4823; x_wconf 74' lang='lat' dir='ltr'><strong>habet</strong></span> <span class='ocrx_word' id='word_1_472' title='bbox 464 4770 693 4839; x_wconf 88' lang='lat' dir='ltr'><strong>periculi</strong></span> <span class='ocrx_word' id='word_1_473' title='bbox 718 4786 879 4840; x_wconf 83' lang='lat' dir='ltr'><strong>quam</strong></span> <span class='ocrx_word' id='word_1_474' title='bbox 909 4771 1139 4827; x_wconf 87' lang='lat' dir='ltr'><strong>decoris.</strong></span> <span class='ocrx_word' id='word_1_475' title='bbox 1169 4771 1275 4827; x_wconf 86' lang='lat' dir='ltr'><strong>Sed</strong></span> <span class='ocrx_word' id='word_1_476' title='bbox 1317 4771 1390 4827; x_wconf 88' lang='lat' dir='ltr'><strong>illi</strong></span> <span class='ocrx_word' id='word_1_477' title='bbox 1430 4789 1517 4829; x_wconf 92' lang='lat' dir='ltr'><strong>me</strong></span> <span class='ocrx_word' id='word_1_478' title='bbox 1544 4773 1724 4844; x_wconf 88' lang='lat' dir='ltr'><strong>potius</strong></span> <span class='ocrx_word' id='word_1_479' title='bbox 1769 4772 1861 4827; x_wconf 91' lang='lat' dir='ltr'><strong>tali</strong></span> 
     </span>
    </p>
   </div>
   <div class='ocr_carea' id='block_1_71' title="bbox 260 4857 1867 4935">
    <p class='ocr_par' dir='ltr' id='par_1_71' title="bbox 260 4857 1867 4935">
     <span class='ocr_line' id='line_1_71' title="bbox 260 4857 1867 4935; baseline 0.006 -26"><span class='ocrx_word' id='word_1_480' title='bbox 260 4857 663 4930; x_wconf 83' lang='lat' dir='ltr'><strong>disceptatione</strong></span> <span class='ocrx_word' id='word_1_481' title='bbox 709 4861 1021 4931; x_wconf 82' lang='lat' dir='ltr'><strong>fatigabant.</strong></span> <span class='ocrx_word' id='word_1_482' title='bbox 1064 4862 1382 4919; x_wconf 74' lang='lat' dir='ltr'><strong>Prmfectum</strong></span> <span class='ocrx_word' id='word_1_483' title='bbox 1428 4873 1480 4920; x_wconf 93' lang='lat' dir='ltr'><strong>te</strong></span> <span class='ocrx_word' id='word_1_484' title='bbox 1528 4860 1867 4935; x_wconf 72' lang='lat' dir='ltr'><strong>prmtorianm</strong></span> 
     </span>
    </p>
   </div>
   <div class='ocr_carea' id='block_1_72' title="bbox 259 4951 1868 5030">
    <p class='ocr_par' dir='ltr' id='par_1_72' title="bbox 259 4951 1868 5030">
     <span class='ocr_line' id='line_1_72' title="bbox 259 4951 1868 5030; baseline 0.003 -25"><span class='ocrx_word' id='word_1_485' title='bbox 259 4951 412 5007; x_wconf 85' lang='lat' dir='ltr'><strong>sedls</strong></span> <span class='ocrx_word' id='word_1_486' title='bbox 455 4969 648 5011; x_wconf 85' lang='lat' dir='ltr'><strong>omnes</strong></span> <span class='ocrx_word' id='word_1_487' title='bbox 692 4967 1001 5011; x_wconf 87' lang='lat' dir='ltr'><strong>noverunt:</strong></span> <span class='ocrx_word' id='word_1_488' title='bbox 1035 4959 1119 5012; x_wconf 90' lang='lat' dir='ltr'><strong>cui</strong></span> <span class='ocrx_word' id='word_1_489' title='bbox 1169 4957 1317 5030; x_wconf 66' lang='lat' dir='ltr'><strong>[nm</strong></span> <span class='ocrx_word' id='word_1_490' title='bbox 1365 4956 1503 5012; x_wconf 77' lang='lat' dir='ltr'><strong>And.</strong></span> <span class='ocrx_word' id='word_1_491' title='bbox 1549 4968 1598 5011; x_wconf 81' lang='lat' dir='ltr'><strong>et</strong></span> <span class='ocrx_word' id='word_1_492' title='bbox 1640 4956 1868 5028; x_wconf 85' lang='lat' dir='ltr'><strong>Remig.,</strong></span> 
     </span>
    </p>
   </div>
   <div class='ocr_carea' id='block_1_73' title="bbox 259 5043 1866 5119">
    <p class='ocr_par' dir='ltr' id='par_1_73' title="bbox 259 5043 1866 5119">
     <span class='ocr_line' id='line_1_73' title="bbox 259 5043 1866 5119; baseline 0.002 -21"><span class='ocrx_word' id='word_1_493' title='bbox 259 5043 438 5115; x_wconf 66' lang='lat' dir='ltr'><strong>quod]</strong></span> <span class='ocrx_word' id='word_1_494' title='bbox 462 5045 707 5115; x_wconf 84' lang='lat' dir='ltr'><strong>dignitati</strong></span> <span class='ocrx_word' id='word_1_495' title='bbox 729 5049 1113 5118; x_wconf 82' lang='lat' dir='ltr'><strong>occupationes</strong></span> <span class='ocrx_word' id='word_1_496' title='bbox 1140 5049 1368 5119; x_wconf 78' lang='lat' dir='ltr'><strong>publica:</strong></span> <span class='ocrx_word' id='word_1_497' title='bbox 1395 5050 1544 5104; x_wconf 89' lang='lat' dir='ltr'><strong>velut</strong></span> <span class='ocrx_word' id='word_1_498' title='bbox 1565 5049 1866 5119; x_wconf 72' lang='lat' dir='ltr'><strong>pedisequa:</strong></span> 
     </span>
    </p>
   </div>
   <div class='ocr_carea' id='block_1_74' title="bbox 258 5139 1868 5208">
    <p class='ocr_par' dir='ltr' id='par_1_74' title="bbox 258 5139 1868 5208">
     <span class='ocr_line' id='line_1_74' title="bbox 258 5139 1868 5208; baseline 0.003 -18"><span class='ocrx_word' id='word_1_499' title='bbox 258 5150 490 5205; x_wconf 77' lang='lat' dir='ltr'><strong>semper</strong></span> <span class='ocrx_word' id='word_1_500' title='bbox 526 5139 799 5193; x_wconf 85' lang='lat' dir='ltr'><strong>assistunt.</strong></span> <span class='ocrx_word' id='word_1_501' title='bbox 842 5140 923 5196; x_wconf 84' lang='lat' dir='ltr'><strong>Ab</strong></span> <span class='ocrx_word' id='word_1_502' title='bbox 972 5140 1077 5195; x_wconf 88' lang='lat' dir='ltr'><strong>hac</strong></span> <span class='ocrx_word' id='word_1_503' title='bbox 1126 5142 1268 5194; x_wconf 86' lang='lat' dir='ltr'><strong>enim</strong></span> <span class='ocrx_word' id='word_1_504' title='bbox 1311 5141 1665 5196; x_wconf 76' lang='lat' dir='ltr'><strong>exercituales</strong></span> <span class='ocrx_word' id='word_1_505' title='bbox 1720 5140 1868 5208; x_wconf 80' lang='lat' dir='ltr'><strong>ﬂagi-</strong></span> 
     </span>
    </p>
   </div>
   <div class='ocr_carea' id='block_1_75' title="bbox 260 5230 1866 5301">
    <p class='ocr_par' dir='ltr' id='par_1_75' title="bbox 260 5230 1866 5301">
     <span class='ocr_line' id='line_1_75' title="bbox 260 5230 1866 5301; baseline 0.004 -24"><span class='ocrx_word' id='word_1_506' title='bbox 260 5235 459 5280; x_wconf 66' lang='lat' dir='ltr'><strong>tantur</strong></span> <span class='ocrx_word' id='word_1_507' title='bbox 484 5244 762 5300; x_wconf 61' lang='lat' dir='ltr'><strong>expensa);</strong></span> <span class='ocrx_word' id='word_1_508' title='bbox 787 5231 854 5286; x_wconf 92' lang='lat' dir='ltr'><strong>ab</strong></span> <span class='ocrx_word' id='word_1_509' title='bbox 882 5232 983 5287; x_wconf 90' lang='lat' dir='ltr'><strong>bac</strong></span> <span class='ocrx_word' id='word_1_510' title='bbox 1014 5233 1185 5287; x_wconf 81' lang='lat' dir='ltr'><strong>victus</strong></span> <span class='ocrx_word' id='word_1_511' title='bbox 1216 5232 1471 5301; x_wconf 68' lang='lat' dir='ltr'><strong>qureritur</strong></span> <span class='ocrx_word' id='word_1_512' title='bbox 1504 5230 1619 5285; x_wconf 91' lang='lat' dir='ltr'><strong>sine</strong></span> <span class='ocrx_word' id='word_1_513' title='bbox 1661 5239 1866 5299; x_wconf 88' lang='lat' dir='ltr'><strong>tempu-</strong></span> 
     </span>
    </p>
   </div>
   <div class='ocr_carea' id='block_1_76' title="bbox 262 5321 1865 5400">
    <p class='ocr_par' dir='ltr' id='par_1_76' title="bbox 262 5321 1865 5400">
     <span class='ocr_line' id='line_1_76' title="bbox 262 5321 1865 5400; baseline -0.001 -25"><span class='ocrx_word' id='word_1_514' title='bbox 262 5321 341 5377; x_wconf 82' lang='lat' dir='ltr'><strong>ris</strong></span> <span class='ocrx_word' id='word_1_515' title='bbox 366 5323 813 5381; x_wconf 74' lang='lat' dir='ltr'><strong>consideratione</strong></span> <span class='ocrx_word' id='word_1_516' title='bbox 837 5325 1193 5396; x_wconf 89' lang='lat' dir='ltr'><strong>populorum;</strong></span> <span class='ocrx_word' id='word_1_517' title='bbox 1220 5325 1345 5400; x_wconf 83' lang='lat' dir='ltr'><strong>huic</strong></span> <span class='ocrx_word' id='word_1_518' title='bbox 1383 5324 1546 5380; x_wconf 88' lang='lat' dir='ltr'><strong>etiam</strong></span> <span class='ocrx_word' id='word_1_519' title='bbox 1580 5324 1660 5378; x_wconf 85' lang='lat' dir='ltr'><strong>vel</strong></span> <span class='ocrx_word' id='word_1_520' title='bbox 1688 5323 1865 5378; x_wconf 82' lang='lat' dir='ltr'><strong>solum</strong></span> 
     </span>
    </p>
   </div>
   <div class='ocr_carea' id='block_1_77' title="bbox 257 5414 1869 5489">
    <p class='ocr_par' dir='ltr' id='par_1_77' title="bbox 257 5414 1869 5489">
     <span class='ocr_line' id='line_1_77' title="bbox 257 5414 1869 5489; baseline 0.001 -20"><span class='ocrx_word' id='word_1_521' title='bbox 257 5426 439 5482; x_wconf 69' lang='lat' dir='ltr'><strong>grave</strong></span> <span class='ocrx_word' id='word_1_522' title='bbox 461 5414 789 5484; x_wconf 71' lang='lat' dir='ltr'><strong>iudiciorum</strong></span> <span class='ocrx_word' id='word_1_523' title='bbox 803 5420 1012 5489; x_wconf 88' lang='lat' dir='ltr'><strong>pondus</strong></span> <span class='ocrx_word' id='word_1_524' title='bbox 1036 5419 1304 5489; x_wconf 85' lang='lat' dir='ltr'><strong>adjectum</strong></span> <span class='ocrx_word' id='word_1_525' title='bbox 1333 5427 1439 5474; x_wconf 88' lang='lat' dir='ltr'><strong>est.</strong></span> <span class='ocrx_word' id='word_1_526' title='bbox 1458 5418 1554 5472; x_wconf 88' lang='lat' dir='ltr'><strong>Cui</strong></span> <span class='ocrx_word' id='word_1_527' title='bbox 1583 5418 1702 5472; x_wconf 86' lang='lat' dir='ltr'><strong>ideo</strong></span> <span class='ocrx_word' id='word_1_528' title='bbox 1725 5417 1869 5484; x_wconf 77' lang='lat' dir='ltr'><strong>leges</strong></span> 
     </span>
    </p>
   </div>
   <div class='ocr_carea' id='block_1_78' title="bbox 337 5530 1878 5604">
    <p class='ocr_par' dir='ltr' id='par_1_78' title="bbox 337 5530 1878 5604">
     <span class='ocr_line' id='line_1_78' title="bbox 337 5530 1878 5604; baseline -0.001 -21"><span class='ocrx_word' id='word_1_529' title='bbox 337 5541 363 5569; x_wconf 78' lang='grc' dir='ltr'>ι</span> <span class='ocrx_word' id='word_1_530' title='bbox 400 5530 705 5604; x_wconf 71' lang='lat' dir='ltr'><strong>litetnptam</strong></span> <span class='ocrx_word' id='word_1_531' title='bbox 750 5534 880 5589; x_wconf 87' lang='lat' dir='ltr'><strong>dicit</strong></span> <span class='ocrx_word' id='word_1_532' title='bbox 924 5549 988 5588; x_wconf 88' lang='lat' dir='ltr'><strong>ea</strong></span> <span class='ocrx_word' id='word_1_533' title='bbox 1021 5532 1193 5588; x_wconf 85' lang='lat' dir='ltr'><strong>forma</strong></span> <span class='ocrx_word' id='word_1_534' title='bbox 1220 5548 1325 5604; x_wconf 87' lang='lat' dir='ltr'><strong>qua</strong></span> <span class='ocrx_word' id='word_1_535' title='bbox 1358 5534 1700 5604; x_wconf 73' lang='lat' dir='ltr'><strong>redemptam</strong></span> <span class='ocrx_word' id='word_1_536' title='bbox 1750 5531 1878 5604; x_wconf 64' lang='lat' dir='ltr'><strong>lau-</strong></span> 
     </span>
    </p>
   </div>
   <div class='ocr_carea' id='block_1_79' title="bbox 258 5600 1860 5674">
    <p class='ocr_par' dir='ltr' id='par_1_79' title="bbox 258 5600 1860 5674">
     <span class='ocr_line' id='line_1_79' title="bbox 258 5600 1860 5674; baseline -0.006 -14"><span class='ocrx_word' id='word_1_537' title='bbox 258 5600 430 5674; x_wconf 47' lang='lat' dir='ltr'><strong>dem;</strong></span> <span class='ocrx_word' id='word_1_538' title='bbox 472 5602 522 5655; x_wconf 88' lang='lat' dir='ltr'><strong>in</strong></span> <span class='ocrx_word' id='word_1_539' title='bbox 552 5602 747 5674; x_wconf 84' lang='lat' dir='ltr'><strong>malam</strong></span> <span class='ocrx_word' id='word_1_540' title='bbox 777 5612 986 5674; x_wconf 85' lang='lat' dir='ltr'><strong>partem</strong></span> <span class='ocrx_word' id='word_1_541' title='bbox 1015 5600 1252 5671; x_wconf 67' lang='lat' dir='ltr'><strong>scilicet,</strong></span> <span class='ocrx_word' id='word_1_542' title='bbox 1292 5600 1569 5674; x_wconf 10' lang='lat' dir='ltr'><strong>infraglib.‘</strong></span> <span class='ocrx_word' id='word_1_543' title='bbox 1594 5619 1651 5674; x_wconf 80' lang='lat' dir='ltr'><strong>v,_</strong></span> <span class='ocrx_word' id='word_1_544' title='bbox 1703 5602 1860 5674; x_wconf 69' lang='lat' dir='ltr'><strong>epist.</strong></span> 
     </span>
    </p>
   </div>
   <div class='ocr_carea' id='block_1_80' title="bbox 262 5668 1873 5739">
    <p class='ocr_par' dir='ltr' id='par_1_80' title="bbox 262 5668 1873 5739">
     <span class='ocr_line' id='line_1_80' title="bbox 262 5668 1873 5739; baseline 0.002 -17"><span class='ocrx_word' id='word_1_545' title='bbox 262 5668 355 5722; x_wconf 74' lang='grc' dir='ltr'><strong>ω.</strong></span> <span class='ocrx_word' id='word_1_546' title='bbox 384 5669 465 5723; x_wconf 81' lang='lat' dir='ltr'><strong>Et</strong></span> <span class='ocrx_word' id='word_1_547' title='bbox 483 5668 810 5739; x_wconf 78' lang='lat' dir='ltr'><strong>redemptam</strong></span> <span class='ocrx_word' id='word_1_548' title='bbox 838 5674 1157 5727; x_wconf 84' lang='lat' dir='ltr'><strong>sententiam</strong></span> <span class='ocrx_word' id='word_1_549' title='bbox 1186 5668 1377 5730; x_wconf 80' lang='lat' dir='ltr'><strong>timere</strong></span> <span class='ocrx_word' id='word_1_550' title='bbox 1408 5672 1499 5727; x_wconf 85' lang='lat' dir='ltr'><strong>lib.</strong></span> <span class='ocrx_word' id='word_1_551' title='bbox 1530 5688 1604 5739; x_wconf 84' lang='lat' dir='ltr'><strong>vt,</strong></span> <span class='ocrx_word' id='word_1_552' title='bbox 1631 5668 1789 5725; x_wconf 85' lang='lat' dir='ltr'><strong>form.</strong></span> <span class='ocrx_word' id='word_1_553' title='bbox 1810 5670 1873 5724; x_wconf 79' lang='lat'><strong>9.</strong></span> 
     </span>
    </p>
   </div>
   <div class='ocr_carea' id='block_1_81' title="bbox 340 5740 1864 5810">
    <p class='ocr_par' dir='ltr' id='par_1_81' title="bbox 340 5740 1864 5810">
     <span class='ocr_line' id='line_1_81' title="bbox 340 5740 1864 5810; baseline -0.001 -16"><span class='ocrx_word' id='word_1_554' title='bbox 340 5748 366 5777; x_wconf 76' lang='grc' dir='ltr'><strong>ιι</strong></span> <span class='ocrx_word' id='word_1_555' title='bbox 415 5740 620 5803; x_wconf 71' lang='lat' dir='ltr'><strong>Flacci,</strong></span> <span class='ocrx_word' id='word_1_556' title='bbox 644 5742 695 5794; x_wconf 90' lang='lat' dir='ltr'><strong>id</strong></span> <span class='ocrx_word' id='word_1_557' title='bbox 721 5750 802 5794; x_wconf 80' lang='lat' dir='ltr'><strong>est</strong></span> <span class='ocrx_word' id='word_1_558' title='bbox 826 5741 1007 5808; x_wconf 61' lang='lat' dir='ltr'><strong>Quinti</strong></span> <span class='ocrx_word' id='word_1_559' title='bbox 1052 5742 1248 5801; x_wconf 80' lang='lat' dir='ltr'><strong>Horatii</strong></span> <span class='ocrx_word' id='word_1_560' title='bbox 1280 5744 1554 5801; x_wconf 72' lang='lat' dir='ltr'><strong>Venusini,</strong></span> <span class='ocrx_word' id='word_1_561' title='bbox 1579 5740 1668 5810; x_wconf 83' lang='lat' dir='ltr'><strong>qui</strong></span> <span class='ocrx_word' id='word_1_562' title='bbox 1697 5742 1824 5795; x_wconf 80' lang='lat' dir='ltr'><strong>dicit</strong></span> <span class='ocrx_word' id='word_1_563' title='bbox 1853 5758 1864 5792; x_wconf 87' lang='lat'><strong>:</strong></span> 
     </span>
    </p>
   </div>
   <div class='ocr_carea' id='block_1_82' title="bbox 270 5806 1879 5873">
    <p class='ocr_par' dir='ltr' id='par_1_82' title="bbox 270 5806 1879 5873">
     <span class='ocr_line' id='line_1_82' title="bbox 270 5806 1879 5873; baseline 0.001 -10"><span class='ocrx_word' id='word_1_564' title='bbox 270 5806 341 5863; x_wconf 68' lang='lat' dir='ltr'><strong>Et</strong></span> <span class='ocrx_word' id='word_1_565' title='bbox 371 5812 544 5865; x_wconf 60' lang='lat' dir='ltr'><strong>“me!</strong></span> <span class='ocrx_word' id='word_1_566' title='bbox 581 5814 822 5866; x_wconf 65' lang='lat' dir='ltr'><strong>cntinuos</strong></span> <span class='ocrx_word' id='word_1_567' title='bbox 852 5806 982 5867; x_wconf 64' lang='lat' dir='ltr'><strong>rotat</strong></span> <span class='ocrx_word' id='word_1_568' title='bbox 1026 5815 1349 5873; x_wconf 63' lang='lat' dir='ltr'><strong>irrevocabile</strong></span> <span class='ocrx_word' id='word_1_569' title='bbox 1382 5806 1609 5871; x_wconf 64' lang='lat' dir='ltr'><strong>verbum.</strong></span> <span class='ocrx_word' id='word_1_570' title='bbox 1640 5810 1773 5869; x_wconf 62' lang='lat' dir='ltr'><strong>,lkrc</strong></span> <span class='ocrx_word' id='word_1_571' title='bbox 1802 5827 1879 5866; x_wconf 59' lang='lat' dir='ltr'><strong>ex</strong></span> 
     </span>
    </p>
   </div>
   <div class='ocr_carea' id='block_1_83' title="bbox 1963 4306 3554 4378">
    <p class='ocr_par' dir='ltr' id='par_1_83' title="bbox 1963 4306 3554 4378">
     <span class='ocr_line' id='line_1_83' title="bbox 1963 4306 3554 4378; baseline -0.004 -11"><span class='ocrx_word' id='word_1_572' title='bbox 1963 4313 2251 4376; x_wconf 80' lang='lat' dir='ltr'><strong>abstulisti,</strong></span> <span class='ocrx_word' id='word_1_573' title='bbox 2276 4311 2662 4368; x_wconf 85' lang='lat' dir='ltr'><strong>consuetudine</strong></span> <span class='ocrx_word' id='word_1_574' title='bbox 2683 4310 2967 4378; x_wconf 84' lang='lat' dir='ltr'><strong>majorum,</strong></span> <span class='ocrx_word' id='word_1_575' title='bbox 2992 4308 3343 4362; x_wconf 75' lang='lat' dir='ltr'><strong>morientibus</strong></span> <span class='ocrx_word' id='word_1_576' title='bbox 3363 4306 3554 4362; x_wconf 76' lang='lat' dir='ltr'><strong>decen-</strong></span> 
     </span>
    </p>
   </div>
   <div class='ocr_carea' id='block_1_84' title="bbox 1961 4397 3550 4470">
    <p class='ocr_par' dir='ltr' id='par_1_84' title="bbox 1961 4397 3550 4470">
     <span class='ocr_line' id='line_1_84' title="bbox 1961 4397 3550 4470; baseline -0.004 -13"><span class='ocrx_word' id='word_1_577' title='bbox 1961 4412 2047 4459; x_wconf 86' lang='lat' dir='ltr'><strong>ter</strong></span> <span class='ocrx_word' id='word_1_578' title='bbox 2081 4403 2375 4457; x_wconf 89' lang='lat' dir='ltr'><strong>interitum.</strong></span> <span class='ocrx_word' id='word_1_579' title='bbox 2405 4401 2605 4457; x_wconf 86' lang='lat' dir='ltr'><strong>Deinde</strong></span> <span class='ocrx_word' id='word_1_580' title='bbox 2641 4416 2821 4455; x_wconf 88' lang='lat' dir='ltr'><strong>mores</strong></span> <span class='ocrx_word' id='word_1_581' title='bbox 2859 4414 3052 4470; x_wconf 84' lang='lat' dir='ltr'><strong>pravos</strong></span> <span class='ocrx_word' id='word_1_582' title='bbox 3100 4397 3323 4467; x_wconf 85' lang='lat' dir='ltr'><strong>corrigis</strong></span> <span class='ocrx_word' id='word_1_583' title='bbox 3357 4405 3550 4453; x_wconf 88' lang='lat' dir='ltr'><strong>aucto-</strong></span> 
     </span>
    </p>
   </div>
   <div class='ocr_carea' id='block_1_85' title="bbox 1962 4492 3572 4570">
    <p class='ocr_par' dir='ltr' id='par_1_85' title="bbox 1962 4492 3572 4570">
     <span class='ocr_line' id='line_1_85' title="bbox 1962 4492 3572 4570; baseline -0.006 -15"><span class='ocrx_word' id='word_1_584' title='bbox 1962 4501 2121 4555; x_wconf 89' lang='lat' dir='ltr'><strong>ritate</strong></span> <span class='ocrx_word' id='word_1_585' title='bbox 2170 4498 2399 4554; x_wconf 86' lang='lat' dir='ltr'><strong>rectoris</strong></span> <span class='ocrx_word' id='word_1_586' title='bbox 2440 4497 2611 4570; x_wconf 75' lang='lat' dir='ltr'><strong>[mu.,</strong></span> <span class='ocrx_word' id='word_1_587' title='bbox 2670 4492 2853 4566; x_wconf 85' lang='lat' dir='ltr'><strong>regis],</strong></span> <span class='ocrx_word' id='word_1_588' title='bbox 2905 4494 3218 4550; x_wconf 79' lang='lat' dir='ltr'><strong>excedentis</strong></span> <span class='ocrx_word' id='word_1_589' title='bbox 3269 4492 3572 4549; x_wconf 67' lang='lat' dir='ltr'><strong>andacianr</strong></span> 
     </span>
    </p>
   </div>
   <div class='ocr_carea' id='block_1_86' title="bbox 1962 4586 3555 4661">
    <p class='ocr_par' dir='ltr' id='par_1_86' title="bbox 1962 4586 3555 4661">
     <span class='ocr_line' id='line_1_86' title="bbox 1962 4586 3555 4661; baseline -0.005 -15"><span class='ocrx_word' id='word_1_590' title='bbox 1962 4591 2180 4661; x_wconf 78' lang='lat' dir='ltr'><strong>frangis,</strong></span> <span class='ocrx_word' id='word_1_591' title='bbox 2226 4591 2473 4645; x_wconf 90' lang='lat' dir='ltr'><strong>timorem</strong></span> <span class='ocrx_word' id='word_1_592' title='bbox 2520 4589 2727 4656; x_wconf 78' lang='lat' dir='ltr'><strong>legibus</strong></span> <span class='ocrx_word' id='word_1_593' title='bbox 2766 4587 2976 4652; x_wconf 84' lang='lat' dir='ltr'><strong>reddis;</strong></span> <span class='ocrx_word' id='word_1_594' title='bbox 3024 4596 3081 4642; x_wconf 89' lang='lat' dir='ltr'><strong>et</strong></span> <span class='ocrx_word' id='word_1_595' title='bbox 3120 4586 3298 4642; x_wconf 87' lang='lat' dir='ltr'><strong>adhuc</strong></span> <span class='ocrx_word' id='word_1_596' title='bbox 3338 4586 3555 4641; x_wconf 85' lang='lat' dir='ltr'><strong>dubitas</strong></span> 
     </span>
    </p>
   </div>
   <div class='ocr_carea' id='block_1_87' title="bbox 1964 4680 3561 4752">
    <p class='ocr_par' dir='ltr' id='par_1_87' title="bbox 1964 4680 3561 4752">
     <span class='ocr_line' id='line_1_87' title="bbox 1964 4680 3561 4752; baseline -0.006 -12"><span class='ocrx_word' id='word_1_597' title='bbox 1964 4686 2153 4741; x_wconf 86' lang='lat' dir='ltr'><strong>edere.</strong></span> <span class='ocrx_word' id='word_1_598' title='bbox 2200 4683 2342 4752; x_wconf 84' lang='lat' dir='ltr'><strong>quod</strong></span> <span class='ocrx_word' id='word_1_599' title='bbox 2397 4684 2562 4738; x_wconf 87' lang='lat' dir='ltr'><strong>tantis</strong></span> <span class='ocrx_word' id='word_1_600' title='bbox 2604 4682 2923 4737; x_wconf 82' lang='lat' dir='ltr'><strong>utilitatibus</strong></span> <span class='ocrx_word' id='word_1_601' title='bbox 2972 4680 3168 4749; x_wconf 73' lang='lat' dir='ltr'><strong>probas</strong></span> <span class='ocrx_word' id='word_1_602' title='bbox 3214 4693 3373 4749; x_wconf 84' lang='lat' dir='ltr'><strong>posse</strong></span> <span class='ocrx_word' id='word_1_603' title='bbox 3420 4694 3561 4732; x_wconf 66' lang='lat' dir='ltr'><strong>conc</strong></span> 
     </span>
    </p>
   </div>
   <div class='ocr_carea' id='block_1_88' title="bbox 1972 4768 3575 4845">
    <p class='ocr_par' dir='ltr' id='par_1_88' title="bbox 1972 4768 3575 4845">
     <span class='ocr_line' id='line_1_88' title="bbox 1972 4768 3575 4845; baseline -0.006 -14"><span class='ocrx_word' id='word_1_604' title='bbox 1972 4775 2202 4845; x_wconf 63' lang='lat' dir='ltr'><strong>grnerc?</strong></span> <span class='ocrx_word' id='word_1_605' title='bbox 2224 4774 2385 4831; x_wconf 90' lang='lat' dir='ltr'><strong>Celas</strong></span> <span class='ocrx_word' id='word_1_606' title='bbox 2411 4775 2593 4837; x_wconf 87' lang='lat' dir='ltr'><strong>etiam,</strong></span> <span class='ocrx_word' id='word_1_607' title='bbox 2619 4773 2767 4827; x_wconf 85' lang='lat' dir='ltr'><strong>utita</strong></span> <span class='ocrx_word' id='word_1_608' title='bbox 2796 4772 3043 4836; x_wconf 77' lang='lat' dir='ltr'><strong>dixerint,</strong></span> <span class='ocrx_word' id='word_1_609' title='bbox 3062 4770 3339 4840; x_wconf 80' lang='lat' dir='ltr'><strong>speculum</strong></span> <span class='ocrx_word' id='word_1_610' title='bbox 3359 4768 3575 4823; x_wconf 86' lang='lat' dir='ltr'><strong>mentis-</strong></span> 
     </span>
    </p>
   </div>
   <div class='ocr_carea' id='block_1_89' title="bbox 1972 4857 3569 4933">
    <p class='ocr_par' dir='ltr' id='par_1_89' title="bbox 1972 4857 3569 4933">
     <span class='ocr_line' id='line_1_89' title="bbox 1972 4857 3569 4933; baseline -0.005 -13"><span class='ocrx_word' id='word_1_611' title='bbox 1972 4874 2098 4930; x_wconf 69' lang='lat' dir='ltr'><strong>tuze,</strong></span> <span class='ocrx_word' id='word_1_612' title='bbox 2130 4865 2219 4920; x_wconf 89' lang='lat' dir='ltr'><strong>ubi</strong></span> <span class='ocrx_word' id='word_1_613' title='bbox 2243 4872 2297 4921; x_wconf 86' lang='lat' dir='ltr'><strong>te</strong></span> <span class='ocrx_word' id='word_1_614' title='bbox 2323 4865 2499 4921; x_wconf 91' lang='lat' dir='ltr'><strong>omnis</strong></span> <span class='ocrx_word' id='word_1_615' title='bbox 2520 4872 2896 4919; x_wconf 75' lang='lat' dir='ltr'><strong>tetasventura</strong></span> <span class='ocrx_word' id='word_1_616' title='bbox 2915 4863 3086 4933; x_wconf 87' lang='lat' dir='ltr'><strong>possit</strong></span> <span class='ocrx_word' id='word_1_617' title='bbox 3107 4860 3390 4929; x_wconf 83' lang='lat' dir='ltr'><strong>inspicere.</strong></span> <span class='ocrx_word' id='word_1_618' title='bbox 3419 4857 3569 4913; x_wconf 51' lang='lat' dir='ltr'><strong>Conw</strong></span> 
     </span>
    </p>
   </div>
   <div class='ocr_carea' id='block_1_90' title="bbox 1971 4948 3550 5025">
    <p class='ocr_par' dir='ltr' id='par_1_90' title="bbox 1971 4948 3550 5025">
     <span class='ocr_line' id='line_1_90' title="bbox 1971 4948 3550 5025; baseline -0.005 -15"><span class='ocrx_word' id='word_1_619' title='bbox 1971 4956 2126 5025; x_wconf 86' lang='lat' dir='ltr'><strong>tingit</strong></span> <span class='ocrx_word' id='word_1_620' title='bbox 2162 4956 2306 5011; x_wconf 89' lang='lat' dir='ltr'><strong>enim</strong></span> <span class='ocrx_word' id='word_1_621' title='bbox 2342 4955 2654 5010; x_wconf 89' lang='lat' dir='ltr'><strong>dissimilem</strong></span> <span class='ocrx_word' id='word_1_622' title='bbox 2698 4955 2861 5008; x_wconf 88' lang='lat' dir='ltr'><strong>lilium</strong></span> <span class='ocrx_word' id='word_1_623' title='bbox 2904 4953 3221 5023; x_wconf 84' lang='lat' dir='ltr'><strong>plerumque</strong></span> <span class='ocrx_word' id='word_1_624' title='bbox 3258 4948 3503 5018; x_wconf 80' lang='lat' dir='ltr'><strong>generari</strong></span> <span class='ocrx_word' id='word_1_625' title='bbox 3535 4975 3550 5002; x_wconf 71' lang='grc' dir='ltr'><strong><em>ε</em></strong></span> 
     </span>
    </p>
   </div>
   <div class='ocr_carea' id='block_1_91' title="bbox 1973 5042 3575 5119">
    <p class='ocr_par' dir='ltr' id='par_1_91' title="bbox 1973 5042 3575 5119">
     <span class='ocr_line' id='line_1_91' title="bbox 1973 5042 3575 5119; baseline -0.006 -15"><span class='ocrx_word' id='word_1_626' title='bbox 1973 5059 1999 5089; x_wconf 74' lang='grc' dir='ltr'><em>ε</em></span> <span class='ocrx_word' id='word_1_627' title='bbox 2022 5050 2197 5104; x_wconf 89' lang='lat' dir='ltr'><strong>oratio</strong></span> <span class='ocrx_word' id='word_1_628' title='bbox 2218 5049 2401 5119; x_wconf 86' lang='lat' dir='ltr'><strong>dispar</strong></span> <span class='ocrx_word' id='word_1_629' title='bbox 2428 5048 2669 5105; x_wconf 88' lang='lat' dir='ltr'><strong>moribus</strong></span> <span class='ocrx_word' id='word_1_630' title='bbox 2705 5064 2791 5102; x_wconf 75' lang='lat' dir='ltr'><strong>vix</strong></span> <span class='ocrx_word' id='word_1_631' title='bbox 2820 5055 2997 5116; x_wconf 87' lang='lat' dir='ltr'><strong>potest</strong></span> <span class='ocrx_word' id='word_1_632' title='bbox 3022 5044 3267 5099; x_wconf 88' lang='lat' dir='ltr'><strong>inveniri.</strong></span> <span class='ocrx_word' id='word_1_633' title='bbox 3308 5042 3399 5098; x_wconf 85' lang='lat' dir='ltr'><strong>Est</strong></span> <span class='ocrx_word' id='word_1_634' title='bbox 3425 5058 3575 5111; x_wconf 70' lang='lat' dir='ltr'><strong>ergo-</strong></span> 
     </span>
    </p>
   </div>
   <div class='ocr_carea' id='block_1_92' title="bbox 1968 5133 3559 5209">
    <p class='ocr_par' dir='ltr' id='par_1_92' title="bbox 1968 5133 3559 5209">
     <span class='ocr_line' id='line_1_92' title="bbox 1968 5133 3559 5209; baseline -0.007 -14"><span class='ocrx_word' id='word_1_635' title='bbox 1968 5140 2070 5195; x_wconf 88' lang='lat' dir='ltr'><strong>ista</strong></span> <span class='ocrx_word' id='word_1_636' title='bbox 2105 5138 2261 5194; x_wconf 90' lang='lat' dir='ltr'><strong>valde</strong></span> <span class='ocrx_word' id='word_1_637' title='bbox 2288 5139 2487 5194; x_wconf 85' lang='lat' dir='ltr'><strong>certior</strong></span> <span class='ocrx_word' id='word_1_638' title='bbox 2506 5138 2711 5192; x_wconf 87' lang='lat' dir='ltr'><strong>arbitrii</strong></span> <span class='ocrx_word' id='word_1_639' title='bbox 2728 5138 2933 5209; x_wconf 88' lang='lat' dir='ltr'><strong>proles;</strong></span> <span class='ocrx_word' id='word_1_640' title='bbox 2964 5150 3084 5189; x_wconf 84' lang='lat' dir='ltr'><strong>nant</strong></span> <span class='ocrx_word' id='word_1_641' title='bbox 3107 5133 3248 5204; x_wconf 87' lang='lat' dir='ltr'><strong>quod</strong></span> <span class='ocrx_word' id='word_1_642' title='bbox 3271 5134 3337 5189; x_wconf 91' lang='lat' dir='ltr'><strong>de</strong></span> <span class='ocrx_word' id='word_1_643' title='bbox 3356 5149 3559 5188; x_wconf 80' lang='lat' dir='ltr'><strong>arcano</strong></span> 
     </span>
    </p>
   </div>
   <div class='ocr_carea' id='block_1_93' title="bbox 1968 5224 3575 5303">
    <p class='ocr_par' dir='ltr' id='par_1_93' title="bbox 1968 5224 3575 5303">
     <span class='ocr_line' id='line_1_93' title="bbox 1968 5224 3575 5303; baseline -0.006 -16"><span class='ocrx_word' id='word_1_644' title='bbox 1968 5231 2207 5303; x_wconf 88' lang='lat' dir='ltr'><strong>pectoris</strong></span> <span class='ocrx_word' id='word_1_645' title='bbox 2258 5230 2507 5299; x_wconf 88' lang='lat' dir='ltr'><strong>gignitur,</strong></span> <span class='ocrx_word' id='word_1_646' title='bbox 2564 5229 2802 5283; x_wconf 88' lang='lat' dir='ltr'><strong>auctoris</strong></span> <span class='ocrx_word' id='word_1_647' title='bbox 2843 5226 2922 5281; x_wconf 88' lang='lat' dir='ltr'><strong>sui</strong></span> <span class='ocrx_word' id='word_1_648' title='bbox 2972 5224 3260 5294; x_wconf 66' lang='lat' dir='ltr'><strong>posteritas</strong></span> <span class='ocrx_word' id='word_1_649' title='bbox 3310 5224 3575 5279; x_wconf 75' lang='lat' dir='ltr'><strong>veracius</strong></span> 
     </span>
    </p>
   </div>
   <div class='ocr_carea' id='block_1_94' title="bbox 1968 5314 3559 5380">
    <p class='ocr_par' dir='ltr' id='par_1_94' title="bbox 1968 5314 3559 5380">
     <span class='ocr_line' id='line_1_94' title="bbox 1968 5314 3559 5380; baseline -0.008 0"><span class='ocrx_word' id='word_1_650' title='bbox 1968 5324 2281 5380; x_wconf 82' lang='lat' dir='ltr'><strong>aestimatur.</strong></span> <span class='ocrx_word' id='word_1_651' title='bbox 2335 5320 2522 5375; x_wconf 75' lang='lat' dir='ltr'><strong>Dixisti</strong></span> <span class='ocrx_word' id='word_1_652' title='bbox 2571 5320 2733 5375; x_wconf 90' lang='lat' dir='ltr'><strong>etiam</strong></span> <span class='ocrx_word' id='word_1_653' title='bbox 2775 5318 2841 5373; x_wconf 86' lang='lat' dir='ltr'><strong>ad</strong></span> <span class='ocrx_word' id='word_1_654' title='bbox 2887 5314 3407 5371; x_wconf 85' lang='lat' dir='ltr'><strong>commendationem</strong></span> <span class='ocrx_word' id='word_1_655' title='bbox 3442 5315 3559 5368; x_wconf 78' lang='lat' dir='ltr'><strong>uni-</strong></span> 
     </span>
    </p>
   </div>
   <div class='ocr_carea' id='block_1_95' title="bbox 1970 5404 3573 5481">
    <p class='ocr_par' dir='ltr' id='par_1_95' title="bbox 1970 5404 3573 5481">
     <span class='ocr_line' id='line_1_95' title="bbox 1970 5404 3573 5481; baseline -0.006 -12"><span class='ocrx_word' id='word_1_656' title='bbox 1970 5413 2241 5469; x_wconf 86' lang='lat' dir='ltr'><strong>versitatis</strong></span> <span class='ocrx_word' id='word_1_657' title='bbox 2259 5409 2569 5480; x_wconf 86' lang='lat' dir='ltr'><strong>frequenter</strong></span> <span class='ocrx_word' id='word_1_658' title='bbox 2602 5409 2803 5481; x_wconf 84' lang='lat' dir='ltr'><strong>reginis</strong></span> <span class='ocrx_word' id='word_1_659' title='bbox 2844 5423 2907 5464; x_wconf 88' lang='lat' dir='ltr'><strong>ac</strong></span> <span class='ocrx_word' id='word_1_660' title='bbox 2936 5408 3149 5480; x_wconf 77' lang='lat' dir='ltr'><strong>regibus</strong></span> <span class='ocrx_word' id='word_1_661' title='bbox 3178 5404 3382 5461; x_wconf 85' lang='lat' dir='ltr'><strong>laudes.</strong></span> <span class='ocrx_word' id='word_1_662' title='bbox 3418 5404 3573 5460; x_wconf 16' lang='lat' dir='ltr'><strong>Duo-e</strong></span> 
     </span>
    </p>
   </div>
   <div class='ocr_carea' id='block_1_96' title="bbox 1970 5525 2435 5581">
    <p class='ocr_par' dir='ltr' id='par_1_96' title="bbox 1970 5525 2435 5581">
     <span class='ocr_line' id='line_1_96' title="bbox 1970 5525 2435 5581; baseline -0.002 0"><span class='ocrx_word' id='word_1_663' title='bbox 1970 5541 2077 5581; x_wconf 89' lang='lat' dir='ltr'><strong>ms.</strong></span> <span class='ocrx_word' id='word_1_664' title='bbox 2100 5525 2435 5580; x_wconf 75' lang='lat' dir='ltr'><strong>Bbemensi..</strong></span> 
     </span>
    </p>
   </div>
   <div class='ocr_carea' id='block_1_97' title="bbox 2044 5589 3575 5665">
    <p class='ocr_par' dir='ltr' id='par_1_97' title="bbox 2044 5589 3575 5665">
     <span class='ocr_line' id='line_1_97' title="bbox 2044 5589 3575 5665; baseline -0.002 -15"><span class='ocrx_word' id='word_1_665' title='bbox 2044 5607 2066 5635; x_wconf 75' lang='grc' dir='ltr'>ε</span> <span class='ocrx_word' id='word_1_666' title='bbox 2108 5595 2240 5652; x_wconf 80' lang='lat' dir='ltr'><strong>Vide</strong></span> <span class='ocrx_word' id='word_1_667' title='bbox 2283 5593 2562 5665; x_wconf 79' lang='lat' dir='ltr'><strong>Sidonium</strong></span> <span class='ocrx_word' id='word_1_668' title='bbox 2611 5592 2859 5665; x_wconf 58' lang='lat' dir='ltr'><strong>Apollin-</strong></span> <span class='ocrx_word' id='word_1_669' title='bbox 3024 5604 3142 5665; x_wconf 74' lang='lat' dir='ltr'><strong>vtr;_</strong></span> <span class='ocrx_word' id='word_1_670' title='bbox 3165 5591 3324 5665; x_wconf 76' lang='lat' dir='ltr'><strong>epist.</strong></span> <span class='ocrx_word' id='word_1_671' title='bbox 3496 5592 3575 5647; x_wconf 50' lang='lat' dir='ltr'><strong>De</strong></span> 
     </span>
    </p>
   </div>
   <div class='ocr_carea' id='block_1_98' title="bbox 1974 5661 3583 5733">
    <p class='ocr_par' dir='ltr' id='par_1_98' title="bbox 1974 5661 3583 5733">
     <span class='ocr_line' id='line_1_98' title="bbox 1974 5661 3583 5733; baseline 0 -11"><span class='ocrx_word' id='word_1_672' title='bbox 1974 5665 2311 5722; x_wconf 74' lang='lat' dir='ltr'><strong>Ambrosium</strong></span> <span class='ocrx_word' id='word_1_673' title='bbox 2339 5664 2432 5718; x_wconf 84' lang='lat' dir='ltr'><strong>lib.</strong></span> <span class='ocrx_word' id='word_1_674' title='bbox 2465 5683 2479 5721; x_wconf 91' lang='grc' dir='ltr'>ι</span> <span class='ocrx_word' id='word_1_675' title='bbox 2517 5661 2975 5733; x_wconf 61' lang='grc' dir='ltr'><strong>Οΐῆςξγοίψννίῦ,</strong></span> <span class='ocrx_word' id='word_1_676' title='bbox 2997 5672 3079 5719; x_wconf 69' lang='lat' dir='ltr'><strong>et.</strong></span> <span class='ocrx_word' id='word_1_677' title='bbox 3101 5661 3357 5718; x_wconf 53' lang='lat' dir='ltr'><strong>Cassiod.</strong></span> <span class='ocrx_word' id='word_1_678' title='bbox 3400 5661 3583 5722; x_wconf 56' lang='lat' dir='ltr'><strong>intras-</strong></span> 
     </span>
    </p>
   </div>
   <div class='ocr_carea' id='block_1_99' title="bbox 1971 5736 2463 5805">
    <p class='ocr_par' dir='ltr' id='par_1_99' title="bbox 1971 5736 2463 5805">
     <span class='ocr_line' id='line_1_99' title="bbox 1971 5736 2463 5805; baseline -0.002 -14"><span class='ocrx_word' id='word_1_679' title='bbox 1971 5739 2059 5791; x_wconf 71' lang='lat' dir='ltr'><strong>lib.</strong></span> <span class='ocrx_word' id='word_1_680' title='bbox 2088 5754 2141 5805; x_wconf 80' lang='grc' dir='ltr'><strong>ν,</strong></span> <span class='ocrx_word' id='word_1_681' title='bbox 2171 5738 2333 5805; x_wconf 75' lang='lat' dir='ltr'><strong>epist.</strong></span> <span class='ocrx_word' id='word_1_682' title='bbox 2354 5736 2463 5791; x_wconf 61' lang='lat' dir='ltr'><strong>ii.-</strong></span> 
     </span>
    </p>
   </div>
  </div>
