3954 6178
504 284 611 348 503

1723 290 1792 344 Μ.
1835 288 2108 344 Al'REUl
2148 286 2545 343 CASSIODORI

3611 291 3703 352 5οι

495 407 668 460 decim
695 406 841 459 tibi-is
863 405 1161 460 Coilml‘tlm
1197 404 1472 461 historiam
1501 414 1523 439 ι
1552 400 1825 455 deﬂoratis
1853 416 2067 469 pl‘nSpO-
2097 404 2141 459 Α
2170 401 2475 467 gustatione
2499 402 2795 470 suspensis,
2829 402 2984 457 aliter
3010 417 3040 457 a
3067 403 3357 459 litterarum
3385 421 3562 477 sapore
3585 408 3704 485 ieiu.

494 493 742 547 ritatibus
765 493 1069 548 condidisti.
1099 493 1231 546 Cum
1262 492 1357 546 tibi
1386 492 1436 544 iu
1466 490 1569 546 illis
1598 491 1756 545 fuerit
1800 489 2070 545 secundus

496 590 735 642 eventus,
768 580 892 648 quid
915 581 1138 649 ambigis
1156 619 1170 643 ,
1198 589 1251 634 et
1280 579 1391 635 haec
1432 579 1646 650 publico
1673 579 1821 645 dare,
1846 579 1938 649 qui
1958 578 2067 648 jam

496 672 834 739 cognosceris
863 672 1069 726 dicendi
1098 671 1339 726 tirocinia
1371 672 1650 742 posuisse?

568 760 745 815 Victus
781 778 917 822 Slltll,
953 760 1142 822 fateor,
1194 761 1245 814 in
1293 762 1665 816 verecunliatn
1708 777 1915 824 meam;
1970 775 2069 813 nec

494 852 753 905 obsistere
778 852 936 904 tantis
958 851 1401 923 prudentibuqu
1434 851 1732 923 ,prrcibus]
1754 854 1922 920 potui,
1946 870 2065 907 cum

494 958 578 995 me
611 942 842 996 viderem
873 957 938 995 ex
968 941 1252 995 affectione
1281 943 1501 1011 culpari.
1537 940 1685 996 Nunc
1714 942 1973 1010 ignoscite
2001 943 2069 996 le-

493 1042 699 1101 gentes.
732 1042 786 1087 et
820 1033 863 1085 si
893 1047 995 1100 qua
1026 1042 1107 1085 est
1137 1033 1347 1085 incauta
1379 1032 1747 1101 praesumptio,
1791 1032 2066 1085 suadenti-

491 1127 590 1180 bus
632 1125 808 1195 potius
845 1125 1132 1193 imputate;
1164 1124 1288 1192 quia
1331 1139 1445 1176 mea
1472 1122 1671 1190 judicia
1700 1139 1819 1177 cum
1852 1124 1942 1176 illo
1983 1123 2067 1175 vi-

490 1216 685 1270 dentur
731 1214 929 1280 facere,
960 1213 1050 1283 qui
1092 1230 1174 1267 me
1204 1212 1501 1266 decreverit
1547 1227 1818 1267 accusare.
1851 1210 1916 1274 Et
1946 1212 2065 1269 ideo

488 1306 631 1374 quod
663 1306 715 1359 in
744 1314 1041 1373 quantum,
1075 1302 1362 1370 magisterii
1388 1317 1450 1355 ac
1477 1300 1802 1370 praefectura:
1830 1300 2063 1368 dignita-

491 1398 630 1452 tibus
659 1412 687 1449 a
718 1412 800 1448 tne
825 1396 1081 1448 dictatum
1104 1393 1155 1447 in
1186 1394 1409 1449 diversis
1436 1392 1661 1462 publicis
1687 1392 1893 1446 actibus
1915 1391 2067 1460 potui

493 1490 743 1556 reperire,
773 1488 983 1542 bisst-na
1009 1487 1265 1541 libroruin
1292 1487 1628 1541 ordinatione
1655 1484 1932 1555 composui
1959 1502 1973 1550 ;
2007 1491 2066 1537 ut

488 1592 793 1647 quanquam
840 1577 1149 1633 diversitate
1208 1592 1487 1631 causarum
1557 1576 1780 1643 legentis
1839 1575 2064 1630 intentio

487 1656 807 1733 concitetur,
850 1668 1118 1723 eﬂiaacius
1166 1678 1341 1723 tamen
1385 1668 1621 1737 rapiatur
1664 1667 1895 1733 animus,
1942 1682 2061 1719 cum

2169 489 2270 551 nis,
2303 490 2664 557 pet-suasionis
2692 505 2853 546 causa
2884 492 3205 561 loquendum
3234 503 3345 560 est;
3382 505 3437 550 ut
3474 498 3707 559 interdum

2168 593 2334 646 genus
2356 580 2425 632 sit
2453 581 2659 647 peritizn
2686 581 2856 635 vitare
2884 584 3026 651 quod
3056 583 3090 636 d
3113 583 3232 637 ictis
3259 585 3478 655 placeat.
3509 588 3707 650 Proinde

2169 668 2429 733 majorum
2459 668 2677 739 pulchra
2708 668 2948 725 definitio
2976 682 3076 735 est,
3127 671 3217 727 Sic
3264 683 3384 743 apte
3423 676 3617 747 dicere,
3661 694 3706 737 ut

2167 756 2506 812 audientibus
2560 759 2733 828 possis
2782 771 3042 829 concepta
3097 770 3218 817 vota
3271 764 3503 820 suadere.
3552 767 3709 839 Neque

2167 848 2309 901 enim
2341 849 2440 903 tria
2466 863 2659 917 genera
2690 848 2904 904 dicendi
2933 850 3201 905 incassum
3240 853 3464 921 prudens
3502 855 3713 914 deﬁnivit

2168 937 2475 1005 antiquitas.
2511 937 2738 1003 llumile,
2785 939 2928 1007 quod
2958 941 3332 995 communione
3381 942 3488 1013 ipsa
3522 960 3712 1016 serpere

2168 1030 2428 1085 videatur.
2461 1029 2709 1096 Medium,
2754 1030 2897 1100 quod
2935 1047 3035 1087 nec
3075 1033 3432 1100 magnitudine
3469 1040 3714 1113 tumescit,

2116 1108 2122 1114 ’
2167 1137 2268 1177 nec
2295 1121 2557 1202 parvitate
2587 1129 2868 1187 tenuatur;
2899 1120 2993 1175 sed
3025 1123 3164 1176 inter
3189 1130 3465 1193 utrumque
3488 1108 3710 1195 positum,

2168 1215 2384 1283 propria
2422 1222 2701 1268 venustate
2727 1212 2975 1276 ditatum,
3024 1214 3135 1267 suis
3182 1213 3373 1268 ﬁnibus
3417 1217 3713 1284 continetur,

2168 1301 2403 1355 Tertium
2426 1315 2613 1369 genus,
2645 1301 2789 1371 quod
2817 1302 2883 1355 ad
2906 1318 3168 1356 sumtnum
3200 1304 3403 1373 apicem
3431 1306 3712 1376 disputatio.

2167 1391 2249 1445 uis
2276 1391 2554 1460 exquisitis
2581 1391 2827 1444 sensibus
2849 1391 3110 1460 elevatur,
3141 1392 3409 1458 videlicet,
3435 1402 3492 1450 ut
3511 1399 3715 1454 varietas

2165 1495 2517 1550 personarum
2544 1493 2836 1548 congruum
2865 1482 3150 1535 sortiretur
3190 1481 3480 1551 eloquium,
3518 1493 3569 1539 et
3603 1483 3718 1543 li:et

2166 1570 2234 1624 ab
2258 1585 2362 1624 uno
2382 1578 2604 1643 pectore
2628 1570 2940 1640 prollueret,
2961 1572 3185 1627 diversis
3208 1582 3386 1628 tamen
3407 1575 3563 1630 alveis
3585 1592 3715 1631 euta-

2165 1667 2358 1715 naret;
2389 1661 2602 1728 quando
2628 1660 2802 1716 nullus
2830 1661 3128 1729 eloquentis
3154 1663 3368 1717 obtinet
3393 1680 3597 1730 nomen,
3626 1666 3714 1721 nisi

490 1759 658 1813 tendit
683 1759 748 1812 ad
780 1760 1081 1812 terminum.
1112 1758 1243 1812 lilud
1272 1769 1448 1811 autent
1476 1758 1741 1811 sustinere
1760 1756 1895 1810 alios
1917 1757 2059 1828 passi
2092 1773 2137 1831 Β
2163 1753 2255 1821 qui
2279 1753 2415 1809 trina
2445 1754 2542 1809 ista
2567 1755 2759 1809 virtute
2779 1756 3101 1821 succinctus,
3129 1758 3309 1817 causis
3330 1761 3712 1828 etnergentibus,

487 1866 593 1904 non
621 1865 828 1917 sumus,
857 1850 996 1918 quod
1020 1866 1115 1904 nos
1134 1850 1439 1918 frequenter
1464 1847 1779 1903 incurrimus
1808 1848 1858 1901 in
1889 1847 2063 1901 hono-

489 1942 637 1997 ribus
657 1942 846 1996 dandis
869 1942 1134 2012 impolitus
1152 1951 1206 1996 et
1226 1942 1521 2011 nmcipites
1536 1942 1826 2005 dictiones;
1844 1956 1962 2010 quae
1984 1942 2061 1997 sic

488 2042 777 2101 poscuntur
798 2033 861 2084 ad
886 2032 1135 2092 subitum.
1166 2043 1223 2087 ut
1257 2037 1341 2089 vix
1369 2031 1453 2085 vel
1476 2032 1632 2086 scribi
1657 2047 1813 2101 posse
1842 2031 2061 2085 videan-

488 2132 590 2178 tur.
622 2122 943 2179 Cunctarum
986 2123 1163 2191 itaque
1192 2122 1506 2189 dignitatum
1537 2131 1690 2174 sexto
1738 2129 1793 2174 et
1831 2122 2059 2190 septimo

485 2214 632 2269 libris
657 2212 909 2268 formulas
934 2212 1332 2283 eutuprehemli.
1362 2223 1417 2267 ut
1436 2221 1490 2266 et
1510 2212 1656 2276 mihi,
1675 2212 1916 2282 quamvis
1937 2227 2059 2265 sero

485 2308 880 2376 prospicerem,
940 2315 996 2360 et
1048 2305 1394 2373 sequentibus
1440 2305 1493 2358 in
1543 2312 1770 2370 angusto
1819 2311 2060 2370 tempore

484 2397 842 2454 subvenirent.
881 2395 979 2458 lta,
1026 2411 1144 2463 qua:
1172 2396 1278 2449 dixi
1310 2393 1377 2448 de
1421 2394 1710 2463 pneteritis
1738 2394 2061 2448 convenient

484 2494 539 2542 et
562 2482 747 2539 futuris
769 2483 938 2557 [nus.,
967 2486 1007 2539 lt
1044 2501 1149 2553 que
1176 2485 1285 2539 dixi
1314 2484 1381 2538 de
1408 2484 1709 2553 prmteritis,
1737 2483 2059 2537 convenien-

487 2586 569 2639 ter
594 2586 649 2631 et
676 2575 925 2646 futuris]:
970 2578 1094 2647 quia
1133 2593 1237 2631 non
1269 2576 1336 2631 de
1385 2576 1649 2644 personis,
1678 2574 1772 2627 sed
1812 2574 1880 2628 de
1930 2573 2061 2642 ipsis

488 2665 639 2728 locis,
669 2681 785 2733 qua:
823 2674 944 2733 apta
987 2665 1303 2718 videbantur
1339 2664 1590 2731 explicui.
1624 2661 1903 2715 Librorum
1929 2676 2058 2715 vero

487 2755 715 2819 titulum,
746 2756 923 2823 Operis
953 2755 1202 2818 indicem,
1234 2769 1513 2808 causarum
1543 2767 1866 2821 praeconem,
1897 2750 2060 2806 totius

486 2846 743 2899 orationis
795 2845 1164 2900 brevissnnatu
1217 2859 1423 2906 vocetn,
1502 2841 1775 2901 Vuuanuu
1841 2842 2060 2896 nomine

485 2937 774 3009 przenotavi
802 2956 813 2992 :
845 2937 967 3007 quia
997 2951 1215 2991 necesse
1236 2936 1390 2990 nobis
1420 2933 1517 2989 fuit
1536 2935 1729 3004 stylum
1760 2948 1866 2987 non
1893 2947 2057 2987 unum

482 3045 723 3095 sumere,
765 3031 856 3100 qui
887 3045 1139 3099 personae
1166 3030 1339 3083 varias
1375 3029 1706 3097 suscepimus
1742 3026 2053 3082 admonere.

479 3121 651 3176 Aliter
684 3120 825 3175 enim
856 3121 1019 3174 tnultn
1062 3120 1291 3181 lectione
1318 3120 1556 3184 satiatis,
1599 3118 1754 3172 aliter
1800 3116 2058 3177 mediocti

2164 1842 2385 1905 viriliter
2411 1852 2495 1899 est
2517 1852 2750 1913 paratus.
2777 1843 2892 1901 Huc
2912 1846 3120 1900 accedit
3146 1847 3295 1916 quod
3326 1849 3480 1903 modo
3506 1850 3714 1919 regibus,

2161 1932 2325 1989 modo
2350 1934 2716 2002 potestatibus.
2735 1935 2943 1999 aulicis,
2971 1936 3131 1991 modo
3161 1937 3309 2005 loqui
3332 1938 3593 1993 videamur
3625 1940 3714 1994 hu-

2163 2024 2393 2077 millimis
2419 2041 2431 2076 :
2460 2025 2658 2093 quibus
2685 2026 2790 2079 alia
2818 2026 3080 2093 contingit
3104 2027 3206 2101 sub
3254 2026 3583 2084 festinatione
3608 2045 3717 2099 pm-

2163 2113 2403 2180 fuudere,
2432 2114 2534 2170 alia
2571 2130 2698 2169 vero
2728 2115 2874 2172 licuit
2903 2116 3135 2183 cogitata
3166 2116 3439 2186 proferre;
3469 2127 3524 2173 ut
3549 2120 3717 2174 merito

2164 2203 2441 2258 Variarum
2468 2204 2693 2267 dicatur,
2725 2204 2870 2275 quod
2922 2214 3065 2259 tanta
3095 2205 3411 2261 diversitate
3444 2208 3716 2263 coniicitur.

2160 2290 2513 2347 Snd‘uzinam
2545 2294 2687 2349 sicut
2727 2296 2828 2350 ista
2881 2296 3079 2362 regulis
3130 2299 3410 2367 accepisse
3457 2299 3719 2369 probamur

2161 2382 2408 2451 antiquis,
2442 2385 2513 2438 ita
2555 2388 2740 2440 eadem
2790 2388 3066 2456 promissa:
3101 2388 3381 2457 resignent
3427 2390 3604 2445 merita
3644 2390 3717 2444 di-

2159 2477 2370 2531 ctionis.
2402 2475 2741 2548 Quapropter
2770 2478 2981 2534 llutnile
3008 2480 3074 2535 de
3104 2481 3265 2536 nobis
3296 2482 3587 2538 Verecunde
3613 2499 3721 2551 pro-

2162 2568 2442 2645 mittimus,
2468 2568 2735 2626 Mediocre
2764 2586 2871 2625 non
2918 2572 3163 2641 improbe
3220 2574 3545 2643 pollicemur,
3580 2574 3720 2628 Sum-

2161 2672 2307 2709 mum
2337 2672 2484 2721 vero,
2508 2658 2647 2727 quod
2677 2667 2899 2728 propter
2926 2661 3266 2716 nobilitatem
3296 2664 3376 2721 sui
3414 2672 3494 2719 est
3515 2664 3565 2718 in
3589 2664 3718 2719 edito

2161 2745 2327 2817 [mss.,
2378 2746 2429 2800 in
2460 2746 2754 2814 edictione;
2781 2750 2894 2814 alii,
2943 2750 3205 2823 editione]
3253 2755 3606 2820 constitutum,
3635 2769 3719 2809 nos

2160 2837 2400 2905 attigisse
2447 2852 2554 2890 non
2599 2837 2884 2894 credimus.
2926 2838 3314 2896 Verumtamen
3363 2843 3548 2898 sileant
3595 2858 3716 2911 pra:-

2159 2930 2492 2998 sumptiones
2520 2928 2734 2993 illicitae,
2784 2930 2875 2998 qui
2923 2929 3134 2998 legendi
3192 2948 3400 2989 sumus.
3452 2933 3721 3002 lncougrue

2161 3039 2390 3095 namque
2412 3036 2623 3081 nostras
2648 3025 2714 3080 de
2738 3026 2891 3081 nobis
2913 3026 3313 3096 disputationes
3337 3029 3631 3099 ingerimus,
3643 3022 3723 3097 qui

2161 3124 2339 3175 vestra
2367 3117 2544 3185 potius
2567 3115 2766 3184 judicia
2794 3116 3134 3179 sustinemus.

556 3286 583 3314 ⁸
609 3276 723 3334 Hoc
746 3281 904 3335 etiam
940 3282 1164 3339 testatur
1188 3282 1215 3337 J
1240 3283 1484 3338 irnandes
1513 3284 1564 3338 in
1594 3298 1743 3352 prooe
1767 3284 1854 3337 nio
1882 3281 2164 3348 chronici;
2191 3290 2244 3334 et
2274 3280 2382 3347 ipse
2411 3278 2760 3333 Cassiodorus
2786 3278 2941 3343 infra,
2969 3278 3058 3333 lib.
3092 3296 3194 3348 xu,
3225 3282 3386 3353 epist.
3414 3280 3499 3335 30.

496 3393 769 3411 ..-—...__._.

1138 3404 1503 3412 Μ

778 3402 982 3412 ἠδ...-

990 3405 1125 3412 -.--.

1504 3403 1697 3410 __.—.———
1742 3399 1927 3408 ’δη-...νη
1944 3402 2125 3410 ...σς-

3438 3403 3705 3417 ...Μ

2624 3405 2713 3412 ,ο-..η
2748 3407 2769 3410 ν.

2772 3405 2939 3413 --..

2956 3408 3103 3415 -ου--ο

3112 3408 3267 3415 ο--μο

3324 3409 3431 3417 —.-—.

1680 3454 2019 3590 Μιξεεὶ
2059 3508 2534 3589 PRIMUS.

1963 3650 2228 3662 -ι-

928 3728 978 3797 3
1013 3726 1340 3781 EPISTOIA
1384 3729 1611 3782 PRIMA.

646 3858 930 3899 ASAS'I'ASIU
956 3858 1275 3897 IIII'EBATORI
1363 3860 1726 3899 THEODOBICUS
1753 3861 1854 3901 MJK
1874 3858 1921 3906 ⁸,

484 3953 646 4021 Rogat
673 3966 851 4033 pacem
883 3950 1034 4033 certis
1154 3951 1920 4033 causis-intermissamglaudq
1945 3956 2045 4033 int-

546 4018 857 4091 peratorem,
878 4028 925 4071 et
953 4018 1022 4070 ad
1048 4019 1191 4071 illum
1221 4020 1375 4091 mittit
1402 4021 1613 4089 legatos.
1658 4041 1689 4091 q
1707 4023 1743 4075 :i
1763 4018 2046 4079 contentio-

546 4105 633 4142 ηαδ
657 4089 929 4170 .dirimant,
953 4098 1000 4141 et
1038 4090 1362 4142 concordiam
1409 4106 1518 4145 sua:
1546 4089 1780 4162 deinceps
1808 4094 2046 4162 ﬁrmitati

546 4166 836 4212 restituant.

542 4246 767 4319 Oportet
786 4265 903 4316 nos,
930 4249 1339 4305 clementissime
1367 4251 1674 4321 imperator,
1699 4268 1885 4322 pacem
1907 4268 2045 4322 qum-

472 4356 611 4404 ποιεί-θ,
638 4341 728 4410 qui
750 4356 938 4396 causas
962 4342 1250 4396 iracundia:
1278 4343 1651 4412 cognoscitnur
1677 4352 1783 4399 non
1808 4346 2039 4401 habere:

471 4430 681 4498 qume
728 4431 817 4485 ille
844 4432 1083 4485 moribus
1128 4433 1392 4488 obnoxius
1414 4432 1527 4503 jam
1578 4442 1810 4503 tenetur,
1852 4436 1941 4506 qui
1976 4436 2041 4490 ad

469 4522 605 4588 iusta
638 4519 1053 4588 deprehenditur
1080 4522 1389 4590 imparatus.
1440 4521 1596 4577 Omni
1640 4525 1839 4594 quippe
1878 4539 2041 4593 regno

467 4608 834 4665 desiderabilis
852 4611 1010 4666 debet
1030 4627 1147 4666 esse
1173 4614 1548 4683 tranquillitas,
1566 4615 1618 4668 in
1647 4631 1752 4683 qua
1781 4627 1834 4670 et
1857 4619 2038 4687 pepuli

468 4697 768 4769 proficiunt,
812 4708 869 4755 et
912 4701 1110 4755 utilitas
1153 4704 1388 4769 gentium
1437 4704 1754 4761 custoditur.
1792 4706 1913 4763 Haec
1956 4720 2041 4765 est

466 4792 606 4845 ettim
627 4791 886 4845 bonarum
915 4794 1107 4846 artium
1130 4795 1326 4849 decora
1356 4806 1559 4861 mater;
1594 4796 1707 4852 haec
1733 4801 2038 4856 mortalium

465 4898 631 4951 genus
652 4882 933 4952 reparabili
963 4886 1305 4939 successione
1348 4885 1727 4956 multiplicans,
1759 4888 2038 4948 facultates

464 4974 754 5041 protendit,
786 4989 966 5029 mores
990 4973 1206 5038 excolit,
1231 4982 1284 5029 et
1318 4984 1585 5031 tantarum
1611 4994 1787 5033 rerum
1822 4981 2037 5048 ignarus

462 5067 790 5133 agnoscitur,
819 5067 907 5135 qui
937 5081 1054 5121 eam
1102 5068 1319 5122 minime
1364 5071 1636 5136 qumsiisse
1684 5075 1929 5127 sentitur.
1969 5074 2036 5137 Et

535 5313 560 5340 ι
604 5304 866 5387 Ba‘rpnius
895 5316 1045 5387 putat
1073 5308 1211 5387 hanc
1252 5312 1539 5387 epistolam
1589 5314 2028 5387 fuissescriptam

464 5389 606 5428 anno
657 5374 854 5430 Christi
896 5374 1021 5433 193.
1068 5374 1305 5435 Consule
1347 5397 1468 5436 eum
1518 5392 1648 5440 tom.
1703 5385 1767 5441 Vl
1808 5374 2025 5456 An'nal.,

464 5457 586 5498 αις.
612 5443 715 5496 476
744 5446 995 5498 editionis
1025 5449 1282 5498 Anttmrn.
1580 5478 1585 5481 ι

462 5457 586 5566 pag:
612 5449 715 5496 476
744 5449 995 5527 editionis
1025 5449 1282 5532 Antuerp.
1580 5478 1585 5481 ι
2012 5449 2022 5456 ’

464 5581 501 5591 Δ
523 5582 535 5591 _
574 5512 873 5569 headorrcus
906 5515 1041 5588 rex].
1068 5518 1160 5591 Iltc
1185 5535 1386 5588 primus
1424 5538 1483 5578 se
1510 5538 1692 5591 regem
1719 5526 1871 5591 dixit,
1902 5544 2022 5584 cum

459 5581 701 5637 Odoacar
728 5581 1085 5657 anteneum'se
1126 5581 1502 5657 iuiperatorem
1552 5581 2023 5652 Firmanum'dic‘e:

459 5658 648 5735 ξείνια
690 5653 1135 5735 ληιθροληειοτειη
1179 5653 1860 5735 angustans,Theudorici
1885 5669 2025 5735 regis

463 5718 757 5788 ﬂatum-nm
811 5721 1033 5787 formam
1089 5738 1141 5778 ct
1191 5718 1428 5785 habitum
1476 5733 1747 5802 eleganter
1768 5718 2022 5793 describit

2085 3735 2125 3790 (ἶ
2162 3728 2299 3795 ilco,
2347 3732 2581 3801 piissime
2621 3735 2937 3807 principum,
2978 3740 3243 3809 potentia:
3279 3747 3471 3793 vestra:
3497 3730 3719 3793 convenit

2150 3829 2204 3872 et
2226 3820 2435 3885 honori,
2462 3832 2517 3876 ut
2538 3824 2885 3881 concordiam
2900 3838 3130 3883 vestram
3156 3844 3412 3900 quaerere
3430 3827 3716 3882 debeamus.

2148 3910 2298 3978 cujus
2323 3912 2495 3967 adhuc
2519 3929 2703 3969 amore
2731 3916 3054 3985 proﬁcimus.
3081 3918 3196 3974 Vos
3227 3919 3376 3974 enim
3404 3917 3530 3973 estis
3549 3926 3717 3980 regno-

2148 4016 2264 4053 rum
2294 4003 2530 4057 omnium
2573 4006 2987 4073 pulcherrimum
3033 4010 3238 4073 decus,
3281 4026 3381 4065 vos
3406 4008 3567 4063 totius
3592 4003 3717 4058 orbis

2145 4092 2377 4146 salutare
2430 4095 2749 4161 pncsidiutn.
2800 4098 2942 4169 quod
2991 4101 3175 4154 ueteri
3228 4101 3568 4156 dominantes
3608 4093 3712 4161 iure

2143 4181 2585 4255 suscipiunt[alii,
2614 4186 2947 4258 suspiciunt],
2971 4190 3092 4257 quia
3121 4190 3235 4261 [εά.
3269 4188 3397 4243 Νἱυ.
3426 4199 3475 4243 et
3498 4189 3709 4246 Accam,

2142 4270 2318 4342 quasi]
2350 4272 2401 4326 in
2438 4275 2590 4329 vobis
2616 4277 2883 4346 singulare
2911 4272 3110 4347 aliquid
3161 4281 3344 4334 inesse
3373 4282 3711 4345 cognoscunt:

2142 4368 2197 4413 et
2224 4377 2319 4416 nos
2349 4363 2598 4425 maxime,
2622 4366 2711 4433 qui
2742 4366 2921 4420 divino
2942 4369 3146 4423 auxilio
3172 4371 3228 4424 in
3256 4370 3529 4440 republica
3560 4375 3713 4421 vestra

2140 4448 2438 4512 didicimus,
2471 4455 2916 4522 quemadmodum
2968 4457 3236 4516 Romanis
3276 4460 3470 4528 :eqttab
3494 4459 3605 4510 liter
3631 4454 3715 4507 im-

2139 4555 2331 4610 perare
2359 4544 2644 4611 possimus.
2698 4544 2937 4612 Regnum
2994 4559 3249 4603 nostrum
3305 4549 3534 4605 imitatio
3562 4555 3713 4601 vesua

2140 4640 2240 4695 est,
2269 4632 2437 4687 forma
2467 4634 2592 4688 boni
2620 4638 2908 4705 propositi,
2962 4639 3107 4693 unici
3162 4641 3452 4711 exemplar
3496 4634 3710 4709 imperii:

2137 4724 2225 4792 qui
2256 4734 2510 4793 quantum
2541 4741 2636 4781 vos
2664 4729 2958 4799 sequimur,
2992 4738 3207 4785 tantum
3259 4741 3455 4801 gentes
3493 4730 3617 4785 alias
3633 4741 3715 4780 an-

2139 4814 2348 4870 teimus.
2375 4814 2673 4877 Uortamitti
2696 4833 2781 4873 me
2805 4818 3198 4890 frequenter,ut
3221 4826 3446 4893 diligam
3467 4830 3710 4880 senatum,

2136 4902 2282 4971 leges
2309 4906 2607 4977 principum
2629 4919 2901 4978 gratanter
2919 4913 3245 4982 amplectar,
3273 4926 3332 4970 ut
3353 4925 3544 4972 cuncta
3568 4911 3712 4967 italia:

2135 4995 2374 5049 membra
2417 5006 2759 5067 componam.
2791 5001 3074 5067 Quomodo
3109 5006 3357 5073 potestis
3404 5007 3473 5059 ab
3509 5008 3707 5070 augusta

2144 5097 2276 5150 pace
2303 5084 2558 5152 dividere,
2606 5103 2766 5157 quem
2794 5106 2902 5146 non
2931 5093 3132 5162 optatis
3175 5111 3209 5150 a
3262 5098 3460 5152 vestris
3496 5094 3709 5150 moribus

2136 5323 2386 5403 _Sidnniu_s
2405 5326 2744 5403 _Apt_tllinari_s_
2765 5330 2855 5384 lib.
2874 5348 2923 5403 γι,
2945 5332 3102 5401 epist.
3139 5333 3197 5388 2.
3232 5335 3516 5401 Quomodo
3544 5343 3704 5387 autem

2136 5395 2627 5460 invaseritltaliatn,
2664 5398 2781 5453 vide
2822 5395 3049 5455 Aimoin.
3084 5403 3158 5456 de
3179 5395 3368 5460 (ie-stis
3394 5406 3702 5458 Francorum

2133 5461 2222 5516 lib.
2250 5480 2284 5518 ι.
2320 5462 2685 5520 Theudoricus
2707 5469 2999 5524 Odoacrem
3034 5472 3323 5528 interemit
3350 5476 3541 5529 Albino
3565 5472 3620 5526 ν.
3645 5471 3699 5524 C.

2128 5546 2303 5605 cons,
2345 5549 2486 5605 anno
2524 5535 2718 5590 Christi
2759 5538 2885 5603 493,
2927 5542 3139 5605 imperii
3163 5543 3439 5598 Anastasii
3461 5542 3699 5597 secundo.

2134 5600 2260 5683 llaec
2316 5604 2541 5683 epistola
2585 5606 2800 5661 videtur
2859 5600 3062 5679 aliquot
3122 5621 3254 5681 post
3297 5616 3453 5669 annis
3496 5612 3697 5683 scripta.

2128 5670 2469 5728 (ὶυιιιειᾲιιυε
2497 5673 2812 5732 Fonsmws.
