  <div class='ocr_page' id='page_1' title='image "/cluster/home/n/w/nwhite01/storage/ocr_20150623/69/hvd.32044054758727/282.png"; bbox 0 0 3954 6178; ppageno 0'>
   <div class='ocr_carea' id='block_1_1' title="bbox 169 264 278 320">
    <p class='ocr_par' dir='ltr' id='par_1_1' title="bbox 169 264 278 320">
     <span class='ocr_line' id='line_1_1' title="bbox 169 264 278 320; baseline -0.018 0"><span class='ocrx_word' id='word_1_1' title='bbox 169 264 278 320; x_wconf 67' lang='lat' dir='ltr'><strong>res</strong></span> 
     </span>
    </p>
   </div>
   <div class='ocr_carea' id='block_1_2' title="bbox 1473 264 2169 326">
    <p class='ocr_par' dir='ltr' id='par_1_2' title="bbox 1473 264 2169 326">
     <span class='ocr_line' id='line_1_2' title="bbox 1473 264 2169 326; baseline 0 0"><span class='ocrx_word' id='word_1_2' title='bbox 1473 264 1832 326; x_wconf 68' lang='lat' dir='ltr'><strong>VARIARUM</strong></span> <span class='ocrx_word' id='word_1_3' title='bbox 1874 267 2075 326; x_wconf 59' lang='lat' dir='ltr'><strong>[ABER</strong></span> <span class='ocrx_word' id='word_1_4' title='bbox 2113 269 2169 326; x_wconf 58' lang='grc' dir='ltr'><strong>ιν</strong></span> 
     </span>
    </p>
   </div>
   <div class='ocr_carea' id='block_1_3' title="bbox 3350 278 3457 349">
    <p class='ocr_par' dir='ltr' id='par_1_3' title="bbox 3350 278 3457 349">
     <span class='ocr_line' id='line_1_3' title="bbox 3350 278 3457 349; baseline 0.009 -15"><span class='ocrx_word' id='word_1_5' title='bbox 3350 278 3457 349; x_wconf 68' lang='lat' dir='ltr'><strong>aro</strong></span> 
     </span>
    </p>
   </div>
   <div class='ocr_carea' id='block_1_4' title="bbox 172 374 3456 454">
    <p class='ocr_par' dir='ltr' id='par_1_4' title="bbox 172 374 3456 454">
     <span class='ocr_line' id='line_1_4' title="bbox 172 374 3456 454; baseline 0.002 -16"><span class='ocrx_word' id='word_1_6' title='bbox 172 380 445 438; x_wconf 85' lang='lat' dir='ltr'><strong>inritando</strong></span> <span class='ocrx_word' id='word_1_7' title='bbox 471 380 605 436; x_wconf 79' lang='lat' dir='ltr'><strong>vixit</strong></span> <span class='ocrx_word' id='word_1_8' title='bbox 633 374 899 451; x_wconf 78' lang='lat' dir='ltr'><strong>exernpio.</strong></span> <span class='ocrx_word' id='word_1_9' title='bbox 932 380 1035 448; x_wconf 85' lang='lat' dir='ltr'><strong>Qui</strong></span> <span class='ocrx_word' id='word_1_10' title='bbox 1083 397 1207 436; x_wconf 83' lang='lat' dir='ltr'><strong>mox</strong></span> <span class='ocrx_word' id='word_1_11' title='bbox 1252 380 1448 438; x_wconf 88' lang='lat' dir='ltr'><strong>deinde</strong></span> <span class='ocrx_word' id='word_1_12' title='bbox 1490 397 1764 437; x_wconf 83' lang='lat' dir='ltr'><strong>sacrarum</strong></span> <span class='ocrx_word' id='word_1_13' title='bbox 1793 388 1839 443; x_wconf 84' lang='grc' dir='ltr'><strong>Λ</strong></span> <span class='ocrx_word' id='word_1_14' title='bbox 1868 382 2124 438; x_wconf 88' lang='lat' dir='ltr'><strong>cedentes</strong></span> <span class='ocrx_word' id='word_1_15' title='bbox 2179 380 2320 437; x_wconf 84' lang='lat' dir='ltr'><strong>fama</strong></span> <span class='ocrx_word' id='word_1_16' title='bbox 2360 384 2724 440; x_wconf 77' lang='lat' dir='ltr'><strong>concelebrat.</strong></span> <span class='ocrx_word' id='word_1_17' title='bbox 2778 385 2934 454; x_wconf 85' lang='lat' dir='ltr'><strong>Quod</strong></span> <span class='ocrx_word' id='word_1_18' title='bbox 2985 386 3309 444; x_wconf 81' lang='lat' dir='ltr'><strong>vocabulum</strong></span> <span class='ocrx_word' id='word_1_19' title='bbox 3354 390 3456 449; x_wconf 86' lang='lat' dir='ltr'><strong>etsi</strong></span> 
     </span>
    </p>
   </div>
   <div class='ocr_carea' id='block_1_5' title="bbox 168 476 1766 546">
    <p class='ocr_par' dir='ltr' id='par_1_5' title="bbox 168 476 1766 546">
     <span class='ocr_line' id='line_1_5' title="bbox 168 476 1766 546; baseline 0 -16"><span class='ocrx_word' id='word_1_20' title='bbox 168 476 529 546; x_wconf 70' lang='lat' dir='ltr'><strong>largitionum</strong></span> <span class='ocrx_word' id='word_1_21' title='bbox 554 477 762 531; x_wconf 85' lang='lat' dir='ltr'><strong>honore</strong></span> <span class='ocrx_word' id='word_1_22' title='bbox 791 485 1067 545; x_wconf 86' lang='lat' dir='ltr'><strong>suscepto,</strong></span> <span class='ocrx_word' id='word_1_23' title='bbox 1097 476 1270 530; x_wconf 86' lang='lat' dir='ltr'><strong>crevit</strong></span> <span class='ocrx_word' id='word_1_24' title='bbox 1295 484 1506 532; x_wconf 83' lang='lat' dir='ltr'><strong>tantum</strong></span> <span class='ocrx_word' id='word_1_25' title='bbox 1532 491 1766 532; x_wconf 87' lang='lat' dir='ltr'><strong>conver-</strong></span> 
     </span>
    </p>
   </div>
   <div class='ocr_carea' id='block_1_6' title="bbox 164 567 1770 637">
    <p class='ocr_par' dir='ltr' id='par_1_6' title="bbox 164 567 1770 637">
     <span class='ocr_line' id='line_1_6' title="bbox 164 567 1770 637; baseline -0.001 -13"><span class='ocrx_word' id='word_1_26' title='bbox 164 568 404 625; x_wconf 83' lang='lat' dir='ltr'><strong>sationis</strong></span> <span class='ocrx_word' id='word_1_27' title='bbox 448 567 627 630; x_wconf 87' lang='lat' dir='ltr'><strong>laude,</strong></span> <span class='ocrx_word' id='word_1_28' title='bbox 665 576 926 635; x_wconf 84' lang='lat' dir='ltr'><strong>quantum</strong></span> <span class='ocrx_word' id='word_1_29' title='bbox 974 567 1278 637; x_wconf 74' lang='lat' dir='ltr'><strong>profecerat</strong></span> <span class='ocrx_word' id='word_1_30' title='bbox 1315 569 1594 637; x_wconf 87' lang='lat' dir='ltr'><strong>dignitate.</strong></span> <span class='ocrx_word' id='word_1_31' title='bbox 1631 567 1770 635; x_wconf 92' lang='lat' dir='ltr'><strong>Quid</strong></span> 
     </span>
    </p>
   </div>
   <div class='ocr_carea' id='block_1_7' title="bbox 168 657 1770 730">
    <p class='ocr_par' dir='ltr' id='par_1_7' title="bbox 168 657 1770 730">
     <span class='ocr_line' id='line_1_7' title="bbox 168 657 1770 730; baseline 0.001 -17"><span class='ocrx_word' id='word_1_32' title='bbox 168 658 477 729; x_wconf 81' lang='lat' dir='ltr'><strong>provinciis</strong></span> <span class='ocrx_word' id='word_1_33' title='bbox 498 658 769 713; x_wconf 75' lang='lat' dir='ltr'><strong>redditam</strong></span> <span class='ocrx_word' id='word_1_34' title='bbox 796 657 1158 728; x_wconf 83' lang='lat' dir='ltr'><strong>disciplinam,</strong></span> <span class='ocrx_word' id='word_1_35' title='bbox 1176 660 1312 730; x_wconf 81' lang='lat' dir='ltr'><strong>quid</strong></span> <span class='ocrx_word' id='word_1_36' title='bbox 1333 659 1554 715; x_wconf 86' lang='lat' dir='ltr'><strong>diverso</strong></span> <span class='ocrx_word' id='word_1_37' title='bbox 1582 661 1770 728; x_wconf 79' lang='lat' dir='ltr'><strong>generi</strong></span> 
     </span>
    </p>
   </div>
   <div class='ocr_carea' id='block_1_8' title="bbox 170 748 1765 822">
    <p class='ocr_par' dir='ltr' id='par_1_8' title="bbox 170 748 1765 822">
     <span class='ocr_line' id='line_1_8' title="bbox 170 748 1765 822; baseline 0.001 -16"><span class='ocrx_word' id='word_1_38' title='bbox 170 750 459 809; x_wconf 82' lang='lat' dir='ltr'><strong>hominum</strong></span> <span class='ocrx_word' id='word_1_39' title='bbox 480 757 765 804; x_wconf 80' lang='lat' dir='ltr'><strong>momenta</strong></span> <span class='ocrx_word' id='word_1_40' title='bbox 790 748 934 821; x_wconf 64' lang='lat' dir='ltr'><strong>lolii,</strong></span> <span class='ocrx_word' id='word_1_41' title='bbox 952 750 1309 822; x_wconf 81' lang='lat' dir='ltr'><strong>monimenta]</strong></span> <span class='ocrx_word' id='word_1_42' title='bbox 1334 751 1561 821; x_wconf 71' lang='lat' dir='ltr'><strong>justitia:</strong></span> <span class='ocrx_word' id='word_1_43' title='bbox 1590 750 1765 809; x_wconf 83' lang='lat' dir='ltr'><strong>infusa</strong></span> 
     </span>
    </p>
   </div>
   <div class='ocr_carea' id='block_1_9' title="bbox 170 840 1771 913">
    <p class='ocr_par' dir='ltr' id='par_1_9' title="bbox 170 840 1771 913">
     <span class='ocr_line' id='line_1_9' title="bbox 170 840 1771 913; baseline 0.001 -15"><span class='ocrx_word' id='word_1_44' title='bbox 170 840 516 898; x_wconf 67' lang='lat' dir='ltr'><strong>referamus?</strong></span> <span class='ocrx_word' id='word_1_45' title='bbox 544 842 691 899; x_wconf 61' lang='lat' dir='ltr'><strong>Viuit</strong></span> <span class='ocrx_word' id='word_1_46' title='bbox 729 842 873 896; x_wconf 89' lang='lat' dir='ltr'><strong>enim</strong></span> <span class='ocrx_word' id='word_1_47' title='bbox 906 850 1054 899; x_wconf 85' lang='lat' dir='ltr'><strong>tanta</strong></span> <span class='ocrx_word' id='word_1_48' title='bbox 1082 843 1438 910; x_wconf 74' lang='lat' dir='ltr'><strong>continentia,</strong></span> <span class='ocrx_word' id='word_1_49' title='bbox 1458 853 1524 899; x_wconf 77' lang='lat' dir='ltr'><strong>ut</strong></span> <span class='ocrx_word' id='word_1_50' title='bbox 1542 844 1771 913; x_wconf 70' lang='lat' dir='ltr'><strong>aequita-</strong></span> 
     </span>
    </p>
   </div>
   <div class='ocr_carea' id='block_1_10' title="bbox 175 933 1770 1005">
    <p class='ocr_par' dir='ltr' id='par_1_10' title="bbox 175 933 1770 1005">
     <span class='ocr_line' id='line_1_10' title="bbox 175 933 1770 1005; baseline 0.001 -16"><span class='ocrx_word' id='word_1_51' title='bbox 175 942 283 989; x_wconf 86' lang='lat' dir='ltr'><strong>tern</strong></span> <span class='ocrx_word' id='word_1_52' title='bbox 308 943 373 990; x_wconf 86' lang='lat' dir='ltr'><strong>et</strong></span> <span class='ocrx_word' id='word_1_53' title='bbox 398 934 711 991; x_wconf 73' lang='lat' dir='ltr'><strong>institueret</strong></span> <span class='ocrx_word' id='word_1_54' title='bbox 740 933 979 999; x_wconf 63' lang='lat' dir='ltr'><strong>monitis,</strong></span> <span class='ocrx_word' id='word_1_55' title='bbox 1022 942 1079 989; x_wconf 89' lang='lat' dir='ltr'><strong>et</strong></span> <span class='ocrx_word' id='word_1_56' title='bbox 1104 933 1326 995; x_wconf 83' lang='lat' dir='ltr'><strong>doceret</strong></span> <span class='ocrx_word' id='word_1_57' title='bbox 1353 936 1638 1005; x_wconf 70' lang='lat' dir='ltr'><strong>exemplis.</strong></span> <span class='ocrx_word' id='word_1_58' title='bbox 1662 935 1770 990; x_wconf 87' lang='lat' dir='ltr'><strong>Fa-</strong></span> 
     </span>
    </p>
   </div>
   <div class='ocr_carea' id='block_1_11' title="bbox 175 1024 1770 1094">
    <p class='ocr_par' dir='ltr' id='par_1_11' title="bbox 175 1024 1770 1094">
     <span class='ocr_line' id='line_1_11' title="bbox 175 1024 1770 1094; baseline 0.001 -15"><span class='ocrx_word' id='word_1_59' title='bbox 175 1024 291 1079; x_wconf 86' lang='lat' dir='ltr'><strong>cilis</strong></span> <span class='ocrx_word' id='word_1_60' title='bbox 331 1026 487 1080; x_wconf 88' lang='lat' dir='ltr'><strong>enim</strong></span> <span class='ocrx_word' id='word_1_61' title='bbox 535 1025 667 1080; x_wconf 85' lang='lat' dir='ltr'><strong>recti</strong></span> <span class='ocrx_word' id='word_1_62' title='bbox 710 1040 1000 1094; x_wconf 81' lang='lat' dir='ltr'><strong>persuasor</strong></span> <span class='ocrx_word' id='word_1_63' title='bbox 1032 1034 1116 1081; x_wconf 89' lang='lat' dir='ltr'><strong>est</strong></span> <span class='ocrx_word' id='word_1_64' title='bbox 1156 1026 1415 1081; x_wconf 76' lang='lat' dir='ltr'><strong>innocens</strong></span> <span class='ocrx_word' id='word_1_65' title='bbox 1434 1024 1623 1094; x_wconf 82' lang='lat' dir='ltr'><strong>jndcx,</strong></span> <span class='ocrx_word' id='word_1_66' title='bbox 1668 1027 1770 1084; x_wconf 97' lang='lat' dir='ltr'><strong>sub</strong></span> 
     </span>
    </p>
   </div>
   <div class='ocr_carea' id='block_1_12' title="bbox 174 1115 1770 1189">
    <p class='ocr_par' dir='ltr' id='par_1_12' title="bbox 174 1115 1770 1189">
     <span class='ocr_line' id='line_1_12' title="bbox 174 1115 1770 1189; baseline 0.004 -20"><span class='ocrx_word' id='word_1_67' title='bbox 174 1115 332 1184; x_wconf 74' lang='lat' dir='ltr'><strong>Cttth</strong></span> <span class='ocrx_word' id='word_1_68' title='bbox 358 1116 694 1185; x_wconf 68' lang='lat' dir='ltr'><strong>prmdicabili</strong></span> <span class='ocrx_word' id='word_1_69' title='bbox 722 1116 1141 1174; x_wconf 70' lang='lat' dir='ltr'><strong>conversatione</strong></span> <span class='ocrx_word' id='word_1_70' title='bbox 1159 1116 1337 1187; x_wconf 76' lang='lat' dir='ltr'><strong>pudet</strong></span> <span class='ocrx_word' id='word_1_71' title='bbox 1366 1133 1545 1173; x_wconf 81' lang='lat' dir='ltr'><strong>mores</strong></span> <span class='ocrx_word' id='word_1_72' title='bbox 1574 1120 1770 1189; x_wconf 84' lang='lat' dir='ltr'><strong>proba-</strong></span> 
     </span>
    </p>
   </div>
   <div class='ocr_carea' id='block_1_13' title="bbox 176 1207 1769 1278">
    <p class='ocr_par' dir='ltr' id='par_1_13' title="bbox 176 1207 1769 1278">
     <span class='ocr_line' id='line_1_13' title="bbox 176 1207 1769 1278; baseline 0.003 -16"><span class='ocrx_word' id='word_1_73' title='bbox 176 1207 309 1263; x_wconf 83' lang='lat' dir='ltr'><strong>biles</strong></span> <span class='ocrx_word' id='word_1_74' title='bbox 334 1222 454 1262; x_wconf 85' lang='lat' dir='ltr'><strong>non</strong></span> <span class='ocrx_word' id='word_1_75' title='bbox 470 1207 699 1265; x_wconf 65' lang='lat' dir='ltr'><strong>habere.</strong></span> <span class='ocrx_word' id='word_1_76' title='bbox 720 1207 856 1273; x_wconf 83' lang='lat' dir='ltr'><strong>Quis</strong></span> <span class='ocrx_word' id='word_1_77' title='bbox 876 1208 1020 1265; x_wconf 83' lang='lat' dir='ltr'><strong>enim</strong></span> <span class='ocrx_word' id='word_1_78' title='bbox 1040 1216 1292 1264; x_wconf 75' lang='lat' dir='ltr'><strong>vereatur</strong></span> <span class='ocrx_word' id='word_1_79' title='bbox 1312 1209 1510 1275; x_wconf 88' lang='lat' dir='ltr'><strong>scelus,</strong></span> <span class='ocrx_word' id='word_1_80' title='bbox 1532 1212 1688 1278; x_wconf 89' lang='lat' dir='ltr'><strong>cujus</strong></span> <span class='ocrx_word' id='word_1_81' title='bbox 1715 1212 1769 1266; x_wconf 93' lang='lat' dir='ltr'><strong>in</strong></span> 
     </span>
    </p>
   </div>
   <div class='ocr_carea' id='block_1_14' title="bbox 175 1298 1770 1369">
    <p class='ocr_par' dir='ltr' id='par_1_14' title="bbox 175 1298 1770 1369">
     <span class='ocr_line' id='line_1_14' title="bbox 175 1298 1770 1369; baseline 0.001 -16"><span class='ocrx_word' id='word_1_82' title='bbox 175 1307 436 1367; x_wconf 67' lang='lat' dir='ltr'><strong>meatu</strong></span> <span class='ocrx_word' id='word_1_83' title='bbox 446 1298 967 1368; x_wconf 69' lang='lat' dir='ltr'><strong>gremiicomplicem</strong></span> <span class='ocrx_word' id='word_1_84' title='bbox 983 1298 1164 1354; x_wconf 80' lang='lat' dir='ltr'><strong>videt?</strong></span> <span class='ocrx_word' id='word_1_85' title='bbox 1188 1298 1460 1355; x_wconf 88' lang='lat' dir='ltr'><strong>incassum</strong></span> <span class='ocrx_word' id='word_1_86' title='bbox 1486 1315 1770 1369; x_wconf 79' lang='lat' dir='ltr'><strong>personam</strong></span> 
     </span>
    </p>
   </div>
   <div class='ocr_carea' id='block_1_15' title="bbox 179 1389 1773 1464">
    <p class='ocr_par' dir='ltr' id='par_1_15' title="bbox 179 1389 1773 1464">
     <span class='ocr_line' id='line_1_15' title="bbox 179 1389 1773 1464; baseline 0.002 -18"><span class='ocrx_word' id='word_1_87' title='bbox 179 1390 313 1446; x_wconf 68' lang='lat' dir='ltr'><strong>Icta:</strong></span> <span class='ocrx_word' id='word_1_88' title='bbox 333 1390 656 1447; x_wconf 78' lang='lat' dir='ltr'><strong>severitatis</strong></span> <span class='ocrx_word' id='word_1_89' title='bbox 684 1390 857 1446; x_wconf 88' lang='lat' dir='ltr'><strong>induit</strong></span> <span class='ocrx_word' id='word_1_90' title='bbox 879 1389 1014 1464; x_wconf 84' lang='lat' dir='ltr'><strong>[alii,</strong></span> <span class='ocrx_word' id='word_1_91' title='bbox 1040 1389 1289 1462; x_wconf 82' lang='lat' dir='ltr'><strong>inducit].</strong></span> <span class='ocrx_word' id='word_1_92' title='bbox 1312 1406 1434 1447; x_wconf 90' lang='lat' dir='ltr'><strong>cum</strong></span> <span class='ocrx_word' id='word_1_93' title='bbox 1461 1406 1658 1449; x_wconf 88' lang='lat' dir='ltr'><strong>avarus</strong></span> <span class='ocrx_word' id='word_1_94' title='bbox 1679 1408 1773 1461; x_wconf 83' lang='lat' dir='ltr'><strong>pe-</strong></span> 
     </span>
    </p>
   </div>
   <div class='ocr_carea' id='block_1_16' title="bbox 175 1483 1770 1555">
    <p class='ocr_par' dir='ltr' id='par_1_16' title="bbox 175 1483 1770 1555">
     <span class='ocr_line' id='line_1_16' title="bbox 175 1483 1770 1555; baseline 0.002 -17"><span class='ocrx_word' id='word_1_95' title='bbox 175 1483 350 1539; x_wconf 61' lang='lat' dir='ltr'><strong>cunia!</strong></span> <span class='ocrx_word' id='word_1_96' title='bbox 406 1483 669 1539; x_wconf 61' lang='lat' dir='ltr'><strong>animum</strong></span> <span class='ocrx_word' id='word_1_97' title='bbox 710 1483 1028 1552; x_wconf 76' lang='lat' dir='ltr'><strong>dissuadet,</strong></span> <span class='ocrx_word' id='word_1_98' title='bbox 1068 1500 1191 1540; x_wconf 91' lang='lat' dir='ltr'><strong>cum</strong></span> <span class='ocrx_word' id='word_1_99' title='bbox 1232 1484 1446 1553; x_wconf 83' lang='lat' dir='ltr'><strong>legibus</strong></span> <span class='ocrx_word' id='word_1_100' title='bbox 1462 1486 1770 1555; x_wconf 81' lang='lat' dir='ltr'><strong>parendum</strong></span> 
     </span>
    </p>
   </div>
   <div class='ocr_carea' id='block_1_17' title="bbox 174 1575 1771 1647">
    <p class='ocr_par' dir='ltr' id='par_1_17' title="bbox 174 1575 1771 1647">
     <span class='ocr_line' id='line_1_17' title="bbox 174 1575 1771 1647; baseline 0.001 -16"><span class='ocrx_word' id='word_1_101' title='bbox 174 1583 363 1632; x_wconf 79' lang='lat' dir='ltr'><strong>censet</strong></span> <span class='ocrx_word' id='word_1_102' title='bbox 412 1575 665 1643; x_wconf 78' lang='lat' dir='ltr'><strong>iniustus.</strong></span> <span class='ocrx_word' id='word_1_103' title='bbox 697 1575 814 1632; x_wconf 87' lang='lat' dir='ltr'><strong>Non</strong></span> <span class='ocrx_word' id='word_1_104' title='bbox 860 1577 1025 1632; x_wconf 81' lang='lat' dir='ltr'><strong>habet</strong></span> <span class='ocrx_word' id='word_1_105' title='bbox 1070 1575 1466 1633; x_wconf 79' lang='lat' dir='ltr'><strong>distributionis</strong></span> <span class='ocrx_word' id='word_1_106' title='bbox 1502 1580 1771 1647; x_wconf 76' lang='lat' dir='ltr'><strong>gremium</strong></span> 
     </span>
    </p>
   </div>
   <div class='ocr_carea' id='block_1_18' title="bbox 178 1666 1768 1739">
    <p class='ocr_par' dir='ltr' id='par_1_18' title="bbox 178 1666 1768 1739">
     <span class='ocr_line' id='line_1_18' title="bbox 178 1666 1768 1739; baseline 0.003 -19"><span class='ocrx_word' id='word_1_107' title='bbox 178 1666 341 1737; x_wconf 59' lang='grc' dir='ltr'><strong>ιλιι,</strong></span> <span class='ocrx_word' id='word_1_108' title='bbox 395 1666 754 1723; x_wconf 82' lang='lat' dir='ltr'><strong>districtionis</strong></span> <span class='ocrx_word' id='word_1_109' title='bbox 779 1666 1020 1739; x_wconf 80' lang='lat' dir='ltr'><strong>genium]</strong></span> <span class='ocrx_word' id='word_1_110' title='bbox 1046 1668 1134 1724; x_wconf 90' lang='lat' dir='ltr'><strong>cui</strong></span> <span class='ocrx_word' id='word_1_111' title='bbox 1166 1670 1546 1723; x_wconf 66' lang='lat' dir='ltr'><strong>auctoritatem</strong></span> <span class='ocrx_word' id='word_1_112' title='bbox 1601 1670 1768 1725; x_wconf 79' lang='lat' dir='ltr'><strong>libera</strong></span> 
     </span>
    </p>
   </div>
   <div class='ocr_carea' id='block_1_19' title="bbox 1872 476 3459 551">
    <p class='ocr_par' dir='ltr' id='par_1_19' title="bbox 1872 476 3459 551">
     <span class='ocr_line' id='line_1_19' title="bbox 1872 476 3459 551; baseline 0.004 -20"><span class='ocrx_word' id='word_1_113' title='bbox 1872 492 1970 547; x_wconf 88' lang='lat' dir='ltr'><strong>per</strong></span> <span class='ocrx_word' id='word_1_114' title='bbox 1990 476 2124 530; x_wconf 90' lang='lat' dir='ltr'><strong>alios</strong></span> <span class='ocrx_word' id='word_1_115' title='bbox 2148 476 2392 531; x_wconf 88' lang='lat' dir='ltr'><strong>videatur</strong></span> <span class='ocrx_word' id='word_1_116' title='bbox 2409 494 2652 543; x_wconf 87' lang='lat' dir='ltr'><strong>currere,</strong></span> <span class='ocrx_word' id='word_1_117' title='bbox 2672 481 2957 551; x_wconf 73' lang='lat' dir='ltr'><strong>proprium</strong></span> <span class='ocrx_word' id='word_1_118' title='bbox 2976 490 3160 536; x_wconf 83' lang='lat' dir='ltr'><strong>tamen</strong></span> <span class='ocrx_word' id='word_1_119' title='bbox 3190 480 3308 550; x_wconf 86' lang='lat' dir='ltr'><strong>ejus</strong></span> <span class='ocrx_word' id='word_1_120' title='bbox 3327 497 3459 537; x_wconf 85' lang='lat' dir='ltr'><strong>con-</strong></span> 
     </span>
    </p>
   </div>
   <div class='ocr_carea' id='block_1_20' title="bbox 1862 567 3456 642">
    <p class='ocr_par' dir='ltr' id='par_1_20' title="bbox 1862 567 3456 642">
     <span class='ocr_line' id='line_1_20' title="bbox 1862 567 3456 642; baseline 0.003 -19"><span class='ocrx_word' id='word_1_121' title='bbox 1862 576 1980 623; x_wconf 83' lang='lat' dir='ltr'><strong>stat</strong></span> <span class='ocrx_word' id='word_1_122' title='bbox 2012 584 2133 624; x_wconf 88' lang='lat' dir='ltr'><strong>esse</strong></span> <span class='ocrx_word' id='word_1_123' title='bbox 2164 567 2399 624; x_wconf 71' lang='lat' dir='ltr'><strong>familim.</strong></span> <span class='ocrx_word' id='word_1_124' title='bbox 2432 570 2665 641; x_wconf 82' lang='lat' dir='ltr'><strong>Antiqua</strong></span> <span class='ocrx_word' id='word_1_125' title='bbox 2683 571 2893 640; x_wconf 83' lang='lat' dir='ltr'><strong>proles,</strong></span> <span class='ocrx_word' id='word_1_126' title='bbox 2918 570 3132 626; x_wconf 89' lang='lat' dir='ltr'><strong>laudata</strong></span> <span class='ocrx_word' id='word_1_127' title='bbox 3156 572 3456 642; x_wconf 85' lang='lat' dir='ltr'><strong>prosapies,</strong></span> 
     </span>
    </p>
   </div>
   <div class='ocr_carea' id='block_1_21' title="bbox 1871 662 3457 735">
    <p class='ocr_par' dir='ltr' id='par_1_21' title="bbox 1871 662 3457 735">
     <span class='ocr_line' id='line_1_21' title="bbox 1871 662 3457 735; baseline 0.003 -18"><span class='ocrx_word' id='word_1_128' title='bbox 1871 677 1993 717; x_wconf 87' lang='lat' dir='ltr'><strong>cum</strong></span> <span class='ocrx_word' id='word_1_129' title='bbox 2017 662 2219 730; x_wconf 80' lang='lat' dir='ltr'><strong>togatis</strong></span> <span class='ocrx_word' id='word_1_130' title='bbox 2246 662 2376 717; x_wconf 88' lang='lat' dir='ltr'><strong>clari</strong></span> <span class='ocrx_word' id='word_1_131' title='bbox 2395 703 2411 731; x_wconf 93' lang='lat'><strong>,</strong></span> <span class='ocrx_word' id='word_1_132' title='bbox 2455 663 2596 718; x_wconf 89' lang='lat' dir='ltr'><strong>inter</strong></span> <span class='ocrx_word' id='word_1_133' title='bbox 2623 664 2769 718; x_wconf 86' lang='lat' dir='ltr'><strong>viros</strong></span> <span class='ocrx_word' id='word_1_134' title='bbox 2790 663 2965 718; x_wconf 79' lang='lat' dir='ltr'><strong>fortes</strong></span> <span class='ocrx_word' id='word_1_135' title='bbox 2996 664 3210 730; x_wconf 78' lang='lat' dir='ltr'><strong>eximii,</strong></span> <span class='ocrx_word' id='word_1_136' title='bbox 3240 665 3457 735; x_wconf 80' lang='lat' dir='ltr'><strong>quando</strong></span> 
     </span>
    </p>
   </div>
   <div class='ocr_carea' id='block_1_22' title="bbox 1871 753 3461 825">
    <p class='ocr_par' dir='ltr' id='par_1_22' title="bbox 1871 753 3461 825">
     <span class='ocr_line' id='line_1_22' title="bbox 1871 753 3461 825; baseline 0.003 -18"><span class='ocrx_word' id='word_1_137' title='bbox 1871 761 1928 807; x_wconf 92' lang='lat' dir='ltr'><strong>et</strong></span> <span class='ocrx_word' id='word_1_138' title='bbox 1974 753 2280 808; x_wconf 83' lang='lat' dir='ltr'><strong>valetudine</strong></span> <span class='ocrx_word' id='word_1_139' title='bbox 2321 755 2709 819; x_wconf 87' lang='lat' dir='ltr'><strong>membrorum,</strong></span> <span class='ocrx_word' id='word_1_140' title='bbox 2741 763 2799 809; x_wconf 92' lang='lat' dir='ltr'><strong>et</strong></span> <span class='ocrx_word' id='word_1_141' title='bbox 2839 754 3088 824; x_wconf 88' lang='lat' dir='ltr'><strong>corporis</strong></span> <span class='ocrx_word' id='word_1_142' title='bbox 3132 756 3461 825; x_wconf 82' lang='lat' dir='ltr'><strong>proceritate</strong></span> 
     </span>
    </p>
   </div>
   <div class='ocr_carea' id='block_1_23' title="bbox 1871 842 3462 913">
    <p class='ocr_par' dir='ltr' id='par_1_23' title="bbox 1871 842 3462 913">
     <span class='ocr_line' id='line_1_23' title="bbox 1871 842 3462 913; baseline 0.003 -17"><span class='ocrx_word' id='word_1_143' title='bbox 1871 842 2187 898; x_wconf 80' lang='lat' dir='ltr'><strong>floruerunt.</strong></span> <span class='ocrx_word' id='word_1_144' title='bbox 2223 843 2384 898; x_wconf 83' lang='lat' dir='ltr'><strong>Pa&#39;er</strong></span> <span class='ocrx_word' id='word_1_145' title='bbox 2426 846 2567 899; x_wconf 86' lang='lat' dir='ltr'><strong>enim</strong></span> <span class='ocrx_word' id='word_1_146' title='bbox 2602 846 2763 913; x_wconf 86' lang='lat' dir='ltr'><strong>hujus</strong></span> <span class='ocrx_word' id='word_1_147' title='bbox 2790 844 3062 900; x_wconf 86' lang='lat' dir='ltr'><strong>candidati</strong></span> <span class='ocrx_word' id='word_1_148' title='bbox 3092 846 3190 900; x_wconf 87' lang='lat' dir='ltr'><strong>sub</strong></span> <span class='ocrx_word' id='word_1_149' title='bbox 3218 844 3462 901; x_wconf 87' lang='lat' dir='ltr'><strong>Valenti-</strong></span> 
     </span>
    </p>
   </div>
   <div class='ocr_carea' id='block_1_24' title="bbox 1874 935 3461 1006">
    <p class='ocr_par' dir='ltr' id='par_1_24' title="bbox 1874 935 3461 1006">
     <span class='ocr_line' id='line_1_24' title="bbox 1874 935 3461 1006; baseline 0.001 -18"><span class='ocrx_word' id='word_1_150' title='bbox 1874 935 2037 989; x_wconf 91' lang='lat' dir='ltr'><strong>niano</strong></span> <span class='ocrx_word' id='word_1_151' title='bbox 2061 936 2301 1005; x_wconf 83' lang='lat' dir='ltr'><strong>principe</strong></span> <span class='ocrx_word' id='word_1_152' title='bbox 2327 936 2718 1006; x_wconf 46' lang='lat' dir='ltr'><strong>g‘ssit&#39;tribuni</strong></span> <span class='ocrx_word' id='word_1_153' title='bbox 2748 944 2808 991; x_wconf 89' lang='lat' dir='ltr'><strong>et</strong></span> <span class='ocrx_word' id='word_1_154' title='bbox 2834 939 3040 991; x_wconf 79' lang='lat' dir='ltr'><strong>.notarii</strong></span> <span class='ocrx_word' id='word_1_155' title='bbox 3067 947 3092 974; x_wconf 79' lang='grc' dir='ltr'>ἰ</span> <span class='ocrx_word' id='word_1_156' title='bbox 3122 937 3461 992; x_wconf 84' lang='lat' dir='ltr'><strong>laudabiliter</strong></span> 
     </span>
    </p>
   </div>
   <div class='ocr_carea' id='block_1_25' title="bbox 1873 1024 3459 1097">
    <p class='ocr_par' dir='ltr' id='par_1_25' title="bbox 1873 1024 3459 1097">
     <span class='ocr_line' id='line_1_25' title="bbox 1873 1024 3459 1097; baseline 0.003 -18"><span class='ocrx_word' id='word_1_157' title='bbox 1873 1024 2188 1092; x_wconf 74' lang='lat' dir='ltr'><strong>dignitatem</strong></span> <span class='ocrx_word' id='word_1_158' title='bbox 2216 1043 2230 1079; x_wconf 84' lang='lat'><strong><em>:</em></strong></span> <span class='ocrx_word' id='word_1_159' title='bbox 2273 1028 2452 1081; x_wconf 83' lang='lat' dir='ltr'><strong>honor</strong></span> <span class='ocrx_word' id='word_1_160' title='bbox 2488 1028 2579 1096; x_wconf 89' lang='lat' dir='ltr'><strong>qui</strong></span> <span class='ocrx_word' id='word_1_161' title='bbox 2611 1035 2739 1082; x_wconf 89' lang='lat' dir='ltr'><strong>tunc</strong></span> <span class='ocrx_word' id='word_1_162' title='bbox 2788 1028 3020 1083; x_wconf 85' lang='lat' dir='ltr'><strong>dabatur</strong></span> <span class='ocrx_word' id='word_1_163' title='bbox 3047 1029 3301 1097; x_wconf 82' lang='lat' dir='ltr'><strong>egregiis,</strong></span> <span class='ocrx_word' id='word_1_164' title='bbox 3331 1027 3459 1083; x_wconf 90' lang='lat' dir='ltr'><strong>dum</strong></span> 
     </span>
    </p>
   </div>
   <div class='ocr_carea' id='block_1_26' title="bbox 1873 1116 3458 1187">
    <p class='ocr_par' dir='ltr' id='par_1_26' title="bbox 1873 1116 3458 1187">
     <span class='ocr_line' id='line_1_26' title="bbox 1873 1116 3458 1187; baseline 0.002 -17"><span class='ocrx_word' id='word_1_165' title='bbox 1873 1117 1941 1171; x_wconf 91' lang='lat' dir='ltr'><strong>ad</strong></span> <span class='ocrx_word' id='word_1_166' title='bbox 1981 1116 2259 1185; x_wconf 83' lang='lat' dir='ltr'><strong>imperiale</strong></span> <span class='ocrx_word' id='word_1_167' title='bbox 2282 1125 2553 1173; x_wconf 87' lang='lat' dir='ltr'><strong>secretum</strong></span> <span class='ocrx_word' id='word_1_168' title='bbox 2586 1118 2724 1172; x_wconf 85' lang='lat' dir='ltr'><strong>tales</strong></span> <span class='ocrx_word' id='word_1_169' title='bbox 2750 1126 2963 1174; x_wconf 88' lang='lat' dir='ltr'><strong>constet</strong></span> <span class='ocrx_word' id='word_1_170' title='bbox 2991 1119 3133 1186; x_wconf 80' lang='lat' dir='ltr'><strong>eligi,</strong></span> <span class='ocrx_word' id='word_1_171' title='bbox 3164 1119 3217 1172; x_wconf 89' lang='lat' dir='ltr'><strong>in</strong></span> <span class='ocrx_word' id='word_1_172' title='bbox 3263 1118 3458 1187; x_wconf 87' lang='lat' dir='ltr'><strong>quibus</strong></span> 
     </span>
    </p>
   </div>
   <div class='ocr_carea' id='block_1_27' title="bbox 1873 1206 3461 1277">
    <p class='ocr_par' dir='ltr' id='par_1_27' title="bbox 1873 1206 3461 1277">
     <span class='ocr_line' id='line_1_27' title="bbox 1873 1206 3461 1277; baseline 0.003 -16"><span class='ocrx_word' id='word_1_173' title='bbox 1873 1206 2311 1276; x_wconf 75' lang='lat' dir='ltr'><strong>reprehensionis</strong></span> <span class='ocrx_word' id='word_1_174' title='bbox 2352 1208 2543 1263; x_wconf 79' lang='lat' dir='ltr'><strong>vitium</strong></span> <span class='ocrx_word' id='word_1_175' title='bbox 2573 1217 2810 1277; x_wconf 85' lang='lat' dir='ltr'><strong>nequeat</strong></span> <span class='ocrx_word' id='word_1_176' title='bbox 2867 1209 3112 1264; x_wconf 86' lang='lat' dir='ltr'><strong>inveniri.</strong></span> <span class='ocrx_word' id='word_1_177' title='bbox 3142 1208 3253 1264; x_wconf 82' lang='lat' dir='ltr'><strong>Sed</strong></span> <span class='ocrx_word' id='word_1_178' title='bbox 3295 1218 3352 1264; x_wconf 91' lang='lat' dir='ltr'><strong>ut</strong></span> <span class='ocrx_word' id='word_1_179' title='bbox 3400 1224 3461 1265; x_wconf 87' lang='lat' dir='ltr'><strong>se</strong></span> 
     </span>
    </p>
   </div>
   <div class='ocr_carea' id='block_1_28' title="bbox 1873 1296 3457 1371">
    <p class='ocr_par' dir='ltr' id='par_1_28' title="bbox 1873 1296 3457 1371">
     <span class='ocr_line' id='line_1_28' title="bbox 1873 1296 3457 1371; baseline 0.001 -22"><span class='ocrx_word' id='word_1_180' title='bbox 1873 1313 2031 1368; x_wconf 88' lang='lat' dir='ltr'><strong>pares</strong></span> <span class='ocrx_word' id='word_1_181' title='bbox 2059 1298 2221 1352; x_wconf 87' lang='lat' dir='ltr'><strong>animi</strong></span> <span class='ocrx_word' id='word_1_182' title='bbox 2270 1298 2448 1352; x_wconf 90' lang='lat' dir='ltr'><strong>solent</strong></span> <span class='ocrx_word' id='word_1_183' title='bbox 2472 1313 2686 1368; x_wconf 87' lang='lat' dir='ltr'><strong>semper</strong></span> <span class='ocrx_word' id='word_1_184' title='bbox 2712 1298 2915 1366; x_wconf 80' lang='lat' dir='ltr'><strong>eligere</strong></span> <span class='ocrx_word' id='word_1_185' title='bbox 2954 1296 3124 1371; x_wconf 79' lang='lat' dir='ltr'><strong>[GruL</strong></span> <span class='ocrx_word' id='word_1_186' title='bbox 3168 1298 3457 1369; x_wconf 72' lang='lat' dir='ltr'><strong>etCujac.,</strong></span> 
     </span>
    </p>
   </div>
   <div class='ocr_carea' id='block_1_29' title="bbox 1871 1386 3458 1459">
    <p class='ocr_par' dir='ltr' id='par_1_29' title="bbox 1871 1386 3458 1459">
     <span class='ocr_line' id='line_1_29' title="bbox 1871 1386 3458 1459; baseline 0.001 -17"><span class='ocrx_word' id='word_1_187' title='bbox 1871 1386 2150 1459; x_wconf 60' lang='lat' dir='ltr'><strong>diligere],</strong></span> <span class='ocrx_word' id='word_1_188' title='bbox 2193 1388 2420 1459; x_wconf 87' lang='lat' dir='ltr'><strong>patricio</strong></span> <span class='ocrx_word' id='word_1_189' title='bbox 2451 1390 2608 1444; x_wconf 83' lang='lat' dir='ltr'><strong>Aetio</strong></span> <span class='ocrx_word' id='word_1_190' title='bbox 2637 1405 2735 1459; x_wconf 90' lang='lat' dir='ltr'><strong>pro</strong></span> <span class='ocrx_word' id='word_1_191' title='bbox 2760 1388 3004 1458; x_wconf 40' lang='lat' dir='ltr'><strong>.juvanda</strong></span> <span class='ocrx_word' id='word_1_192' title='bbox 3042 1390 3233 1459; x_wconf 84' lang='lat' dir='ltr'><strong>repub.</strong></span> <span class='ocrx_word' id='word_1_193' title='bbox 3259 1403 3458 1459; x_wconf 88' lang='lat' dir='ltr'><strong>magna</strong></span> 
     </span>
    </p>
   </div>
   <div class='ocr_carea' id='block_1_30' title="bbox 1876 1478 3454 1549">
    <p class='ocr_par' dir='ltr' id='par_1_30' title="bbox 1876 1478 3454 1549">
     <span class='ocr_line' id='line_1_30' title="bbox 1876 1478 3454 1549; baseline -0.001 -14"><span class='ocrx_word' id='word_1_194' title='bbox 1876 1481 1975 1535; x_wconf 91' lang='lat' dir='ltr'><strong>fuit</strong></span> <span class='ocrx_word' id='word_1_195' title='bbox 1994 1481 2261 1535; x_wconf 86' lang='lat' dir='ltr'><strong>ebaritate</strong></span> <span class='ocrx_word' id='word_1_196' title='bbox 2290 1480 2562 1545; x_wconf 86' lang='lat' dir='ltr'><strong>sociatus;</strong></span> <span class='ocrx_word' id='word_1_197' title='bbox 2589 1495 2752 1549; x_wconf 84' lang='lat' dir='ltr'><strong>quem</strong></span> <span class='ocrx_word' id='word_1_198' title='bbox 2783 1488 2908 1535; x_wconf 90' lang='lat' dir='ltr'><strong>tunc</strong></span> <span class='ocrx_word' id='word_1_199' title='bbox 2934 1494 3114 1534; x_wconf 87' lang='lat' dir='ltr'><strong>rerum</strong></span> <span class='ocrx_word' id='word_1_200' title='bbox 3147 1478 3400 1534; x_wconf 83' lang='lat' dir='ltr'><strong>dominus</strong></span> <span class='ocrx_word' id='word_1_201' title='bbox 3428 1478 3454 1517; x_wconf 76' lang='grc' dir='ltr'><strong>ι’</strong></span> 
     </span>
    </p>
   </div>
   <div class='ocr_carea' id='block_1_31' title="bbox 1874 1568 3460 1642">
    <p class='ocr_par' dir='ltr' id='par_1_31' title="bbox 1874 1568 3460 1642">
     <span class='ocr_line' id='line_1_31' title="bbox 1874 1568 3460 1642; baseline -0.002 -15"><span class='ocrx_word' id='word_1_202' title='bbox 1874 1582 2097 1642; x_wconf 78' lang='lat' dir='ltr'><strong>prepter</strong></span> <span class='ocrx_word' id='word_1_203' title='bbox 2115 1572 2432 1641; x_wconf 88' lang='lat' dir='ltr'><strong>sapientiam</strong></span> <span class='ocrx_word' id='word_1_204' title='bbox 2458 1571 2541 1627; x_wconf 93' lang='lat' dir='ltr'><strong>sui</strong></span> <span class='ocrx_word' id='word_1_205' title='bbox 2562 1579 2614 1626; x_wconf 91' lang='lat' dir='ltr'><strong>et</strong></span> <span class='ocrx_word' id='word_1_206' title='bbox 2636 1570 2905 1640; x_wconf 86' lang='lat' dir='ltr'><strong>gloriosos</strong></span> <span class='ocrx_word' id='word_1_207' title='bbox 2931 1569 2983 1624; x_wconf 93' lang='lat' dir='ltr'><strong>in</strong></span> <span class='ocrx_word' id='word_1_208' title='bbox 3008 1569 3196 1639; x_wconf 84' lang='lat' dir='ltr'><strong>repub.</strong></span> <span class='ocrx_word' id='word_1_209' title='bbox 3226 1568 3460 1634; x_wconf 86' lang='lat' dir='ltr'><strong>labores.</strong></span> 
     </span>
    </p>
   </div>
   <div class='ocr_carea' id='block_1_32' title="bbox 1866 1669 3459 1739">
    <p class='ocr_par' dir='ltr' id='par_1_32' title="bbox 1866 1669 3459 1739">
     <span class='ocr_line' id='line_1_32' title="bbox 1866 1669 3459 1739; baseline 0 -15"><span class='ocrx_word' id='word_1_210' title='bbox 1866 1670 1926 1724; x_wconf 87' lang='lat' dir='ltr'><strong>in</strong></span> <span class='ocrx_word' id='word_1_211' title='bbox 1956 1670 2101 1724; x_wconf 91' lang='lat' dir='ltr'><strong>omni</strong></span> <span class='ocrx_word' id='word_1_212' title='bbox 2132 1669 2342 1725; x_wconf 88' lang='lat' dir='ltr'><strong>consilii</strong></span> <span class='ocrx_word' id='word_1_213' title='bbox 2370 1676 2528 1739; x_wconf 81' lang='lat' dir='ltr'><strong>parte</strong></span> <span class='ocrx_word' id='word_1_214' title='bbox 2556 1669 2901 1738; x_wconf 88' lang='lat' dir='ltr'><strong>sequebatur.</strong></span> <span class='ocrx_word' id='word_1_215' title='bbox 2934 1669 3014 1723; x_wconf 84' lang='lat' dir='ltr'><strong>Ad</strong></span> <span class='ocrx_word' id='word_1_216' title='bbox 3046 1669 3266 1723; x_wconf 73' lang='lat' dir='ltr'><strong>Attilam</strong></span> <span class='ocrx_word' id='word_1_217' title='bbox 3296 1669 3459 1737; x_wconf 88' lang='lat' dir='ltr'><strong>igitur</strong></span> 
     </span>
    </p>
   </div>
   <div class='ocr_carea' id='block_1_33' title="bbox 175 1757 3465 1830">
    <p class='ocr_par' dir='ltr' id='par_1_33' title="bbox 175 1757 3465 1830">
     <span class='ocr_line' id='line_1_33' title="bbox 175 1757 3465 1830; baseline 0 -16"><span class='ocrx_word' id='word_1_218' title='bbox 175 1760 515 1815; x_wconf 77' lang='lat' dir='ltr'><strong>oarrscientia</strong></span> <span class='ocrx_word' id='word_1_219' title='bbox 555 1775 666 1814; x_wconf 84' lang='lat' dir='ltr'><strong>non</strong></span> <span class='ocrx_word' id='word_1_220' title='bbox 696 1759 966 1814; x_wconf 83' lang='lat' dir='ltr'><strong>ministrat</strong></span> <span class='ocrx_word' id='word_1_221' title='bbox 998 1777 1012 1812; x_wconf 91' lang='lat'><strong>:</strong></span> <span class='ocrx_word' id='word_1_222' title='bbox 1043 1760 1304 1828; x_wconf 77' lang='lat' dir='ltr'><strong>quoniam</strong></span> <span class='ocrx_word' id='word_1_223' title='bbox 1346 1774 1605 1817; x_wconf 79' lang='lat' dir='ltr'><strong>excessus</strong></span> <span class='ocrx_word' id='word_1_224' title='bbox 1630 1768 1766 1816; x_wconf 81' lang='lat' dir='ltr'><strong>tunc</strong></span> <span class='ocrx_word' id='word_1_225' title='bbox 1798 1761 1843 1819; x_wconf 88' lang='lat' dir='ltr'><strong>B</strong></span> <span class='ocrx_word' id='word_1_226' title='bbox 1867 1776 2140 1815; x_wconf 77' lang='lat' dir='ltr'><strong>annorum</strong></span> <span class='ocrx_word' id='word_1_227' title='bbox 2165 1768 2451 1829; x_wconf 81' lang='lat' dir='ltr'><strong>potentem</strong></span> <span class='ocrx_word' id='word_1_228' title='bbox 2502 1775 2623 1815; x_wconf 84' lang='lat' dir='ltr'><strong>Cum</strong></span> <span class='ocrx_word' id='word_1_229' title='bbox 2652 1760 2947 1830; x_wconf 85' lang='lat' dir='ltr'><strong>supradicti</strong></span> <span class='ocrx_word' id='word_1_230' title='bbox 2994 1757 3103 1814; x_wconf 87' lang='lat' dir='ltr'><strong>filio</strong></span> <span class='ocrx_word' id='word_1_231' title='bbox 3154 1757 3465 1828; x_wconf 86' lang='lat' dir='ltr'><strong>Carpiliono</strong></span> 
     </span>
    </p>
   </div>
   <div class='ocr_carea' id='block_1_34' title="bbox 173 1848 1769 1921">
    <p class='ocr_par' dir='ltr' id='par_1_34' title="bbox 173 1848 1769 1921">
     <span class='ocr_line' id='line_1_34' title="bbox 173 1848 1769 1921; baseline -0.001 -16"><span class='ocrx_word' id='word_1_232' title='bbox 173 1859 295 1905; x_wconf 59' lang='lat' dir='ltr'><strong>sum.</strong></span> <span class='ocrx_word' id='word_1_233' title='bbox 320 1852 383 1904; x_wconf 86' lang='lat' dir='ltr'><strong>in</strong></span> <span class='ocrx_word' id='word_1_234' title='bbox 416 1849 732 1916; x_wconf 77' lang='lat' dir='ltr'><strong>formidine,</strong></span> <span class='ocrx_word' id='word_1_235' title='bbox 763 1866 886 1905; x_wconf 86' lang='lat' dir='ltr'><strong>cum</strong></span> <span class='ocrx_word' id='word_1_236' title='bbox 936 1848 1237 1905; x_wconf 76' lang='lat' dir='ltr'><strong>creduntur</strong></span> <span class='ocrx_word' id='word_1_237' title='bbox 1270 1849 1540 1919; x_wconf 86' lang='lat' dir='ltr'><strong>judicibus</strong></span> <span class='ocrx_word' id='word_1_238' title='bbox 1584 1849 1769 1921; x_wconf 86' lang='lat' dir='ltr'><strong>displi-</strong></span> 
     </span>
    </p>
   </div>
   <div class='ocr_carea' id='block_1_35' title="bbox 175 1939 1771 2013">
    <p class='ocr_par' dir='ltr' id='par_1_35' title="bbox 175 1939 1771 2013">
     <span class='ocr_line' id='line_1_35' title="bbox 175 1939 1771 2013; baseline 0.001 -17"><span class='ocrx_word' id='word_1_239' title='bbox 175 1956 317 1996; x_wconf 82' lang='lat' dir='ltr'><strong>cere.</strong></span> <span class='ocrx_word' id='word_1_240' title='bbox 343 1939 446 1996; x_wconf 88' lang='lat' dir='ltr'><strong>[lic</strong></span> <span class='ocrx_word' id='word_1_241' title='bbox 460 1941 653 2011; x_wconf 82' lang='lat' dir='ltr'><strong>itaque</strong></span> <span class='ocrx_word' id='word_1_242' title='bbox 674 1941 778 1995; x_wconf 88' lang='lat' dir='ltr'><strong>sub</strong></span> <span class='ocrx_word' id='word_1_243' title='bbox 807 1940 1129 2011; x_wconf 61' lang='lat' dir='ltr'><strong>praecedenti</strong></span> <span class='ocrx_word' id='word_1_244' title='bbox 1146 1955 1277 2011; x_wconf 83' lang='lat' dir='ltr'><strong>rege</strong></span> <span class='ocrx_word' id='word_1_245' title='bbox 1302 1942 1597 2013; x_wconf 76' lang='lat' dir='ltr'><strong>gymnasiis</strong></span> <span class='ocrx_word' id='word_1_246' title='bbox 1614 1957 1771 1997; x_wconf 76' lang='lat' dir='ltr'><strong>exer-</strong></span> 
     </span>
    </p>
   </div>
   <div class='ocr_carea' id='block_1_36' title="bbox 175 2031 1764 2104">
    <p class='ocr_par' dir='ltr' id='par_1_36' title="bbox 175 2031 1764 2104">
     <span class='ocr_line' id='line_1_36' title="bbox 175 2031 1764 2104; baseline 0.003 -17"><span class='ocrx_word' id='word_1_247' title='bbox 175 2033 392 2097; x_wconf 75' lang='lat' dir='ltr'><strong>citatus,</strong></span> <span class='ocrx_word' id='word_1_248' title='bbox 421 2032 670 2088; x_wconf 74' lang='lat' dir='ltr'><strong>emeritis</strong></span> <span class='ocrx_word' id='word_1_249' title='bbox 698 2032 945 2089; x_wconf 80' lang='lat' dir='ltr'><strong>laudibus</strong></span> <span class='ocrx_word' id='word_1_250' title='bbox 970 2031 1038 2088; x_wconf 83' lang='lat' dir='ltr'><strong>ad</strong></span> <span class='ocrx_word' id='word_1_251' title='bbox 1068 2033 1266 2103; x_wconf 83' lang='lat' dir='ltr'><strong>palatia</strong></span> <span class='ocrx_word' id='word_1_252' title='bbox 1288 2043 1472 2089; x_wconf 84' lang='lat' dir='ltr'><strong>nostra</strong></span> <span class='ocrx_word' id='word_1_253' title='bbox 1501 2036 1764 2104; x_wconf 85' lang='lat' dir='ltr'><strong>pervenit.</strong></span> 
     </span>
    </p>
   </div>
   <div class='ocr_carea' id='block_1_37' title="bbox 174 2122 1767 2190">
    <p class='ocr_par' dir='ltr' id='par_1_37' title="bbox 174 2122 1767 2190">
     <span class='ocr_line' id='line_1_37' title="bbox 174 2122 1767 2190; baseline 0.001 -11"><span class='ocrx_word' id='word_1_254' title='bbox 174 2122 505 2179; x_wconf 73' lang='lat' dir='ltr'><strong>Iierninistis</strong></span> <span class='ocrx_word' id='word_1_255' title='bbox 542 2123 721 2190; x_wconf 85' lang='lat' dir='ltr'><strong>enim,</strong></span> <span class='ocrx_word' id='word_1_256' title='bbox 748 2129 813 2178; x_wconf 82' lang='lat' dir='ltr'><strong>et</strong></span> <span class='ocrx_word' id='word_1_257' title='bbox 846 2122 1025 2179; x_wconf 78' lang='lat' dir='ltr'><strong>adhuc</strong></span> <span class='ocrx_word' id='word_1_258' title='bbox 1051 2123 1206 2179; x_wconf 72' lang='lat' dir='ltr'><strong>vobis</strong></span> <span class='ocrx_word' id='word_1_259' title='bbox 1249 2125 1549 2180; x_wconf 71' lang='lat' dir='ltr'><strong>recentium</strong></span> <span class='ocrx_word' id='word_1_260' title='bbox 1584 2141 1767 2180; x_wconf 76' lang='lat' dir='ltr'><strong>rerum</strong></span> 
     </span>
    </p>
   </div>
   <div class='ocr_carea' id='block_1_38' title="bbox 175 2214 1767 2285">
    <p class='ocr_par' dir='ltr' id='par_1_38' title="bbox 175 2214 1767 2285">
     <span class='ocr_line' id='line_1_38' title="bbox 175 2214 1767 2285; baseline 0 -14"><span class='ocrx_word' id='word_1_261' title='bbox 175 2216 437 2271; x_wconf 84' lang='lat' dir='ltr'><strong>memoria</strong></span> <span class='ocrx_word' id='word_1_262' title='bbox 469 2214 827 2280; x_wconf 83' lang='lat' dir='ltr'><strong>ministratur,</strong></span> <span class='ocrx_word' id='word_1_263' title='bbox 866 2229 975 2284; x_wconf 81' lang='lat' dir='ltr'><strong>qua</strong></span> <span class='ocrx_word' id='word_1_264' title='bbox 1018 2214 1395 2270; x_wconf 78' lang='lat' dir='ltr'><strong>moderatione</strong></span> <span class='ocrx_word' id='word_1_265' title='bbox 1442 2216 1767 2285; x_wconf 61' lang='lat' dir='ltr'><strong>praetoriano</strong></span> 
     </span>
    </p>
   </div>
   <div class='ocr_carea' id='block_1_39' title="bbox 174 2304 1765 2370">
    <p class='ocr_par' dir='ltr' id='par_1_39' title="bbox 174 2304 1765 2370">
     <span class='ocr_line' id='line_1_39' title="bbox 174 2304 1765 2370; baseline -0.003 -9"><span class='ocrx_word' id='word_1_266' title='bbox 174 2306 390 2361; x_wconf 76' lang='lat' dir='ltr'><strong>culmini</strong></span> <span class='ocrx_word' id='word_1_267' title='bbox 434 2306 649 2361; x_wconf 78' lang='lat' dir='ltr'><strong>locatus</strong></span> <span class='ocrx_word' id='word_1_268' title='bbox 695 2304 983 2369; x_wconf 81' lang='lat' dir='ltr'><strong>insederit,</strong></span> <span class='ocrx_word' id='word_1_269' title='bbox 1006 2312 1068 2360; x_wconf 85' lang='lat' dir='ltr'><strong>et</strong></span> <span class='ocrx_word' id='word_1_270' title='bbox 1093 2314 1313 2361; x_wconf 82' lang='lat' dir='ltr'><strong>evectus</strong></span> <span class='ocrx_word' id='word_1_271' title='bbox 1363 2306 1416 2360; x_wconf 85' lang='lat' dir='ltr'><strong>in</strong></span> <span class='ocrx_word' id='word_1_272' title='bbox 1464 2306 1765 2370; x_wconf 77' lang='lat' dir='ltr'><strong>excelsum,</strong></span> 
     </span>
    </p>
   </div>
   <div class='ocr_carea' id='block_1_40' title="bbox 178 2395 1783 2477">
    <p class='ocr_par' dir='ltr' id='par_1_40' title="bbox 178 2395 1783 2477">
     <span class='ocr_line' id='line_1_40' title="bbox 178 2395 1783 2477; baseline -0.001 -26"><span class='ocrx_word' id='word_1_273' title='bbox 178 2397 291 2452; x_wconf 86' lang='lat' dir='ltr'><strong>inde</strong></span> <span class='ocrx_word' id='word_1_274' title='bbox 322 2397 505 2465; x_wconf 85' lang='lat' dir='ltr'><strong>magis</strong></span> <span class='ocrx_word' id='word_1_275' title='bbox 527 2395 842 2465; x_wconf 80' lang='lat' dir='ltr'><strong>despexerit</strong></span> <span class='ocrx_word' id='word_1_276' title='bbox 860 2396 987 2450; x_wconf 82' lang='lat' dir='ltr'><strong>vitia</strong></span> <span class='ocrx_word' id='word_1_277' title='bbox 1011 2405 1425 2466; x_wconf 74' lang='lat' dir='ltr'><strong>prospectantia</strong></span> <span class='ocrx_word' id='word_1_278' title='bbox 1456 2395 1591 2469; x_wconf 73' lang='lat' dir='ltr'><strong>[irtii,</strong></span> <span class='ocrx_word' id='word_1_279' title='bbox 1622 2411 1783 2477; x_wconf 84' lang='lat' dir='ltr'><strong>pros-_</strong></span> 
     </span>
    </p>
   </div>
   <div class='ocr_carea' id='block_1_41' title="bbox 179 2485 1769 2558">
    <p class='ocr_par' dir='ltr' id='par_1_41' title="bbox 179 2485 1769 2558">
     <span class='ocr_line' id='line_1_41' title="bbox 179 2485 1769 2558; baseline -0.001 -16"><span class='ocrx_word' id='word_1_280' title='bbox 179 2485 478 2558; x_wconf 88' lang='lat' dir='ltr'><strong>perorum].</strong></span> <span class='ocrx_word' id='word_1_281' title='bbox 507 2485 667 2541; x_wconf 85' lang='lat' dir='ltr'><strong>Nullo</strong></span> <span class='ocrx_word' id='word_1_282' title='bbox 693 2486 916 2556; x_wconf 86' lang='lat' dir='ltr'><strong>quippe,</strong></span> <span class='ocrx_word' id='word_1_283' title='bbox 940 2495 1004 2541; x_wconf 82' lang='lat' dir='ltr'><strong>ut</strong></span> <span class='ocrx_word' id='word_1_284' title='bbox 1024 2487 1295 2557; x_wconf 76' lang='lat' dir='ltr'><strong>plerisque</strong></span> <span class='ocrx_word' id='word_1_285' title='bbox 1326 2488 1495 2542; x_wconf 90' lang='lat' dir='ltr'><strong>moris</strong></span> <span class='ocrx_word' id='word_1_286' title='bbox 1520 2495 1626 2553; x_wconf 91' lang='lat' dir='ltr'><strong>est,</strong></span> <span class='ocrx_word' id='word_1_287' title='bbox 1655 2486 1769 2541; x_wconf 88' lang='lat' dir='ltr'><strong>ela-</strong></span> 
     </span>
    </p>
   </div>
   <div class='ocr_carea' id='block_1_42' title="bbox 181 2576 1767 2646">
    <p class='ocr_par' dir='ltr' id='par_1_42' title="bbox 181 2576 1767 2646">
     <span class='ocr_line' id='line_1_42' title="bbox 181 2576 1767 2646; baseline -0.003 -13"><span class='ocrx_word' id='word_1_288' title='bbox 181 2587 260 2633; x_wconf 84' lang='lat' dir='ltr'><strong>tus</strong></span> <span class='ocrx_word' id='word_1_289' title='bbox 285 2578 481 2633; x_wconf 87' lang='lat' dir='ltr'><strong>favore</strong></span> <span class='ocrx_word' id='word_1_290' title='bbox 508 2576 758 2644; x_wconf 66' lang='lat' dir='ltr'><strong>fortunae,</strong></span> <span class='ocrx_word' id='word_1_291' title='bbox 785 2578 840 2631; x_wconf 90' lang='lat' dir='ltr'><strong>in</strong></span> <span class='ocrx_word' id='word_1_292' title='bbox 866 2577 1187 2632; x_wconf 83' lang='lat' dir='ltr'><strong>cothurnum</strong></span> <span class='ocrx_word' id='word_1_293' title='bbox 1208 2592 1269 2633; x_wconf 89' lang='lat' dir='ltr'><strong>se</strong></span> <span class='ocrx_word' id='word_1_294' title='bbox 1294 2590 1503 2645; x_wconf 58' lang='lat' dir='ltr'><strong>magna:</strong></span> <span class='ocrx_word' id='word_1_295' title='bbox 1524 2585 1767 2646; x_wconf 87' lang='lat' dir='ltr'><strong>potesta-</strong></span> 
     </span>
    </p>
   </div>
   <div class='ocr_carea' id='block_1_43' title="bbox 181 2667 1768 2737">
    <p class='ocr_par' dir='ltr' id='par_1_43' title="bbox 181 2667 1768 2737">
     <span class='ocr_line' id='line_1_43' title="bbox 181 2667 1768 2737; baseline -0.003 -13"><span class='ocrx_word' id='word_1_296' title='bbox 181 2670 243 2724; x_wconf 86' lang='lat' dir='ltr'><strong>tis</strong></span> <span class='ocrx_word' id='word_1_297' title='bbox 280 2669 493 2733; x_wconf 87' lang='lat' dir='ltr'><strong>erexit;</strong></span> <span class='ocrx_word' id='word_1_298' title='bbox 522 2668 615 2724; x_wconf 84' lang='lat' dir='ltr'><strong>sed</strong></span> <span class='ocrx_word' id='word_1_299' title='bbox 643 2669 897 2737; x_wconf 59' lang='lat' dir='ltr'><strong>aequitate</strong></span> <span class='ocrx_word' id='word_1_300' title='bbox 948 2677 1144 2723; x_wconf 87' lang='lat' dir='ltr'><strong>cuncta</strong></span> <span class='ocrx_word' id='word_1_301' title='bbox 1178 2667 1508 2733; x_wconf 89' lang='lat' dir='ltr'><strong>moderatus,</strong></span> <span class='ocrx_word' id='word_1_302' title='bbox 1538 2667 1768 2736; x_wconf 87' lang='lat' dir='ltr'><strong>gratianr</strong></span> 
     </span>
    </p>
   </div>
   <div class='ocr_carea' id='block_1_44' title="bbox 178 2757 1769 2828">
    <p class='ocr_par' dir='ltr' id='par_1_44' title="bbox 178 2757 1769 2828">
     <span class='ocr_line' id='line_1_44' title="bbox 178 2757 1769 2828; baseline 0.001 -15"><span class='ocrx_word' id='word_1_303' title='bbox 178 2768 418 2814; x_wconf 84' lang='lat' dir='ltr'><strong>nostram</strong></span> <span class='ocrx_word' id='word_1_304' title='bbox 453 2758 509 2812; x_wconf 86' lang='lat' dir='ltr'><strong>in</strong></span> <span class='ocrx_word' id='word_1_305' title='bbox 537 2772 599 2813; x_wconf 81' lang='lat' dir='ltr'><strong>se</strong></span> <span class='ocrx_word' id='word_1_306' title='bbox 629 2773 736 2812; x_wconf 87' lang='lat' dir='ltr'><strong>non</strong></span> <span class='ocrx_word' id='word_1_307' title='bbox 772 2757 1004 2812; x_wconf 88' lang='lat' dir='ltr'><strong>reddidit</strong></span> <span class='ocrx_word' id='word_1_308' title='bbox 1031 2758 1294 2812; x_wconf 80' lang='lat' dir='ltr'><strong>odiosam.</strong></span> <span class='ocrx_word' id='word_1_309' title='bbox 1329 2758 1530 2828; x_wconf 79' lang='lat' dir='ltr'><strong>Majora</strong></span> <span class='ocrx_word' id='word_1_310' title='bbox 1564 2757 1670 2812; x_wconf 85' lang='lat' dir='ltr'><strong>sibi</strong></span> <span class='ocrx_word' id='word_1_311' title='bbox 1699 2758 1769 2814; x_wconf 85' lang='lat' dir='ltr'><strong>de</strong></span> 
     </span>
    </p>
   </div>
   <div class='ocr_carea' id='block_1_45' title="bbox 178 2846 1767 2916">
    <p class='ocr_par' dir='ltr' id='par_1_45' title="bbox 178 2846 1767 2916">
     <span class='ocr_line' id='line_1_45' title="bbox 178 2846 1767 2916; baseline -0.001 -13"><span class='ocrx_word' id='word_1_312' title='bbox 178 2863 234 2903; x_wconf 79' lang='lat' dir='ltr'><strong>se</strong></span> <span class='ocrx_word' id='word_1_313' title='bbox 259 2848 394 2903; x_wconf 87' lang='lat' dir='ltr'><strong>fecit</strong></span> <span class='ocrx_word' id='word_1_314' title='bbox 415 2847 615 2916; x_wconf 85' lang='lat' dir='ltr'><strong>optari,</strong></span> <span class='ocrx_word' id='word_1_315' title='bbox 657 2846 784 2901; x_wconf 89' lang='lat' dir='ltr'><strong>dum</strong></span> <span class='ocrx_word' id='word_1_316' title='bbox 813 2846 951 2900; x_wconf 88' lang='lat' dir='ltr'><strong>intra</strong></span> <span class='ocrx_word' id='word_1_317' title='bbox 985 2847 1261 2902; x_wconf 71' lang='lat' dir='ltr'><strong>modestia:</strong></span> <span class='ocrx_word' id='word_1_318' title='bbox 1292 2848 1550 2903; x_wconf 87' lang='lat' dir='ltr'><strong>terminos</strong></span> <span class='ocrx_word' id='word_1_319' title='bbox 1578 2862 1767 2916; x_wconf 90' lang='lat' dir='ltr'><strong>magna</strong></span> 
     </span>
    </p>
   </div>
   <div class='ocr_carea' id='block_1_46' title="bbox 176 2935 1767 3007">
    <p class='ocr_par' dir='ltr' id='par_1_46' title="bbox 176 2935 1767 3007">
     <span class='ocr_line' id='line_1_46' title="bbox 176 2935 1767 3007; baseline -0.001 -14"><span class='ocrx_word' id='word_1_320' title='bbox 176 2938 444 2993; x_wconf 82' lang='lat' dir='ltr'><strong>cohibuit.</strong></span> <span class='ocrx_word' id='word_1_321' title='bbox 471 2935 571 2991; x_wconf 78' lang='lat' dir='ltr'><strong>llic</strong></span> <span class='ocrx_word' id='word_1_322' title='bbox 592 2944 674 2991; x_wconf 92' lang='lat' dir='ltr'><strong>est</strong></span> <span class='ocrx_word' id='word_1_323' title='bbox 703 2937 844 2991; x_wconf 90' lang='lat' dir='ltr'><strong>enim</strong></span> <span class='ocrx_word' id='word_1_324' title='bbox 881 2937 1125 3007; x_wconf 71' lang='lat' dir='ltr'><strong>probatu:</strong></span> <span class='ocrx_word' id='word_1_325' title='bbox 1155 2937 1499 2992; x_wconf 71' lang='lat' dir='ltr'><strong>conscientia:</strong></span> <span class='ocrx_word' id='word_1_326' title='bbox 1522 2937 1767 3002; x_wconf 85' lang='lat' dir='ltr'><strong>gratissi-</strong></span> 
     </span>
    </p>
   </div>
   <div class='ocr_carea' id='block_1_47' title="bbox 180 3028 1769 3099">
    <p class='ocr_par' dir='ltr' id='par_1_47' title="bbox 180 3028 1769 3099">
     <span class='ocr_line' id='line_1_47' title="bbox 180 3028 1769 3099; baseline 0.002 -17"><span class='ocrx_word' id='word_1_327' title='bbox 180 3044 298 3084; x_wconf 83' lang='lat' dir='ltr'><strong>mus</strong></span> <span class='ocrx_word' id='word_1_328' title='bbox 336 3028 565 3093; x_wconf 77' lang='lat' dir='ltr'><strong>fructus,</strong></span> <span class='ocrx_word' id='word_1_329' title='bbox 614 3036 674 3082; x_wconf 92' lang='lat' dir='ltr'><strong>ut</strong></span> <span class='ocrx_word' id='word_1_330' title='bbox 711 3028 955 3098; x_wconf 90' lang='lat' dir='ltr'><strong>quamvis</strong></span> <span class='ocrx_word' id='word_1_331' title='bbox 992 3043 1199 3083; x_wconf 90' lang='lat' dir='ltr'><strong>summa</strong></span> <span class='ocrx_word' id='word_1_332' title='bbox 1246 3029 1481 3098; x_wconf 91' lang='lat' dir='ltr'><strong>potuerit</strong></span> <span class='ocrx_word' id='word_1_333' title='bbox 1520 3030 1769 3099; x_wconf 90' lang='lat' dir='ltr'><strong>adipisci,</strong></span> 
     </span>
    </p>
   </div>
   <div class='ocr_carea' id='block_1_48' title="bbox 1874 1852 3462 1922">
    <p class='ocr_par' dir='ltr' id='par_1_48' title="bbox 1874 1852 3462 1922">
     <span class='ocr_line' id='line_1_48' title="bbox 1874 1852 3462 1922; baseline 0.001 -16"><span class='ocrx_word' id='word_1_334' title='bbox 1874 1852 2157 1922; x_wconf 78' lang='lat' dir='ltr'><strong>legationis</strong></span> <span class='ocrx_word' id='word_1_335' title='bbox 2185 1861 2269 1908; x_wconf 91' lang='lat' dir='ltr'><strong>est</strong></span> <span class='ocrx_word' id='word_1_336' title='bbox 2306 1852 2487 1907; x_wconf 84' lang='lat' dir='ltr'><strong>officio</strong></span> <span class='ocrx_word' id='word_1_337' title='bbox 2514 1868 2623 1909; x_wconf 90' lang='lat' dir='ltr'><strong>non</strong></span> <span class='ocrx_word' id='word_1_338' title='bbox 2669 1854 2819 1908; x_wconf 76' lang='lat' dir='ltr'><strong>irrito</strong></span> <span class='ocrx_word' id='word_1_339' title='bbox 2848 1853 3170 1909; x_wconf 88' lang='lat' dir='ltr'><strong>destinatus.</strong></span> <span class='ocrx_word' id='word_1_340' title='bbox 3202 1852 3346 1908; x_wconf 82' lang='lat' dir='ltr'><strong>Vidit</strong></span> <span class='ocrx_word' id='word_1_341' title='bbox 3376 1854 3462 1908; x_wconf 91' lang='lat' dir='ltr'><strong>in-</strong></span> 
     </span>
    </p>
   </div>
   <div class='ocr_carea' id='block_1_49' title="bbox 1871 1942 3464 2014">
    <p class='ocr_par' dir='ltr' id='par_1_49' title="bbox 1871 1942 3464 2014">
     <span class='ocr_line' id='line_1_49' title="bbox 1871 1942 3464 2014; baseline 0.002 -19"><span class='ocrx_word' id='word_1_342' title='bbox 1871 1944 2112 2013; x_wconf 82' lang='lat' dir='ltr'><strong>trepidus</strong></span> <span class='ocrx_word' id='word_1_343' title='bbox 2140 1959 2300 2014; x_wconf 81' lang='lat' dir='ltr'><strong>quem</strong></span> <span class='ocrx_word' id='word_1_344' title='bbox 2332 1942 2555 1998; x_wconf 84' lang='lat' dir='ltr'><strong>timebat</strong></span> <span class='ocrx_word' id='word_1_345' title='bbox 2579 1944 2861 2013; x_wconf 85' lang='lat' dir='ltr'><strong>imperium</strong></span> <span class='ocrx_word' id='word_1_346' title='bbox 2884 1961 2898 2010; x_wconf 90' lang='lat'><strong>;</strong></span> <span class='ocrx_word' id='word_1_347' title='bbox 2920 1943 3083 1999; x_wconf 84' lang='lat' dir='ltr'><strong>facies</strong></span> <span class='ocrx_word' id='word_1_348' title='bbox 3108 1944 3227 2000; x_wconf 87' lang='lat' dir='ltr'><strong>illas</strong></span> <span class='ocrx_word' id='word_1_349' title='bbox 3248 1944 3464 2000; x_wconf 88' lang='lat' dir='ltr'><strong>terribi-</strong></span> 
     </span>
    </p>
   </div>
   <div class='ocr_carea' id='block_1_50' title="bbox 1870 2033 3453 2107">
    <p class='ocr_par' dir='ltr' id='par_1_50' title="bbox 1870 2033 3453 2107">
     <span class='ocr_line' id='line_1_50' title="bbox 1870 2033 3453 2107; baseline 0 -17"><span class='ocrx_word' id='word_1_350' title='bbox 1870 2033 1951 2090; x_wconf 85' lang='lat' dir='ltr'><strong>les</strong></span> <span class='ocrx_word' id='word_1_351' title='bbox 1990 2042 2045 2088; x_wconf 89' lang='lat' dir='ltr'><strong>et</strong></span> <span class='ocrx_word' id='word_1_352' title='bbox 2085 2035 2347 2100; x_wconf 88' lang='lat' dir='ltr'><strong>minaces,</strong></span> <span class='ocrx_word' id='word_1_353' title='bbox 2396 2033 2568 2089; x_wconf 87' lang='lat' dir='ltr'><strong>fretus</strong></span> <span class='ocrx_word' id='word_1_354' title='bbox 2614 2035 2844 2089; x_wconf 83' lang='lat' dir='ltr'><strong>veritate</strong></span> <span class='ocrx_word' id='word_1_355' title='bbox 2881 2035 3005 2107; x_wconf 69' lang='grc' dir='ltr'><strong>[ιιι.</strong></span> <span class='ocrx_word' id='word_1_356' title='bbox 3038 2033 3163 2089; x_wconf 69' lang='lat' dir='ltr'><strong>Nic.</strong></span> <span class='ocrx_word' id='word_1_357' title='bbox 3196 2044 3246 2090; x_wconf 74' lang='lat' dir='ltr'><strong>et</strong></span> <span class='ocrx_word' id='word_1_358' title='bbox 3272 2035 3453 2105; x_wconf 62' lang='lat' dir='ltr'><strong>Germ,</strong></span> 
     </span>
    </p>
   </div>
   <div class='ocr_carea' id='block_1_51' title="bbox 1868 2121 3465 2193">
    <p class='ocr_par' dir='ltr' id='par_1_51' title="bbox 1868 2121 3465 2193">
     <span class='ocr_line' id='line_1_51' title="bbox 1868 2121 3465 2193; baseline 0.003 -17"><span class='ocrx_word' id='word_1_359' title='bbox 1868 2121 2250 2193; x_wconf 84' lang='lat' dir='ltr'><strong>auctoritate],</strong></span> <span class='ocrx_word' id='word_1_360' title='bbox 2298 2122 2585 2191; x_wconf 75' lang='lat' dir='ltr'><strong>despexit;</strong></span> <span class='ocrx_word' id='word_1_361' title='bbox 2616 2138 2718 2178; x_wconf 90' lang='lat' dir='ltr'><strong>nec</strong></span> <span class='ocrx_word' id='word_1_362' title='bbox 2751 2123 3025 2178; x_wconf 74' lang='lat' dir='ltr'><strong>dubitavit</strong></span> <span class='ocrx_word' id='word_1_363' title='bbox 3068 2122 3188 2193; x_wconf 89' lang='lat' dir='ltr'><strong>ejus</strong></span> <span class='ocrx_word' id='word_1_364' title='bbox 3233 2124 3465 2180; x_wconf 72' lang='lat' dir='ltr'><strong>alterca-</strong></span> 
     </span>
    </p>
   </div>
   <div class='ocr_carea' id='block_1_52' title="bbox 1871 2212 3459 2286">
    <p class='ocr_par' dir='ltr' id='par_1_52' title="bbox 1871 2212 3459 2286">
     <span class='ocr_line' id='line_1_52' title="bbox 1871 2212 3459 2286; baseline 0.004 -19"><span class='ocrx_word' id='word_1_365' title='bbox 1871 2212 2107 2268; x_wconf 88' lang='lat' dir='ltr'><strong>tionibus</strong></span> <span class='ocrx_word' id='word_1_366' title='bbox 2160 2214 2399 2279; x_wconf 78' lang='lat' dir='ltr'><strong>obviare,</strong></span> <span class='ocrx_word' id='word_1_367' title='bbox 2449 2213 2541 2281; x_wconf 88' lang='lat' dir='ltr'><strong>qui</strong></span> <span class='ocrx_word' id='word_1_368' title='bbox 2589 2212 2773 2269; x_wconf 89' lang='lat' dir='ltr'><strong>furore</strong></span> <span class='ocrx_word' id='word_1_369' title='bbox 2817 2216 3004 2271; x_wconf 80' lang='lat' dir='ltr'><strong>nescio</strong></span> <span class='ocrx_word' id='word_1_370' title='bbox 3033 2230 3142 2284; x_wconf 85' lang='lat' dir='ltr'><strong>quo</strong></span> <span class='ocrx_word' id='word_1_371' title='bbox 3189 2225 3459 2286; x_wconf 74' lang='lat' dir='ltr'><strong>raptatus,</strong></span> 
     </span>
    </p>
   </div>
   <div class='ocr_carea' id='block_1_53' title="bbox 1869 2304 3462 2379">
    <p class='ocr_par' dir='ltr' id='par_1_53' title="bbox 1869 2304 3462 2379">
     <span class='ocr_line' id='line_1_53' title="bbox 1869 2304 3462 2379; baseline 0.002 -19"><span class='ocrx_word' id='word_1_372' title='bbox 1869 2305 2050 2360; x_wconf 87' lang='lat' dir='ltr'><strong>mundi</strong></span> <span class='ocrx_word' id='word_1_373' title='bbox 2071 2304 2406 2360; x_wconf 85' lang='lat' dir='ltr'><strong>dominatum</strong></span> <span class='ocrx_word' id='word_1_374' title='bbox 2434 2304 2716 2360; x_wconf 87' lang='lat' dir='ltr'><strong>videbatur</strong></span> <span class='ocrx_word' id='word_1_375' title='bbox 2734 2313 3012 2375; x_wconf 79' lang='lat' dir='ltr'><strong>expetere.</strong></span> <span class='ocrx_word' id='word_1_376' title='bbox 3039 2305 3249 2362; x_wconf 81' lang='lat' dir='ltr'><strong>invenit</strong></span> <span class='ocrx_word' id='word_1_377' title='bbox 3277 2322 3462 2379; x_wconf 84' lang='lat' dir='ltr'><strong>regem</strong></span> 
     </span>
    </p>
   </div>
   <div class='ocr_carea' id='block_1_54' title="bbox 1868 2394 3467 2466">
    <p class='ocr_par' dir='ltr' id='par_1_54' title="bbox 1868 2394 3467 2466">
     <span class='ocr_line' id='line_1_54' title="bbox 1868 2394 3467 2466; baseline 0.003 -16"><span class='ocrx_word' id='word_1_378' title='bbox 1868 2396 2182 2465; x_wconf 86' lang='lat' dir='ltr'><strong>superbum,</strong></span> <span class='ocrx_word' id='word_1_379' title='bbox 2230 2394 2328 2450; x_wconf 91' lang='lat' dir='ltr'><strong>sed</strong></span> <span class='ocrx_word' id='word_1_380' title='bbox 2372 2395 2598 2465; x_wconf 84' lang='lat' dir='ltr'><strong>reliquit</strong></span> <span class='ocrx_word' id='word_1_381' title='bbox 2645 2394 2951 2466; x_wconf 84' lang='lat' dir='ltr'><strong>placatum;</strong></span> <span class='ocrx_word' id='word_1_382' title='bbox 3001 2405 3060 2453; x_wconf 81' lang='lat' dir='ltr'><strong>et</strong></span> <span class='ocrx_word' id='word_1_383' title='bbox 3104 2397 3467 2455; x_wconf 82' lang='lat' dir='ltr'><strong>calumniosas</strong></span> 
     </span>
    </p>
   </div>
   <div class='ocr_carea' id='block_1_55' title="bbox 1868 2486 3466 2557">
    <p class='ocr_par' dir='ltr' id='par_1_55' title="bbox 1868 2486 3466 2557">
     <span class='ocr_line' id='line_1_55' title="bbox 1868 2486 3466 2557; baseline 0.003 -14"><span class='ocrx_word' id='word_1_384' title='bbox 1868 2488 1987 2556; x_wconf 87' lang='lat' dir='ltr'><strong>ejus</strong></span> <span class='ocrx_word' id='word_1_385' title='bbox 2012 2488 2368 2557; x_wconf 81' lang='lat' dir='ltr'><strong>allegationes</strong></span> <span class='ocrx_word' id='word_1_386' title='bbox 2398 2495 2549 2542; x_wconf 82' lang='lat' dir='ltr'><strong>tanta</strong></span> <span class='ocrx_word' id='word_1_387' title='bbox 2573 2487 2804 2543; x_wconf 87' lang='lat' dir='ltr'><strong>veritate</strong></span> <span class='ocrx_word' id='word_1_388' title='bbox 2850 2486 3135 2552; x_wconf 75' lang='lat' dir='ltr'><strong>destruxit,</strong></span> <span class='ocrx_word' id='word_1_389' title='bbox 3160 2497 3231 2543; x_wconf 89' lang='lat' dir='ltr'><strong>ut</strong></span> <span class='ocrx_word' id='word_1_390' title='bbox 3256 2487 3466 2547; x_wconf 86' lang='lat' dir='ltr'><strong>voluis-</strong></span> 
     </span>
    </p>
   </div>
   <div class='ocr_carea' id='block_1_56' title="bbox 1869 2575 3464 2648">
    <p class='ocr_par' dir='ltr' id='par_1_56' title="bbox 1869 2575 3464 2648">
     <span class='ocr_line' id='line_1_56' title="bbox 1869 2575 3464 2648; baseline 0.001 -15"><span class='ocrx_word' id='word_1_391' title='bbox 1869 2587 1953 2633; x_wconf 87' lang='lat' dir='ltr'><strong>set</strong></span> <span class='ocrx_word' id='word_1_392' title='bbox 1978 2578 2206 2647; x_wconf 79' lang='lat' dir='ltr'><strong>gratiam</strong></span> <span class='ocrx_word' id='word_1_393' title='bbox 2228 2592 2504 2647; x_wconf 67' lang='lat' dir='ltr'><strong>quaerere,</strong></span> <span class='ocrx_word' id='word_1_394' title='bbox 2535 2576 2625 2632; x_wconf 88' lang='lat' dir='ltr'><strong>cui</strong></span> <span class='ocrx_word' id='word_1_395' title='bbox 2650 2575 2979 2646; x_wconf 85' lang='lat' dir='ltr'><strong>expediebat</strong></span> <span class='ocrx_word' id='word_1_396' title='bbox 3005 2578 3061 2648; x_wconf 65' lang='grc' dir='ltr'><strong><em>Β</em></strong></span> <span class='ocrx_word' id='word_1_397' title='bbox 3099 2592 3290 2648; x_wconf 85' lang='lat' dir='ltr'><strong>pacem</strong></span> <span class='ocrx_word' id='word_1_398' title='bbox 3338 2593 3464 2634; x_wconf 91' lang='lat' dir='ltr'><strong>cum</strong></span> 
     </span>
    </p>
   </div>
   <div class='ocr_carea' id='block_1_57' title="bbox 1869 2664 3465 2740">
    <p class='ocr_par' dir='ltr' id='par_1_57' title="bbox 1869 2664 3465 2740">
     <span class='ocr_line' id='line_1_57' title="bbox 1869 2664 3465 2740; baseline -0.002 -16"><span class='ocrx_word' id='word_1_399' title='bbox 1869 2681 2040 2737; x_wconf 87' lang='lat' dir='ltr'><strong>regno</strong></span> <span class='ocrx_word' id='word_1_400' title='bbox 2067 2668 2333 2727; x_wconf 79' lang='lat' dir='ltr'><strong>ditissima</strong></span> <span class='ocrx_word' id='word_1_401' title='bbox 2364 2682 2471 2722; x_wconf 91' lang='lat' dir='ltr'><strong>non</strong></span> <span class='ocrx_word' id='word_1_402' title='bbox 2489 2667 2719 2740; x_wconf 74' lang='lat' dir='ltr'><strong>habere.</strong></span> <span class='ocrx_word' id='word_1_403' title='bbox 2744 2664 3001 2735; x_wconf 84' lang='lat' dir='ltr'><strong>Erigebat</strong></span> <span class='ocrx_word' id='word_1_404' title='bbox 3026 2668 3334 2723; x_wconf 86' lang='lat' dir='ltr'><strong>constantia</strong></span> <span class='ocrx_word' id='word_1_405' title='bbox 3364 2681 3465 2724; x_wconf 88' lang='lat' dir='ltr'><strong>sua</strong></span> 
     </span>
    </p>
   </div>
   <div class='ocr_carea' id='block_1_58' title="bbox 1867 2758 3463 2831">
    <p class='ocr_par' dir='ltr' id='par_1_58' title="bbox 1867 2758 3463 2831">
     <span class='ocr_line' id='line_1_58' title="bbox 1867 2758 3463 2831; baseline -0.001 -16"><span class='ocrx_word' id='word_1_406' title='bbox 1867 2768 2054 2831; x_wconf 83' lang='lat' dir='ltr'><strong>partes</strong></span> <span class='ocrx_word' id='word_1_407' title='bbox 2072 2760 2365 2825; x_wconf 71' lang='lat' dir='ltr'><strong>timemes;</strong></span> <span class='ocrx_word' id='word_1_408' title='bbox 2387 2773 2490 2814; x_wconf 87' lang='lat' dir='ltr'><strong>nec</strong></span> <span class='ocrx_word' id='word_1_409' title='bbox 2516 2758 2763 2819; x_wconf 85' lang='lat' dir='ltr'><strong>imbelles</strong></span> <span class='ocrx_word' id='word_1_410' title='bbox 2795 2767 2924 2814; x_wconf 87' lang='lat' dir='ltr'><strong>sunt</strong></span> <span class='ocrx_word' id='word_1_411' title='bbox 2944 2758 3160 2826; x_wconf 88' lang='lat' dir='ltr'><strong>crediti,</strong></span> <span class='ocrx_word' id='word_1_412' title='bbox 3190 2759 3285 2830; x_wconf 89' lang='lat' dir='ltr'><strong>qui</strong></span> <span class='ocrx_word' id='word_1_413' title='bbox 3314 2759 3463 2829; x_wconf 81' lang='lat' dir='ltr'><strong>lega-</strong></span> 
     </span>
    </p>
   </div>
   <div class='ocr_carea' id='block_1_59' title="bbox 1864 2847 3462 2921">
    <p class='ocr_par' dir='ltr' id='par_1_59' title="bbox 1864 2847 3462 2921">
     <span class='ocr_line' id='line_1_59' title="bbox 1864 2847 3462 2921; baseline -0.001 -15"><span class='ocrx_word' id='word_1_414' title='bbox 1864 2853 1941 2906; x_wconf 81' lang='lat' dir='ltr'><strong>tis</strong></span> <span class='ocrx_word' id='word_1_415' title='bbox 1961 2852 2156 2907; x_wconf 92' lang='lat' dir='ltr'><strong>talibus</strong></span> <span class='ocrx_word' id='word_1_416' title='bbox 2173 2850 2495 2905; x_wconf 78' lang='lat' dir='ltr'><strong>videbantur</strong></span> <span class='ocrx_word' id='word_1_417' title='bbox 2519 2848 2737 2905; x_wconf 82' lang='lat' dir='ltr'><strong>armari.</strong></span> <span class='ocrx_word' id='word_1_418' title='bbox 2762 2847 2960 2905; x_wconf 82' lang='lat' dir='ltr'><strong>Pacem</strong></span> <span class='ocrx_word' id='word_1_419' title='bbox 2990 2850 3174 2905; x_wconf 90' lang='lat' dir='ltr'><strong>retulit</strong></span> <span class='ocrx_word' id='word_1_420' title='bbox 3199 2850 3462 2921; x_wconf 84' lang='lat' dir='ltr'><strong>despera-</strong></span> 
     </span>
    </p>
   </div>
   <div class='ocr_carea' id='block_1_60' title="bbox 1873 2938 3460 3010">
    <p class='ocr_par' dir='ltr' id='par_1_60' title="bbox 1873 2938 3460 3010">
     <span class='ocr_line' id='line_1_60' title="bbox 1873 2938 3460 3010; baseline 0.001 -16"><span class='ocrx_word' id='word_1_421' title='bbox 1873 2949 2002 2994; x_wconf 90' lang='lat' dir='ltr'><strong>tam.</strong></span> <span class='ocrx_word' id='word_1_422' title='bbox 2035 2939 2201 3009; x_wconf 82' lang='lat' dir='ltr'><strong>Cujus</strong></span> <span class='ocrx_word' id='word_1_423' title='bbox 2249 2940 2445 3007; x_wconf 79' lang='lat' dir='ltr'><strong>legatio</strong></span> <span class='ocrx_word' id='word_1_424' title='bbox 2481 2939 2611 3008; x_wconf 90' lang='lat' dir='ltr'><strong>quid</strong></span> <span class='ocrx_word' id='word_1_425' title='bbox 2640 2938 2949 3009; x_wconf 85' lang='lat' dir='ltr'><strong>profecerit,</strong></span> <span class='ocrx_word' id='word_1_426' title='bbox 3004 2940 3167 2995; x_wconf 89' lang='lat' dir='ltr'><strong>datur</strong></span> <span class='ocrx_word' id='word_1_427' title='bbox 3213 2941 3460 3010; x_wconf 84' lang='lat' dir='ltr'><strong>intelligi,</strong></span> 
     </span>
    </p>
   </div>
   <div class='ocr_carea' id='block_1_61' title="bbox 1872 3030 3461 3102">
    <p class='ocr_par' dir='ltr' id='par_1_61' title="bbox 1872 3030 3461 3102">
     <span class='ocr_line' id='line_1_61' title="bbox 1872 3030 3461 3102; baseline 0.001 -18"><span class='ocrx_word' id='word_1_428' title='bbox 1872 3045 1992 3102; x_wconf 75' lang='lat' dir='ltr'><strong>qua:</strong></span> <span class='ocrx_word' id='word_1_429' title='bbox 2021 3039 2222 3085; x_wconf 89' lang='lat' dir='ltr'><strong>tantum</strong></span> <span class='ocrx_word' id='word_1_430' title='bbox 2254 3039 2339 3085; x_wconf 89' lang='lat' dir='ltr'><strong>est</strong></span> <span class='ocrx_word' id='word_1_431' title='bbox 2364 3037 2640 3098; x_wconf 84' lang='lat' dir='ltr'><strong>gratanter</strong></span> <span class='ocrx_word' id='word_1_432' title='bbox 2660 3037 2911 3098; x_wconf 81' lang='lat' dir='ltr'><strong>excepta,</strong></span> <span class='ocrx_word' id='word_1_433' title='bbox 2941 3038 3201 3097; x_wconf 87' lang='lat' dir='ltr'><strong>quantum</strong></span> <span class='ocrx_word' id='word_1_434' title='bbox 3231 3041 3287 3085; x_wconf 90' lang='lat' dir='ltr'><strong>et</strong></span> <span class='ocrx_word' id='word_1_435' title='bbox 3312 3030 3461 3086; x_wconf 81' lang='lat' dir='ltr'><strong>vide-</strong></span> 
     </span>
    </p>
   </div>
   <div class='ocr_carea' id='block_1_62' title="bbox 177 3118 3462 3192">
    <p class='ocr_par' dir='ltr' id='par_1_62' title="bbox 177 3118 3462 3192">
     <span class='ocr_line' id='line_1_62' title="bbox 177 3118 3462 3192; baseline 0.001 -18"><span class='ocrx_word' id='word_1_436' title='bbox 177 3120 455 3189; x_wconf 72' lang='lat' dir='ltr'><strong>iudicetur</strong></span> <span class='ocrx_word' id='word_1_437' title='bbox 477 3129 658 3174; x_wconf 88' lang='lat' dir='ltr'><strong>tamen</strong></span> <span class='ocrx_word' id='word_1_438' title='bbox 680 3120 749 3173; x_wconf 91' lang='lat' dir='ltr'><strong>ab</strong></span> <span class='ocrx_word' id='word_1_439' title='bbox 770 3120 1017 3174; x_wconf 88' lang='lat' dir='ltr'><strong>omnibus</strong></span> <span class='ocrx_word' id='word_1_440' title='bbox 1038 3121 1156 3190; x_wconf 86' lang='lat' dir='ltr'><strong>plus</strong></span> <span class='ocrx_word' id='word_1_441' title='bbox 1182 3121 1395 3175; x_wconf 90' lang='lat' dir='ltr'><strong>mereri.</strong></span> <span class='ocrx_word' id='word_1_442' title='bbox 1420 3118 1599 3175; x_wconf 83' lang='lat' dir='ltr'><strong>Junin</strong></span> <span class='ocrx_word' id='word_1_443' title='bbox 1630 3122 1771 3177; x_wconf 90' lang='lat' dir='ltr'><strong>bene</strong></span> <span class='ocrx_word' id='word_1_444' title='bbox 1798 3122 1842 3184; x_wconf 87' lang='lat' dir='ltr'><strong><em>C</em></strong></span> <span class='ocrx_word' id='word_1_445' title='bbox 1872 3123 2032 3178; x_wconf 89' lang='lat' dir='ltr'><strong>batur</strong></span> <span class='ocrx_word' id='word_1_446' title='bbox 2052 3129 2255 3192; x_wconf 89' lang='lat' dir='ltr'><strong>optata.</strong></span> <span class='ocrx_word' id='word_1_447' title='bbox 2281 3120 2404 3174; x_wconf 80' lang='lat' dir='ltr'><strong>Mox</strong></span> <span class='ocrx_word' id='word_1_448' title='bbox 2435 3121 2640 3175; x_wconf 91' lang='lat' dir='ltr'><strong>honore</strong></span> <span class='ocrx_word' id='word_1_449' title='bbox 2666 3120 2979 3185; x_wconf 89' lang='lat' dir='ltr'><strong>illustratus,</strong></span> <span class='ocrx_word' id='word_1_450' title='bbox 3011 3135 3134 3175; x_wconf 80' lang='lat' dir='ltr'><strong>mox</strong></span> <span class='ocrx_word' id='word_1_451' title='bbox 3158 3119 3462 3175; x_wconf 89' lang='lat' dir='ltr'><strong>reddituum</strong></span> 
     </span>
    </p>
   </div>
   <div class='ocr_carea' id='block_1_63' title="bbox 180 3214 1769 3288">
    <p class='ocr_par' dir='ltr' id='par_1_63' title="bbox 180 3214 1769 3288">
     <span class='ocr_line' id='line_1_63' title="bbox 180 3214 1769 3288; baseline 0 -19"><span class='ocrx_word' id='word_1_452' title='bbox 180 3231 299 3269; x_wconf 88' lang='lat' dir='ltr'><strong>cum</strong></span> <span class='ocrx_word' id='word_1_453' title='bbox 328 3214 709 3268; x_wconf 88' lang='lat' dir='ltr'><strong>universorum</strong></span> <span class='ocrx_word' id='word_1_454' title='bbox 740 3214 948 3282; x_wconf 88' lang='lat' dir='ltr'><strong>gaudiis</strong></span> <span class='ocrx_word' id='word_1_455' title='bbox 990 3221 1173 3267; x_wconf 84' lang='lat' dir='ltr'><strong>nostra</strong></span> <span class='ocrx_word' id='word_1_456' title='bbox 1204 3214 1546 3284; x_wconf 89' lang='lat' dir='ltr'><strong>compendia,</strong></span> <span class='ocrx_word' id='word_1_457' title='bbox 1575 3216 1769 3288; x_wconf 56' lang='lat' dir='ltr'><strong>aerario</strong></span> 
     </span>
    </p>
   </div>
   <div class='ocr_carea' id='block_1_64' title="bbox 182 3304 1772 3374">
    <p class='ocr_par' dir='ltr' id='par_1_64' title="bbox 182 3304 1772 3374">
     <span class='ocr_line' id='line_1_64' title="bbox 182 3304 1772 3374; baseline 0.001 -15"><span class='ocrx_word' id='word_1_458' title='bbox 182 3306 468 3362; x_wconf 82' lang='lat' dir='ltr'><strong>munificus</strong></span> <span class='ocrx_word' id='word_1_459' title='bbox 504 3313 561 3361; x_wconf 89' lang='lat' dir='ltr'><strong>et</strong></span> <span class='ocrx_word' id='word_1_460' title='bbox 579 3305 725 3374; x_wconf 86' lang='lat' dir='ltr'><strong>juste</strong></span> <span class='ocrx_word' id='word_1_461' title='bbox 751 3305 1083 3359; x_wconf 83' lang='lat' dir='ltr'><strong>solventibus</strong></span> <span class='ocrx_word' id='word_1_462' title='bbox 1112 3305 1396 3373; x_wconf 86' lang='lat' dir='ltr'><strong>gratiosus.</strong></span> <span class='ocrx_word' id='word_1_463' title='bbox 1430 3304 1609 3359; x_wconf 81' lang='lat' dir='ltr'><strong>Sensit</strong></span> <span class='ocrx_word' id='word_1_464' title='bbox 1646 3314 1772 3361; x_wconf 90' lang='lat' dir='ltr'><strong>tunc</strong></span> 
     </span>
    </p>
   </div>
   <div class='ocr_carea' id='block_1_65' title="bbox 183 3395 1766 3469">
    <p class='ocr_par' dir='ltr' id='par_1_65' title="bbox 183 3395 1766 3469">
     <span class='ocr_line' id='line_1_65' title="bbox 183 3395 1766 3469; baseline -0.001 -17"><span class='ocrx_word' id='word_1_465' title='bbox 183 3399 492 3469; x_wconf 77' lang='lat' dir='ltr'><strong>reSpubiica</strong></span> <span class='ocrx_word' id='word_1_466' title='bbox 524 3413 592 3453; x_wconf 82' lang='lat' dir='ltr'><strong>ex</strong></span> <span class='ocrx_word' id='word_1_467' title='bbox 617 3398 710 3452; x_wconf 90' lang='lat' dir='ltr'><strong>illo</strong></span> <span class='ocrx_word' id='word_1_468' title='bbox 737 3405 878 3453; x_wconf 74' lang='lat' dir='ltr'><strong>ccetu</strong></span> <span class='ocrx_word' id='word_1_469' title='bbox 924 3395 1189 3452; x_wconf 79' lang='lat' dir='ltr'><strong>Romuleo</strong></span> <span class='ocrx_word' id='word_1_470' title='bbox 1216 3397 1536 3452; x_wconf 72' lang='lat' dir='ltr'><strong>innocentiae.</strong></span> <span class='ocrx_word' id='word_1_471' title='bbox 1565 3398 1766 3462; x_wconf 87' lang='lat' dir='ltr'><strong>virum;</strong></span> 
     </span>
    </p>
   </div>
   <div class='ocr_carea' id='block_1_66' title="bbox 180 3486 1767 3558">
    <p class='ocr_par' dir='ltr' id='par_1_66' title="bbox 180 3486 1767 3558">
     <span class='ocr_line' id='line_1_66' title="bbox 180 3486 1767 3558; baseline -0.001 -15"><span class='ocrx_word' id='word_1_472' title='bbox 180 3489 269 3558; x_wconf 86' lang='lat' dir='ltr'><strong>qui</strong></span> <span class='ocrx_word' id='word_1_473' title='bbox 289 3488 424 3544; x_wconf 86' lang='lat' dir='ltr'><strong>licet</strong></span> <span class='ocrx_word' id='word_1_474' title='bbox 443 3502 505 3543; x_wconf 85' lang='lat' dir='ltr'><strong>se</strong></span> <span class='ocrx_word' id='word_1_475' title='bbox 529 3486 865 3543; x_wconf 87' lang='lat' dir='ltr'><strong>moderando</strong></span> <span class='ocrx_word' id='word_1_476' title='bbox 894 3487 1187 3556; x_wconf 88' lang='lat' dir='ltr'><strong>gloriosum</strong></span> <span class='ocrx_word' id='word_1_477' title='bbox 1221 3486 1427 3551; x_wconf 87' lang='lat' dir='ltr'><strong>fecerit,</strong></span> <span class='ocrx_word' id='word_1_478' title='bbox 1458 3488 1562 3541; x_wconf 90' lang='lat' dir='ltr'><strong>hoe</strong></span> <span class='ocrx_word' id='word_1_479' title='bbox 1591 3495 1767 3542; x_wconf 87' lang='lat' dir='ltr'><strong>tamen</strong></span> 
     </span>
    </p>
   </div>
   <div class='ocr_carea' id='block_1_67' title="bbox 182 3576 1772 3650">
    <p class='ocr_par' dir='ltr' id='par_1_67' title="bbox 182 3576 1772 3650">
     <span class='ocr_line' id='line_1_67' title="bbox 182 3576 1772 3650; baseline 0.001 -18"><span class='ocrx_word' id='word_1_480' title='bbox 182 3579 356 3650; x_wconf 83' lang='lat' dir='ltr'><strong>majus</strong></span> <span class='ocrx_word' id='word_1_481' title='bbox 383 3576 641 3647; x_wconf 92' lang='lat' dir='ltr'><strong>contulit,</strong></span> <span class='ocrx_word' id='word_1_482' title='bbox 688 3578 832 3650; x_wconf 91' lang='lat' dir='ltr'><strong>quod</strong></span> <span class='ocrx_word' id='word_1_483' title='bbox 863 3578 1017 3633; x_wconf 64' lang='lat' dir='ltr'><strong>bonae</strong></span> <span class='ocrx_word' id='word_1_484' title='bbox 1066 3577 1294 3632; x_wconf 90' lang='lat' dir='ltr'><strong>actionis</strong></span> <span class='ocrx_word' id='word_1_485' title='bbox 1344 3578 1649 3648; x_wconf 82' lang='lat' dir='ltr'><strong>exemplum</strong></span> <span class='ocrx_word' id='word_1_486' title='bbox 1691 3594 1772 3635; x_wconf 87' lang='lat' dir='ltr'><strong>se-</strong></span> 
     </span>
    </p>
   </div>
   <div class='ocr_carea' id='block_1_68' title="bbox 180 3669 1769 3743">
    <p class='ocr_par' dir='ltr' id='par_1_68' title="bbox 180 3669 1769 3743">
     <span class='ocr_line' id='line_1_68' title="bbox 180 3669 1769 3743; baseline 0.001 -17"><span class='ocrx_word' id='word_1_487' title='bbox 180 3671 470 3740; x_wconf 83' lang='lat' dir='ltr'><strong>quentibus</strong></span> <span class='ocrx_word' id='word_1_488' title='bbox 514 3671 823 3740; x_wconf 87' lang='lat' dir='ltr'><strong>dcreliquit.</strong></span> <span class='ocrx_word' id='word_1_489' title='bbox 854 3669 1030 3725; x_wconf 83' lang='lat' dir='ltr'><strong>Pudet</strong></span> <span class='ocrx_word' id='word_1_490' title='bbox 1055 3670 1198 3743; x_wconf 84' lang='lat' dir='ltr'><strong>enim</strong></span> <span class='ocrx_word' id='word_1_491' title='bbox 1248 3686 1369 3726; x_wconf 91' lang='lat' dir='ltr'><strong>eum</strong></span> <span class='ocrx_word' id='word_1_492' title='bbox 1400 3685 1647 3742; x_wconf 87' lang='lat' dir='ltr'><strong>peccare,</strong></span> <span class='ocrx_word' id='word_1_493' title='bbox 1677 3672 1769 3743; x_wconf 90' lang='lat' dir='ltr'><strong>qui</strong></span> 
     </span>
    </p>
   </div>
   <div class='ocr_carea' id='block_1_69' title="bbox 181 3762 1767 3833">
    <p class='ocr_par' dir='ltr' id='par_1_69' title="bbox 181 3762 1767 3833">
     <span class='ocr_line' id='line_1_69' title="bbox 181 3762 1767 3833; baseline 0 -14"><span class='ocrx_word' id='word_1_494' title='bbox 181 3764 413 3819; x_wconf 88' lang='lat' dir='ltr'><strong>laudatis</strong></span> <span class='ocrx_word' id='word_1_495' title='bbox 464 3764 681 3819; x_wconf 89' lang='lat' dir='ltr'><strong>videtur</strong></span> <span class='ocrx_word' id='word_1_496' title='bbox 737 3764 977 3833; x_wconf 88' lang='lat' dir='ltr'><strong>potuisse</strong></span> <span class='ocrx_word' id='word_1_497' title='bbox 1025 3762 1333 3820; x_wconf 88' lang='lat' dir='ltr'><strong>succedere.</strong></span> <span class='ocrx_word' id='word_1_498' title='bbox 1383 3762 1505 3817; x_wconf 80' lang='lat' dir='ltr'><strong>Fuit</strong></span> <span class='ocrx_word' id='word_1_499' title='bbox 1565 3764 1767 3832; x_wconf 87' lang='lat' dir='ltr'><strong>itaque,</strong></span> 
     </span>
    </p>
   </div>
   <div class='ocr_carea' id='block_1_70' title="bbox 184 3855 1767 3925">
    <p class='ocr_par' dir='ltr' id='par_1_70' title="bbox 184 3855 1767 3925">
     <span class='ocr_line' id='line_1_70' title="bbox 184 3855 1767 3925; baseline 0.001 -17"><span class='ocrx_word' id='word_1_500' title='bbox 184 3866 241 3910; x_wconf 89' lang='lat' dir='ltr'><strong>ut</strong></span> <span class='ocrx_word' id='word_1_501' title='bbox 270 3855 442 3921; x_wconf 87' lang='lat' dir='ltr'><strong>scitis,</strong></span> <span class='ocrx_word' id='word_1_502' title='bbox 484 3855 746 3910; x_wconf 87' lang='lat' dir='ltr'><strong>militibus</strong></span> <span class='ocrx_word' id='word_1_503' title='bbox 795 3856 1081 3922; x_wconf 89' lang='lat' dir='ltr'><strong>verendus,</strong></span> <span class='ocrx_word' id='word_1_504' title='bbox 1140 3855 1558 3925; x_wconf 88' lang='lat' dir='ltr'><strong>provincialibus</strong></span> <span class='ocrx_word' id='word_1_505' title='bbox 1603 3857 1767 3921; x_wconf 87' lang='lat' dir='ltr'><strong>mitis,</strong></span> 
     </span>
    </p>
   </div>
   <div class='ocr_carea' id='block_1_71' title="bbox 184 3945 1769 4016">
    <p class='ocr_par' dir='ltr' id='par_1_71' title="bbox 184 3945 1769 4016">
     <span class='ocr_line' id='line_1_71' title="bbox 184 3945 1769 4016; baseline 0.001 -15"><span class='ocrx_word' id='word_1_506' title='bbox 184 3945 345 4001; x_wconf 84' lang='lat' dir='ltr'><strong>dandi</strong></span> <span class='ocrx_word' id='word_1_507' title='bbox 374 3947 588 4013; x_wconf 87' lang='lat' dir='ltr'><strong>avidus,</strong></span> <span class='ocrx_word' id='word_1_508' title='bbox 635 3946 936 4016; x_wconf 86' lang='lat' dir='ltr'><strong>accipiendi</strong></span> <span class='ocrx_word' id='word_1_509' title='bbox 966 3946 1292 4012; x_wconf 84' lang='lat' dir='ltr'><strong>fastidiosus,</strong></span> <span class='ocrx_word' id='word_1_510' title='bbox 1326 3946 1627 4002; x_wconf 87' lang='lat' dir='ltr'><strong>detestator</strong></span> <span class='ocrx_word' id='word_1_511' title='bbox 1664 3949 1769 4003; x_wconf 86' lang='lat' dir='ltr'><strong>cri-</strong></span> 
     </span>
    </p>
   </div>
   <div class='ocr_carea' id='block_1_72' title="bbox 186 4036 1769 4108">
    <p class='ocr_par' dir='ltr' id='par_1_72' title="bbox 186 4036 1769 4108">
     <span class='ocr_line' id='line_1_72' title="bbox 186 4036 1769 4108; baseline 0.002 -16"><span class='ocrx_word' id='word_1_512' title='bbox 186 4038 364 4105; x_wconf 84' lang='lat' dir='ltr'><strong>minis,</strong></span> <span class='ocrx_word' id='word_1_513' title='bbox 394 4047 610 4093; x_wconf 88' lang='lat' dir='ltr'><strong>amator</strong></span> <span class='ocrx_word' id='word_1_514' title='bbox 652 4037 938 4108; x_wconf 70' lang='lat' dir='ltr'><strong>arquitatis.</strong></span> <span class='ocrx_word' id='word_1_515' title='bbox 971 4037 1233 4105; x_wconf 87' lang='lat' dir='ltr'><strong>Quidnam</strong></span> <span class='ocrx_word' id='word_1_516' title='bbox 1289 4036 1386 4093; x_wconf 89' lang='lat' dir='ltr'><strong>fuit</strong></span> <span class='ocrx_word' id='word_1_517' title='bbox 1435 4037 1510 4093; x_wconf 93' lang='lat' dir='ltr'><strong>illi</strong></span> <span class='ocrx_word' id='word_1_518' title='bbox 1546 4039 1769 4095; x_wconf 81' lang='lat' dir='ltr'><strong>difficile</strong></span> 
     </span>
    </p>
   </div>
   <div class='ocr_carea' id='block_1_73' title="bbox 183 4130 1769 4200">
    <p class='ocr_par' dir='ltr' id='par_1_73' title="bbox 183 4130 1769 4200">
     <span class='ocr_line' id='line_1_73' title="bbox 183 4130 1769 4200; baseline -0.001 -14"><span class='ocrx_word' id='word_1_519' title='bbox 183 4131 581 4200; x_wconf 84' lang='lat' dir='ltr'><strong>custodire,qui</strong></span> <span class='ocrx_word' id='word_1_520' title='bbox 603 4147 663 4187; x_wconf 89' lang='lat' dir='ltr'><strong>se</strong></span> <span class='ocrx_word' id='word_1_521' title='bbox 689 4147 719 4185; x_wconf 92' lang='lat' dir='ltr'><strong>a</strong></span> <span class='ocrx_word' id='word_1_522' title='bbox 740 4131 902 4187; x_wconf 89' lang='lat' dir='ltr'><strong>rebus</strong></span> <span class='ocrx_word' id='word_1_523' title='bbox 922 4131 1114 4186; x_wconf 91' lang='lat' dir='ltr'><strong>alienis</strong></span> <span class='ocrx_word' id='word_1_524' title='bbox 1134 4130 1451 4186; x_wconf 90' lang='lat' dir='ltr'><strong>decreverat</strong></span> <span class='ocrx_word' id='word_1_525' title='bbox 1471 4130 1769 4187; x_wconf 85' lang='lat' dir='ltr'><strong>abstinere?</strong></span> 
     </span>
    </p>
   </div>
   <div class='ocr_carea' id='block_1_74' title="bbox 182 4218 1770 4292">
    <p class='ocr_par' dir='ltr' id='par_1_74' title="bbox 182 4218 1770 4292">
     <span class='ocr_line' id='line_1_74' title="bbox 182 4218 1770 4292; baseline 0.001 -16"><span class='ocrx_word' id='word_1_526' title='bbox 182 4218 276 4277; x_wconf 77' lang='lat' dir='ltr'><strong>Est</strong></span> <span class='ocrx_word' id='word_1_527' title='bbox 322 4224 466 4279; x_wconf 90' lang='lat' dir='ltr'><strong>enim</strong></span> <span class='ocrx_word' id='word_1_528' title='bbox 497 4223 688 4279; x_wconf 89' lang='lat' dir='ltr'><strong>invicti</strong></span> <span class='ocrx_word' id='word_1_529' title='bbox 717 4222 883 4278; x_wconf 91' lang='lat' dir='ltr'><strong>animi</strong></span> <span class='ocrx_word' id='word_1_530' title='bbox 910 4223 1140 4292; x_wconf 88' lang='lat' dir='ltr'><strong>signum,</strong></span> <span class='ocrx_word' id='word_1_531' title='bbox 1172 4220 1325 4276; x_wconf 74' lang='lat' dir='ltr'><strong>fama:</strong></span> <span class='ocrx_word' id='word_1_532' title='bbox 1370 4222 1593 4290; x_wconf 90' lang='lat' dir='ltr'><strong>diligere</strong></span> <span class='ocrx_word' id='word_1_533' title='bbox 1618 4237 1770 4278; x_wconf 92' lang='lat' dir='ltr'><strong>com-</strong></span> 
     </span>
    </p>
   </div>
   <div class='ocr_carea' id='block_1_75' title="bbox 185 4313 1768 4385">
    <p class='ocr_par' dir='ltr' id='par_1_75' title="bbox 185 4313 1768 4385">
     <span class='ocr_line' id='line_1_75' title="bbox 185 4313 1768 4385; baseline 0 -15"><span class='ocrx_word' id='word_1_534' title='bbox 185 4314 426 4380; x_wconf 86' lang='lat' dir='ltr'><strong>modum,</strong></span> <span class='ocrx_word' id='word_1_535' title='bbox 452 4323 509 4369; x_wconf 90' lang='lat' dir='ltr'><strong>et</strong></span> <span class='ocrx_word' id='word_1_536' title='bbox 532 4314 680 4371; x_wconf 90' lang='lat' dir='ltr'><strong>lucra</strong></span> <span class='ocrx_word' id='word_1_537' title='bbox 700 4313 880 4385; x_wconf 89' lang='lat' dir='ltr'><strong>potius</strong></span> <span class='ocrx_word' id='word_1_538' title='bbox 900 4314 1079 4371; x_wconf 83' lang='lat' dir='ltr'><strong>odisse</strong></span> <span class='ocrx_word' id='word_1_539' title='bbox 1104 4329 1407 4369; x_wconf 86' lang='lat' dir='ltr'><strong>causarum.</strong></span> <span class='ocrx_word' id='word_1_540' title='bbox 1431 4313 1631 4369; x_wconf 84' lang='lat' dir='ltr'><strong>Verum</strong></span> <span class='ocrx_word' id='word_1_541' title='bbox 1654 4313 1768 4370; x_wconf 64' lang='lat' dir='ltr'><strong>haec</strong></span> 
     </span>
    </p>
   </div>
   <div class='ocr_carea' id='block_1_76' title="bbox 186 4404 1766 4476">
    <p class='ocr_par' dir='ltr' id='par_1_76' title="bbox 186 4404 1766 4476">
     <span class='ocr_line' id='line_1_76' title="bbox 186 4404 1766 4476; baseline 0.001 -17"><span class='ocrx_word' id='word_1_542' title='bbox 186 4404 239 4459; x_wconf 91' lang='lat' dir='ltr'><strong>in</strong></span> <span class='ocrx_word' id='word_1_543' title='bbox 267 4406 359 4460; x_wconf 89' lang='lat' dir='ltr'><strong>illo</strong></span> <span class='ocrx_word' id='word_1_544' title='bbox 389 4405 518 4475; x_wconf 89' lang='lat' dir='ltr'><strong>jure</strong></span> <span class='ocrx_word' id='word_1_545' title='bbox 562 4404 857 4470; x_wconf 89' lang='lat' dir='ltr'><strong>mirentur,</strong></span> <span class='ocrx_word' id='word_1_546' title='bbox 899 4406 992 4475; x_wconf 91' lang='lat' dir='ltr'><strong>qui</strong></span> <span class='ocrx_word' id='word_1_547' title='bbox 1022 4405 1193 4475; x_wconf 86' lang='lat' dir='ltr'><strong>patris</strong></span> <span class='ocrx_word' id='word_1_548' title='bbox 1240 4414 1403 4476; x_wconf 77' lang='lat' dir='ltr'><strong>atque</strong></span> <span class='ocrx_word' id='word_1_549' title='bbox 1451 4404 1536 4458; x_wconf 91' lang='lat' dir='ltr'><strong>avi</strong></span> <span class='ocrx_word' id='word_1_550' title='bbox 1585 4420 1766 4461; x_wconf 91' lang='lat' dir='ltr'><strong>mores</strong></span> 
     </span>
    </p>
   </div>
   <div class='ocr_carea' id='block_1_77' title="bbox 1873 3206 3461 3283">
    <p class='ocr_par' dir='ltr' id='par_1_77' title="bbox 1873 3206 3461 3283">
     <span class='ocr_line' id='line_1_77' title="bbox 1873 3206 3461 3283; baseline -0.003 -14"><span class='ocrx_word' id='word_1_551' title='bbox 1873 3215 2016 3270; x_wconf 91' lang='lat' dir='ltr'><strong>dona</strong></span> <span class='ocrx_word' id='word_1_552' title='bbox 2045 3227 2232 3283; x_wconf 74' lang='lat' dir='ltr'><strong>mquus</strong></span> <span class='ocrx_word' id='word_1_553' title='bbox 2260 3211 2462 3266; x_wconf 90' lang='lat' dir='ltr'><strong>arbiter</strong></span> <span class='ocrx_word' id='word_1_554' title='bbox 2499 3208 2783 3265; x_wconf 79' lang='lat' dir='ltr'><strong>offerebat.</strong></span> <span class='ocrx_word' id='word_1_555' title='bbox 2821 3206 2926 3263; x_wconf 91' lang='lat' dir='ltr'><strong>Sed</strong></span> <span class='ocrx_word' id='word_1_556' title='bbox 2958 3210 3046 3263; x_wconf 89' lang='lat' dir='ltr'><strong>ille</strong></span> <span class='ocrx_word' id='word_1_557' title='bbox 3076 3210 3255 3279; x_wconf 91' lang='lat' dir='ltr'><strong>potius</strong></span> <span class='ocrx_word' id='word_1_558' title='bbox 3281 3209 3461 3264; x_wconf 87' lang='lat' dir='ltr'><strong>nativa</strong></span> 
     </span>
    </p>
   </div>
   <div class='ocr_carea' id='block_1_78' title="bbox 1876 3302 3464 3371">
    <p class='ocr_par' dir='ltr' id='par_1_78' title="bbox 1876 3302 3464 3371">
     <span class='ocr_line' id='line_1_78' title="bbox 1876 3302 3464 3371; baseline -0.003 -10"><span class='ocrx_word' id='word_1_559' title='bbox 1876 3306 2247 3361; x_wconf 85' lang='lat' dir='ltr'><strong>moderatione</strong></span> <span class='ocrx_word' id='word_1_560' title='bbox 2279 3304 2610 3370; x_wconf 88' lang='lat' dir='ltr'><strong>ditissimus,</strong></span> <span class='ocrx_word' id='word_1_561' title='bbox 2640 3302 2958 3370; x_wconf 87' lang='lat' dir='ltr'><strong>dignitatem</strong></span> <span class='ocrx_word' id='word_1_562' title='bbox 2989 3302 3291 3371; x_wconf 84' lang='lat' dir='ltr'><strong>suscipiens</strong></span> <span class='ocrx_word' id='word_1_563' title='bbox 3319 3303 3464 3357; x_wconf 82' lang='lat' dir='ltr'><strong>otio-</strong></span> 
     </span>
    </p>
   </div>
   <div class='ocr_carea' id='block_1_79' title="bbox 1873 3393 3460 3463">
    <p class='ocr_par' dir='ltr' id='par_1_79' title="bbox 1873 3393 3460 3463">
     <span class='ocr_line' id='line_1_79' title="bbox 1873 3393 3460 3463; baseline -0.003 -10"><span class='ocrx_word' id='word_1_564' title='bbox 1873 3414 2008 3461; x_wconf 85' lang='lat' dir='ltr'><strong>sam,</strong></span> <span class='ocrx_word' id='word_1_565' title='bbox 2036 3399 2090 3452; x_wconf 90' lang='lat' dir='ltr'><strong>in</strong></span> <span class='ocrx_word' id='word_1_566' title='bbox 2139 3394 2588 3452; x_wconf 87' lang='lat' dir='ltr'><strong>remunerationis</strong></span> <span class='ocrx_word' id='word_1_567' title='bbox 2637 3394 2812 3453; x_wconf 87' lang='lat' dir='ltr'><strong>locum</strong></span> <span class='ocrx_word' id='word_1_568' title='bbox 2845 3393 3072 3463; x_wconf 83' lang='lat' dir='ltr'><strong>expetiit</strong></span> <span class='ocrx_word' id='word_1_569' title='bbox 3096 3394 3460 3451; x_wconf 72' lang='lat' dir='ltr'><strong>amrenissima</strong></span> 
     </span>
    </p>
   </div>
   <div class='ocr_carea' id='block_1_80' title="bbox 1874 3484 3457 3555">
    <p class='ocr_par' dir='ltr' id='par_1_80' title="bbox 1874 3484 3457 3555">
     <span class='ocr_line' id='line_1_80' title="bbox 1874 3484 3457 3555; baseline -0.004 -11"><span class='ocrx_word' id='word_1_570' title='bbox 1874 3489 2203 3544; x_wconf 88' lang='lat' dir='ltr'><strong>Brutiorum.</strong></span> <span class='ocrx_word' id='word_1_571' title='bbox 2228 3486 2436 3555; x_wconf 86' lang='lat' dir='ltr'><strong>Negare</strong></span> <span class='ocrx_word' id='word_1_572' title='bbox 2477 3485 2549 3539; x_wconf 93' lang='lat' dir='ltr'><strong>illi</strong></span> <span class='ocrx_word' id='word_1_573' title='bbox 2581 3500 2689 3538; x_wconf 90' lang='lat' dir='ltr'><strong>non</strong></span> <span class='ocrx_word' id='word_1_574' title='bbox 2719 3485 2894 3553; x_wconf 90' lang='lat' dir='ltr'><strong>potuit</strong></span> <span class='ocrx_word' id='word_1_575' title='bbox 2934 3492 3173 3553; x_wconf 83' lang='lat' dir='ltr'><strong>Optatam</strong></span> <span class='ocrx_word' id='word_1_576' title='bbox 3197 3484 3457 3554; x_wconf 91' lang='lat' dir='ltr'><strong>quietem,</strong></span> 
     </span>
    </p>
   </div>
   <div class='ocr_carea' id='block_1_81' title="bbox 1872 3573 3457 3650">
    <p class='ocr_par' dir='ltr' id='par_1_81' title="bbox 1872 3573 3457 3650">
     <span class='ocr_line' id='line_1_81' title="bbox 1872 3573 3457 3650; baseline -0.004 -17"><span class='ocrx_word' id='word_1_577' title='bbox 1872 3580 1965 3650; x_wconf 90' lang='lat' dir='ltr'><strong>qui</strong></span> <span class='ocrx_word' id='word_1_578' title='bbox 1994 3593 2117 3633; x_wconf 90' lang='lat' dir='ltr'><strong>eum</strong></span> <span class='ocrx_word' id='word_1_579' title='bbox 2147 3576 2451 3632; x_wconf 91' lang='lat' dir='ltr'><strong>reddiderat</strong></span> <span class='ocrx_word' id='word_1_580' title='bbox 2494 3574 2562 3629; x_wconf 88' lang='lat' dir='ltr'><strong>ab</strong></span> <span class='ocrx_word' id='word_1_581' title='bbox 2591 3573 2811 3627; x_wconf 89' lang='lat' dir='ltr'><strong>immani</strong></span> <span class='ocrx_word' id='word_1_582' title='bbox 2842 3573 2998 3627; x_wconf 88' lang='lat' dir='ltr'><strong>hoste</strong></span> <span class='ocrx_word' id='word_1_583' title='bbox 3044 3587 3331 3635; x_wconf 88' lang='lat' dir='ltr'><strong>securum;</strong></span> <span class='ocrx_word' id='word_1_584' title='bbox 3359 3574 3457 3627; x_wconf 88' lang='lat' dir='ltr'><strong>tri-</strong></span> 
     </span>
    </p>
   </div>
   <div class='ocr_carea' id='block_1_82' title="bbox 1872 3662 3458 3737">
    <p class='ocr_par' dir='ltr' id='par_1_82' title="bbox 1872 3662 3458 3737">
     <span class='ocr_line' id='line_1_82' title="bbox 1872 3662 3458 3737; baseline -0.008 -10"><span class='ocrx_word' id='word_1_585' title='bbox 1872 3672 1971 3728; x_wconf 89' lang='lat' dir='ltr'><strong>stis</strong></span> <span class='ocrx_word' id='word_1_586' title='bbox 1997 3678 2065 3725; x_wconf 89' lang='lat' dir='ltr'><strong>ab</strong></span> <span class='ocrx_word' id='word_1_587' title='bbox 2091 3668 2352 3737; x_wconf 90' lang='lat' dir='ltr'><strong>obsequio</strong></span> <span class='ocrx_word' id='word_1_588' title='bbox 2395 3682 2496 3723; x_wconf 91' lang='lat' dir='ltr'><strong>suo</strong></span> <span class='ocrx_word' id='word_1_589' title='bbox 2523 3665 2759 3735; x_wconf 86' lang='lat' dir='ltr'><strong>reliquit,</strong></span> <span class='ocrx_word' id='word_1_590' title='bbox 2789 3679 2949 3733; x_wconf 91' lang='lat' dir='ltr'><strong>quem</strong></span> <span class='ocrx_word' id='word_1_591' title='bbox 2978 3663 3079 3718; x_wconf 90' lang='lat' dir='ltr'><strong>sibi</strong></span> <span class='ocrx_word' id='word_1_592' title='bbox 3098 3662 3458 3719; x_wconf 58' lang='lat' dir='ltr'><strong>necessarium</strong></span> 
     </span>
    </p>
   </div>
   <div class='ocr_carea' id='block_1_83' title="bbox 1872 3754 3462 3830">
    <p class='ocr_par' dir='ltr' id='par_1_83' title="bbox 1872 3754 3462 3830">
     <span class='ocr_line' id='line_1_83' title="bbox 1872 3754 3462 3830; baseline -0.004 -13"><span class='ocrx_word' id='word_1_593' title='bbox 1872 3764 2035 3819; x_wconf 86' lang='lat' dir='ltr'><strong>fuisse</strong></span> <span class='ocrx_word' id='word_1_594' title='bbox 2062 3760 2336 3830; x_wconf 89' lang='lat' dir='ltr'><strong>cognovit.</strong></span> <span class='ocrx_word' id='word_1_595' title='bbox 2378 3761 2526 3816; x_wconf 82' lang='lat' dir='ltr'><strong>Avus</strong></span> <span class='ocrx_word' id='word_1_596' title='bbox 2572 3757 2717 3813; x_wconf 89' lang='lat' dir='ltr'><strong>enim</strong></span> <span class='ocrx_word' id='word_1_597' title='bbox 2764 3754 3122 3813; x_wconf 89' lang='lat' dir='ltr'><strong>Cassiodorus</strong></span> <span class='ocrx_word' id='word_1_598' title='bbox 3162 3754 3462 3810; x_wconf 87' lang='lat' dir='ltr'><strong>illustratus</strong></span> 
     </span>
    </p>
   </div>
   <div class='ocr_carea' id='block_1_84' title="bbox 1872 3848 3460 3928">
    <p class='ocr_par' dir='ltr' id='par_1_84' title="bbox 1872 3848 3460 3928">
     <span class='ocr_line' id='line_1_84' title="bbox 1872 3848 3460 3928; baseline -0.006 -10"><span class='ocrx_word' id='word_1_599' title='bbox 1872 3863 2079 3917; x_wconf 87' lang='lat' dir='ltr'><strong>honore</strong></span> <span class='ocrx_word' id='word_1_600' title='bbox 2103 3860 2331 3925; x_wconf 89' lang='lat' dir='ltr'><strong>cinctus,</strong></span> <span class='ocrx_word' id='word_1_601' title='bbox 2353 3858 2445 3926; x_wconf 90' lang='lat' dir='ltr'><strong>qui</strong></span> <span class='ocrx_word' id='word_1_602' title='bbox 2467 3856 2582 3928; x_wconf 89' lang='lat' dir='ltr'><strong>ejus</strong></span> <span class='ocrx_word' id='word_1_603' title='bbox 2597 3848 2784 3927; x_wconf 75' lang='lat' dir='ltr'><strong>generi</strong></span> <span class='ocrx_word' id='word_1_604' title='bbox 2809 3871 2916 3911; x_wconf 92' lang='lat' dir='ltr'><strong>non</strong></span> <span class='ocrx_word' id='word_1_605' title='bbox 2942 3864 3159 3926; x_wconf 63' lang='lat' dir='ltr'><strong>poterit</strong></span> <span class='ocrx_word' id='word_1_606' title='bbox 3182 3856 3460 3924; x_wconf 83' lang='lat' dir='ltr'><strong>abnegari,</strong></span> 
     </span>
    </p>
   </div>
   <div class='ocr_carea' id='block_1_85' title="bbox 1871 3946 3461 4016">
    <p class='ocr_par' dir='ltr' id='par_1_85' title="bbox 1871 3946 3461 4016">
     <span class='ocr_line' id='line_1_85' title="bbox 1871 3946 3461 4016; baseline -0.007 -6"><span class='ocrx_word' id='word_1_607' title='bbox 1871 3970 1902 4010; x_wconf 91' lang='lat' dir='ltr'><strong>a</strong></span> <span class='ocrx_word' id='word_1_608' title='bbox 1945 3952 2307 4011; x_wconf 82' lang='lat' dir='ltr'><strong>Vandalorum</strong></span> <span class='ocrx_word' id='word_1_609' title='bbox 2361 3950 2673 4006; x_wconf 86' lang='lat' dir='ltr'><strong>incursione</strong></span> <span class='ocrx_word' id='word_1_610' title='bbox 2722 3948 2959 4004; x_wconf 90' lang='lat' dir='ltr'><strong>Siciliam</strong></span> <span class='ocrx_word' id='word_1_611' title='bbox 3009 3946 3333 4016; x_wconf 86' lang='lat' dir='ltr'><strong>Brutiosque</strong></span> <span class='ocrx_word' id='word_1_612' title='bbox 3371 3960 3461 3999; x_wconf 85' lang='lat' dir='ltr'><strong>ar-</strong></span> 
     </span>
    </p>
   </div>
   <div class='ocr_carea' id='block_1_86' title="bbox 1871 4030 3460 4108">
    <p class='ocr_par' dir='ltr' id='par_1_86' title="bbox 1871 4030 3460 4108">
     <span class='ocr_line' id='line_1_86' title="bbox 1871 4030 3460 4108; baseline -0.008 -6"><span class='ocrx_word' id='word_1_613' title='bbox 1871 4062 2080 4104; x_wconf 86' lang='lat' dir='ltr'><strong>morum</strong></span> <span class='ocrx_word' id='word_1_614' title='bbox 2129 4030 2445 4100; x_wconf 84' lang='lat' dir='ltr'><strong>defensione</strong></span> <span class='ocrx_word' id='word_1_615' title='bbox 2490 4042 2778 4107; x_wconf 88' lang='lat' dir='ltr'><strong>liberavit;</strong></span> <span class='ocrx_word' id='word_1_616' title='bbox 2811 4048 2871 4096; x_wconf 88' lang='lat' dir='ltr'><strong>nt</strong></span> <span class='ocrx_word' id='word_1_617' title='bbox 2926 4040 3122 4096; x_wconf 90' lang='lat' dir='ltr'><strong>merito</strong></span> <span class='ocrx_word' id='word_1_618' title='bbox 3168 4040 3460 4108; x_wconf 85' lang='lat' dir='ltr'><strong>primatum</strong></span> 
     </span>
    </p>
   </div>
   <div class='ocr_carea' id='block_1_87' title="bbox 1872 4114 3462 4207">
    <p class='ocr_par' dir='ltr' id='par_1_87' title="bbox 1872 4114 3462 4207">
     <span class='ocr_line' id='line_1_87' title="bbox 1872 4114 3462 4207; baseline -0.008 -14"><span class='ocrx_word' id='word_1_619' title='bbox 1872 4139 1924 4193; x_wconf 93' lang='lat' dir='ltr'><strong>in</strong></span> <span class='ocrx_word' id='word_1_620' title='bbox 1952 4137 2055 4192; x_wconf 89' lang='lat' dir='ltr'><strong>illis</strong></span> <span class='ocrx_word' id='word_1_621' title='bbox 2082 4114 2376 4207; x_wconf 76' lang='lat' dir='ltr'><strong>provinciis</strong></span> <span class='ocrx_word' id='word_1_622' title='bbox 2395 4132 2641 4197; x_wconf 89' lang='lat' dir='ltr'><strong>haberet,</strong></span> <span class='ocrx_word' id='word_1_623' title='bbox 2669 4146 2806 4201; x_wconf 90' lang='lat' dir='ltr'><strong>quas</strong></span> <span class='ocrx_word' id='word_1_624' title='bbox 2833 4146 2865 4185; x_wconf 90' lang='lat' dir='ltr'><strong>a</strong></span> <span class='ocrx_word' id='word_1_625' title='bbox 2894 4138 3003 4184; x_wconf 90' lang='lat' dir='ltr'><strong>tam</strong></span> <span class='ocrx_word' id='word_1_626' title='bbox 3025 4143 3169 4185; x_wconf 69' lang='lat' dir='ltr'><strong>srevo</strong></span> <span class='ocrx_word' id='word_1_627' title='bbox 3186 4137 3245 4183; x_wconf 90' lang='lat' dir='ltr'><strong>et</strong></span> <span class='ocrx_word' id='word_1_628' title='bbox 3263 4142 3462 4198; x_wconf 88' lang='lat' dir='ltr'><strong>repen-</strong></span> 
     </span>
    </p>
   </div>
   <div class='ocr_carea' id='block_1_88' title="bbox 1870 4218 3461 4290">
    <p class='ocr_par' dir='ltr' id='par_1_88' title="bbox 1870 4218 3461 4290">
     <span class='ocr_line' id='line_1_88' title="bbox 1870 4218 3461 4290; baseline -0.008 -5"><span class='ocrx_word' id='word_1_629' title='bbox 1870 4229 1984 4285; x_wconf 90' lang='lat' dir='ltr'><strong>tino</strong></span> <span class='ocrx_word' id='word_1_630' title='bbox 2035 4228 2191 4283; x_wconf 87' lang='lat' dir='ltr'><strong>hoste</strong></span> <span class='ocrx_word' id='word_1_631' title='bbox 2238 4223 2496 4280; x_wconf 90' lang='lat' dir='ltr'><strong>defendit.</strong></span> <span class='ocrx_word' id='word_1_632' title='bbox 2551 4222 2749 4279; x_wconf 89' lang='lat' dir='ltr'><strong>Debuit</strong></span> <span class='ocrx_word' id='word_1_633' title='bbox 2795 4222 2977 4290; x_wconf 84' lang='lat' dir='ltr'><strong>itaque</strong></span> <span class='ocrx_word' id='word_1_634' title='bbox 3026 4220 3311 4275; x_wconf 86' lang='lat' dir='ltr'><strong>virtutibus</strong></span> <span class='ocrx_word' id='word_1_635' title='bbox 3339 4218 3461 4287; x_wconf 88' lang='lat' dir='ltr'><strong>ejus</strong></span> 
     </span>
    </p>
   </div>
   <div class='ocr_carea' id='block_1_89' title="bbox 1871 4309 3454 4392">
    <p class='ocr_par' dir='ltr' id='par_1_89' title="bbox 1871 4309 3454 4392">
     <span class='ocr_line' id='line_1_89' title="bbox 1871 4309 3454 4392; baseline -0.008 -17"><span class='ocrx_word' id='word_1_636' title='bbox 1871 4319 2088 4392; x_wconf 88' lang='lat' dir='ltr'><strong>respub.</strong></span> <span class='ocrx_word' id='word_1_637' title='bbox 2116 4316 2259 4387; x_wconf 88' lang='lat' dir='ltr'><strong>quod</strong></span> <span class='ocrx_word' id='word_1_638' title='bbox 2286 4316 2405 4370; x_wconf 89' lang='lat' dir='ltr'><strong>illas</strong></span> <span class='ocrx_word' id='word_1_639' title='bbox 2423 4313 2729 4385; x_wconf 87' lang='lat' dir='ltr'><strong>provincias</strong></span> <span class='ocrx_word' id='word_1_640' title='bbox 2758 4321 2867 4366; x_wconf 88' lang='lat' dir='ltr'><strong>tam</strong></span> <span class='ocrx_word' id='word_1_641' title='bbox 2894 4312 3101 4366; x_wconf 88' lang='lat' dir='ltr'><strong>vicinas</strong></span> <span class='ocrx_word' id='word_1_642' title='bbox 3128 4309 3454 4365; x_wconf 86' lang='lat' dir='ltr'><strong>Gensericns</strong></span> 
     </span>
    </p>
   </div>
   <div class='ocr_carea' id='block_1_90' title="bbox 1874 4401 3454 4477">
    <p class='ocr_par' dir='ltr' id='par_1_90' title="bbox 1874 4401 3454 4477">
     <span class='ocr_line' id='line_1_90' title="bbox 1874 4401 3454 4477; baseline -0.009 -9"><span class='ocrx_word' id='word_1_643' title='bbox 1874 4428 1982 4468; x_wconf 92' lang='lat' dir='ltr'><strong>non</strong></span> <span class='ocrx_word' id='word_1_644' title='bbox 2010 4409 2226 4473; x_wconf 73' lang='lat' dir='ltr'><strong>invasit,</strong></span> <span class='ocrx_word' id='word_1_645' title='bbox 2277 4422 2438 4477; x_wconf 90' lang='lat' dir='ltr'><strong>quem</strong></span> <span class='ocrx_word' id='word_1_646' title='bbox 2469 4412 2657 4475; x_wconf 90' lang='lat' dir='ltr'><strong>postea</strong></span> <span class='ocrx_word' id='word_1_647' title='bbox 2688 4403 3048 4459; x_wconf 87' lang='lat' dir='ltr'><strong>truculentum</strong></span> <span class='ocrx_word' id='word_1_648' title='bbox 3081 4401 3252 4456; x_wconf 76' lang='lat' dir='ltr'><strong>Roma</strong></span> <span class='ocrx_word' id='word_1_649' title='bbox 3291 4401 3454 4456; x_wconf 83' lang='lat' dir='ltr'><strong>susti-</strong></span> 
     </span>
    </p>
   </div>
   <div class='ocr_carea' id='block_1_91' title="bbox 188 4492 3453 4567">
    <p class='ocr_par' dir='ltr' id='par_1_91' title="bbox 188 4492 3453 4567">
     <span class='ocr_line' id='line_1_91' title="bbox 188 4492 3453 4567; baseline -0.001 -16"><span class='ocrx_word' id='word_1_650' title='bbox 188 4498 553 4553; x_wconf 88' lang='lat' dir='ltr'><strong>nobilissimos</strong></span> <span class='ocrx_word' id='word_1_651' title='bbox 590 4497 917 4553; x_wconf 90' lang='lat' dir='ltr'><strong>nescierunt.</strong></span> <span class='ocrx_word' id='word_1_652' title='bbox 948 4495 1300 4552; x_wconf 88' lang='lat' dir='ltr'><strong>Cassiodoros</strong></span> <span class='ocrx_word' id='word_1_653' title='bbox 1339 4496 1601 4567; x_wconf 86' lang='lat' dir='ltr'><strong>siquidem</strong></span> <span class='ocrx_word' id='word_1_654' title='bbox 1627 4512 1763 4567; x_wconf 69' lang='lat' dir='ltr'><strong>prm-</strong></span> <span class='ocrx_word' id='word_1_655' title='bbox 1792 4496 1842 4556; x_wconf 90' lang='lat' dir='ltr'><strong>D</strong></span> <span class='ocrx_word' id='word_1_656' title='bbox 1865 4502 2000 4559; x_wconf 85' lang='lat' dir='ltr'><strong>nuit.</strong></span> <span class='ocrx_word' id='word_1_657' title='bbox 2018 4499 2277 4555; x_wconf 82' lang='lat' dir='ltr'><strong>Hiautem</strong></span> <span class='ocrx_word' id='word_1_658' title='bbox 2306 4495 2434 4552; x_wconf 91' lang='lat' dir='ltr'><strong>etin</strong></span> <span class='ocrx_word' id='word_1_659' title='bbox 2456 4495 2700 4566; x_wconf 88' lang='lat' dir='ltr'><strong>partibus</strong></span> <span class='ocrx_word' id='word_1_660' title='bbox 2725 4493 2959 4550; x_wconf 88' lang='lat' dir='ltr'><strong>Orientis</strong></span> <span class='ocrx_word' id='word_1_661' title='bbox 2985 4501 3267 4564; x_wconf 90' lang='lat' dir='ltr'><strong>parentum</strong></span> <span class='ocrx_word' id='word_1_662' title='bbox 3290 4492 3453 4548; x_wconf 87' lang='lat' dir='ltr'><strong>laude</strong></span> 
     </span>
    </p>
   </div>
   <div class='ocr_carea' id='block_1_92' title="bbox 261 4664 1768 4742">
    <p class='ocr_par' dir='ltr' id='par_1_92' title="bbox 261 4664 1768 4742">
     <span class='ocr_line' id='line_1_92' title="bbox 261 4664 1768 4742; baseline 0.003 -17"><span class='ocrx_word' id='word_1_663' title='bbox 261 4680 285 4710; x_wconf 79' lang='grc' dir='ltr'><strong>ι·</strong></span> <span class='ocrx_word' id='word_1_664' title='bbox 312 4669 441 4727; x_wconf 63' lang='lat' dir='ltr'><strong>Rrec</strong></span> <span class='ocrx_word' id='word_1_665' title='bbox 464 4669 643 4727; x_wconf 81' lang='lat' dir='ltr'><strong>officia</strong></span> <span class='ocrx_word' id='word_1_666' title='bbox 673 4670 781 4726; x_wconf 89' lang='lat' dir='ltr'><strong>duo</strong></span> <span class='ocrx_word' id='word_1_667' title='bbox 822 4686 967 4742; x_wconf 76' lang='lat' dir='ltr'><strong>smpe</strong></span> <span class='ocrx_word' id='word_1_668' title='bbox 1004 4670 1253 4739; x_wconf 86' lang='lat' dir='ltr'><strong>conjungi</strong></span> <span class='ocrx_word' id='word_1_669' title='bbox 1284 4670 1459 4727; x_wconf 89' lang='lat' dir='ltr'><strong>solent</strong></span> <span class='ocrx_word' id='word_1_670' title='bbox 1483 4673 1534 4729; x_wconf 91' lang='lat' dir='ltr'><strong>in</strong></span> <span class='ocrx_word' id='word_1_671' title='bbox 1565 4664 1768 4729; x_wconf 79' lang='lat' dir='ltr'><strong>consti-</strong></span> 
     </span>
    </p>
   </div>
   <div class='ocr_carea' id='block_1_93' title="bbox 192 4742 1771 4807">
    <p class='ocr_par' dir='ltr' id='par_1_93' title="bbox 192 4742 1771 4807">
     <span class='ocr_line' id='line_1_93' title="bbox 192 4742 1771 4807; baseline 0.003 -11"><span class='ocrx_word' id='word_1_672' title='bbox 192 4742 489 4797; x_wconf 79' lang='lat' dir='ltr'><strong>tutionibus</strong></span> <span class='ocrx_word' id='word_1_673' title='bbox 520 4742 924 4807; x_wconf 84' lang='lat' dir='ltr'><strong>imperatorum,</strong></span> <span class='ocrx_word' id='word_1_674' title='bbox 948 4749 1010 4796; x_wconf 90' lang='lat' dir='ltr'><strong>ut</strong></span> <span class='ocrx_word' id='word_1_675' title='bbox 1030 4743 1210 4796; x_wconf 90' lang='lat' dir='ltr'><strong>videre</strong></span> <span class='ocrx_word' id='word_1_676' title='bbox 1239 4751 1323 4796; x_wconf 87' lang='lat' dir='ltr'><strong>est</strong></span> <span class='ocrx_word' id='word_1_677' title='bbox 1349 4743 1401 4796; x_wconf 91' lang='lat' dir='ltr'><strong>in</strong></span> <span class='ocrx_word' id='word_1_678' title='bbox 1427 4743 1463 4797; x_wconf 93' lang='lat' dir='ltr'><strong>l.</strong></span> <span class='ocrx_word' id='word_1_679' title='bbox 1490 4743 1524 4796; x_wconf 76' lang='grc'><strong>4</strong></span> <span class='ocrx_word' id='word_1_680' title='bbox 1570 4743 1771 4801; x_wconf 87' lang='lat' dir='ltr'><strong>Codice</strong></span> 
     </span>
    </p>
   </div>
   <div class='ocr_carea' id='block_1_94' title="bbox 186 4811 1765 4897">
    <p class='ocr_par' dir='ltr' id='par_1_94' title="bbox 186 4811 1765 4897">
     <span class='ocr_line' id='line_1_94' title="bbox 186 4811 1765 4897; baseline 0.001 -29"><span class='ocrx_word' id='word_1_681' title='bbox 186 4813 264 4893; x_wconf 36' lang='lat' dir='ltr'><strong>de.</strong></span> <span class='ocrx_word' id='word_1_682' title='bbox 293 4813 501 4897; x_wconf 79' lang='lat' dir='ltr'><strong>advoc._</strong></span> <span class='ocrx_word' id='word_1_683' title='bbox 522 4813 722 4897; x_wconf 83' lang='lat' dir='ltr'><strong>divers.</strong></span> <span class='ocrx_word' id='word_1_684' title='bbox 766 4811 881 4897; x_wconf 67' lang='lat' dir='ltr'><strong>iud.</strong></span> <span class='ocrx_word' id='word_1_685' title='bbox 904 4829 940 4897; x_wconf 48' lang='grc' dir='ltr'>λ</span> <span class='ocrx_word' id='word_1_686' title='bbox 954 4811 1089 4897; x_wconf 66' lang='lat' dir='ltr'><strong>ini</strong></span> <span class='ocrx_word' id='word_1_687' title='bbox 1121 4811 1157 4897; x_wconf 48' lang='lat' dir='ltr'><strong>i&#39;</strong></span> <span class='ocrx_word' id='word_1_688' title='bbox 1196 4811 1423 4897; x_wconf 69' lang='lat' dir='ltr'><strong>Digestis</strong></span> <span class='ocrx_word' id='word_1_689' title='bbox 1462 4814 1531 4869; x_wconf 90' lang='lat' dir='ltr'><strong>de</strong></span> <span class='ocrx_word' id='word_1_690' title='bbox 1580 4816 1765 4897; x_wconf 77' lang='lat' dir='ltr'><strong>_ma_nd_.</strong></span> 
     </span>
    </p>
   </div>
   <div class='ocr_carea' id='block_1_95' title="bbox 187 4881 1766 5024">
    <p class='ocr_par' dir='ltr' id='par_1_95' title="bbox 187 4881 1766 5024">
     <span class='ocr_line' id='line_1_95' title="bbox 187 4881 1762 5005; baseline -0.001 -66"><span class='ocrx_word' id='word_1_691' title='bbox 187 4883 436 5005; x_wconf 49' lang='lat' dir='ltr'><strong>statim,</strong></span> <span class='ocrx_word' id='word_1_692' title='bbox 485 4882 524 4937; x_wconf 94' lang='lat' dir='ltr'><strong>l.</strong></span> <span class='ocrx_word' id='word_1_693' title='bbox 557 4896 751 4964; x_wconf 74' lang='lat' dir='ltr'><strong>neque.</strong></span> <span class='ocrx_word' id='word_1_694' title='bbox 804 4881 867 4936; x_wconf 87' lang='lat' dir='ltr'><strong>6i</strong></span> <span class='ocrx_word' id='word_1_695' title='bbox 898 4881 1102 4937; x_wconf 89' lang='lat' dir='ltr'><strong>Codice</strong></span> <span class='ocrx_word' id='word_1_696' title='bbox 1126 4881 1194 4965; x_wconf 80' lang='lat' dir='ltr'><strong>de</strong></span> <span class='ocrx_word' id='word_1_697' title='bbox 1232 4881 1630 4966; x_wconf 46' lang='lat' dir='ltr'><strong>d.ccuri0n.;_iu</strong></span> <span class='ocrx_word' id='word_1_698' title='bbox 1670 4885 1707 4939; x_wconf 89' lang='grc' dir='ltr'><strong>ι.</strong></span> <span class='ocrx_word' id='word_1_699' title='bbox 1743 4885 1762 4938; x_wconf 88' lang='lat' dir='ltr'><strong>l</strong></span> 
     </span>
     <span class='ocr_line' id='line_1_96' title="bbox 191 4951 1766 5024; baseline 0.001 -16"><span class='ocrx_word' id='word_1_700' title='bbox 274 4951 510 5019; x_wconf 81' lang='lat' dir='ltr'><strong>Theod.,</strong></span> <span class='ocrx_word' id='word_1_701' title='bbox 536 4953 889 5024; x_wconf 17' lang='lat' dir='ltr'><strong>quraﬁprzeb.</strong></span> <span class='ocrx_word' id='word_1_702' title='bbox 919 4952 1057 5024; x_wconf 70' lang='lat' dir='ltr'><strong>apud</strong></span> <span class='ocrx_word' id='word_1_703' title='bbox 1088 4951 1367 5024; x_wconf 72' lang='lat' dir='ltr'><strong>Sidonium</strong></span> <span class='ocrx_word' id='word_1_704' title='bbox 1408 4954 1766 5024; x_wconf 78' lang='lat' dir='ltr'><strong>Apollinarem</strong></span> 
     </span>
    </p>
   </div>
   <div class='ocr_carea' id='block_1_96' title="bbox 190 5021 1770 5093">
    <p class='ocr_par' dir='ltr' id='par_1_96' title="bbox 190 5021 1770 5093">
     <span class='ocr_line' id='line_1_97' title="bbox 190 5021 1770 5093; baseline 0.002 -17"><span class='ocrx_word' id='word_1_705' title='bbox 190 5021 321 5093; x_wconf 76' lang='lat' dir='ltr'><strong>libro</strong></span> <span class='ocrx_word' id='word_1_706' title='bbox 344 5038 399 5086; x_wconf 89' lang='lat' dir='ltr'><strong>v,</strong></span> <span class='ocrx_word' id='word_1_707' title='bbox 450 5021 667 5093; x_wconf 81' lang='lat' dir='ltr'><strong>epistol.</strong></span> <span class='ocrx_word' id='word_1_708' title='bbox 697 5021 750 5077; x_wconf 44' lang='lat'><strong>9&#39;.</strong></span> <span class='ocrx_word' id='word_1_709' title='bbox 777 5021 965 5077; x_wconf 66' lang='lat' dir='ltr'><strong>Amm.</strong></span> <span class='ocrx_word' id='word_1_710' title='bbox 986 5021 1225 5093; x_wconf 78' lang='lat' dir='ltr'><strong>Marce“.</strong></span> <span class='ocrx_word' id='word_1_711' title='bbox 1265 5022 1402 5076; x_wconf 90' lang='lat' dir='ltr'><strong>libro</strong></span> <span class='ocrx_word' id='word_1_712' title='bbox 1432 5021 1554 5079; x_wconf 64' lang='lat' dir='ltr'><strong>ixvr</strong></span> <span class='ocrx_word' id='word_1_713' title='bbox 1585 5024 1770 5079; x_wconf 88' lang='lat' dir='ltr'><strong>laudat</strong></span> 
     </span>
    </p>
   </div>
   <div class='ocr_carea' id='block_1_97' title="bbox 193 5090 1769 5162">
    <p class='ocr_par' dir='ltr' id='par_1_97' title="bbox 193 5090 1769 5162">
     <span class='ocr_line' id='line_1_98' title="bbox 193 5090 1769 5162; baseline 0.002 -17"><span class='ocrx_word' id='word_1_714' title='bbox 193 5090 513 5162; x_wconf 74' lang='lat' dir='ltr'><strong>Procopium</strong></span> <span class='ocrx_word' id='word_1_715' title='bbox 575 5093 864 5162; x_wconf 82' lang='lat' dir='ltr'><strong>quemdam</strong></span> <span class='ocrx_word' id='word_1_716' title='bbox 922 5092 1193 5146; x_wconf 81' lang='lat' dir='ltr'><strong>tribunum</strong></span> <span class='ocrx_word' id='word_1_717' title='bbox 1248 5108 1313 5148; x_wconf 89' lang='lat' dir='ltr'><strong>ac</strong></span> <span class='ocrx_word' id='word_1_718' title='bbox 1365 5096 1653 5148; x_wconf 84' lang='lat' dir='ltr'><strong>notarium.</strong></span> <span class='ocrx_word' id='word_1_719' title='bbox 1714 5095 1769 5149; x_wconf 89' lang='lat' dir='ltr'><strong>In</strong></span> 
     </span>
    </p>
   </div>
   <div class='ocr_carea' id='block_1_98' title="bbox 188 5162 1768 5232">
    <p class='ocr_par' dir='ltr' id='par_1_98' title="bbox 188 5162 1768 5232">
     <span class='ocr_line' id='line_1_99' title="bbox 188 5162 1768 5232; baseline 0 -15"><span class='ocrx_word' id='word_1_720' title='bbox 188 5163 420 5229; x_wconf 82' lang='lat' dir='ltr'><strong>quadam</strong></span> <span class='ocrx_word' id='word_1_721' title='bbox 445 5162 660 5218; x_wconf 83' lang='lat' dir='ltr'><strong>novella</strong></span> <span class='ocrx_word' id='word_1_722' title='bbox 682 5164 872 5232; x_wconf 85' lang='lat' dir='ltr'><strong>imper.</strong></span> <span class='ocrx_word' id='word_1_723' title='bbox 917 5162 1274 5217; x_wconf 80' lang='lat' dir='ltr'><strong>Valentiniani</strong></span> <span class='ocrx_word' id='word_1_724' title='bbox 1302 5164 1369 5219; x_wconf 88' lang='lat' dir='ltr'><strong>de</strong></span> <span class='ocrx_word' id='word_1_725' title='bbox 1391 5163 1768 5232; x_wconf 75' lang='lat' dir='ltr'><strong>Testamentis,</strong></span> 
     </span>
    </p>
   </div>
   <div class='ocr_carea' id='block_1_99' title="bbox 189 5232 1771 5357">
    <p class='ocr_par' dir='ltr' id='par_1_99' title="bbox 189 5232 1771 5357">
     <span class='ocr_line' id='line_1_100' title="bbox 189 5232 1771 5357; baseline 0.003 -71"><span class='ocrx_word' id='word_1_726' title='bbox 497 5233 808 5288; x_wconf 89' lang='lat' dir='ltr'><strong>nominatur</strong></span> <span class='ocrx_word' id='word_1_727' title='bbox 836 5233 918 5288; x_wconf 90' lang='lat' dir='ltr'><strong>vir</strong></span> <span class='ocrx_word' id='word_1_728' title='bbox 943 5232 1254 5304; x_wconf 83' lang='lat' dir='ltr'><strong>spectabilis</strong></span> <span class='ocrx_word' id='word_1_729' title='bbox 1291 5234 1536 5290; x_wconf 89' lang='lat' dir='ltr'><strong>tribunus</strong></span> <span class='ocrx_word' id='word_1_730' title='bbox 1582 5251 1646 5291; x_wconf 88' lang='lat' dir='ltr'><strong>ac</strong></span> <span class='ocrx_word' id='word_1_731' title='bbox 1675 5252 1771 5291; x_wconf 78' lang='lat' dir='ltr'><strong>no-</strong></span> 
     </span>
     <span class='ocr_line' id='line_1_101' title="bbox 242 5318 593 5357; baseline 0 0"><span class='ocrx_word' id='word_1_732' title='bbox 242 5319 371 5357; x_wconf 85' lang='lat' dir='ltr'><strong>nus.</strong></span> <span class='ocrx_word' id='word_1_733' title='bbox 449 5318 593 5357; x_wconf 73' lang='lat' dir='ltr'><strong>aoss.</strong></span> 
     </span>
    </p>
   </div>
   <div class='ocr_carea' id='block_1_100' title="bbox 190 5304 593 5358">
    <p class='ocr_par' dir='ltr' id='par_1_100' title="bbox 190 5304 593 5358">
     <span class='ocr_line' id='line_1_102' title="bbox 190 5304 593 5358; baseline 0.007 -4"><span class='ocrx_word' id='word_1_734' title='bbox 190 5311 212 5354; x_wconf 92' lang='lat' dir='ltr'><strong>t</strong></span> <span class='ocrx_word' id='word_1_735' title='bbox 242 5304 371 5357; x_wconf 85' lang='lat' dir='ltr'><strong>rius.</strong></span> <span class='ocrx_word' id='word_1_736' title='bbox 405 5304 593 5358; x_wconf 72' lang='lat' dir='ltr'><strong>Baoss.</strong></span> 
     </span>
    </p>
   </div>
   <div class='ocr_carea' id='block_1_101' title="bbox 257 5394 1771 5468">
    <p class='ocr_par' dir='ltr' id='par_1_101' title="bbox 257 5394 1771 5468">
     <span class='ocr_line' id='line_1_103' title="bbox 257 5394 1771 5468; baseline 0.002 -19"><span class='ocrx_word' id='word_1_737' title='bbox 257 5394 282 5468; x_wconf 52' lang='grc' dir='ltr'><strong><em>ἓ</em></strong></span> <span class='ocrx_word' id='word_1_738' title='bbox 310 5395 676 5467; x_wconf 85' lang='lat' dir='ltr'><strong>imperatores</strong></span> <span class='ocrx_word' id='word_1_739' title='bbox 717 5395 822 5451; x_wconf 81' lang='lat' dir='ltr'><strong>hoc</strong></span> <span class='ocrx_word' id='word_1_740' title='bbox 845 5396 1024 5468; x_wconf 62' lang='lat' dir='ltr'><strong>titulo</strong></span> <span class='ocrx_word' id='word_1_741' title='bbox 1057 5397 1414 5453; x_wconf 89' lang='lat' dir='ltr'><strong>lroncstantur</strong></span> <span class='ocrx_word' id='word_1_742' title='bbox 1436 5413 1594 5468; x_wconf 71' lang='lat' dir='ltr'><strong>srepe</strong></span> <span class='ocrx_word' id='word_1_743' title='bbox 1627 5398 1677 5452; x_wconf 89' lang='lat' dir='ltr'><strong>in</strong></span> <span class='ocrx_word' id='word_1_744' title='bbox 1707 5398 1771 5452; x_wconf 93' lang='lat' dir='ltr'><strong>li-</strong></span> 
     </span>
    </p>
   </div>
   <div class='ocr_carea' id='block_1_102' title="bbox 191 5463 1769 5539">
    <p class='ocr_par' dir='ltr' id='par_1_102' title="bbox 191 5463 1769 5539">
     <span class='ocr_line' id='line_1_104' title="bbox 191 5463 1769 5539; baseline 0.001 -19"><span class='ocrx_word' id='word_1_745' title='bbox 191 5463 297 5539; x_wconf 56' lang='lat' dir='ltr'><strong>bris</strong></span> <span class='ocrx_word' id='word_1_746' title='bbox 322 5463 597 5539; x_wconf 72' lang='lat' dir='ltr'><strong>veterum,</strong></span> <span class='ocrx_word' id='word_1_747' title='bbox 626 5473 688 5520; x_wconf 88' lang='lat' dir='ltr'><strong>ut</strong></span> <span class='ocrx_word' id='word_1_748' title='bbox 714 5465 860 5535; x_wconf 89' lang='lat' dir='ltr'><strong>apud</strong></span> <span class='ocrx_word' id='word_1_749' title='bbox 892 5464 1119 5539; x_wconf 75' lang='lat' dir='ltr'><strong>Plinium</strong></span> <span class='ocrx_word' id='word_1_750' title='bbox 1146 5468 1203 5539; x_wconf 81' lang='lat' dir='ltr'><strong>in</strong></span> <span class='ocrx_word' id='word_1_751' title='bbox 1234 5467 1476 5539; x_wconf 72' lang='lat' dir='ltr'><strong>epistolis</strong></span> <span class='ocrx_word' id='word_1_752' title='bbox 1504 5463 1556 5522; x_wconf 85' lang='lat' dir='ltr'><strong>in</strong></span> <span class='ocrx_word' id='word_1_753' title='bbox 1581 5468 1619 5522; x_wconf 90' lang='lat' dir='ltr'><strong>l.</strong></span> <span class='ocrx_word' id='word_1_754' title='bbox 1651 5469 1684 5520; x_wconf 80' lang='grc'><strong>5</strong></span> <span class='ocrx_word' id='word_1_755' title='bbox 1712 5468 1769 5522; x_wconf 83' lang='grc' dir='ltr'><strong>Ι).</strong></span> 
     </span>
    </p>
   </div>
   <div class='ocr_carea' id='block_1_103' title="bbox 198 5532 1775 5673">
    <p class='ocr_par' dir='ltr' id='par_1_103' title="bbox 198 5532 1775 5673">
     <span class='ocr_line' id='line_1_105' title="bbox 198 5532 1775 5673; baseline 0.004 -85"><span class='ocrx_word' id='word_1_756' title='bbox 561 5536 616 5590; x_wconf 90' lang='lat' dir='ltr'><strong>in</strong></span> <span class='ocrx_word' id='word_1_757' title='bbox 661 5532 877 5592; x_wconf 81' lang='lat' dir='ltr'><strong>testam.</strong></span> <span class='ocrx_word' id='word_1_758' title='bbox 929 5536 1034 5591; x_wconf 90' lang='lat' dir='ltr'><strong>del.</strong></span> <span class='ocrx_word' id='word_1_759' title='bbox 1066 5532 1319 5595; x_wconf 83' lang='lat' dir='ltr'><strong>Sidonius</strong></span> <span class='ocrx_word' id='word_1_760' title='bbox 1360 5539 1412 5594; x_wconf 86' lang='lat' dir='ltr'><strong>in</strong></span> <span class='ocrx_word' id='word_1_761' title='bbox 1445 5536 1775 5611; x_wconf 83' lang='lat' dir='ltr'><strong>Panegyrico</strong></span> 
     </span>
    </p>
   </div>
   <div class='ocr_carea' id='block_1_104' title="bbox 539 5714 1018 5764">
    <p class='ocr_par' dir='ltr' id='par_1_104' title="bbox 539 5714 1018 5764">
     <span class='ocr_line' id='line_1_106' title="bbox 539 5714 1018 5764; baseline -0.002 -1"><span class='ocrx_word' id='word_1_762' title='bbox 539 5714 647 5763; x_wconf 67' lang='lat' dir='ltr'><strong>Mea</strong></span> <span class='ocrx_word' id='word_1_763' title='bbox 673 5714 826 5763; x_wconf 76' lang='lat' dir='ltr'><strong>Gallia</strong></span> <span class='ocrx_word' id='word_1_764' title='bbox 852 5726 1018 5764; x_wconf 80' lang='lat' dir='ltr'><strong>rerum</strong></span> 
     </span>
    </p>
   </div>
   <div class='ocr_carea' id='block_1_105' title="bbox 380 5774 1062 5839">
    <p class='ocr_par' dir='ltr' id='par_1_105' title="bbox 380 5774 1062 5839">
     <span class='ocr_line' id='line_1_107' title="bbox 380 5774 1062 5839; baseline -0.009 -12"><span class='ocrx_word' id='word_1_765' title='bbox 380 5774 637 5839; x_wconf 78' lang='lat' dir='ltr'><strong>Ignoralur</strong></span> <span class='ocrx_word' id='word_1_766' title='bbox 658 5777 810 5824; x_wconf 60' lang='lat' dir='ltr'><strong>albuc</strong></span> <span class='ocrx_word' id='word_1_767' title='bbox 832 5778 1062 5827; x_wconf 77' lang='lat' dir='ltr'><strong>dominis.</strong></span> 
     </span>
    </p>
   </div>
   <div class='ocr_carea' id='block_1_106' title="bbox 1872 4669 3455 4746">
    <p class='ocr_par' dir='ltr' id='par_1_106' title="bbox 1872 4669 3455 4746">
     <span class='ocr_line' id='line_1_108' title="bbox 1872 4669 3455 4746; baseline -0.004 -14"><span class='ocrx_word' id='word_1_768' title='bbox 1872 4674 2172 4746; x_wconf 80' lang='lat' dir='ltr'><strong>Aliquando</strong></span> <span class='ocrx_word' id='word_1_769' title='bbox 2190 4672 2362 4746; x_wconf 84' lang='lat' dir='ltr'><strong>etiam</strong></span> <span class='ocrx_word' id='word_1_770' title='bbox 2387 4687 2567 4746; x_wconf 79' lang='lat' dir='ltr'><strong>rerum</strong></span> <span class='ocrx_word' id='word_1_771' title='bbox 2596 4669 2798 4746; x_wconf 75' lang='lat' dir='ltr'><strong>domini</strong></span> <span class='ocrx_word' id='word_1_772' title='bbox 2822 4685 2919 4739; x_wconf 87' lang='lat' dir='ltr'><strong>pro</strong></span> <span class='ocrx_word' id='word_1_773' title='bbox 2938 4670 3269 4746; x_wconf 81' lang='lat' dir='ltr'><strong>principibus</strong></span> <span class='ocrx_word' id='word_1_774' title='bbox 3294 4687 3455 4746; x_wconf 79' lang='lat' dir='ltr'><strong>usur-</strong></span> 
     </span>
    </p>
   </div>
   <div class='ocr_carea' id='block_1_107' title="bbox 1873 4740 3452 4818">
    <p class='ocr_par' dir='ltr' id='par_1_107' title="bbox 1873 4740 3452 4818">
     <span class='ocr_line' id='line_1_109' title="bbox 1873 4740 3452 4818; baseline -0.004 -17"><span class='ocrx_word' id='word_1_775' title='bbox 1873 4740 2085 4818; x_wconf 63' lang='lat' dir='ltr'><strong>pan&#39;tur.</strong></span> <span class='ocrx_word' id='word_1_776' title='bbox 2110 4743 2573 4818; x_wconf 68' lang='lat' dir='ltr'><strong>Solemusjtidem</strong></span> <span class='ocrx_word' id='word_1_777' title='bbox 2596 4740 2733 4796; x_wconf 87' lang='lat' dir='ltr'><strong>alios</strong></span> <span class='ocrx_word' id='word_1_778' title='bbox 2761 4756 2920 4818; x_wconf 82' lang='lat' dir='ltr'><strong>quam</strong></span> <span class='ocrx_word' id='word_1_779' title='bbox 2957 4740 3310 4818; x_wconf 83' lang='lat' dir='ltr'><strong>imperatores</strong></span> <span class='ocrx_word' id='word_1_780' title='bbox 3349 4740 3452 4795; x_wconf 58' lang='lat' dir='ltr'><strong>do-</strong></span> 
     </span>
    </p>
   </div>
   <div class='ocr_carea' id='block_1_108' title="bbox 1873 4811 3456 4880">
    <p class='ocr_par' dir='ltr' id='par_1_108' title="bbox 1873 4811 3456 4880">
     <span class='ocr_line' id='line_1_110' title="bbox 1873 4811 3456 4880; baseline -0.004 -9"><span class='ocrx_word' id='word_1_781' title='bbox 1873 4811 2049 4872; x_wconf 81' lang='lat' dir='ltr'><strong>minos</strong></span> <span class='ocrx_word' id='word_1_782' title='bbox 2099 4829 2316 4870; x_wconf 85' lang='lat' dir='ltr'><strong>vocare.</strong></span> <span class='ocrx_word' id='word_1_783' title='bbox 2365 4812 2591 4868; x_wconf 88' lang='lat' dir='ltr'><strong>Sueten.</strong></span> <span class='ocrx_word' id='word_1_784' title='bbox 2640 4818 2821 4866; x_wconf 87' lang='lat' dir='ltr'><strong>tamen</strong></span> <span class='ocrx_word' id='word_1_785' title='bbox 2880 4811 2933 4865; x_wconf 89' lang='lat' dir='ltr'><strong>in</strong></span> <span class='ocrx_word' id='word_1_786' title='bbox 2983 4811 3226 4880; x_wconf 77' lang='lat' dir='ltr'><strong>Augusto</strong></span> <span class='ocrx_word' id='word_1_787' title='bbox 3271 4818 3456 4865; x_wconf 86' lang='lat' dir='ltr'><strong>narrat</strong></span> 
     </span>
    </p>
   </div>
   <div class='ocr_carea' id='block_1_109' title="bbox 1875 4880 3455 4956">
    <p class='ocr_par' dir='ltr' id='par_1_109' title="bbox 1875 4880 3455 4956">
     <span class='ocr_line' id='line_1_111' title="bbox 1875 4880 3455 4956; baseline -0.006 -14"><span class='ocrx_word' id='word_1_788' title='bbox 1875 4888 2168 4956; x_wconf 82' lang='lat' dir='ltr'><strong>Augustum</strong></span> <span class='ocrx_word' id='word_1_789' title='bbox 2195 4883 2398 4939; x_wconf 91' lang='lat' dir='ltr'><strong>domini</strong></span> <span class='ocrx_word' id='word_1_790' title='bbox 2420 4882 2834 4956; x_wconf 81' lang='lat' dir='ltr'><strong>appellationem</strong></span> <span class='ocrx_word' id='word_1_791' title='bbox 2856 4881 3087 4956; x_wconf 78' lang='lat' dir='ltr'><strong>maxime</strong></span> <span class='ocrx_word' id='word_1_792' title='bbox 3112 4880 3455 4936; x_wconf 84' lang='lat' dir='ltr'><strong>exhorruisse</strong></span> 
     </span>
    </p>
   </div>
   <div class='ocr_carea' id='block_1_110' title="bbox 1875 4950 3454 5023">
    <p class='ocr_par' dir='ltr' id='par_1_110' title="bbox 1875 4950 3454 5023">
     <span class='ocr_line' id='line_1_112' title="bbox 1875 4950 3454 5023; baseline -0.004 -12"><span class='ocrx_word' id='word_1_793' title='bbox 1875 4965 1935 5011; x_wconf 92' lang='lat' dir='ltr'><strong>ut</strong></span> <span class='ocrx_word' id='word_1_794' title='bbox 1969 4950 2314 5011; x_wconf 80' lang='lat' dir='ltr'><strong>maledictum</strong></span> <span class='ocrx_word' id='word_1_795' title='bbox 2363 4968 2427 5009; x_wconf 93' lang='lat' dir='ltr'><strong>ac</strong></span> <span class='ocrx_word' id='word_1_796' title='bbox 2458 4950 2810 5023; x_wconf 82' lang='lat' dir='ltr'><strong>opprobrium</strong></span> <span class='ocrx_word' id='word_1_797' title='bbox 2827 4992 2864 5023; x_wconf 31' lang='grc' dir='ltr'><strong>,Α</strong></span> <span class='ocrx_word' id='word_1_798' title='bbox 2895 4950 3279 5023; x_wconf 76' lang='lat' dir='ltr'><strong>dominumque</strong></span> <span class='ocrx_word' id='word_1_799' title='bbox 3331 4964 3454 5023; x_wconf 76' lang='lat' dir='ltr'><strong>sese</strong></span> 
     </span>
    </p>
   </div>
   <div class='ocr_carea' id='block_1_111' title="bbox 1875 5019 3452 5098">
    <p class='ocr_par' dir='ltr' id='par_1_111' title="bbox 1875 5019 3452 5098">
     <span class='ocr_line' id='line_1_113' title="bbox 1875 5019 3452 5098; baseline -0.003 -22"><span class='ocrx_word' id='word_1_800' title='bbox 1875 5027 2104 5098; x_wconf 66' lang='lat' dir='ltr'><strong>posthac</strong></span> <span class='ocrx_word' id='word_1_801' title='bbox 2138 5019 2550 5098; x_wconf 59' lang='lat' dir='ltr'><strong>appellarinon&#39;</strong></span> <span class='ocrx_word' id='word_1_802' title='bbox 2575 5037 2789 5098; x_wconf 87' lang='lat' dir='ltr'><strong>pas_s_r_rm</strong></span> <span class='ocrx_word' id='word_1_803' title='bbox 2829 5019 3200 5098; x_wconf 59' lang='lat' dir='ltr'><strong>£uisse_.__ldem</strong></span> <span class='ocrx_word' id='word_1_804' title='bbox 3233 5019 3452 5098; x_wconf 78' lang='lat' dir='ltr'><strong>fa_e_tita-</strong></span> 
     </span>
    </p>
   </div>
   <div class='ocr_carea' id='block_1_112' title="bbox 1875 5089 3452 5151">
    <p class='ocr_par' dir='ltr' id='par_1_112' title="bbox 1875 5089 3452 5151">
     <span class='ocr_line' id='line_1_114' title="bbox 1875 5089 3452 5151; baseline -0.004 0"><span class='ocrx_word' id='word_1_805' title='bbox 1875 5089 2003 5151; x_wconf 74' lang='lat' dir='ltr'><strong>i&#39;unt</strong></span> <span class='ocrx_word' id='word_1_806' title='bbox 2028 5089 2274 5150; x_wconf 71' lang='lat' dir='ltr'><strong>Tiberius</strong></span> <span class='ocrx_word' id='word_1_807' title='bbox 2301 5101 2358 5149; x_wconf 90' lang='lat' dir='ltr'><strong>et</strong></span> <span class='ocrx_word' id='word_1_808' title='bbox 2381 5089 2635 5147; x_wconf 81' lang='lat' dir='ltr'><strong>Severus.</strong></span> <span class='ocrx_word' id='word_1_809' title='bbox 2669 5091 2805 5147; x_wconf 84' lang='lat' dir='ltr'><strong>Hinc</strong></span> <span class='ocrx_word' id='word_1_810' title='bbox 2829 5090 3190 5146; x_wconf 82' lang='lat' dir='ltr'><strong>Tertullianus</strong></span> <span class='ocrx_word' id='word_1_811' title='bbox 3220 5108 3232 5143; x_wconf 93' lang='lat'>:</span> <span class='ocrx_word' id='word_1_812' title='bbox 3268 5089 3452 5144; x_wconf 86' lang='lat' dir='ltr'><strong>Dicam</strong></span> 
     </span>
    </p>
   </div>
   <div class='ocr_carea' id='block_1_113' title="bbox 1877 5158 3450 5237">
    <p class='ocr_par' dir='ltr' id='par_1_113' title="bbox 1877 5158 3450 5237">
     <span class='ocr_line' id='line_1_115' title="bbox 1877 5158 3450 5237; baseline -0.006 -17"><span class='ocrx_word' id='word_1_813' title='bbox 1877 5167 2039 5237; x_wconf 87' lang='lat' dir='ltr'><strong>plane</strong></span> <span class='ocrx_word' id='word_1_814' title='bbox 2080 5167 2460 5237; x_wconf 57' lang='lat' dir='ltr'><strong>imperatorem</strong></span> <span class='ocrx_word' id='word_1_815' title='bbox 2488 5162 2759 5216; x_wconf 87' lang='lat' dir='ltr'><strong>dominum</strong></span> <span class='ocrx_word' id='word_1_816' title='bbox 2779 5203 2796 5229; x_wconf 92' lang='lat'><strong>,</strong></span> <span class='ocrx_word' id='word_1_817' title='bbox 2824 5161 2921 5237; x_wconf 81' lang='lat' dir='ltr'><strong>sed</strong></span> <span class='ocrx_word' id='word_1_818' title='bbox 2958 5175 3110 5214; x_wconf 90' lang='lat' dir='ltr'><strong>more</strong></span> <span class='ocrx_word' id='word_1_819' title='bbox 3137 5158 3407 5215; x_wconf 84' lang='lat' dir='ltr'><strong>communi</strong></span> <span class='ocrx_word' id='word_1_820' title='bbox 3433 5176 3450 5225; x_wconf 86' lang='lat'><strong>;</strong></span> 
     </span>
    </p>
   </div>
   <div class='ocr_carea' id='block_1_114' title="bbox 1878 5230 3452 5300">
    <p class='ocr_par' dir='ltr' id='par_1_114' title="bbox 1878 5230 3452 5300">
     <span class='ocr_line' id='line_1_116' title="bbox 1878 5230 3452 5300; baseline -0.006 -8"><span class='ocrx_word' id='word_1_821' title='bbox 1878 5230 1933 5292; x_wconf 80' lang='lat' dir='ltr'><strong>et</strong></span> <span class='ocrx_word' id='word_1_822' title='bbox 1975 5236 2100 5290; x_wconf 89' lang='lat' dir='ltr'><strong>alibi</strong></span> <span class='ocrx_word' id='word_1_823' title='bbox 2134 5230 2393 5288; x_wconf 57' lang='lat' dir='ltr'><strong>{Domini</strong></span> <span class='ocrx_word' id='word_1_824' title='bbox 2422 5246 2608 5287; x_wconf 89' lang='lat' dir='ltr'><strong>vocem</strong></span> <span class='ocrx_word' id='word_1_825' title='bbox 2656 5230 2957 5300; x_wconf 11' lang='lat' dir='ltr'><strong>potestatis,</strong></span> <span class='ocrx_word' id='word_1_826' title='bbox 2983 5244 3209 5300; x_wconf 68' lang='lat' dir='ltr'><strong>summa:</strong></span> <span class='ocrx_word' id='word_1_827' title='bbox 3253 5244 3452 5300; x_wconf 88' lang='lat' dir='ltr'><strong>nomen</strong></span> 
     </span>
    </p>
   </div>
   <div class='ocr_carea' id='block_1_115' title="bbox 1880 5298 3455 5387">
    <p class='ocr_par' dir='ltr' id='par_1_115' title="bbox 1880 5298 3455 5387">
     <span class='ocr_line' id='line_1_117' title="bbox 1880 5298 3455 5387; baseline -0.005 -26"><span class='ocrx_word' id='word_1_828' title='bbox 1880 5321 2001 5361; x_wconf 89' lang='lat' dir='ltr'><strong>esse</strong></span> <span class='ocrx_word' id='word_1_829' title='bbox 2028 5304 2221 5387; x_wconf 62' lang='lat' dir='ltr'><strong>arguit:</strong></span> <span class='ocrx_word' id='word_1_830' title='bbox 2251 5300 2378 5387; x_wconf 75' lang='lat' dir='ltr'><strong>lure</strong></span> <span class='ocrx_word' id='word_1_831' title='bbox 2397 5300 2547 5382; x_wconf 40' lang='lat' dir='ltr'><strong>civili.</strong></span> <span class='ocrx_word' id='word_1_832' title='bbox 2560 5298 2759 5387; x_wconf 77' lang='lat' dir='ltr'><strong>domini</strong></span> <span class='ocrx_word' id='word_1_833' title='bbox 2788 5298 3149 5387; x_wconf 67' lang='lat' dir='ltr'><strong>appellatique</strong></span> <span class='ocrx_word' id='word_1_834' title='bbox 3176 5299 3455 5387; x_wconf 50' lang='lat' dir='ltr'><strong>contine-n-</strong></span> 
     </span>
    </p>
   </div>
   <div class='ocr_carea' id='block_1_116' title="bbox 1882 5368 3449 5441">
    <p class='ocr_par' dir='ltr' id='par_1_116' title="bbox 1882 5368 3449 5441">
     <span class='ocr_line' id='line_1_118' title="bbox 1882 5368 3449 5441; baseline -0.004 -12"><span class='ocrx_word' id='word_1_835' title='bbox 1882 5386 1985 5436; x_wconf 91' lang='lat' dir='ltr'><strong>tur,</strong></span> <span class='ocrx_word' id='word_1_836' title='bbox 2018 5368 2117 5441; x_wconf 79' lang='lat' dir='ltr'><strong>qui</strong></span> <span class='ocrx_word' id='word_1_837' title='bbox 2137 5374 2340 5427; x_wconf 87' lang='lat' dir='ltr'><strong>habent</strong></span> <span class='ocrx_word' id='word_1_838' title='bbox 2367 5371 2785 5441; x_wconf 87' lang='lat' dir='ltr'><strong>proprietatem,</strong></span> <span class='ocrx_word' id='word_1_839' title='bbox 2819 5368 3033 5423; x_wconf 31' lang='lat' dir='ltr'><strong>l.’rccte</strong></span> <span class='ocrx_word' id='word_1_840' title='bbox 3064 5368 3125 5441; x_wconf 65' lang='grc' dir='ltr'><strong>ζ).</strong></span> <span class='ocrx_word' id='word_1_841' title='bbox 3177 5369 3245 5424; x_wconf 91' lang='lat' dir='ltr'><strong>de</strong></span> <span class='ocrx_word' id='word_1_842' title='bbox 3294 5369 3449 5441; x_wconf 78' lang='lat' dir='ltr'><strong>verb.</strong></span> 
     </span>
    </p>
   </div>
   <div class='ocr_carea' id='block_1_117' title="bbox 1876 5391 3452 5514">
    <p class='ocr_par' dir='ltr' id='par_1_117' title="bbox 1876 5391 3452 5514">
     <span class='ocr_line' id='line_1_119' title="bbox 1882 5391 3449 5441; baseline -0.004 -12"><span class='ocrx_word' id='word_1_843' title='bbox 1882 5391 1985 5436; x_wconf 86' lang='lat' dir='ltr'><strong>tur,</strong></span> <span class='ocrx_word' id='word_1_844' title='bbox 2057 5391 2108 5428; x_wconf 90' lang='lat' dir='ltr'><strong>Itt</strong></span> <span class='ocrx_word' id='word_1_845' title='bbox 2138 5391 2340 5427; x_wconf 84' lang='lat' dir='ltr'><strong>nauem</strong></span> <span class='ocrx_word' id='word_1_846' title='bbox 2367 5391 2785 5441; x_wconf 74' lang='lat' dir='ltr'><strong>proprlcwtem,</strong></span> <span class='ocrx_word' id='word_1_847' title='bbox 2820 5391 2856 5423; x_wconf 90' lang='grc' dir='ltr'><strong>ι.</strong></span> <span class='ocrx_word' id='word_1_848' title='bbox 2886 5391 3033 5423; x_wconf 75' lang='lat' dir='ltr'><strong>reue</strong></span> <span class='ocrx_word' id='word_1_849' title='bbox 3066 5391 3125 5422; x_wconf 89' lang='grc' dir='ltr'><strong>υ.</strong></span> <span class='ocrx_word' id='word_1_850' title='bbox 3177 5391 3245 5424; x_wconf 80' lang='lat' dir='ltr'><strong>ue</strong></span> <span class='ocrx_word' id='word_1_851' title='bbox 3296 5391 3449 5423; x_wconf 80' lang='lat' dir='ltr'><strong>veru.</strong></span> 
     </span>
     <span class='ocr_line' id='line_1_120' title="bbox 1876 5391 3452 5514; baseline -0.004 -14"><span class='ocrx_word' id='word_1_852' title='bbox 1876 5391 2102 5514; x_wconf 60' lang='lat' dir='ltr'><strong>signigc.</strong></span> <span class='ocrx_word' id='word_1_853' title='bbox 2118 5442 2511 5514; x_wconf 77' lang='lat' dir='ltr'><strong>Verumtamen</strong></span> <span class='ocrx_word' id='word_1_854' title='bbox 2536 5440 2737 5514; x_wconf 85' lang='lat' dir='ltr'><strong>domini</strong></span> <span class='ocrx_word' id='word_1_855' title='bbox 2761 5454 2865 5514; x_wconf 73' lang='lat' dir='ltr'><strong>vox</strong></span> <span class='ocrx_word' id='word_1_856' title='bbox 2901 5438 3127 5514; x_wconf 74' lang='lat' dir='ltr'><strong>proprie</strong></span> <span class='ocrx_word' id='word_1_857' title='bbox 3143 5454 3253 5493; x_wconf 91' lang='lat' dir='ltr'><strong>non</strong></span> <span class='ocrx_word' id='word_1_858' title='bbox 3273 5438 3374 5514; x_wconf 63' lang='lat' dir='ltr'><strong>nisi</strong></span> <span class='ocrx_word' id='word_1_859' title='bbox 3397 5439 3452 5514; x_wconf 88' lang='lat' dir='ltr'><strong>in</strong></span> 
     </span>
    </p>
   </div>
   <div class='ocr_carea' id='block_1_118' title="bbox 1875 5510 3456 5580">
    <p class='ocr_par' dir='ltr' id='par_1_118' title="bbox 1875 5510 3456 5580">
     <span class='ocr_line' id='line_1_121' title="bbox 1875 5510 3456 5580; baseline -0.003 -10"><span class='ocrx_word' id='word_1_860' title='bbox 1875 5510 2079 5570; x_wconf 74' lang='lat' dir='ltr'><strong>servos.</strong></span> <span class='ocrx_word' id='word_1_861' title='bbox 2113 5511 2345 5580; x_wconf 80' lang='lat' dir='ltr'><strong>Reperio</strong></span> <span class='ocrx_word' id='word_1_862' title='bbox 2376 5521 2554 5565; x_wconf 87' lang='lat' dir='ltr'><strong>autem</strong></span> <span class='ocrx_word' id='word_1_863' title='bbox 2578 5510 2798 5579; x_wconf 83' lang='lat' dir='ltr'><strong>Augusti</strong></span> <span class='ocrx_word' id='word_1_864' title='bbox 2827 5525 2945 5565; x_wconf 68' lang='lat' dir='ltr'><strong>ravo</strong></span> <span class='ocrx_word' id='word_1_865' title='bbox 2968 5519 3023 5564; x_wconf 87' lang='lat' dir='ltr'><strong>et</strong></span> <span class='ocrx_word' id='word_1_866' title='bbox 3045 5510 3179 5564; x_wconf 86' lang='lat' dir='ltr'><strong>infra</strong></span> <span class='ocrx_word' id='word_1_867' title='bbox 3212 5527 3241 5566; x_wconf 87' lang='lat' dir='ltr'><strong>a</strong></span> <span class='ocrx_word' id='word_1_868' title='bbox 3272 5512 3456 5566; x_wconf 76' lang='lat' dir='ltr'><strong>liberis</strong></span> 
     </span>
    </p>
   </div>
   <div class='ocr_carea' id='block_1_119' title="bbox 1916 5579 3453 5653">
    <p class='ocr_par' dir='ltr' id='par_1_119' title="bbox 1916 5579 3453 5653">
     <span class='ocr_line' id='line_1_122' title="bbox 1916 5579 3453 5653; baseline -0.002 -15"><span class='ocrx_word' id='word_1_869' title='bbox 1916 5594 2058 5638; x_wconf 82' lang='lat' dir='ltr'><strong>atres</strong></span> <span class='ocrx_word' id='word_1_870' title='bbox 2086 5579 2383 5653; x_wconf 75' lang='lat' dir='ltr'><strong>appellatos</strong></span> <span class='ocrx_word' id='word_1_871' title='bbox 2410 5580 2677 5641; x_wconf 85' lang='lat' dir='ltr'><strong>dominos,</strong></span> <span class='ocrx_word' id='word_1_872' title='bbox 2708 5590 2817 5653; x_wconf 90' lang='lat' dir='ltr'><strong>et_a</strong></span> <span class='ocrx_word' id='word_1_873' title='bbox 2851 5579 3104 5653; x_wconf 79' lang='lat' dir='ltr'><strong>fratribus</strong></span> <span class='ocrx_word' id='word_1_874' title='bbox 3128 5582 3453 5636; x_wconf 55' lang='lat' dir='ltr'><strong>blandienti»</strong></span> 
     </span>
    </p>
   </div>
   <div class='ocr_carea' id='block_1_120' title="bbox 1879 5602 3453 5721">
    <p class='ocr_par' dir='ltr' id='par_1_120' title="bbox 1879 5602 3453 5721">
     <span class='ocr_line' id='line_1_123' title="bbox 1916 5602 3453 5653; baseline -0.002 -15"><span class='ocrx_word' id='word_1_875' title='bbox 1916 5602 2058 5638; x_wconf 82' lang='lat' dir='ltr'><strong>alres</strong></span> <span class='ocrx_word' id='word_1_876' title='bbox 2086 5602 2383 5653; x_wconf 74' lang='lat' dir='ltr'><strong>appellatos</strong></span> <span class='ocrx_word' id='word_1_877' title='bbox 2410 5602 2677 5641; x_wconf 68' lang='lat' dir='ltr'><strong>“Oilllﬂﬂs.</strong></span> <span class='ocrx_word' id='word_1_878' title='bbox 2708 5602 2763 5635; x_wconf 74' lang='lat' dir='ltr'><strong>Cl</strong></span> <span class='ocrx_word' id='word_1_879' title='bbox 2789 5602 2817 5633; x_wconf 84' lang='lat' dir='ltr'><strong>a</strong></span> <span class='ocrx_word' id='word_1_880' title='bbox 2851 5602 3104 5635; x_wconf 77' lang='lat' dir='ltr'><strong>rratrruus</strong></span> <span class='ocrx_word' id='word_1_881' title='bbox 3128 5602 3453 5636; x_wconf 65' lang='lat' dir='ltr'><strong>Dlaﬂﬂlt’llll&quot;</strong></span> 
     </span>
     <span class='ocr_line' id='line_1_124' title="bbox 1879 5602 3453 5721; baseline -0.003 -13"><span class='ocrx_word' id='word_1_882' title='bbox 1879 5602 1976 5708; x_wconf 54' lang='lat' dir='ltr'><strong>[ius</strong></span> <span class='ocrx_word' id='word_1_883' title='bbox 2007 5653 2222 5707; x_wconf 81' lang='lat' dir='ltr'><strong>fratres.</strong></span> <span class='ocrx_word' id='word_1_884' title='bbox 2247 5649 2448 5721; x_wconf 61' lang='lat' dir='ltr'><strong>Obvius</strong></span> <span class='ocrx_word' id='word_1_885' title='bbox 2493 5664 2699 5717; x_wconf 87' lang='lat' dir='ltr'><strong>quosve</strong></span> <span class='ocrx_word' id='word_1_886' title='bbox 2743 5650 2993 5721; x_wconf 87' lang='lat' dir='ltr'><strong>dominos</strong></span> <span class='ocrx_word' id='word_1_887' title='bbox 3021 5652 3181 5705; x_wconf 88' lang='lat' dir='ltr'><strong>etiam</strong></span> <span class='ocrx_word' id='word_1_888' title='bbox 3213 5654 3453 5721; x_wconf 78' lang='lat' dir='ltr'><strong>appella-</strong></span> 
     </span>
    </p>
   </div>
   <div class='ocr_carea' id='block_1_121' title="bbox 1879 5719 3454 5785">
    <p class='ocr_par' dir='ltr' id='par_1_121' title="bbox 1879 5719 3454 5785">
     <span class='ocr_line' id='line_1_125' title="bbox 1879 5719 3454 5785; baseline -0.002 -7"><span class='ocrx_word' id='word_1_889' title='bbox 1879 5726 2025 5784; x_wconf 76' lang='lat' dir='ltr'><strong>haut,</strong></span> <span class='ocrx_word' id='word_1_890' title='bbox 2056 5731 2116 5777; x_wconf 91' lang='lat' dir='ltr'><strong>ut</strong></span> <span class='ocrx_word' id='word_1_891' title='bbox 2160 5722 2214 5776; x_wconf 89' lang='lat' dir='ltr'><strong>in</strong></span> <span class='ocrx_word' id='word_1_892' title='bbox 2241 5719 2447 5775; x_wconf 74' lang='lat' dir='ltr'><strong>Seneca</strong></span> <span class='ocrx_word' id='word_1_893' title='bbox 2477 5721 2663 5775; x_wconf 88' lang='lat' dir='ltr'><strong>videre</strong></span> <span class='ocrx_word' id='word_1_894' title='bbox 2691 5729 2810 5772; x_wconf 80' lang='lat' dir='ltr'><strong>est:</strong></span> <span class='ocrx_word' id='word_1_895' title='bbox 2844 5720 3128 5785; x_wconf 87' lang='lat' dir='ltr'><strong>Quomodo</strong></span> <span class='ocrx_word' id='word_1_896' title='bbox 3156 5719 3367 5779; x_wconf 76' lang='lat' dir='ltr'><strong>obvios.</strong></span> <span class='ocrx_word' id='word_1_897' title='bbox 3410 5721 3454 5775; x_wconf 83' lang='lat' dir='ltr'><strong>si</strong></span> 
     </span>
    </p>
   </div>
   <div class='ocr_carea' id='block_1_122' title="bbox 1879 5790 3380 5855">
    <p class='ocr_par' dir='ltr' id='par_1_122' title="bbox 1879 5790 3380 5855">
     <span class='ocr_line' id='line_1_126' title="bbox 1879 5790 3380 5855; baseline -0.004 -6"><span class='ocrx_word' id='word_1_898' title='bbox 1879 5808 2072 5850; x_wconf 83' lang='lat' dir='ltr'><strong>nmocn</strong></span> <span class='ocrx_word' id='word_1_899' title='bbox 2100 5810 2205 5849; x_wconf 89' lang='lat' dir='ltr'><strong>non</strong></span> <span class='ocrx_word' id='word_1_900' title='bbox 2235 5792 2523 5855; x_wconf 85' lang='lat' dir='ltr'><strong>succurrit,</strong></span> <span class='ocrx_word' id='word_1_901' title='bbox 2553 5790 2802 5846; x_wconf 85' lang='lat' dir='ltr'><strong>dominos</strong></span> <span class='ocrx_word' id='word_1_902' title='bbox 2847 5791 3157 5846; x_wconf 79' lang='lat' dir='ltr'><strong>salutamus.</strong></span> <span class='ocrx_word' id='word_1_903' title='bbox 3198 5793 3380 5846; x_wconf 79' lang='lat' dir='ltr'><strong>liuoss.</strong></span> 
     </span>
    </p>
   </div>
  </div>
