3966 6170
631 291 728 347 3H

639 405 938 469 viguerunt.
967 400 1289 457 Heliodorus
1315 401 1480 464 enim,
1505 399 1594 470 qui
1627 400 1681 454 in
1713 399 1801 453 illa
1828 398 2020 468 repub.
2055 396 2211 450 nobis
2243 403 2284 454 Α

635 494 938 548 videntibus
966 492 1337 562 praefecturam
1362 491 1444 546 bis
1468 491 1690 546 novenis
1714 491 1870 544 annis
1897 488 2062 556 gessit
2089 487 2210 541 exi-

639 585 785 645 mie,
834 598 1020 637 eorum
1077 581 1526 649 consanguinitati
1583 579 1911 651 probabatur
1973 576 2209 646 adjuugi.

635 671 816 728 Genus
845 672 895 725 in
929 680 1156 740 utroque
1185 672 1317 725 orbe
1348 670 1682 740 przcclarum,
1723 668 1866 738 quod
1895 668 2108 736 gemino
2128 682 2215 720 sc-

635 763 782 818 natui
829 764 1083 818 decenter
1111 771 1372 830 aptatum,
1405 771 1659 830 tanquam
1691 761 1899 814 duobus
1929 759 2217 814 luminibus

638 855 930 917 oculatum,
966 853 1248 922 purissima
1287 853 1534 908 claritate
1566 852 1812 905 radiavit.
1839 850 1956 916 Quo
1986 849 2129 906 enim
2159 864 2217 904 se

638 949 838 1016 qumvis
867 949 1118 1002 nobilitas
1147 948 1287 1002 ultra
1315 947 1588 1010 distendit.
1633 961 1794 1015 quam
1827 945 1962 1008 haec,
2012 959 2132 1013 qua:
2163 943 2216 996 in

639 1049 868 1110 utroque
893 1040 1024 1094 orbe
1051 1039 1193 1094 clara
1224 1055 1344 1094 esse
1387 1038 1725 1108 promeruit?
1758 1037 1903 1090 Vixit
1926 1045 1982 1090 et
2026 1035 2141 1104 ipse
2165 1035 2216 1087 in

637 1130 912 1201 provincia
944 1130 1149 1184 honore
1164 1129 1376 1197 judicis,
1403 1138 1458 1183 et
1485 1130 1774 1184 securitate
1803 1127 1994 1197 privati
2028 1144 2042 1180 ε
2083 1142 2218 1181 cun-

639 1221 742 1275 ctis
768 1221 871 1275 illis
896 1220 1174 1275 nobilitate
1205 1221 1403 1288 potior,
1447 1220 1688 1274 omnium
1720 1218 1785 1272 ad
1824 1233 1884 1274 se
1907 1217 2117 1272 animos
2139 1225 2223 1269 at-

638 1311 917 1374 trahebat;
969 1318 1027 1365 ut
1057 1310 1146 1379 qui
1179 1311 1439 1365 libertatis
1480 1309 1601 1378 jure
1630 1325 1735 1363 non
1769 1315 2017 1379 poterant
2045 1308 2216 1372 subdi,

643 1399 960 1454 viderentur
997 1399 1165 1468 magis
1211 1399 1480 1453 continuis
1508 1397 1783 1453 beneﬂciis
1811 1398 2050 1453 suaviter
2081 1397 2219 1451 obli-

642 1490 774 1559 gari.
807 1489 979 1543 Tanta
1007 1490 1134 1558 quin
1179 1490 1341 1544 etiam
1378 1489 1683 1560 patrimonii
1715 1488 1795 1542 sui
1826 1488 2070 1541 ubertate
2105 1486 2222 1554 glo-

647 1585 815 1638 riatus
844 1591 944 1646 est,
979 1591 1038 1637 ut
1085 1583 1225 1637 inter
1271 1582 1476 1652 reliqua
1527 1582 1668 1636 bona
1717 1580 1928 1649 equinis
1971 1579 2224 1648 gregibus

643 1675 918 1746 principes
945 1674 1210 1736 vinceret,
1241 1681 1296 1728 et
1326 1672 1579 1727 donando
1610 1673 1806 1742 saepius
1836 1670 2090 1725 invidiam
2120 1684 2220 1723 no-

1869 287 1940 347 M.
1981 284 2228 342 AUREIJ

2319 280 2691 338 IASSIODORI
3725 289 3801 344 ΗΞ

2879 386 3206 444 ΕΡΙΞΤΟΙΑ
3250 389 3330 443 τι.

2451 497 2678 536 Αωριτο
2709 496 2999 535 ruerem-0
3040 495 3182 533 UBBIS
3214 483 3228 511 ‘
3259 497 3599 538 THEODORICUS
3624 500 3722 545 rex.

2316 573 2508 628 Scribit
2539 573 2703 625 Roma
2726 573 2894 624 mittat
2928 570 3265 640 peritissimos
3291 577 3626 629 marmorarios
3653 577 3802 634 Rat-ra-

2514 660 2634 696 nam
2652 642 2720 695 ad
2748 641 3014 694 basilicam
3039 639 3280 694 Herculis
3301 644 3653 712 perﬁciendam.

2390 753 2555 808 Decet
2583 753 2879 822 principem
2912 765 3040 806 cura
3087 765 3204 820 quze
3243 752 3308 806 ad
3354 755 3692 822 rempublicam
3714 775 3803 828 spe-

2319 852 2429 901 ctat
2457 841 2788 912 augendam;
2831 851 2888 894 et
2917 855 3045 895 vere
3083 841 3300 908 dignum
3329 850 3410 896 est
3448 858 3610 912 regem
3632 845 3805 903 adiﬁciis

2319 933 2516 1004 palatia
2557 931 2837 986 decorare.
2879 931 3032 985 Absit
3077 932 3222 986 enim
3272 941 3330 987 ut
3383 935 3580 988 ornatui
3621 936 3808 993 cedamus

2318 1034 2584 1091 veterum,
2613 1025 2698 1090 cui
2721 1024 2955 1092 impares
2983 1038 3090 1077 non
3115 1038 3300 1078 sumus
3319 1024 3623 1078 beatitudine
3644 1031 3808 1084 sarcula

2320 1131 2457 1170 rum.
2483 1114 2823 1183 Quapmpter
2843 1114 2895 1167 in
2932 1113 3245 1168 Ravennate
3271 1113 3400 1168 urbe
3423 1113 3632 1169 basilica:
3656 1115 3808 1172 Hercu-

2320 1207 2386 1262 lis
2416 1205 2651 1276 amplum
2705 1220 2843 1274 opus
2889 1205 3148 1272 aggressi,
3191 1204 3344 1272 cujus
3372 1207 3558 1260 nomini
3593 1208 3813 1276 antiquitas

2321 1309 2560 1364 congrue
2604 1295 2811 1358 tribuit,
2844 1293 3101 1362 quidquid
3131 1293 3183 1347 in
3215 1293 3334 1348 aula
3375 1295 3663 1364 praedicabili
3691 1298 3812 1352 admi-

2323 1387 2531 1440 ratione
2557 1383 2816 1447 l‘undavit,
2850 1383 3208 1451 magnitudini
3256 1392 3358 1437 tua:
3395 1383 3730 1440 studiosissime
3748 1387 3814 1441 de-

2324 1476 2593 1543 legamus;
2628 1483 2684 1528 ut
2712 1472 3006 1528 secundum
3052 1473 3271 1527 brevem
3319 1483 3344 1510 ι
3382 1474 3554 1528 subter
3594 1491 3811 1542 annexum,

2325 1567 2392 1620 de
2424 1565 2568 1621 Urbe
2610 1567 2766 1621 nobis
2822 1567 3208 1620 marmorarios
3237 1565 3568 1634 peritissimos
3591 1567 3815 1631 destinetis,

2325 1656 2417 1723 qui
2449 1656 2648 1710 eximie
2675 1655 2843 1709 divisa
2872 1655 3222 1723 conjungant,
3254 1665 3308 1709 et
3337 1657 3481 1710 venis
3505 1656 3814 1711 colludentibus

642 1766 800 1819 minis
839 1764 1104 1836 [nominis
1133 1764 1270 1818 ἀερει
1297 1766 1349 1818 ίη
1380 1781 1477 1818 ηη,
1497 1805 1512 1828 ν
1544 1772 1594 1817 ει
1641 1762 1710 1818 υ,
1737 1762 1908 1816 Jun”,
1937 1762 2090 1833 (egit,
2117 1760 2221 1814 ho-
2259 1767 2298 1824 ις
2328 1747 2528 1814 illigata
2578 1746 2877 1800 naturalem
2937 1746 3128 1800 faciem
3193 1745 3522 1800 laudabiliter
3565 1746 3818 1802 mentiantur

641 1853 823 1926 minis]
856 1872 962 1910 non
993 1855 1234 1909 haberet.
1263 1853 1398 1909 Hinc
1427 1863 1507 1909 est
1527 1853 1671 1923 quod
1696 1853 2013 1909 candidatus
2041 1859 2223 1906 noster

639 1945 940 2000 Gothorum
966 1960 1180 2013 semper
1207 1951 1382 1997 armat
1404 1943 1702 2006 exercitus;
1735 1950 1792 1997 et
1813 1942 1958 1996 bono
1982 1938 2225 1993 instituto

640 2033 852 2101 melior,
875 2033 1014 2102 quod
1044 2048 1073 2086 a
1098 2032 1406 2102 parentibus
1435 2033 1660 2100 accepit,
1693 2031 2032 2086 hmreditaria
2062 2030 2224 2096 largi-

641 2129 755 2176 tate
775 2121 1031 2177 custodit.
1065 2122 1194 2188 Quue
1220 2123 1339 2176 ideo
1371 2137 1468 2193 per
1503 2121 1747 2176 ordinem
1779 2131 1960 2176 nostra
1985 2122 2226 2189 dignatio

645 2212 998 2281 percucurrit,
1032 2221 1089 2266 ut
1128 2213 1498 2281 unusquisque
1545 2212 1828 2280 intelligat,
1861 2221 1915 2266 ct
1944 2221 2225 2281 parentum

639 2319 859 2358 suorum
891 2304 1031 2373 apud
1062 2321 1162 2358 nos
1191 2303 1378 2359 laudes
1408 2320 1566 2375 posse
1609 2320 1884 2375 reparare,
1913 2306 2005 2375 qui
2035 2306 2215 2359 vivere

643 2396 914 2464 praeclaris
972 2396 1194 2463 elegerit
1235 2396 1511 2451 institutis.
1559 2395 1626 2450 Et
1673 2397 1821 2464 ideo,
1855 2395 2041 2451 Patres
2081 2395 2228 2450 Con-
2271 2460 2273 2462 _

644 2486 851 2554 scripti,
875 2486 1000 2554 quia
1035 2485 1186 2539 vobis
1206 2493 1288 2541 est
1316 2487 1633 2540 commodus
1659 2485 1834 2540 honor
1855 2486 2142 2549 bonorum,
2173 2492 2232 2538 et

639 2575 898 2643 judicium
923 2583 1164 2629 nostrum
1179 2585 1360 2629 vester
1375 2577 1664 2630 comitatur
1675 2591 1944 2641 assensus,
1968 2589 2229 2644 prospero

643 2661 882 2731 auspicio
926 2662 1246 2730 suscipiatur
1284 2662 1400 2730 ejus
1451 2672 1761 2732 provectus,
1805 2663 1898 2732 qui
1950 2664 2052 2718 sibi
2103 2662 2230 2718 fecit

643 2749 870 2818 gratiam
885 2756 1068 2818 patere
1084 2757 1420 2804 cunctorum.
1442 2749 1538 2807 Est
1552 2751 1697 2804 enim
1721 2751 1897 2820 potius
1912 2751 2225 2807 vicissitudo

642 2854 804 2909 quam
836 2839 1143 2909 praemium;
1175 2851 1237 2894 ut
1263 2840 1352 2911 qui
1377 2857 1476 2894 nos
1502 2842 1766 2910 probabili
1797 2841 2012 2896 actione
2037 2842 2224 2898 colue-

645 2939 789 2992 runt,
823 2928 1101 2999 reciproco
1123 2926 1308 2983 favore
1334 2930 1693 2997 gratulentur.

1212 3149 1538 3206 EPISTOLA
1581 3150 1641 3205 γ.

801 3298 1061 3338 ηοηιΑΝο
1098 3300 1221 3338 Villi)
1259 3299 1518 3338 SENATORI
1559 3299 1922 3339 TKEODORICUS
1953 3301 2080 3339 REX.

643 3394 799 3450 lubet
825 3403 881 3449 ut
903 3405 1097 3450 statuta
1127 3396 1329 3449 comitis
1355 3397 1520 3449 Anna:
1555 3396 1617 3450 de
1654 3397 1877 3454 Mazeue
1912 3401 2076 3471 fundo
2119 3418 2233 3455 ser-

1338 3475 1531 3520 ventur.

718 3600 775 3653 lu
806 3599 1121 3654 immensum
1165 3598 1302 3652 trahi
1345 3614 1451 3652 non
1500 3598 1658 3655 decet
1703 3598 1851 3656 ﬁnita
1880 3603 2068 3671 litigia.
2100 3603 2231 3670 Quae

648 3690 789 3746 cnim
841 3688 1058 3743 dabitur
1109 3689 1543 3744 discordantibus
1589 3706 1714 3760 pax,
1744 3693 1788 3746 si
1843 3710 1941 3748 nec
1982 3694 2235 3763 legitimis

647 3782 928 3837 sententiis
983 3782 1358 3849 acquiescant?
1401 3778 1548 3835 Unus
1591 3783 1732 3836 enim
1781 3786 1922 3858 inter
1969 3787 2234 3854 procellas

649 3871 909 3925 humanas
955 3879 1142 3940 portus
1197 3872 1490 3927 instructus
1545 3881 1660 3938 est;
1691 3889 1852 3942 quem
1899 3877 1942 3930 si
1988 3877 2233 3932 homines

650 3959 856 4015 fervida
910 3961 1182 4016 voluntate
1246 3971 1605 4031 praetereunt,
1659 3964 1709 4017 in
1769 3966 1990 4022 undosis
2039 3968 2233 4037 jurgiis

647 4068 864 4121 semper
891 4053 1167 4107 errabunt.
1201 4054 1268 4107 Et
1297 4055 1418 4108 ideo
1453 4057 1837 4123 spectabilitati
1865 4071 1968 4113 iure
1996 4077 2235 4127 praesen-

651 4145 792 4197 tibus
816 4141 1043 4198 atlamur
1071 4146 1322 4210 oraculis,
1353 4155 1640 4215 quatenus,
1666 4149 1711 4202 si
1744 4149 1814 4202 ita
1846 4166 1932 4203 res
1961 4166 2019 4204 se
2051 4152 2228 4216 habet,

651 4243 760 4288 uta
785 4236 1132 4304 prmsentibus
1177 4237 1476 4304 suspicatur
1511 4238 1630 4311 [ms.
1665 4239 1862 4310 Remig.
1888 4253 1936 4296 et
1963 4245 2066 4308 ed.,
2102 4261 2232 4315 sup-

656 4327 932 4397 plicatur},
962 4336 1016 4381 et
1045 4329 1096 4381 in
1127 4330 1340 4388 comitis
1368 4331 1533 4385 Anum
1555 4331 1756 4399 judicio
1808 4335 2039 4390 Mazenis
2086 4337 2233 4392 fundi

649 4419 1016 4474 controversia
1047 4421 1259 4473 statutis
1287 4421 1537 4489 legitimis
1560 4431 1644 4478 est
1688 4423 1889 4490 decisa,
1923 4442 2024 4482 nec
2054 4427 2231 4498 aliqua

2328 1835 2457 1908 [ed.,
2505 1835 2841 1907 metiantur].
2895 1834 2971 1890 De
3001 1843 3118 1889 arte
3145 1836 3347 1896 veniat,
3377 1835 3511 1904 quod
3537 1835 3685 1888 vincat
3707 1847 3817 1890 natu-

2324 1941 2440 1980 ram
2483 1944 2496 1979 :
2546 1925 2843 1980 discolorea
2889 1935 3068 1981 crusta
3111 1941 3438 1980 marmorum
3475 1925 3726 1992 gratissima
3761 1928 3818 1994 pi-

2326 2025 2599 2071 cturarum
2632 2016 2898 2071 varietate
2950 2015 3227 2072 texantur.
3269 2016 3402 2082 Quia
3430 2016 3546 2070 illud
3571 2025 3818 2086 estsemper

2327 2108 2380 2161 in
2416 2109 2672 2178 pretium,
2712 2108 2856 2177 quod
2885 2109 2952 2163 ad
2994 2109 3252 2165 decorem
3293 2109 3448 2165 fuerit
3472 2111 3754 2178 exquisitum.
3785 2113 3818 2180 7

2329 2196 2422 2252 llis
2450 2206 2697 2267 sumptus
2747 2199 3250 2268 subventionesque
3280 2200 3577 2269 praestabis:
3608 2214 3663 2254 ne
3687 2214 3820 2267 quem-

2328 2301 2492 2355 quam
2520 2294 2766 2340 nostrum
2795 2295 2985 2354 gravet
3013 2287 3323 2356 imperium,
3370 2287 3506 2357 quod
3529 2287 3589 2341 ad
3613 2288 3819 2342 utilitatem

2330 2376 2580 2432 volumus
2609 2376 2881 2446 respicere
2909 2378 3270 2448 singulorum.

2876 2491 3215 2548 EPISTOLA
3252 2493 3361 2549 VII.

2335 2595 2509 2635 FELICI
2547 2596 2671 2636 vmo
2713 2597 3018 2656 cumssruo
3072 2583 3186 2654 led.
3223 2595 3273 2637 et
3311 2583 3426 2637 DD.
3455 2583 3586 2638 Crat.
3614 2583 3818 2656 πειρίας..

2747 2652 2952 2724 οοιιιτι]
2981 2652 3352 2710 τιιιέουοιιιουε
3378 2671 3495 2709 aes.

2333 2740 2493 2815 Illum
2531 2743 2680 2813 jubet
2722 2746 2987 2798 restituere
3025 2743 3268 2798 Ptutiarti
3312 2747 3484 2814 pupilli
3525 2745 3666 2806 bona,
3699 2762 3818 2815 quea

2405 2811 2654 2884 Neoterio
2683 2815 2792 2883 ejus
2823 2816 2988 2883 fratre
3032 2832 3135 2868 nou
3187 2811 3681 2884 rrrm'romparauerat
3709 2811 3820 2883 quam

2403 2883 2746 2955 subripuerat,
2778 2893 2826 2936 et
2854 2886 2998 2954 illum
3031 2884 3362 2952 reprehendit
3389 2886 3514 2955 quod
3539 2889 3820 2939 successionem

2402 2951 2535 3006 inter
2561 2954 2780 3023 wquales
2807 2951 3054 3026 a'quatem
3079 2951 3180 3006 non
3213 2951 3484 3009 divisisset.

2405 3063 2658 3119 Venantii
2688 3067 2880 3120 tutoris
2910 3062 3139 3121 Plutiani
3171 3069 3411 3124 aditione
3447 3071 3764 3138 cognovimus,
3787 3069 3820 3119 in

2268 3137 2312 3198 (ἶ
2343 3171 2406 3210 ea
2436 3165 2508 3220 te,
2539 3172 2643 3224 qua
2675 3174 2778 3210 non
2810 3158 3082 3222 decuerat,
3114 3161 3333 3216 actione
3364 3170 3633 3222 versatum;
3659 3169 3702 3215 ut
3723 3175 3820 3218 eum,

2337 3261 2498 3315 quem
2549 3257 2762 3316 sumptu
2812 3250 3030 3318 proprio
3071 3250 3266 3316 juvare
3295 3251 3585 3314 debuisses,
3621 3250 3821 3319 dispendio

2337 3337 2683 3407 proprietatis
2721 3337 3006 3408 ailligeres.
3050 3340 3381 3397 Allinitatem
3417 3343 3596 3412 quippe
3626 3351 3736 3395 tuam
3764 3353 3821 3392 so-

2336 3431 2463 3486 latia
2511 3443 2680 3504 μηδι,
2706 3432 2821 3487 sola
2853 3434 3036 3504 etiam]
3085 3433 3386 3490 debuerant
3428 3437 3641 3506 impensa
3680 3430 3820 3486 testari.

2336 3523 2504 3588 Quale
2532 3537 2660 3592 ergo
2690 3523 2904 3577 videtur
2929 3524 3193 3592 sanguine
3223 3525 3532 3594 conjunctis,
3560 3521 3676 3593 quod
3700 3517 3819 3574 crimi-

2339 3631 2526 3669 nosum
2576 3615 2895 3684 probaretur
2933 3616 3247 3670 extraneis?
3297 3617 3466 3684 Atque
3511 3616 3615 3670 ideo
3647 3607 3819 3683 praesenti

2332 3704 2573 3774 jussione
2620 3719 2926 3770 censemus,
2959 3713 3017 3758 ut
3064 3705 3324 3774 quidquid
3353 3722 3380 3758 a
3405 3704 3629 3761 Neoterio
3667 3698 3818 3770 ρτοάξ³

2337 3801 2616 3854 voluntate
2639 3800 2857 3864 lascivo,
2885 3808 2935 3852 te
2965 3816 3070 3853 non
3105 3808 3213 3852 tam
3245 3814 3571 3870 comparasse
3595 3808 3721 3864 quam
3739 3788 3818 3843 sub-

2338 3891 2564 3955 ripuisse
2614 3889 2894 3956 cognoscis
2919 3931 2934 3956 ,
2985 3889 3378 3957 incorporanda
3425 3891 3433 3961 |
3463 3905 3552 3941 ms.
3578 3884 3690 3938 Aud.
3710 3878 3816 3934 etrd.

2338 3980 2536 4046 Nivel.,
2566 3978 3007 4051 incomparanda]
3049 3981 3204 4034 militi
3238 3990 3420 4036 nostro
3448 3980 3552 4033 sine
3574 3977 3714 4044 aliqua
3734 3970 3818 4022 dila'

2337 4076 2485 4128 tione
2538 4073 2793 4128 restituas
2838 4091 2851 4125 :
2897 4088 2966 4126 ne
3023 4088 3121 4126 nos
3170 4071 3471 4139 hujusmodi
3517 4068 3678 4121 factum
3711 4071 3819 4127 erigas

2345 4168 2552 4235 legibus
2577 4165 2877 4226 vindicare,
2907 4164 2997 4232 qui
3029 4179 3171 4219 nunc
3201 4163 3441 4217 videmur
3467 4158 3624 4214 omnia
3646 4166 3818 4208 mansuc-

2340 4259 2527 4313 tudiue
2555 4267 2902 4326 temperasse.
2928 4254 3110 4309 Perire
3136 4256 3279 4308 enim
3305 4253 3498 4322 pupillo
3525 4266 3613 4304 non
3639 4245 3816 4316 patimur,

2337 4367 2455 4420 qua:
2486 4351 2796 4419 parentibus
2823 4350 2922 4404 sub
2953 4357 3134 4403 nostra
3164 4347 3325 4401 laude
3353 4347 3656 4400 dederamns.
3675 4333 3816 4393 Gravi?

2337 4442 2531 4495 simum
2561 4449 2641 4495 est
2671 4443 2812 4495 enim
2860 4455 2956 4510 per
2985 4438 3304 4494 calumniam
3337 4435 3558 4491 subtrahi
3580 4475 3594 4498 ,
3620 4426 3727 4498 quod
3749 4421 3817 4475 col-

648 4509 908 4577 probatur
933 4511 1293 4579 appellatione
1339 4528 1628 4582 suspensa,
1678 4529 1797 4582 qua:
1848 4525 1974 4570 sunt
2012 4517 2228 4572 decreta

2336 4532 2500 4586 latum
2531 4541 2613 4586 est
2643 4509 3006 4586 munificentia
3039 4529 3342 4598 principali.
3373 4527 3576 4596 Reliqua
3602 4534 3718 4585 veru,
3738 4525 3816 4580 ‘i"in

652 4612 952 4656 serventur.
985 4603 1119 4669 Quia
1149 4605 1287 4658 sicut
1323 4605 1570 4660 nolumus
1599 4608 1872 4674 oppressis
1900 4624 2096 4678 negare
2139 4609 2228 4678 ju-

565 4685 574 4692 ’
651 4689 871 4754 dicium,
925 4691 994 4744 ita
1038 4693 1493 4750 irrationabilibus
1521 4697 1752 4763 querelis
1783 4714 1888 4753 non
1931 4701 2233 4769 praebemus

652 4797 954 4839 assensum.
987 4780 1118 4849 Cogi
1149 4783 1289 4836 enim
1339 4783 1502 4838 debet
1530 4793 1588 4837 ut
1630 4786 1701 4840 sit
1747 4788 1981 4856 quietus,
2015 4791 2104 4858 qui
2135 4808 2232 4846 suo

653 4874 786 4928 vitio
837 4875 1012 4928 renuit
1049 4889 1166 4927 esse
1194 4874 1464 4944 paciﬁcus.
1497 4875 1633 4930 Nam
1665 4887 1719 4931 et
1751 4879 1999 4934 medendi
2027 4883 2233 4951 peritus

655 4964 876 5018 invitum
923 4963 1231 5033 frequenter
1268 4975 1426 5020 sanat
1469 4976 1754 5035 mgrotum,
1801 4969 1928 5024 dum
1981 4974 2233 5029 voluntas

653 5061 799 5110 recta
841 5055 892 5109 in
922 5056 1174 5123 gravibus
1230 5055 1569 5124 passionibus
1615 5073 1723 5112 non
1771 5067 1886 5126 est,
1916 5061 2010 5116 sed
2054 5063 2232 5131 potius

656 5146 784 5200 illud
814 5150 1084 5217 appetitur
1124 5147 1268 5218 quod
1298 5164 1326 5200 a
1358 5149 1548 5205 salutis
1589 5149 1772 5219 judice
1818 5168 2048 5223 gravare
2077 5171 2235 5226 posse

656 5241 902 5297 sentitur.

731 5429 756 5492 ξ
794 5418 952 5492 infra,
985 5419 1058 5492 lib
1112 5437 1182 5488 iv,
1210 5421 1368 5490 epist.
1398 5420 1509 5492 2t:
1541 5421 1675 5474 Infra
1726 5423 1936 5492 scriptis
1983 5423 2232 5479 brevibus

659 5489 904 5547 deﬁnita;
938 5498 991 5542 et
1031 5491 1118 5543 lib.
1149 5508 1206 5552 tt,
1231 5489 1384 5559 epist.
1415 5491 1483 5544 59
1512 5510 1523 5545 :
1554 5493 1777 5546 Pecunia
1825 5489 1942 5558 qua!
1971 5494 2062 5548 tibi
2107 5495 2228 5548 data

661 5568 762 5618 est,
794 5561 968 5612 missis
995 5561 1240 5615 brevibus
1272 5561 1545 5615 indit-abis.
1581 5563 1746 5615 Lib.“
1773 5563 1904 5615 Cod.
1934 5563 2139 5617 Theod.
2163 5564 2230 5618 de

658 5644 844 5685 excus.
877 5629 1014 5681 artil.
1042 5647 1055 5681 :
1082 5632 1324 5686 Artitices
1348 5634 1540 5685 artium
1569 5633 1714 5687 brevi
1744 5633 1956 5686 subdito
1985 5649 2232 5699 compre-

661 5699 966 5770 hensarum.
1003 5699 1059 5751 ι).
1088 5700 1437 5770 Hieronymus
1465 5703 1618 5770 epist.
1644 5703 1710 5755 ad
1738 5701 2083 5765 Florentium,
2110 5703 2233 5758 bre-

661 5781 778 5822 Vein
801 5766 1064 5834 subditum
1101 5766 1301 5825 eodem
1317 5770 1471 5839 plane
1499 5766 1656 5826 sensu
1687 5775 1976 5840 usurpavit.
2006 5772 2225 5840 Breves,

2313 4632 2388 4674 -ιθ
2413 4637 2509 4687 pro
2527 4622 2720 4689 jugalis
2743 4632 2844 4675 tum
2867 4620 3061 4674 asseris
3087 4620 3339 4688 portione
3365 4622 3644 4682 contempto
3663 4602 3815 4677 justitim‘

2338 4712 2551 4765 tramite
2594 4712 2839 4766 divisisse
2887 4711 2974 4778 (si
3025 4719 3203 4764 tamen
3241 4707 3547 4779 appellanda
3575 4701 3726 4756 divisio
3745 4698 3812 4745 esi.

2336 4816 2497 4866 quam
2547 4802 2645 4856 sub
2694 4802 2852 4856 unius
2881 4800 3207 4854 celebratam
3255 4807 3464 4854 constat
3501 4786 3732 4855 arbitrio).
3764 4780 3812 4832 sic

2337 4890 2404 4942 ad
2434 4899 2676 4944 nostrum
2707 4891 3020 4946 comitatum
3068 4888 3288 4943 festines
3316 4898 3621 4943 occurrere;
3659 4883 3704 4930 ut
3722 4872 3813 4925 illi"

2339 4996 2434 5033 vos
2462 4996 2523 5034 ea
2555 4996 2675 5050 quae
2698 4981 2917 5048 justitizc
2944 4979 3272 5034 conveniunt
3298 4979 3602 5032 ordinemus.
3643 4966 3810 5054 Iniquum

2339 5076 2423 5124 cst
2450 5072 2591 5125 enim
2614 5109 2630 5132 ,
2680 5080 2739 5125 ut
2783 5071 2848 5125 de
2882 5087 2986 5124 una
3030 5069 3328 5127 substantia
3352 5110 3366 5134 ,
3417 5067 3593 5135 quibus
3630 5053 3813 5122 οοιιιρείη

2341 5178 2491 5231 aequa
2519 5163 2808 5227 successio,
2833 5165 2921 5218 alii
2951 5164 3284 5218 abundanter
3312 5160 3539 5225 allluant,
3562 5155 3637 5209 alii
3659 5154 3815 5220 νεῦρα·

2343 5257 2468 5308 tatis
2498 5256 2849 5312 incommodis
2874 5257 3242 5326 ingemiscant.
3675 5264 3684 5274 '

2339 5429 2374 5483 l.
2411 5430 2476 5484 15
2517 5431 2649 5486 Cod.
2702 5432 2910 5488 Theod.
2963 5435 3029 5489 de
3080 5434 3245 5488 iudul.
3280 5433 3459 5486 tribui.
3507 5427 3586 5481 lib.
3616 5408 3813 5475 ult.C0d.

2335 5499 2402 5554 de
2431 5503 2535 5569 jur.
2567 5499 2680 5557 lisc.
2715 5503 3020 5573 Symmacb.
3055 5505 3147 5559 lib.
3179 5521 3216 5570 ι,
3246 5504 3400 5572 epist.
3433 5498 3512 5554 54.
3545 5496 3734 5551 Fessu-

2407 5635 2420 5664 ¹
2448 5634 2540 5708 Ms.
2559 5634 2717 5708 Aud..
2735 5635 2954 5708 {ig/rpite
2977 5637 3080 5708 rikro
3095 5635 3282 5708 illustri
3300 5632 3517 5708 pontiﬁci
3529 5639 3638 5707 :f3'9-
3654 5619 3806 5708 βῗξέᾟξς

2333 5705 2553 5774 Ασαρίιο
2582 5707 2689 5758 υἱνο
2718 5695 2976 5758 διῆιίέέυνὶ.
3009 5706 3111 5757 DD.
3144 5695 3364 5759 Grula'rd
3395 5695 3445 5754 et
3469 5698 3624 5762 Cujus,
3648 5695 3806 5756 ςῑςιῖηιτδθ

2333 5777 2438 5827 tiro
2467 5775 2654 5828 illtturt'
2675 5779 2914 5843 pra/"(to
2943 5777 3096 5827 uritis.
