3954 6178
112 333 215 387 1F»
1368 314 1723 372 νΑιυΑιίυΜ

1833 312 1958 367 Mill
1998 314 2039 371 Ι.

646 436 974 493 EPISTULA
1015 435 1146 491 VII}.

325 568 535 610 IIAIILI
575 567 904 606 EXSECUTOBI
935 565 1306 605 TIIEODORICUS
1334 563 1459 603 REX.

120 664 244 722 Prtr-
262 666 360 732 init
378 674 435 717 ut
456 664 590 718 bona
619 661 845 732 Plutiani
866 661 1050 731 pupilli
1070 662 1287 732 afratre
1309 659 1421 732 ejus
1446 654 1694 732 Neotet'io

183 726 317 790 atate
359 735 565 787 vendita
607 743 749 785 curet
804 726 1054 785 vexantia
1101 726 1345 783 Plutiani
1378 728 1534 780 tutori
1584 726 1697 777 sine

181 807 433 861 dila'ttione
463 804 682 856 restitui.
724 799 874 864 Quod
904 803 947 854 si
990 799 1333 855 intercesserit
1361 800 1543 868 frater,
1580 810 1698 847 cau-

183 892 295 929 sam
314 874 419 928 uult
446 874 516 925 ad
547 871 774 925 tribunal
800 887 950 924 suum
971 871 1162 924 vocari.

186 982 348 1038 Cordi
380 980 539 1035 nobis
567 988 650 1034 est
690 989 916 1033 cunctos
960 979 1013 1032 in
1064 992 1350 1033 commune
1397 982 1698 1046 protegere,

136 1074 214 1128 sed
236 1087 333 1124 eos
356 1071 597 1125 maxime
618 1084 752 1138 quos
777 1070 878 1125 sibi
901 1070 1146 1124 novimus
1174 1067 1422 1123 defuisse.
1451 1064 1541 1120 Sic
1559 1064 1700 1118 enim

132 1162 383 1231 aequitatis
413 1158 549 1214 libra
580 1177 621 1213 sc
642 1160 900 1224 rvabitttr,
926 1160 969 1215 si
1001 1160 1253 1215 auxilium
1284 1158 1573 1226 largiantur
1602 1156 1701 1208 im-

134 1253 335 1322 paribus
354 1292 368 1314 ,
404 1258 461 1305 et
491 1260 692 1303 mctnm
725 1260 966 1302 nostrum
996 1263 1093 1317 pro
1122 1247 1355 1319 parvulis
1378 1287 1392 1311 ,
1427 1245 1708 1298 insolenti-

132 1345 217 1399 bus
255 1356 617 1411 opponantus.
668 1338 903 1394 Fortuna
950 1340 1125 1392 minor
1161 1338 1455 1407 principem
1493 1335 1702 1403 quaet-it,

134 1435 241 1504 quia
281 1435 334 1485 in
368 1431 821 1499 vituperationem
851 1439 1089 1482 nostram
1134 1435 1412 1490 corruunt,
1431 1426 1621 1495 quibus
1650 1441 1709 1478 se

137 1525 334 1596 publica
362 1530 491 1574 vota
519 1519 846 1573 subducunt.
887 1517 1132 1572 Venantii
1161 1518 1340 1585 itaque
1369 1515 1559 1569 tutoris
1587 1510 1710 1566 Plu-

136 1616 251 1670 tiani
279 1612 615 1684 lacrymabili
641 1610 982 1679 suggestione
1003 1608 1381 1678 comperimus,
1402 1605 1709 1661 Neoterium

137 1706 340 1760 fratrem
367 1718 560 1783 suum,
600 1700 853 1755 allectum
893 1698 1261 1768 germanitatis
1289 1697 1536 1760 oblitum,
1568 1695 1709 1749 bona

139 1792 329 1863 parvuli
361 1782 540 1845 hostili
579 1788 757 1842 furore
789 1788 1071 1843 lacerasse.
1098 1786 1248 1853 Quod
1283 1801 1381 1841 nos
1409 1801 1507 1855 pro
1535 1800 1711 1839 rerum
1742 1782 1792 1845 B

137 1898 336 1938 suarum
395 1880 691 1935 acerbitate
749 1878 1042 1933 commovit
1080 1895 1094 1929 :
1134 1892 1201 1931 ne
1253 1876 1467 1943 largitas
1507 1883 1711 1939 nostra,

137 1986 281 2041 quam
308 1971 461 2025 velut
488 1969 699 2022 titulum
738 1969 985 2022 volumus
1018 1977 1161 2021 stare
1202 1966 1430 2036 pietatis,
1466 1974 1713 2035 usurpata

141 2061 638 2133 pmsumptionibus
678 2060 923 2113 videatur
966 2059 1055 2112 illi.
1076 2058 1194 2122 itis;
1236 2067 1293 2112 et
1331 2057 1453 2127 quia
1497 2057 1715 2112 dubium

149 2170 240 2209 non
277 2163 363 2208 est
405 2154 458 2207 in
500 2152 826 2223 repetitione
876 2152 1098 2205 minoris
1140 2151 1371 2205 maxime
1410 2150 1717 2206 submoveri

106 2294 109 2299 _
146 2242 407 2313 dispendia
434 2240 720 2307 tarditatis,
750 2240 872 2295 ideo
900 2240 1115 2295 devotio
1139 2250 1252 2308 tua,
1280 2248 1458 2295 nostra
1476 2238 1719 2309 jussione

145 2332 335 2387 ﬁrmata
363 2372 379 2394 ,
422 2332 469 2386 si
511 2332 642 2386 nihil
689 2342 772 2386 est
815 2330 962 2401 quod
1009 2331 1402 2385 rationabiliter
1437 2345 1467 2384 a
1509 2331 1719 2401 pulsato

147 2424 300 2494 possit
336 2425 563 2495 opponi,
608 2423 903 2493 postulatas
943 2439 1029 2477 res
1065 2423 1317 2493 praedicto
1359 2422 1522 2477 tutori
1561 2421 1722 2477 faciat

148 2518 249 2571 sine
270 2517 530 2571 dilatione
561 2517 789 2572 restitui.
836 2515 940 2569 Aut
974 2514 1017 2569 si
1046 2514 1170 2583 quid
1203 2522 1286 2569 est
1309 2514 1455 2583 quod
1485 2530 1582 2584 pro
1611 2514 1721 2568 suis

151 2609 372 2676 partibus
392 2608 622 2662 intentio
643 2606 932 2662 retentoris
953 2604 1047 2678 [ὓ.
1066 2601 1212 2659 Grul.
1236 2615 1286 2659 et
1309 2602 1517 2675 Cujac.,
1540 2615 1721 2658 retezt-

150 2697 347 2770 tatoris]
388 2700 654 2769 obiiciat,
702 2698 857 2768 legali
917 2697 1185 2766 positiote
1239 2696 1614 2765 praecedente,
1657 2692 1722 2747 ad

149 2798 375 2844 nostrum
402 2790 590 2843 venire
622 2788 947 2857 deproperet
970 2787 1316 2851 comitatum;
1354 2794 1412 2840 ut
1443 2778 1723 2852 allegatio-

149 2882 294 2934 nibus
316 2881 548 2949 cognitis
571 2920 587 2944 ,
630 2895 729 2950 pro
771 2877 1159 2933 consuetudine
1187 2884 1387 2931 nostra:
1420 2874 1724 2945 iudicemus

146 2972 421 3039 aequitatis.

707 3096 1033 3151 EPISTULA
1075 3095 1162 3150 IX.

149 3225 434 3267 ηδτοιςιο
490 3224 614 3264 νικο
661 3225 976 3263 νεκειιλιιιιι
1032 3222 1414 3263 ιεῡιοιΑκεΝει
1477 3219 1726 3261 EPISCOPO

665 3296 695 3334 τ
704 3296 910 3334 ΙΙεοωῆ
918 3295 1031 3334 10υὸ
1069 3295 1194 3333 κει.

151 3368 283 3425 Dicit
310 3388 364 3426 se
390 3372 690 3441 episcopum
718 3370 1032 3439 Augustana:
1068 3370 1287 3441 civitatis
1314 3369 1463 3441 falsis
1492 3367 1725 3441 crimini-

220 3443 305 3495 bus
331 3458 363 3493 a
393 3439 598 3494 clericis
628 3450 923 3493 accusatum
965 3441 1144 3501 honori
1171 3439 1391 3509 pristino
1420 3440 1723 3503 restituisse,

217 3522 263 3563 et
306 3512 526 3565 remittit
574 3510 643 3562 ad
689 3509 1024 3581 Eustorgium
1071 3509 1282 3563 clericos
1330 3509 1489 3573 illos,
1540 3517 1594 3559 ut
1639 3523 1724 3560 eos

217 3581 381 3635 debita
421 3597 573 3650 penu
608 3589 860 3633 coerceat.

219 3690 348 3746 Tuta
386 3700 471 3745 est
508 3688 747 3744 conditio
804 3688 1165 3758 suhjeclorum
1191 3732 1207 3757 ,
1248 3689 1335 3743 ubi
1395 3688 1587 3742 vivitur
1628 3689 1728 3744 sub

163 3786 403 3853 atquitate
431 3781 802 3851 regnantium;
828 3797 930 3835 nec
950 3780 1111 3835 dubio
1132 3780 1295 3835 debet
1319 3795 1535 3834 rumore
1557 3779 1725 3850 [mss.,

159 3876 288 3930 ratio
302 3869 481 3942 more]
499 3870 658 3936 trahi,
678 3885 707 3924 a
723 3862 831 3939 quo
847 3869 1047 3925 debent
1062 3886 1167 3925 non
1182 3871 1434 3924 mutanda
1452 3869 1726 3924 constitui.

160 3962 333 4017 Fidem
373 3959 643 4029 siquidem
686 3974 866 4014 rerum
905 3974 936 4013 a
973 3961 1184 4014 ratione
1228 3959 1567 4027 colligimus,
1608 3974 1729 4028 qnze

162 4071 421 4126 nunquam
442 4052 872 4109 desiderantibus
899 4054 1267 4122 absconditur,
1295 4055 1339 4108 si
1363 4056 1475 4111 suis
1495 4056 1731 4123 vestigiis

162 4147 515 4217 perquiratur.
578 4144 755 4213 Atque
794 4143 915 4199 ideo
939 4186 954 4209 ,
995 4145 1137 4215 quod
1175 4145 1487 4200 beatitudini
1541 4156 1732 4199 vestrm

161 4239 513 4305 gratissimum
543 4252 666 4291 esse
695 4238 1026 4302 conﬁdimus,
1052 4239 1301 4307 praesenti
1328 4247 1515 4293 tenore
1549 4239 1731 4294 decla-

164 4344 351 4393 ramus,
392 4327 719 4396 Augustam:
759 4327 990 4384 civitatis
1030 4330 1374 4399 episcopum,
1417 4330 1734 4400 proditionis

164 4420 337 4486 patria:
364 4417 516 4473 falsis
543 4418 1005 4474 criminationibus
1029 4429 1365 4486 accusatum;
1410 4421 1500 4489 qui
1523 4435 1553 4474 a
1581 4421 1734 4476 nobis

3265 320 3370 375 bl‘

1712 432 2063 495 Acreditttr,
2122 430 2284 487 etiam
2335 432 2530 487 tacitus
2584 431 2654 487 ab
2710 432 3020 489 excessibus
3059 447 3367 495 excusatur.

1798 525 2075 581 Manifesta
2135 525 2358 596 proinde
2414 527 2635 582 crimina
2686 528 2737 582 in
2786 530 2980 585 talibus
3028 532 3115 585 vix
3156 538 3370 605 capiunt

1800 617 1976 670 tidem.
2009 615 2274 687 Quidquid
2298 626 2476 670 autem
2498 631 2564 671 ex
2591 618 2783 672 invidia
2809 619 3024 681 dicitur,
3048 624 3245 677 veritas
3266 640 3366 677 non

1798 716 2035 776 putatur.
2072 706 2324 760 Volumus
2353 708 2494 761 enim
2538 706 2937 777 impnguatores
2979 710 3095 779 ejus
3134 712 3371 780 legitima

1799 812 1956 867 pmna
2011 797 2347 866 percellere;
2401 796 2496 851 sed
2544 800 2794 865 quoniam
2837 808 2893 854 et
2942 801 3040 872 ipsi
3093 803 3374 859 clericatus

1800 890 2015 943 nomine
2046 890 2422 958 iungebantur,
2453 890 2519 944 ad
2555 892 2857 945 sanctitatis
2894 903 3086 948 vestrm
3117 894 3377 964 judicium

1802 989 1993 1035 ctutcta
2028 981 2419 1035 transmisimus
2449 981 2762 1045 ordinanda,
2792 983 2943 1050 cujus
2963 992 3045 1038 est
3071 985 3379 1055 mquitatem

1802 1071 2039 1126 moribus
2060 1071 2252 1125 talibus
2273 1071 2570 1140 imponere,
2593 1088 2751 1141 quem
2776 1074 3019 1127 novimus
3040 1074 3380 1129 traditionem

1803 1162 2215 1220 ecclesiasticam
2245 1163 2533 1217 custodire.

2336 1296 2392 1364 ε
2425 1291 2753 1347 EPISTOLA
2794 1293 2861 1348 χ.

1807 1401 1995 1439 ΒΟΒἹΊΟ
2017 1400 2135 1437 VIRO
2156 1400 2395 1437 ILLUSTRI
2418 1399 2590 1446 ATQUE
2613 1399 2855 1438 PATRICIO
2877 1400 3235 1440 THEODORICUS
3257 1401 3375 1440 REI.

1810 1477 2003 1551 Scribit
2034 1477 2336 1551 domesticos
2368 1485 2677 1551 protectores
2702 1479 2925 1548 equitum
2954 1488 3003 1531 et
3029 1480 3275 1551 peditum»,
3298 1478 3385 1551 qui

1879 1549 2013 1600 auch
2039 1548 2192 1618 regia:
2212 1548 2409 1617 jugiter
2436 1547 2710 1610 excubant,
2746 1547 3049 1617 conquestos
3076 1566 3188 1602 esse
3210 1549 3274 1601 ab
3301 1547 3389 1602 ar-

1881 1619 2023 1671 curio
2071 1619 2432 1688 prwfectorum
2467 1633 2525 1688 se
2564 1633 2656 1685 pro
2683 1618 3034 1672 emolumentis
3076 1619 3387 1672 solemnibus

1882 1686 2077 1757 integri
2101 1686 2343 1755 ponderis
2376 1686 2568 1740 solidos
2592 1702 2696 1740 non
2727 1689 3005 1757 percipere.
3028 1702 3076 1742 et
3100 1689 3155 1742 in
3178 1704 3390 1742 numero

1886 1759 2063 1826 gravia
2092 1757 2363 1826 dispendia
2385 1758 2654 1809 sustinere.
2696 1757 2797 1810 Ubi
2830 1766 3018 1811 tractat
3045 1759 3108 1811 de
3141 1757 3390 1811 arithme-

1890 1828 2013 1891 tica,
2037 1827 2099 1880 de
2119 1826 2334 1880 denario
2362 1841 2593 1887 numero,
2617 1826 2680 1879 de
2698 1828 2885 1891 solido,
2909 1826 2973 1880 de
2992 1827 3217 1893 senario,
3239 1828 3394 1880 uncia

1886 1910 1938 1950 et
1971 1896 2123 2019 liblra,
2158 1913 2271 1967 qua
2309 1894 2543 1966 prohibet
2583 1898 2854 1964 quominus
2908 1897 3166 1951 ullatenus
3223 1898 3396 1951 immi-

1888 1983 2025 2019 nuan
2053 1984 2134 2019 ur.

1888 1983 2134 2021 nuautur.

1893 2056 2044 2112 Licet
2082 2056 2342 2111 universis
2383 2056 2592 2126 populis
2629 2057 2895 2124 generalis
2930 2057 3001 2111 sit
3039 2057 3395 2128 impendenda

1817 2149 2187 2218 justitia,qu'.e
2228 2148 2306 2201 sic
2350 2147 2581 2202 nominis
2618 2148 2701 2202 sui
2741 2148 2948 2202 obtinet
2985 2147 3318 2216 dignitatem,
3350 2150 3397 2205 si

1819 2241 2065 2310 :equabili
2087 2239 2456 2294 moderatione
2477 2254 2573 2308 per
2592 2239 2828 2309 potiores
2857 2248 3037 2293 currat
3057 2247 3113 2295 et
3134 2240 3396 2306 humiles;

1822 2330 2176 2386 conﬁdentius
2205 2339 2382 2383 tamen
2404 2330 2547 2384 illam
2577 2338 2857 2400 expetunt,
2881 2330 2971 2399 qui
2998 2346 3026 2384 a
3052 2331 3233 2402 palatii
3259 2334 3401 2387 utili-

1826 2421 1896 2474 tia
1938 2436 2044 2475 non
2091 2420 2366 2476 recedunt.
2412 2417 2596 2473 Otioso
2645 2419 2785 2472 enim
2840 2419 3071 2487 gratuito
3115 2428 3400 2491 praestatur

1824 2510 2025 2582 aliquid
2067 2509 2426 2564 muniﬁcentia
2470 2510 2789 2579 principali;
2840 2511 3171 2565 consuetudo
3217 2519 3397 2565 autem

1824 2608 2055 2677 quodam
2097 2607 2279 2660 debito
2304 2606 2542 2660 redditur
2573 2604 2797 2658 ﬁdeliter
2825 2603 3160 2674 obsequenti.
3198 2603 3398 2660 Dome-

1824 2699 1943 2755 stici
1966 2707 2147 2768 patres
2176 2696 2266 2770 [Β.
2291 2695 2438 2750 Grut.
2464 2706 2511 2749 ct
2540 2695 2744 2766 Cujac.,
2769 2694 3122 2767 protectores]
3159 2697 3398 2767 equitum

1825 2801 1881 2847 et
1902 2790 2260 2861 peditum,qui
2283 2797 2479 2843 nostra:
2499 2788 2630 2842 aula.-
2654 2788 2904 2843 videntur
2919 2787 3119 2857 jngiter
3136 2790 3407 2845 excubare

1829 2881 1993 2951 (quod
2031 2896 2098 2935 ex
2138 2880 2348 2948 magnis
2391 2878 2503 2931 lli-ri
2543 2876 2817 2932 dolortbus
2854 2876 3066 2950 ματα..
3111 2876 3404 2949 laboribus]

1827 2970 2015 3037 solet),
2058 2966 2292 3023 adunata
2323 2968 2476 3022 nobis
2500 2966 2891 3036 supplicatione
2933 2966 3215 3035 conquesti
3258 2975 3406 3036 sunt,

1828 3062 1894 3116 ab
1923 3062 2015 3116 illo
2045 3061 2256 3117 arcario
2286 3059 2659 3130 prmlecmrum
2691 3069 2738 3119 ⁸,
2770 3073 2867 3127 pro
2911 3056 3216 3111 emolumen
3245 3056 3290 3111 is
3317 3072 3409 3111 so-

1750 3159 1798 3221 ο
1834 3153 2116 3218 letnnibus,
2148 3166 2249 3207 nec
2275 3152 2466 3218 integri
2501 3149 2751 3219 ponderis
2792 3146 2996 3203 solidos
3023 3147 3326 3217 percipere,
3351 3155 3407 3203 et

1830 3245 1883 3299 in
1914 3258 2139 3298 numero
2168 3242 2349 3310 gravia
2375 3258 2434 3297 se
2461 3240 2737 3310 dispendia
2759 3239 3044 3294 sustinere.
3069 3237 3411 3309 Quapropter

1825 3334 2111 3406 prudentia
2137 3344 2314 3390 vestra
2344 3334 2663 3388 lectionibus
2690 3332 2895 3387 erudita
2924 3331 3241 3401 dogmaticis
3290 3346 3411 3387 sce-

1828 3427 2018 3484 lestam
2048 3427 2335 3481 falsitatem
2366 3441 2395 3479 a
2423 3424 2698 3479 consortio
2726 3422 2970 3478 veritatis
2993 3423 3195 3491 ejiciat,
3226 3436 3294 3477 ne
3320 3421 3412 3479 cui

1829 3519 1899 3573 sit
1926 3518 2216 3589 appetibile
2256 3515 2457 3585 aliquid
2488 3516 2554 3570 de
2607 3515 2694 3568 illa
2726 3514 3034 3582 integritate
3081 3515 3405 3572 subducere.

1827 3611 1956 3667 Haec
1981 3609 2122 3666 enim
2144 3623 2263 3678 quae
2292 3607 2593 3678 appellatur
2616 3606 2969 3671 arithmetica,
3000 3607 3142 3661 inter
3164 3606 3288 3661 amb
3307 3620 3413 3675 sua

1828 3703 2012 3758 mundi
2059 3699 2352 3756 certissima
2384 3698 2593 3752 ratione
2623 3698 2901 3762 consistit;
2949 3713 3110 3767 quam
3141 3712 3263 3751 cum
3291 3711 3403 3752 emo

1829 3793 2052 3847 testibus
2098 3789 2374 3861 aequaliter
2420 3788 2695 3851 novimus,
2726 3787 2946 3845 evidens
2991 3788 3154 3851 ordo,
3186 3786 3409 3858 pulchra

1829 3881 2132 3952 dispositio,
2160 3880 2400 3948 cognitio
2427 3879 2673 3948 simplex,
2707 3879 2994 3934 immobilis
3018 3878 3261 3943 scientia,
3292 3892 3414 3947 qua:

1830 3982 1886 4029 et
1928 3987 2160 4043 superna
2207 3972 2485 4035 continet,
2526 3978 2582 4025 et
2619 3979 2830 4025 terrena
2860 3969 3111 4025 custodit.
3157 3968 3295 4036 Quid
3331 3978 3416 4024 est

1831 4067 1974 4123 enim
2007 4064 2149 4136 quod
2196 4074 2289 4119 aut
2337 4079 2641 4119 mensuram
2673 4079 2779 4118 non
2808 4063 3004 4117 habeat
3026 4103 3042 4127 ,
3084 4069 3177 4117 aut
3201 4059 3415 4133 pondus

1831 4156 2092 4212 excedat?
2137 4154 2327 4209 Omnia
2379 4154 2777 4225 complectitur,
2827 4162 3022 4208 cuncta
3069 4152 3414 4218 moderatur;

1834 4256 1890 4302 et
1917 4248 2165 4303 universa
2207 4247 2332 4301 hinc
2375 4244 2823 4315 pulchritudinem
2860 4244 3116 4313 capiunt,
3145 4242 3269 4312 quia
3315 4241 3419 4298 sub

1834 4337 1995 4394 modo
2018 4336 2149 4409 [ed.,
2173 4334 2378 4406 modio]
2403 4335 2568 4405 ipsius
2585 4349 2705 4389 esse
2735 4348 3048 4388 noscuntur.
3070 4330 3231 4386 Juvat
3252 4331 3419 4402 inspi-

1837 4445 1961 4484 cere
1987 4424 2438 4496 qnemadmodnm
2470 4424 2722 4478 denarius
2768 4437 3023 4477 numerus
3044 4458 3060 4482 ,
3093 4436 3242 4475 more
3268 4420 3414 4488 eteii,

166 4508 345 4563 honori
393 4508 623 4578 pristino
662 4507 943 4563 restitutus
968 4547 984 4573 ,
1020 4509 1110 4577 jus
1161 4510 1357 4565 habeat
1396 4512 1723 4584 episcOpatus

1840 4527 1896 4574 et
1921 4518 1974 4573 in
1999 4532 2059 4572 se
2086 4515 2398 4578 revolvitur,
2431 4521 2487 4567 et
2528 4527 2798 4581 nunquam
2844 4509 3099 4567 deﬁciens
3126 4510 3414 4566 invenitur.

169 4612 317 4652 orline
344 4598 490 4667 quod
531 4597 737 4652 habuit.
768 4598 909 4653 Nihil
929 4601 1071 4655 enim
1111 4602 1163 4656 in
1198 4604 1288 4658 tali
1327 4603 1535 4659 honore
1568 4613 1738 4659 tente-

166 4688 292 4741 raria
322 4687 650 4756 cogitatione
680 4691 1105 4757 pra‘sumendntn
1143 4701 1246 4759 est,
1278 4693 1365 4748 ubi
1386 4694 1428 4747 si
1454 4697 1734 4765 propesito

231 4880 253 4907 ι
290 4869 531 4946 [inerunt
563 4872 721 4925 varize
764 4885 937 4946 areae:
989 4881 1045 4925 ιιι
1073 4888 1193 4927 arca
1236 4874 1514 4931 theatralis
1539 4919 1555 4945 ,
1584 4879 1737 4946 cujus

169 4940 401 5010 muniuit
427 4941 673 4995 Julianus
710 4957 833 4995 nov.
862 4940 973 5007 65;
1022 4958 1143 4995 area
1179 4946 1462 5010 quaestoria
1513 4940 1567 5001 et
1612 4940 1736 5002 arca

168 5009 394 5080 ραι-ι’ξαί
457 5012 713 5080 pnetorio
765 5012 800 5063 Ι.
862 5011 921 5080 9,
957 5018 1013 5064 et
1060 5012 1157 5065 ult.
1199 5009 1346 5067 ’Cod.
1399 5014 1602 5070 Theod.
1668 5018 1737 5073 de

168 5079 355 5153 induis.
411 5079 546 5153 deb._
578 5080 613 5135 l.
654 5096 785 5153 ven.
815 5079 1070 5153 Codrde
1116 5097 1232 5153 cur2
1283 5084 1408 5153 pub.
1450 5084 1485 5137 Ι.
1526 5085 1560 5139 6
1600 5084 1733 5141 Cod.

168 5145 231 5199 de
270 5145 448 5204 eiact.
484 5150 605 5203 αἱς).
654 5149 782 5204 lude
811 5152 1049 5206 arcarius
1095 5145 1487 5219 prtefec'tornm.
1538 5155 1657 5209 Fuit
1684 5167 1740 5210 ct

171 5220 500 5289 pomiticialis
526 5220 763 5273 arcarius
782 5258 796 5283 ,
822 5222 911 5288 qui
939 5236 1117 5274 arcam
1156 5222 1466 5289 pontillcum
1497 5224 1624 5279 olim
1651 5242 1740 5280 eu-

172 5288 336 5351 rabat,
368 5308 383 5339 ‹
404 5290 526 5362 ujus
552 5289 754 5362 mentio
784 5291 1007 5362 habetur
1039 5290 1093 5362 in
1121 5288 1343 5362 antiquo
1370 5294 1602 5362 quodam
1633 5310 1742 5349 mo-

173 5369 440 5430 nutriente.
469 5358 533 5411 C.
560 5357 937 5429 Calphuruius,
967 5359 1030 5430 Υ.
1056 5359 1118 5414 C.
1151 5367 1204 5415 et
1224 5357 1482 5430 Septiinia
1502 5361 1740 5419 Ammius

173 5426 354 5499 eottjux
406 5426 859 5499 comparaverunt
906 5429 1007 5499 sibi
1061 5426 1347 5485 memorias
1385 5431 1520 5487 duas
1547 5443 1603 5488 et
1626 5433 1741 5489 Cal-

176 5494 396 5565 pburnio
420 5494 707 5551 Atttmiano
753 5513 878 5565 eun.
921 5496 1078 5552 Rom.
1112 5499 1219 5553 lilio
1247 5516 1346 5554 suo
1369 5539 1385 5565 ,
1436 5511 1491 5556 et
1535 5503 1742 5563 libertis

177 5560 568 5635 Bertahusque
588 5560 920 5642 posterisque
938 5583 1125 5642 eorum
1148 5560 1435 5626 armarium
1457 5560 1741 5642 distegum,

179 5655 293 5693 eum
326 5646 553 5693 ικικοηιι
579 5651 630 5694 et
656 5641 890 5711 hortum.
917 5641 1119 5711 Siquis
1150 5646 1248 5700 hoc
1279 5647 1573 5700 armarium
1606 5641 1739 5698 ven-

178 5714 298 5782 item
324 5713 577 5782 vnhgrit,
609 5719 734 5763 tunc
758 5709 953 5763 inferet
983 5709 1120 5766 arcte
1150 5716 1461 5782 pontillcum
1486 5715 1549 5769 ll.
1579 5713 1637 5766 S.
1671 5712 1731 5769 L.

177 5777 244 5833 ll.
275 5780 314 5836 l.
346 5782 411 5835 Ν.
432 5778 557 5836 Fuit
577 5788 630 5835 ct
654 5794 777 5834 arua
799 5781 1025 5847 vmaria,
1053 5793 1107 5837 ut
1129 5777 1358 5845 testatur
1377 5783 1737 5848 δνιιιιιιιειιυε

1843 4609 2046 4665 Crescit
2073 4622 2212 4663 nova
2241 4605 2568 4671 conditione,
2592 4618 2688 4673 per
2712 4617 2772 4657 se
2792 4601 3083 4665 redeundo,
3110 4601 3287 4655 addita
3315 4601 3418 4657 sibi

1840 4715 2054 4770 semper
2081 4698 2195 4768 ipsa
2218 4694 2536 4759 calculatio;
2573 4700 2780 4765 utpcum
2813 4691 3063 4748 denarius
3096 4707 3201 4747 non
3231 4691 3417 4746 vides.

1841 4881 1895 4935 in
1938 4876 2179 4949 epistolis
2227 4875 2264 4929 l.
2321 4874 2391 4949 ll";
2424 4872 2556 4930 Cod.
2599 4872 2675 4949 de
2710 4883 2945 4949 suscept.
2992 4871 3137 4949 lline
3180 4872 3419 4949 arcarius

1843 4942 2055 5013 servus,
2084 4947 2168 5002 cui
2197 4959 2335 5001 arcte
2371 4945 2422 4998 in
2449 4960 2552 5015 qua
2582 4943 2784 5015 domini
2815 4942 3039 5013 pecunia
3068 4942 3281 5015 condita
3310 4949 3415 5001 est.

1844 5011 2154 5087 procuratio
2179 5011 2608 5087 cominissa'est,
2627 5014 2766 5068 idem
2793 5011 2884 5087 qui
2913 5020 3185 5087 actor__aut
3209 5011 3419 5087 dispen-

1844 5079 2012 5142 sator.
2080 5084 2316 5141 Servata
2368 5084 2437 5137 de
2490 5079 2994 5138 ﬁdeicommissariis
3062 5079 3416 5144 libertatibus,

1843 5157 2060 5214 Stichus
2090 5155 2330 5210 arcarius
2358 5154 2621 5222 probante
2665 5154 2882 5207 domino
2912 5151 3127 5222 nomina
3161 5149 3303 5203 fecit.
3336 5147 3415 5222 Ex

1788 5278 1799 5291 ,
1842 5242 1966 5281 arca
2009 5226 2257 5287 solvunt,
2302 5218 2395 5293 qui
2439 5223 2717 5292 pecuniam
2758 5222 2918 5293 domo
2945 5221 3307 5289 depromunt,
3348 5218 3417 5274 ad

1842 5297 2126 5352 discrimen
2156 5294 2272 5363 ejus
2295 5292 2606 5363 solutionis,
2638 5307 2756 5362 qua:
2787 5292 2844 5344 lit
2871 5307 2938 5345 ex
2967 5304 3149 5363 mensa
3180 5298 3421 5363 argenta;

1844 5366 2081 5426 riorum.
2129 5357 2243 5418 Ι.’1
2299 5361 2435 5417 Cod.
2485 5362 2552 5417 de
2600 5357 2669 5417 iis
2708 5376 2827 5432 qua:
2873 5376 2939 5432 ex
2989 5362 3117 5432 pub.
3164 5357 3260 5415 rat;
3312 5358 3351 5413 ι.
3382 5357 3418 5412 ι

1842 5434 1975 5490 Cod.
2029 5436 2097 5489 de
2141 5448 2333 5489 canon.
2388 5432 2563 5501 largit.
2610 5432 2699 5487 lib.
2726 5428 2848 5485 'ult.
2898 5429 3033 5486 Cod.
3085 5428 3151 5484 de
3201 5445 3413 5497 suscep.

1844 5507 2037 5560 Arcam
2101 5501 2336 5575 ιιι-πψρῑί
2391 5502 2641 5575 prmtorio
2666 5504 2948 5575 genita»
3002 5500 3135 5575 sive“
3179 5514 3418 5575 mensam

1844 5583 2067 5638 vocant;
2103 5569 2166 5628 ὀι
2196 5572 2316 5626 ideo
2346 5569 2453 5625 non
2484 5571 2620 5625 male
2660 5569 2911 5626 Sidonius
2947 5569 3168 5624 arcariis
3195 5569 3422 5639 deputat

1846 5646 2106 5716 pondera,
2154 5658 2274 5716 quae
2328 5644 2494 5716 simul
2555 5657 2621 5698 ac
2689 5658 2963 5716 mensurae
3004 5649 3418 5716 snseeptoribns

1845 5711 2096 5833 gmnibos
2120 5711 2446 5779 tribuuntur,
2469 5713 2511 5773 l.
2543 5713 2746 5781 penult.
2769 5714 2899 5770 Cod.
2934 5716 3002 5773 de
3025 5711 3225 5774 deletis.
3262 5720 3414 5775 civit.

1890 5796 2039 5833 R055.

1890 5796 2039 5839 R055.
