3954 6178
478 309 584 372 5ιὸ

1724 306 1794 361 Μ.
1839 303 2113 361 Αυηειιι
2155 300 2556 357 CASSIODORI

3658 296 3767 351 516

478 439 567 483 tur
594 425 817 490 excedi,
844 440 909 481 ex
944 422 1169 478 modicis
1198 422 1484 491 prmvaleat
1514 421 1716 489 majora
1748 420 2058 489 complecti.
2104 432 2139 479 Α
2177 417 2338 478 dare,
2372 424 2426 468 et
2463 414 2720 470 scelestas
2755 415 3157 471 nominationes
3192 411 3425 468 allicere.
3475 408 3771 466 Providete

482 520 597 578 [Ioc
623 533 769 588 sape
808 517 1092 587 repetitum
1142 514 1358 569 inﬂexis
1402 514 1748 568 manualibus
1796 510 1977 579 digitis
2018 520 2074 564 et

479 611 715 679 erectis,
744 608 990 664 redditur
1033 607 1612 674 semper‘exlensum;
1655 614 1710 656 et
1755 611 1965 671 quanto
2008 599 2073 651 ad

479 702 802 775 principium
830 716 985 755 suum
1012 697 1320 768 supputatio
1347 695 1639 757 reducitur,
1673 700 1822 744 tanto
1849 691 2075 759 amplsns

480 793 850 849 indubitanter
877 800 1108 860 augetur
1156 789 1303 860 [mss
1329 796 1375 841 et
1398 787 1507 849 ed.,
1539 781 1820 852 redditan
1853 782 2076 847 Quanti-

484 894 598 938 tate
629 881 949 937 numerabili
979 894 1140 933 arena
1173 878 1355 940 maris,
1378 884 1541 943 guttae
1569 874 1886 942 pluviarum,
1908 871 2076 923 strike

489 975 680 1030 lucida}
730 971 1145 1028 concluduntur.
1217 968 1437 1022 Auctori
1502 965 1699 1035 quippe
1748 978 1846 1019 suo
1901 962 2077 1015 llllllIlS

484 1073 733 1119 creatura
755 1063 854 1117 sub
880 1077 1105 1115 numero
1126 1069 1236 1119 est;
1268 1067 1324 1113 et
1350 1056 1609 1126 quidquid
1640 1054 1705 1107 ad
1734 1053 2075 1107 existentiam

486 1155 752 1224 pervenit,
787 1169 816 1207 a
850 1153 940 1207 tali
968 1169 1074 1206 non
1107 1159 1287 1221 potest
1330 1148 1640 1204 conditione
1676 1144 1962 1199 dimoveri.
2010 1142 2077 1196 Et

484 1245 744 1314 quoniam
796 1243 1031 1298 delectat
1073 1256 1172 1296 nos
1224 1238 1520 1294 secretiora
1569 1236 1727 1304 hujus
1781 1232 2077 1301 disciplinac

487 1352 609 1391 cum
636 1336 927 1391 scientibus
960 1334 1131 1403 loqui,
1158 1320 1401 1402 pecunia;
1429 1331 1556 1400 ipsae
1585 1328 1829 1398 quamvis
1857 1343 1954 1382 usu
1984 1343 2078 1382 ce-

488 1428 775 1485 leberrimo
803 1428 937 1497 yiles
965 1442 1084 1482 esse
1113 1424 1417 1488 videantur,
1442 1419 1974 1476 animadvertendum
1997 1428 2081 1473 est

490 1528 694 1589 quanta
725 1528 903 1575 tamen
933 1534 964 1572 a
996 1517 1267 1573 veteribus
1292 1514 1501 1568 ratione
1528 1513 1769 1568 collectae
1793 1520 1937 1565 sunt.
1971 1510 2078 1564 er

488 1609 635 1664 enim
685 1607 851 1661 millia
898 1607 1241 1660 denariorum
1298 1604 1528 1659 Solidum
1580 1617 1700 1656 esse
1748 1601 2076 1665 voluerunt;

491 1699 699 1754 scilicet
727 1707 785 1752 ut
813 1697 1073 1751 radiantis
1119 1695 1319 1749 metalli
1368 1694 1594 1748 formata
1622 1692 1923 1746 rotunditas
1951 1700 2080 1745 tcta-

493 1798 600 1843 tetn
633 1788 816 1842 mundi
842 1798 890 1851 ⁸,
919 1786 1070 1855 quasi
1100 1785 1182 1839 sol
1209 1799 1405 1839 aureus
1431 1784 1815 1837 convenienter
1843 1781 2080 1835 include-

494 1888 596 1935 ret.
623 1879 906 1935 Senarium
928 1893 1079 1942 vero,
1102 1892 1264 1946 quem
1297 1891 1401 1930 non
1435 1875 1702 1929 immerito
1728 1871 2024 1943 perfectum
2050 1870 2077 1910 ιι

489 1973 648 2027 docta
670 1970 959 2039 antiquitas
980 1966 1242 2030 definivit,
1266 1968 1454 2030 unciae,
1480 1968 1571 2036 qui
1594 1982 1858 2021 mensura:
1881 1966 2081 2033 primus

489 2062 688 2131 gradus
728 2070 810 2116 est
836 2102 852 2128 ,
894 2059 1257 2130 appellatione
1294 2058 1554 2126 signavit;
1607 2070 1767 2126 quam
1794 2055 2082 2109 duodecies

491 2152 843 2208 similitudine
873 2152 1137 2206 mensium
1168 2157 1554 2220 computatam,
1588 2147 1640 2202 in
1671 2147 1819 2201 libum
1848 2146 2078 2215 plenitu-

489 2245 670 2300 dinem
698 2243 769 2299 ad
797 2244 921 2298 anni
954 2243 1219 2298 curricula
1249 2241 1603 2309 collegerunt.
1635 2237 1679 2293 Ο
1709 2239 1924 2292 inventa
1954 2253 2082 2307 pru-

488 2337 756 2394 dentium!
784 2336 829 2391 0
858 2336 1069 2406 provisa
1098 2334 1392 2403 majorum!
1429 2331 1699 2401 Exquisita
1730 2346 1816 2384 res
1838 2340 1936 2392 est,
1961 2342 2080 2396 qua:

492 2437 544 2481 et
572 2427 689 2480 usui
714 2427 950 2480 humano
975 2423 1274 2477 ttecrssaria
1296 2421 1666 2488 distingueret,
1694 2428 1749 2472 et
1777 2426 1856 2472 tot
1884 2431 2080 2471 arcana

490 2525 694 2578 natura:
743 2515 1037 2584 ﬁguraliter
1075 2513 1398 2567 contineret.
1474 2510 1662 2564 Merito
1711 2523 1839 2578 ergo
1888 2508 2083 2562 dicitur

493 2605 648 2671 libra,
679 2618 805 2672 qua:
837 2610 985 2656 tanta
1016 2617 1196 2656 rerum
1231 2611 1313 2655 est
1342 2600 1772 2654 consideratione
1800 2598 2074 2651 trutinato.

500 2694 637 2748 [alia
670 2694 831 2761 igitur
862 2701 1073 2747 secreta
1096 2691 1321 2755 violare,
1355 2692 1431 2744 sic
1459 2690 1759 2745 certissima
1791 2689 1930 2744 velle
1951 2704 2081 2743 oon-

491 2788 743 2850 l'undere,
778 2803 958 2841 nonne
976 2786 1228 2841 veritatis
1257 2786 1424 2854 ipsius
1462 2785 1672 2838 videtur
1699 2798 1820 2838 esse
1848 2780 2084 2837 crudelis

488 2896 555 2935 ac
579 2880 718 2935 foeda
746 2878 1047 2933 laceratio?
1096 2876 1466 2932 Exerceamur
1511 2874 1880 2942 negotiatores
1928 2874 2076 2944 imas.

486 2981 536 3027 et
558 2972 767 3039 Accan,
793 2958 1210 3040 negotiationes]
1242 2969 1295 3023 in
1326 2967 1637 3032 mercibus;
1670 2973 1918 3020 emantur
1948 2966 2076 3030 late,

488 3079 608 3133 qua:
636 3062 944 3118 vendantur
973 3061 1281 3131 angustius;
1314 3069 1526 3114 constet
1556 3057 1766 3127 populis
1791 3056 1997 3126 pOndus
2015 3070 2079 3110 ac

2176 505 2382 574 itaque,
2399 511 2454 558 et
2479 515 2537 558 ut
2556 505 2758 559 arbiter
2779 520 2920 561 arcae
2939 505 3136 561 habeat
3149 504 3323 574 justas
3343 505 3773 558 consuetudines

2176 614 2302 654 suas
2333 609 2392 665 ες
2421 609 2475 654 et
2501 600 2646 669 quod
2675 601 3020 657 benemeritis
3046 598 3422 670 impendimus,
3451 598 3777 667 incorrupto

2178 705 2402 746 lllltllOl'e
2429 706 2629 763 οοιιερίι
2639 709 2701 747 ua
2709 711 2736 746 ll
2746 703 2850 747 llll'.

2748 805 3074 860 EPISTULA
3115 806 3202 860 XI.

2330 912 2570 951 SERVATO
2600 914 2718 951 DUCI
2751 914 3057 952 BIIETIARUI
3090 911 3453 952 τιιεοῡοωουε
3480 913 3615 959 REX,

2182 984 2510 1058 Imperatﬂut
2540 990 2817 1058 auiam-ipia
2858 1007 2889 1041 a
2936 987 3219 1042 Breouibus
3266 987 3513 1043 militibus
3560 987 3777 1052 ablata,

2409 1057 2675 1111 Maniorio
2701 1070 2841 1112 curet
2861 1059 2973 1112 sine
3001 1075 3147 1112 mora
3172 1059 3282 1112 ulla
3313 1059 3532 1112 restitui.

2250 1150 2419 1206 Decet
2456 1160 2508 1207 te
2547 1153 2809 1206 honorem
2854 1168 3013 1221 quem
3054 1153 3196 1221 geris
3244 1151 3481 1218 nomine,
3534 1149 3780 1204 moribus

2179 1245 2465 1308 exhibere;
2511 1251 2568 1296 ut
2615 1257 2713 1312 per
2757 1241 3084 1312 provinciam
3129 1241 3214 1296 cui
3264 1240 3515 1310 prmsides
3564 1240 3774 1293 nullam

2183 1332 2299 1387 fieri
2327 1332 2639 1388 violentiam
2682 1332 2940 1403 patiaris;
2974 1331 3066 1387 scd
3107 1340 3280 1387 totum
3309 1340 3533 1399 cogatur
3572 1329 3643 1384 ad
3684 1327 3782 1399 ju-

2181 1433 2346 1489 stum,
2394 1425 2535 1478 unde
2580 1433 2824 1478 nostrum
2876 1420 3033 1477 ﬂoret
3077 1423 3383 1493 imperium.
3432 1419 3784 1491 Quapropter

2182 1514 2426 1569 Maniarii
2475 1512 2647 1587 [mss.,
2702 1511 2982 1585 Moniarii]
3037 1512 3433 1583 supplicatione
3482 1512 3782 1577 commoti,

2181 1606 2540 1676 prtesentihus
2568 1613 2624 1661 te
2653 1604 2880 1659 aﬂamnr
2905 1605 3172 1671 oraculis;
3203 1614 3261 1659 ut
3287 1603 3329 1659 si
3352 1618 3540 1658 revera
3569 1603 3786 1657 inanei-

2181 1697 2271 1769 pia
2309 1695 2427 1765 ejus
2474 1696 2714 1751 Breones
2758 1696 3200 1752 irrationabiliter
3236 1693 3556 1765 cognoveris
3584 1695 3783 1748 abstu-

2115 1800 2155 1857 Β
2186 1788 2332 1852 lisse,
2383 1787 2471 1855 qui
2520 1787 2838 1841 militaribus
2884 1785 3077 1842 olliciis
3120 1786 3320 1841 assueti
3350 1783 3413 1850 ἀ,
3457 1783 3783 1839 civilitatem

2183 1872 2431 1947 premere
2456 1876 2707 1931 dicuntur
2735 1877 2959 1943 armati;
2990 1885 3046 1931 et
3088 1876 3158 1931 ob
3196 1876 3301 1931 hoc
3323 1875 3546 1944 justitiae
3584 1890 3787 1944 parere

2182 1968 2503 2038 despiciunt,
2537 1970 2795 2039 quoniam
2825 1970 2891 2024 ad
2933 1969 3071 2025 bella
3113 1969 3302 2023 Martia
3343 1983 3557 2038 semper
3599 1968 3787 2022 inten—

2181 2061 2332 2124 dunt,
2363 2061 2489 2117 dum
2531 2061 2719 2117 nescio
2759 2077 2866 2132 quo
2905 2072 3063 2132 pacto
3111 2061 3326 2115 assidue
3372 2059 3784 2126 dimicantibus,

2182 2149 2398 2206 diliicile
2427 2160 2512 2206 est
2542 2167 2750 2205 morum
2780 2151 3051 2206 custodire
3080 2165 3406 2205 mensuram.
3437 2147 3786 2219 Quapropter

2181 2243 2327 2297 omni
2357 2244 2631 2312 protervia
2658 2251 2884 2308 remota,
2917 2259 3036 2314 qua:
3062 2242 3128 2297 de
3159 2242 3572 2312 praesumptione
3598 2250 3787 2311 potest

2180 2334 2396 2388 virtutis
2446 2334 2667 2401 assumi,
2713 2334 2981 2403 postulata
3016 2331 3180 2387 facies
3221 2333 3337 2386 sine
3379 2331 3786 2388 intermissione

2184 2423 2394 2477 restitui
2420 2440 2432 2475 :
2470 2438 2536 2477 ne
2566 2439 2664 2492 per
2687 2423 2957 2477 dilationis
2988 2423 3344 2485 incommoda,
3378 2438 3563 2475 corum
3597 2422 3787 2475 videa-

2184 2522 2269 2567 tur
2291 2514 2516 2584 supplex
2548 2514 2724 2568 odisse
2756 2513 3057 2568 victoriam.

2735 2623 3067 2681 EPISTOLA
3106 2623 3220 2680 XII.

2181 2734 2433 2775 EUGENIT]
2460 2736 2584 2775 VIRO
2616 2735 2858 2774 ILLUSTRI
2892 2733 3154 2773 IIAGIS'I‘RO
3187 2732 3503 2773 οπιςιοιιωι
3535 2734 3785 2774 τηεουο-

2826 2804 2975 2843 lllCUS
3004 2804 3131 2841 REX.

2183 2880 2396 2951 Confert
2420 2881 2496 2935 illi
2521 2889 2635 2950 post
2657 2878 3424 2951 administratam,laudabiliter
3437 2890 3783 2951 qumsturnm,

2254 2949 2608 3073 magisterizm
2634 2950 2959 3021 dignitatem,
2987 2960 3035 3002 et
3062 2950 3297 3002 hortatur
3324 2965 3439 3002 eum
3463 2949 3770 3004 arlmeliora

2255 3038 2523 3073 m-omeren
2566 3038 2617 3073 α.

2253 3038 2617 3092 promer-anan.

498 3170 747 3209 mensura
780 3153 1073 3223 probabilis
1097 3193 1111 3217 ,
1146 3152 1268 3222 quia
1298 3158 1487 3205 cuncta
1521 3150 1822 3211 turbantur,
1852 3147 1896 3200 si
1934 3147 2077 3201 inte-
2105 3171 2150 3232 ο
2258 3157 2457 3226 Pompa
2481 3156 2809 3210 meritorum.
2826 3162 2910 3210 est
2932 3153 3115 3222 regale
3136 3153 3413 3223 judicium,
3443 3153 3569 3223 quia
3599 3156 3786 3210 ηθεεί-

490 3245 663 3315 gritas
683 3260 803 3299 cum
850 3242 1121 3297 fraudibus
1170 3243 1477 3297 misceatur.
1529 3238 1759 3293 Mutilari
1793 3245 1938 3292 certe
1969 3252 2074 3291 non

490 3336 689 3402 debet,
734 3335 878 3403 quod
922 3333 1291 3389 laborantibus
1338 3333 1535 3397 datur;
1589 3331 1682 3386 sed
1714 3346 1744 3385 a
1771 3346 1878 3401 quo
1911 3329 2079 3384 fidelis

489 3433 642 3483 actus
666 3425 917 3495 exigitur,
946 3424 1318 3494 compensatio
1347 3422 1627 3477 imminuta
1656 3430 1958 3493 praestetur.
2001 3420 2075 3474 Da

490 3526 638 3575 certe
658 3517 907 3582 solidum,
927 3526 983 3571 et
1002 3516 1155 3573 aufer
1177 3516 1300 3570 inde
1315 3516 1357 3570 si
1383 3514 1667 3586 prawales;
1693 3514 1843 3568 trade
1867 3513 2074 3577 libram,

490 3618 549 3666 et
575 3609 772 3679 aliquid
803 3610 929 3664 inde
954 3651 969 3677 ,
998 3609 1044 3664 si
1075 3617 1229 3678 potes
1250 3648 1265 3673 ,
1298 3607 1574 3661 imminue.
1613 3605 1818 3661 Cuncta
1852 3605 1950 3660 ista
1983 3620 2081 3657 no-

492 3702 725 3758 minibus
771 3701 901 3771 ipsis
952 3708 1166 3754 constat
1212 3715 1334 3754 esse
1382 3699 1695 3768 provisum,
1732 3706 1824 3751 aut
1872 3698 2078 3764 integra

492 3791 704 3858 tribuis,
736 3799 829 3845 aut
876 3805 981 3843 non
1033 3790 1147 3858 ipsa
1197 3802 1319 3857 quae
1369 3788 1621 3842 dicuntur
1669 3787 1920 3842 exsolvis.
1964 3787 2077 3841 Non

492 3882 718 3954 potestis
745 3881 966 3936 omnino
989 3921 1005 3946 ,
1045 3895 1149 3934 non
1197 3879 1424 3950 potestis
1462 3880 1679 3933 nomina
1711 3879 2078 3947 integritatum

564 4049 590 4078 ι
631 4038 771 4093 Ertio
801 4036 1155 4093 Cassiodorus
1183 4037 1455 4092 existimat
1483 4034 1742 4091 mundum
1773 4050 1866 4089 sex
1911 4051 2082 4088 anuo-

493 4125 613 4163 rum
644 4105 876 4161 millibus
905 4108 1243 4160 duraturtnn.
1291 4107 1536 4161 Lactant.
1570 4106 1661 4160 lib.
1695 4122 1764 4159 vn
1796 4105 1863 4159 de
1894 4106 2083 4160 Divino

497 4176 708 4240 l’razm.,
743 4176 992 4230 deridens
1019 4176 1299 4229 Cltaldzcos
1332 4196 1344 4229 :
1378 4178 1581 4236 Sciant,
1616 4176 1805 4243 inquit,
1840 4175 2080 4244 philoso-

499 4248 611 4319 phi,
640 4246 730 4317 qui
757 4247 1075 4319 ab‘cxordio
1104 4248 1285 4301 mundi
1316 4246 1633 4319 saeculorum
1666 4246 1829 4298 millia
1855 4261 2078 4298 enume-

493 4316 671 4385 rant,
708 4316 945 4373 nondum
1017 4326 1227 4371 sextum
1297 4318 1638 4370 millesimum
1695 4330 1893 4369 annmn
1963 4330 2091 4367 esse-

494 4389 855 4443 conclusum;
885 4402 1245 4458 quonumero
1275 4388 1493 4458 expleto
1514 4428 1528 4452 ,
1556 4386 2076 4458 consummationem

496 4458 609 4512 fieri
657 4472 878 4512 necesse
925 4465 1044 4521 est,
1094 4464 1147 4511 et
1184 4456 1536 4511 humanarum
1584 4472 1759 4509 rerum
1790 4464 1988 4508 statum
2030 4456 2079 4507 in

494 4528 687 4581 melius
712 4526 1016 4581 reformari.
1061 4524 1205 4580 Idem
1238 4527 1286 4579 in
1318 4527 1549 4579 Divinar.
1581 4525 1753 4579 Instit.
1787 4524 2033 4593 Epitome
2065 4542 2077 4576 :

496 4596 741 4651 Nondum
769 4608 864 4650 ser
891 4597 1056 4649 millia
1087 4597 1352 4665 completa
1385 4605 1528 4658 sunt,
1561 4611 1669 4665 quo
1700 4610 1925 4648 numero
1953 4610 2084 4647 con-

495 4674 762 4721 summato
784 4674 895 4721 tum
918 4668 1133 4719 demum
1160 4667 1355 4719 malum
1378 4682 1538 4721 onme
1561 4667 1796 4727 tolletur,
1823 4673 1882 4717 ut
1903 4674 2091 4730 regnet

496 4737 609 4789 sola
631 4735 857 4802 justitia.
892 4734 1020 4801 Qum
1046 4737 1309 4788 sententia
1340 4735 1490 4789 rabbi
1518 4734 1645 4787 Elia:
1670 4742 1856 4802 exstat,
1871 4735 1921 4787 in
1949 4733 2085 4788 libro

497 4801 833 4868 Sauliedrin,
869 4805 920 4857 in
951 4819 1070 4873 cap.
1106 4804 1302 4858 llelcch
1326 4846 1340 4870 ,
1374 4812 1429 4859 et
1460 4805 1549 4857 lib.
1585 4802 1799 4858 IIavoda
1832 4801 1999 4870 Zaza,
2034 4804 2086 4858 in

497 4891 620 4945 cap.
639 4874 843 4946 Lipltne
864 4874 1091 4927 cdt-lien.
1110 4874 1215 4946 sex
1242 4875 1403 4946 millia
1422 4889 1682 4946 minorum
1708 4874 2081 4946 eritmumlns,

497 4955 551 5000 et
572 4943 769 4998 iterum
799 4945 1120 5001 destmetnr.
1157 4944 1268 4996 Duo
1300 4945 1463 4996 m’illsa
1494 4943 1783 5006 inanitatis,
1817 4944 1868 4996 id
1898 4954 1997 5008 est,
2028 4954 2087 4998 ut

500 5015 763 5082 theologis
791 5013 965 5084 placet
995 5060 1012 5084 ,ί
1039 5024 1164 5067 ante
1210 5015 1377 5084 legem
1428 5014 1533 5067 duo
1563 5014 1725 5084 millia
1775 5013 1907 5080 legis
1932 5056 1946 5080 ,
1978 5016 2084 5084 duo

498 5086 661 5138 millia
715 5082 918 5138 dierum
971 5083 1192 5138 MeSshc.
1248 5083 1525 5136 Calatinus
1576 5083 1662 5135 lib.
1718 5098 1786 5148 Iv,
1829 5100 1948 5151 cap.
1992 5082 2080 5138 ‘20.

499 5155 732 5208 Isidorus
757 5157 856 5208 sub
886 5153 1042 5207 lincm
1078 5156 1192 5206 libri
1217 5170 1264 5207 vi
1298 5153 1616 5223 Etyntolog,
1643 5169 1763 5207 cum
1790 5153 1856 5206 de
1885 5154 2084 5207 discre-

500 5228 645 5279 tione
674 5234 975 5293 temporum
999 5233 1053 5277 et
1073 5240 1165 5278 sex
1192 5225 1370 5276 nnnnli
1396 5225 1645 5277 mtatibns
1675 5231 1872 5293 ageret,
1901 5223 2086 5292 dispu-

502 5292 894 5359 tationeiinIiis
947 5295 1159 5347 tandem
1227 5295 1489 5348 conclinit
1547 5292 2079 5347 vt'rbischsiduunt

499 5374 666 5420 sextae
709 5367 884 5420 mtatis
934 5374 1140 5429 tempus
1189 5366 1286 5418 soli
1342 5364 1452 5417 Deo
1500 5374 1583 5418 est
1631 5365 1926 5431 cognitum.
1984 5362 2080 5418 Cui

502 5434 848 5503 perlubenter
874 5437 1156 5488 assentior.
1199 5434 1437 5488 Fonsen.

573 5503 598 5575 ll
638 5501 919 5575 senarium
963 5507 1278 5575 perfectum.
1326 5505 1457 5571 Quia
1500 5506 1552 5570 I,
1582 5502 1646 5568 Ξ,
1679 5502 1767 5575 5,_
1787 5502 1987 5575 faciunt
2023 5502 2075 5575 6.

499 5572 633 5629 Vide
683 5573 868 5629 Sever.
920 5571 1086 5628 Boetii
1139 5575 1582 5637 Aritlnncticam,
1634 5581 1689 5627 et
1741 5571 1959 5626 Jordani
2012 5573 2078 5627 de

500 5643 697 5698 senarii
747 5645 959 5713 numeri
1011 5647 1058 5698 vi
1109 5660 1171 5699 ac
1217 5645 1493 5713 religione.
1547 5644 1779 5698 Macrob.
1832 5644 1920 5696 lib.
1971 5659 1983 5697 l
2026 5644 2076 5697 in

499 5713 690 5767 Somn.
738 5711 883 5780 Scip.
935 5714 1108 5780 Sic9
1153 5711 1519 5768 centenarium
1571 5728 1849 5779 numerum
1901 5714 2079 5766 multis

504 5782 748 5839 laudibus
796 5782 984 5838 extulit
1033 5782 1228 5838 Julian.
1279 5783 1505 5851 cpistola
1573 5784 1640 5837 ad
1701 5781 2072 5851 Serapionem.

2185 3262 2302 3301 mns
2330 3248 2429 3299 ista
2448 3288 2463 3313 ,
2496 3246 2596 3299 nisi
2625 3245 2799 3313 dignis
2826 3244 3158 3314 impendere.
3187 3242 3253 3296 Et
3278 3259 3586 3314 quanquam
3617 3255 3788 3316 pote—

2184 3338 2310 3393 stati
2342 3346 2566 3402 nostrae,
2601 3337 2712 3390 Deo
2738 3335 2979 3401 favente,
3010 3335 3283 3404 subjaceat
3311 3351 3471 3391 omne
3498 3337 3644 3405 quod
3674 3354 3791 3393 vo-

2184 3428 2358 3482 lumus
2380 3469 2397 3494 ,
2427 3428 2758 3481 voluntatem
2790 3435 2969 3480 tamen
2998 3433 3237 3480 nostram
3266 3425 3333 3480 de
3360 3425 3572 3481 ratione
3612 3429 3794 3482 meti-

2186 3534 2337 3583 mur;
2390 3527 2448 3573 ut
2503 3518 2632 3572 illud
2698 3518 2869 3585 magis
2916 3517 3247 3572 testimemur
3315 3516 3569 3585 elegisse,
3628 3520 3794 3587 quod

2186 3618 2412 3663 cunctos
2434 3609 2652 3677 dignum
2683 3617 2766 3663 est
2792 3608 3111 3678 approbare.
3147 3605 3285 3662 Ilinc
3322 3615 3405 3663 est
3432 3607 3577 3677 quod
3605 3616 3664 3663 te
3698 3608 3796 3664 lit-‘

2189 3701 2344 3754 terati
2370 3699 2636 3768 dogmatis
2656 3701 2832 3753 studia
2860 3698 3200 3752 laudabiliter
3225 3709 3634 3768 exsequentem,
3667 3702 3795 3771 pri-

2186 3788 2308 3843 dem
2335 3788 2399 3842 ad
2422 3796 2707 3856 quaasturm
2727 3787 2937 3841 culmen
2960 3787 3238 3859 elegimus,
3262 3796 3321 3841 ut
3340 3787 3549 3842 honesti
3576 3788 3799 3845 laboris

2195 3881 2271 3933 tui
2304 3878 2454 3935 fieret
2484 3879 2760 3951 praemium
2802 3878 3031 3946 dignitas
3079 3878 3401 3934 litterarum.
3446 3878 3584 3945 Quid
3634 3882 3797 3935 enim

2192 4033 2410 4101 Origen.
2464 4034 2813 4091 Adamantius
2859 4036 2911 4090 in
2964 4032 3307 4102 Evangellum
3362 4031 3584 4087 Joannis
3634 4042 3799 4091 tonio

2194 4103 2401 4158 XXVIII
2434 4123 2446 4158 :
2479 4105 2580 4170 Qui
2609 4115 2856 4169 naturas,
2890 4106 3082 4174 inquit,
3117 4119 3461 4156 numerorum
3490 4105 3799 4174 investiga-

2189 4183 2335 4238 runt,
2349 4175 2581 4244 primum
2594 4175 2808 4243 quidem
2831 4177 3098 4229 senarium
3117 4174 3433 4227 deﬁnierunt
3453 4174 3789 4243 perlectum,

2191 4260 2311 4299 eum
2344 4260 2411 4298 ex
2440 4245 2549 4298 suis
2578 4246 2744 4313 ipsius
2772 4255 2980 4299 constet
3022 4245 3262 4312 partibus
3305 4250 3360 4297 et
3387 4244 3800 4313 compositione

2189 4314 2388 4382 duplali
2415 4356 2428 4379 ,
2462 4315 2528 4368 ab
2555 4312 2763 4369 unitate
2793 4316 2952 4368 unius
2982 4325 3036 4368 et
3063 4315 3318 4375 duorum,
3351 4312 3494 4382 quod
3522 4322 3610 4367 est
3641 4317 3753 4370 tria
3781 4336 3793 4369 :

2190 4400 2445 4439 numerus
2471 4385 2674 4454 primus
2697 4426 2711 4449 ,
2745 4395 2797 4438 et
2829 4387 2880 4438 in
2910 4400 3067 4453 quem
3118 4384 3258 4454 exiit
3297 4382 3624 4454 duplicatio;
3667 4387 3799 4441 dico

2190 4463 2374 4525 autem
2398 4453 2522 4517 duo,
2549 4455 2927 4524 multiplicatus
2951 4455 3093 4509 enim
3116 4453 3224 4508 duo
3249 4453 3304 4506 in
3326 4454 3425 4506 tria
3448 4453 3581 4507 facit
3608 4455 3797 4525 ipsum

2189 4539 2301 4578 sex.
2340 4524 2577 4579 Foaasn.

2266 4607 2286 4633 ο
2332 4594 2452 4660 Inl'.,
2484 4595 2576 4649 lib.
2609 4611 2663 4650 tn
2683 4633 2698 4660 ,
2728 4593 3010 4665 epistLQS,
3040 4601 3096 4665 et
3124 4592 3237 4665 lib._
3251 4610 3355 4665 vn,
3382 4594 3538 4665 epist.
3571 4592 3628 4648 2.
3674 4593 3795 4650 Huc

2191 4666 2428 4733 pertinet
2485 4681 2608 4719 nov.
2669 4661 2776 4729 45;
2810 4665 2847 4719 Ι.
2880 4664 3116 4718 Francia:
3143 4679 3171 4716 a
3200 4662 3397 4733 Carolo
3427 4661 3624 4730 Magno
3660 4681 3792 4732 pro-

2192 4732 2423 4803 mulgata
2454 4735 2547 4788 lib.
2581 4751 2667 4801 In,
2699 4736 2782 4789 tit.
2817 4734 2886 4787 12
2912 4734 2978 4788 de
3012 4733 3237 4787 teloneis
3274 4751 3287 4786 :
3328 4732 3507 4787 Placet
3540 4734 3706 4787 nobis
3737 4744 3796 4790 ut

2191 4806 2407 4872 antiqua
2439 4813 2493 4859 et
2517 4804 2660 4871 justa
2699 4806 2909 4859 telonea
2940 4819 2969 4856 a
3002 4803 3426 4870 negotiatoribus
3460 4804 3791 4869 exigantur;

2189 4884 2243 4927 et
2274 4874 2361 4927 lib.
2397 4890 2466 4939 ir,
2505 4876 2583 4928 tit.
2617 4873 2686 4927 24
2716 4875 2783 4929 de
2816 4875 3023 4942 injustis
3066 4874 3441 4928 occasionibus
3468 4880 3526 4925 et
3553 4890 3794 4928 consuc-

2192 4944 2466 4997 tudinibus
2495 4946 2707 5000 noviter
2736 4945 3011 5008 institutis,
3042 4944 3180 4997 sicut
3208 4952 3332 4996 sunt
3360 4944 3592 5005 tributa;
3622 4954 3685 4997 et
3708 4945 3789 4998 tit.

2189 5012 2260 5065 5'2
2288 5013 2354 5067 de
2383 5015 2610 5068 teloneis
2641 5023 2695 5068 et
2723 5015 2994 5083 cispaticis
3028 5032 3039 5066 :
3075 5012 3318 5067 Teneant
3355 5014 3403 5083 ill
3424 5053 3438 5076 ,
3473 5023 3532 5065 ut
3562 5014 3656 5067 ubi
3690 5030 3789 5067 an-

2189 5085 2335 5151 tiqua
2364 5084 2697 5139 consuetudo
2729 5082 2845 5149 fuit,
2876 5085 3181 5153 exigantur,
3213 5092 3269 5137 et
3299 5082 3388 5136 ubi
3415 5098 3557 5136 nova
3586 5083 3789 5137 fuerint

2185 5153 2422 5216 inventa,
2454 5154 2816 5207 destruantur.
2862 5153 3123 5216 Congruit
3145 5153 3182 5207 l.
3208 5170 3298 5205 un.
3323 5153 3390 5205 de
3411 5167 3546 5205 auro
3588 5169 3786 5207 coro".

2184 5224 2317 5276 Cod.
2349 5223 2442 5278 lib.
2477 5240 2530 5277 χ.
2585 5223 2745 5277 Nihil.
2779 5222 2912 5279 Cod.
2965 5221 3169 5278 Theod.
3220 5222 3287 5277 de
3333 5221 3609 5277 eatraord.
3669 5225 3790 5278 sine

2184 5293 2329 5346 SOI‘II.
2365 5293 2546 5347 mund.
2580 5293 2817 5349 Formati.
3318 5320 3325 5326 ·

2258 5362 2284 5399 ά
2317 5363 2585 5418 Coercitio
2615 5373 2670 5418 et
2696 5362 2939 5418 astrictio
2983 5378 3196 5416 morum
3244 5359 3554 5430 usurpanda
3597 5373 3688 5417 est
3735 5364 3791 5418 in

2184 5434 2459 5504 exercitu;
2496 5445 2779 5504 propterea
2811 5435 2910 5487 tria
2941 5442 3065 5488 sunt
3093 5434 3210 5487 sine
3237 5434 3431 5504 quibus
3473 5446 3581 5504 non
3612 5435 3791 5486 robur

2184 5501 2235 5555 in
2266 5501 2527 5569 exercitu,
2552 5501 2657 5558 non
2681 5503 3224 5567 ordozcontincntia,
3256 5502 3520 5557 modestia
3564 5510 3621 5556 et
3651 5504 3788 5557 abs-

2184 5573 2406 5626 tincntia
2446 5593 2458 5625 :
2497 5575 2829 5629 continentia
2873 5575 2925 5628 in
2969 5573 3089 5628 cibo
3128 5582 3184 5628 et
3222 5588 3457 5639 venere,
3507 5585 3540 5624 a
3582 5574 3791 5640 quibus

2183 5643 2408 5709 languor
2438 5660 2500 5696 ac
2531 5644 2815 5709 mollities;
2846 5642 3113 5698 modestia
3136 5644 3187 5696 in
3219 5642 3418 5706 verbis,
3451 5642 3697 5698 vestibus
3728 5653 3787 5696 et

2182 5712 2370 5774 factis;
2403 5715 2745 5778 abstinentia,
2778 5729 2846 5770 ne
2869 5713 3225 5783 provinciales
3256 5710 3498 5779 infestet,
3528 5726 3632 5765 nec
3655 5728 3783 5782 pas-

2179 5783 2278 5837 sim
2309 5785 2497 5853 rapiat.
2533 5784 2718 5840 Bitoss"
