3954 6178
151 311 245 368 iii?

1410 306 1770 364 VARIARUM
1811 308 2019 361 LIBER
2048 307 2088 362 I.

3300 306 3407 362 518

150 424 505 484 adrocationis
532 422 712 479 ofllcie
743 432 790 490 αδ
818 424 864 479 si
894 439 1028 495 pure
1056 424 1415 496 impendatur,
1455 425 1719 488 ornatius,
1753 428 1798 481 Α
1826 431 2138 476 nameutum
2169 432 2252 477 est
2279 422 2531 477 ordinum
2556 433 2896 479 ceterorum.
2927 422 3104 491 Atque
3149 420 3267 477 ideo
3297 420 3411 475 Eu-

148 518 276 587 quod
310 521 326 549 ¹
358 515 699 587 peregrinum
731 515 1003 583 negotium
1045 513 1112 568 ad
1147 529 1274 569 suas
1302 514 1583 568 molestias
1608 522 1721 566 tra-

150 608 237 667 hit,
282 616 343 661 ut
390 605 662 659 laboribus
703 603 990 658 subveniat
1026 603 1253 658 alienis?
1290 600 1348 656 In
1389 602 1493 657 hoc
1530 616 1724 670 campo

148 697 465 769 exercitatus
484 709 643 748 cursu
670 693 1010 759 meritorum,
1042 692 1108 747 ad
1133 692 1366 762 palmam
1399 691 1565 747 nostri
1590 690 1727 759 judi-

148 792 207 843 rit
234 786 546 859 pervenisti.
593 785 703 840 Nec
752 794 929 839 tamen
971 785 1272 853 benignilas
1301 792 1483 838 nostra
1515 800 1616 837 una
1648 798 1728 836 re-

151 878 510 933 muneratione
539 884 791 930 contenta
813 918 828 941 ,
861 875 1122 929 honorem
1152 873 1410 942 geminat,
1442 882 1733 941 augmenta-

152 976 420 1039 procurat:
447 974 502 1022 et
543 981 609 1019 ce
653 964 832 1019 studio
875 964 1015 1017 dona
1056 972 1295 1032 reparat,
1341 963 1492 1032 quasi
1534 963 1729 1015 debeat

151 1073 293 1115 omne
334 1056 495 1128 quod:
522 1064 761 1125 tmtet.
792 1053 961 1109 Sume
982 1055 1145 1122 igitur
1171 1053 1493 1122 magisteria}
1533 1051 1729 1105 infulas

153 1149 442 1217 dignitatis,
470 1162 673 1201 usurus-
698 1145 955 1200 omnibus
986 1145 1279 1214 privilegiis
1304 1159 1427 1212 qua:
1464 1153 1587 1199 tuos
1633 1143 1730 1197 Ita-

154 1240 311 1292 huisse
343 1238 653 1292 constiterit
682 1236 1017 1291 deccssores.
1057 1237 1231 1305 Atque
1260 1235 1380 1289 ideo
1410 1243 1565 1292 tante
1588 1235 1731 1304 judi-

153 1329 224 1382 rio
250 1330 435 1383 lauare
457 1337 744 1397 suscepto,
775 1328 866 1397 qui
891 1344 990 1397 pre
1018 1328 1206 1381 labore
1235 1328 1456 1381 honoris
1490 1327 1595 1391 tui,
1629 1327 1729 1379 he-

154 1435 322 1475 norem
382 1419 611 1473 alterum
670 1418 921 1488 accipere
974 1417 1235 1471 meruisti.
1288 1415 1425 1482 Quid
1474 1417 1617 1471 enim
1664 1417 1732 1471 de

152 1518 316 1585 priore
346 1514 675 1569 senserimus
696 1513 939 1583 prtemio,
972 1513 1222 1567 secunda:
1262 1511 1536 1579 dignitatis
1561 1510 1735 1571 decla-

153 1623 318 1662 ramus
367 1613 679 1673 augmento.
727 1603 846 1658 Nati
891 1613 1017 1658 sunt
1062 1604 1232 1658 fiscos
1272 1617 1337 1656 ex
1383 1586 1651 1666 fascibus,
1679 1610 1733 1653 et

155 1706 387 1752 naturam
428 1696 724 1750 retinentes
762 1693 902 1749 fetus
939 1693 1152 1747 arborei
1193 1692 1596 1762 pullulaverunt
1635 1693 1735 1745 itc-

1824 513 2057 581 gcnitem
2098 513 2358 569 illustrem
2399 516 2573 569 virum
2605 516 2703 570 litt-
2725 515 2827 568 rati
2857 514 3125 581 dogmatis
3149 513 3411 570 ooinione

1827 606 2138 673 fulgentem,
2171 606 2462 674 magisterii
2495 606 2702 661 honore
2724 606 3101 670 subveximus;
3124 612 3183 659 ut
3201 612 3415 674 gereret

1826 698 2046 753 nomine
2096 713 2258 767 quam
2304 698 2614 767 possidebat
2660 699 2868 754 meritis
2907 698 3239 767 dignitatem.
3284 697 3416 764 Quis

1828 790 1970 844 enim
2021 797 2103 841 tot
2150 789 2268 857 ejus
2316 790 2590 845 otllciosos
2632 790 2845 844 labores
2874 790 3112 858 ignoret,
3151 791 3253 859 ιο
3278 804 3417 859 quos

1829 897 1935 934 non
1966 881 2174 935 vilitate
2200 882 2395 937 mentis
2424 883 2697 945 exercuit,
2743 881 2843 937 sed‘
2882 881 3165 951 patrocinii
3210 880 3416 935 honore

1829 972 2101 1025 servavit?
2124 972 2376 1026 Dedimus
2406 975 2587 1043 itaque
2618 987 2900 1041 personam
2934 972 3096 1027 tantis
3122 972 3419 1026 honoribus

1830 1078 2039 1130 parem,
2070 1070 2129 1115 ut
2156 1062 2418 1117 alterutro
2448 1062 2642 1116 decore
2665 1061 2951 1130 fulgentes,
2980 1070 3163 1116 mutua
3202 1076 3261 1116 se
3291 1075 3416 1128 gra-

1834 1155 1903 1206 tia
1946 1154 2223 1222 qualitatis
2267 1161 2541 1208 ornarent.
2578 1152 2675 1209 llic
2700 1162 2801 1218 est,
2845 1154 2935 1224 qui
2980 1162 3165 1207 nostro
3208 1151 3418 1222 pr‘dettt

1834 1244 1988 1297 lateri
2021 1243 2287 1298 veridicus
2312 1251 2547 1312 quaestor
2574 1242 2818 1309 adhaesit,
2840 1258 3000 1311 quem
3021 1242 3203 1296 livoris
3225 1241 3417 1297 nebula

1834 1336 1978 1389 nulla
2003 1334 2248 1399 fuscavit,
2281 1351 2382 1391 nec
2401 1335 2792 1391 malevolentia:
2819 1336 2997 1389 studio
3026 1335 3253 1390 nocendi
3276 1343 3421 1389 artes

1837 1426 2019 1481 fellitis
2047 1426 2295 1481 sensibus
2325 1426 2647 1493 exquisivit;
2695 1426 2908 1481 sincere
2951 1425 3187 1494 pectoris
3222 1440 3421 1479 arcano

1835 1518 2057 1586 puritati
2092 1525 2289 1571 nostra:
2314 1518 2511 1587 paruit,
2543 1528 2598 1572 et
2624 1517 2688 1593 ad
2720 1519 2978 1587 pietatem
3016 1517 3314 1587 jussienum
3339 1517 3424 1571 in-

1834 1608 2139 1661 nocentiam
2170 1624 2321 1661 suam
2361 1609 2608 1678 prmbuit.
2648 1609 2869 1665 Animus
2895 1609 3036 1663 enim
3066 1608 3284 1662 delusus
3315 1623 3422 1662 non

1836 1698 2116 1752 arbitrium
2145 1698 2388 1767 sequitur
2414 1698 2744 1767 imperantis,
2777 1698 2870 1752 sed
2896 1713 3022 1753 suas
3049 1700 3227 1767 potius
3251 1697 3424 1767 expli-

155 1804 256 1843 rum
303 1787 567 1841 decenter
611 1784 826 1841 abscisi"-
861 1784 1059 1839 Verum
1103 1792 1159 1838 te
1207 1784 1323 1837 haec
1366 1783 1732 1836 remuneratio
1768 1798 1806 1853 ιι
1837 1800 1924 1845 cat
1949 1791 2275 1844 voluntates.
2308 1789 2527 1845 Ilahetis
2548 1798 2695 1844 certe
2720 1790 2941 1847 evidens
2969 1797 3209 1846 nostrum
3239 1790 3291 1843 in
3322 1790 3425 1845 hac

156 1876 392 1930 satietate
421 1890 529 1930 non
560 1872 795 1944 expleat,
838 1889 942 1928 nec
985 1872 1077 1926 det
1120 1871 1395 1927 laboribus
1435 1872 1539 1926 tuis
1577 1870 1735 1926 ferias

157 1969 306 2024 nostri
350 1968 469 2022 laus
510 1967 731 2022 inventa
771 1964 980 2035 judicii.
1021 1962 1439 2019 Desiderabilier
1494 1962 1735 2032 quiuinte

156 2062 219 2116 sit
239 2061 518 2122 honestas,
550 2073 671 2113 cum
702 2056 947 2127 pervenit
969 2055 1034 2109 ad
1067 2055 1375 2125 praemium;
1405 2063 1459 2108 et
1488 2061 1617 2108 tunc
1642 2050 1737 2107 fiat

156 2152 347 2216 gratius
394 2149 611 2204 labores
661 2148 852 2202 anxios
902 2147 1066 2201 fuisse
1115 2160 1458 2216 perpessum,
1512 2159 1632 2199 eum
1685 2154 1737 2198 te

158 2245 369 2299 tractim:
418 2255 609 2299 comm
668 2240 925 2309 intelligis
971 2239 1257 2293 invenisse.
1315 2236 1563 2291 Honores
1607 2250 1735 2304 ergo

156 2350 272 2402 quos
296 2332 473 2395 sumis
499 2348 567 2388 ex
597 2332 819 2396 chartis,
852 2330 1017 2385 redde
1045 2330 1113 2384 de
1142 2329 1369 2383 meritis.
1402 2328 1550 2382 Nosti
1594 2329 1736 2382 enim

158 2426 293 2492 bene,
328 2441 441 2495 quo
472 2425 629 2480 nobis
653 2424 832 2479 studio
856 2423 1152 2492 placentur,
1188 2422 1278 2492 qui
1307 2422 1375 2475 ab
1418 2420 1585 2490 ipsius
1613 2436 1739 2475 con-

157 2520 243 2573 silii
265 2517 639 2588 penetralibus
668 2517 839 2571 venis.
873 2515 1194 2579 Meministi,
1226 2514 1437 2583 quoties
1465 2512 1606 2582 apud
1641 2527 1739 2567 nos

157 2610 340 2666 laudati
365 2610 477 2664 sint
511 2610 846 2673 innocentes,
879 2609 1095 2677 quoties
1133 2608 1288 2662 bonis
1313 2607 1521 2662 actibus
1552 2606 1734 2662 reddi-

157 2705 319 2758 dimus
363 2703 562 2757 vicem.
610 2699 718 2755 Ore
751 2709 846 2755 tuo
872 2700 1072 2769 judicia
1122 2711 1303 2753 nostra
1344 2699 1735 2768 loquebamur:

155 2794 400 2865 exemplis
420 2794 622 2848 talibus
644 2794 884 2848 incitare.
908 2791 1037 2846 Este
1060 2792 1382 2847 innocentia:
1406 2782 1662 2860 templum
1686 2789 1734 2855 δ,

156 2887 519 2958 temperantia:
541 2886 857 2949 sacrarium,
885 2900 976 2938 ara
997 2885 1239 2952 iustitiae.
1272 2884 1425 2939 Absit
1452 2900 1480 2938 a
1509 2884 1739 2951 judicia-

156 2980 239 3034 nis
286 2980 567 3033 mentibus
609 2976 813 3046 aliquid
862 2976 1170 3045 profanum.
1222 2974 1320 3031 Pio
1366 2977 1591 3047 principi
1640 2976 1738 3031 sub

152 3070 372 3140 quodam
402 3068 713 3125 sacerdotio
742 3068 1031 3122 serviatur.

685 3221 1022 3277 EPISTOLA
1062 3221 1200 3277 XIII.

360 3350 595 3390 εειυτυι
624 3349 775 3388 ῐτιιιιιε
801 3349 961 3389 neu
993 3349 1358 3389 THEODORICUS
1387 3350 1512 3389 ιιιεκ.

155 3450 428 3521 Signiﬁcat
458 3466 516 3503 se
543 3450 613 3501 ad
639 3449 924 3521 magisterii
945 3464 1128 3501 manus
1155 3445 1458 3521 Eugenium
1480 3430 1742 3521 subremig-

213 3518 402 3591 ie.'qui
430 3520 678 3591 utea-imis
706 3518 947 3591 laudibus
977 3528 1280 3583 exornatur,
1315 3518 1452 3587 quod
1471 3518 1743 3587 qmrsloris

213 3589 439 3661 oﬂicium
469 3589 597 3644 bene
624 3590 931 3644 exercuerit.

216 3702 479 3772 Dignius,
526 3699 716 3755 Patres
754 3698 1080 3769 Conscripti,
1119 3697 1246 3753 dum
1289 3698 1356 3753 ad
1409 3696 1741 3767 incognitum

158 3799 322 3861 venit,
353 3796 558 3850 donum
587 3802 703 3859 est;
743 3809 866 3847 cum
908 3792 976 3846 ad
1019 3800 1325 3862 expertum,
1368 3790 1745 3860 compensatio

156 3890 497 3953 meritorum;
525 3901 754 3956 quorum
786 3885 924 3938 alter
942 3884 1157 3939 debitor
1174 3883 1380 3952 judicii,
1407 3882 1543 3937 alter
1569 3881 1743 3936 obno-

156 3980 264 4033 xius
295 3987 386 4033 est
424 3977 617 4032 favori.
651 3975 764 4030 Hos
792 3975 937 4030 enim
974 3975 1334 4030 aestimatione
1376 3973 1741 4037 subvehimus,

159 4068 287 4124 alios
328 4067 505 4136 gratia
536 4079 948 4136 promovemus,
981 4073 1035 4118 et
1076 4064 1141 4117 ad
1182 4079 1372 4118 omnes
1401 4062 1745 4131 indulgentiae

157 4164 264 4217 vias
291 4171 480 4216 nostra
504 4176 562 4215 se
590 4160 800 4216 relaxat
823 4158 1151 4213 humanitas.
1196 4156 1300 4214 Sed
1346 4157 1545 4211 amoris
1581 4157 1742 4210 vestri

155 4254 345 4308 intuitu
394 4266 837 4313 commonemur,
891 4249 1106 4318 quoties
1154 4247 1206 4301 in
1254 4255 1494 4301 vestrum
1544 4255 1742 4302 emtum

154 4341 384 4408 ducitur,
414 4341 508 4411 qui
549 4340 618 4394 de
644 4340 896 4407 gloriosis
923 4337 1211 4391 virtutibus
1235 4336 1551 4390 mstimatur.
1581 4334 1745 4401 Quid-

153 4430 274 4500 quid
299 4432 445 4486 enim
468 4429 691 4483 humani
723 4428 939 4495 generis
979 4427 1128 4481 ﬂoris
1156 4433 1259 4487 est,
1291 4425 1493 4480 habere
1539 4426 1743 4480 c':riam

1839 1890 1991 1950 parte
2016 1882 2307 1951 judicium;
2339 1889 2398 1935 ut
2426 1891 2548 1952 post
2578 1882 2719 1936 illius
2747 1882 2916 1952 apicis
2943 1883 3189 1943 culmen,
3233 1881 3299 1936 ad
3345 1883 3426 1938 al-

1839 1982 2008 2027 teram
2057 1973 2446 2029 conscenderet
2491 1972 2839 2041 dignitatem;
2894 1988 2993 2028 nec
3045 1974 3187 2043 passi
3241 1988 3425 2027 sumus

1839 2063 2096 2132 otiosum,
2119 2080 2278 2134 quem
2316 2064 2503 2118 merita
2538 2080 2643 2118 non
2675 2064 2921 2119 sinebant
2958 2079 3077 2119 esse
3104 2067 3371 2134 pritatum
3407 2082 3420 2118 :

1837 2156 2016 2210 sereni
2062 2156 2191 2209 solis
2233 2146 2709 2210 consuetudinibus
2760 2155 3130 2223 azstimandus,
3175 2158 3264 2225 qui
3291 2158 3427 2214 licet

1838 2255 2146 2315 susceptum
2177 2246 2315 2298 diem
2348 2254 2585 2315 peragat,
2619 2245 2844 2299 alterum
2879 2254 3053 2298 tamen
3082 2245 3270 2300 eadem
3299 2260 3427 2312 gra~

1842 2338 1915 2392 tia
1946 2338 2208 2392 claritatis
2237 2336 2517 2391 illuminat.
2551 2336 2706 2391 Ilunc
2727 2351 2880 2405 ergo,
2910 2334 2970 2390 P.
2997 2336 3083 2399 C.,
3109 2346 3191 2392 tet
3217 2339 3427 2392 meritis

1841 2429 2089 2483 absolute
2114 2427 2444 2483 relucentem
2490 2428 2639 2484 favor
2681 2437 2860 2486 vester
2899 2430 3153 2499 excipiat.
3208 2429 3428 2485 Debctis

1842 2522 1983 2575 enim
2007 2521 2146 2574 bene
2176 2522 2503 2584 gerentibus.
2531 2533 2589 2575 ut
2612 2538 2706 2577 eos
2730 2522 2900 2576 laudis
2922 2531 3115 2577 vestra:
3137 2523 3429 2581 comitetur

1843 2628 2110 2666 assensus.
2145 2612 2275 2667 Nam
2305 2614 2345 2666 si
2379 2630 2637 2681 cquorutu
2661 2631 2850 2668 cursus
2874 2614 3149 2667 hominum
3172 2614 3426 2673 clamori—

1842 2708 1941 2758 bus
1971 2706 2251 2764 incitatur.
2286 2715 2340 2759 et
2369 2706 2732 2760 insonantium
2769 2706 3020 2760 manibus
3060 2705 3254 2773 agitur,
3300 2714 3360 2759 ut
3397 2721 3429 2759 a

1843 2795 2006 2850 mutis
2030 2796 2350 2851 animalibus
2380 2797 2643 2852 velocitas
2666 2804 2974 2867 appetatur,
3018 2805 3275 2866 quantum
3307 2795 3430 2850 inde

1820 2888 2090 2942 'homines
2135 2888 2399 2941 stimulati
2447 2903 2607 2958 posse
2643 2888 2941 2952 credimus,
2967 2903 3105 2957 quos
3142 2887 3208 2943 ad
3258 2887 3428 2947 laudis

1842 2979 2153 3034 aviditatem
2183 2986 2337 3033 natos
2366 2979 2711 3047 singulariter
2740 2977 3067 3033 invenimus!

2371 3106 2705 3163 EPlSTOLA
2742 3106 2878 3163 XIV.

1944 3238 2148 3278 FAUSTO
2182 3238 2472 3278 PR£PECTO
2502 3238 2784 3279 PRETORIO
2812 3238 3175 3279 'I'IIEODORICUS
3202 3239 3328 3280 ιιιςπ.

1851 3337 2097 3409 Ρνωεὶρὶι
2124 3348 2180 3391 ut
2208 3355 2368 3409 genus
2400 3337 2690 3392 Tertiarum
2718 3338 2853 3405 quod
2892 3336 3303 3394 Catholiensibus
3332 3338 3432 3393 im-

2096 3408 2394 3478 perabatur,
2419 3409 2572 3463 annis
2594 3409 2815 3479 singulis
2844 3409 3182 3478 persoluetur.

1918 3520 2171 3575 Libentes
2222 3519 2475 3574 omnibus
2525 3519 2700 3573 modis
2762 3519 3065 3588 prtebemus
3117 3534 3426 3584 assensum,

1846 3612 2061 3683 quoties
2088 3607 2115 3647 ά
2144 3626 2251 3665 vox
2286 3619 2370 3666 est
2396 3609 2535 3674 iusta
2565 3609 2906 3679 poscentium
2938 3628 2952 3663 :
2983 3610 3111 3678 quia
3137 3624 3239 3665 nec
3275 3609 3437 3664 decet

1845 3718 1967 3765 esse
1996 3702 2213 3757 diflieile
2241 3700 2581 3767 beneficium,
2611 3700 2756 3771 quod
2796 3701 3044 3769 lbrgitate
3086 3715 3192 3755 non
3235 3699 3437 3769 patitur

1846 3793 2248 3848 detrimentum.
2298 3789 2369 3845 Et
2409 3792 2533 3847 ideo
2575 3790 2833 3862 przecelsa
2880 3789 3279 3858 magnificentia
3323 3797 3434 3853 tua,

1845 3880 1992 3951 quod
2037 3896 2068 3936 a
2112 3880 2546 3937 Cathaliensibus
2580 3882 2929 3948 inferebatur,
2959 3895 3128 3951 genus
3155 3880 3437 3934 tertiarum

1848 3980 2009 4035 faciat
2049 3976 2204 4033 annis
2231 3974 2546 4046 singulisin
2587 3972 2869 4028 tributaria
2924 3985 3131 4027 summa
3169 3968 3436 4039 persolvi;

1847 4089 1948 4128 nec
1977 4081 2098 4142 post
2126 4086 2290 4142 super
2320 4071 2421 4124 hac
2448 4076 2601 4138 parte
2623 4067 2896 4137 patiantur
2916 4064 3186 4134 supplices
3205 4063 3439 4130 aliquam

1847 4163 2220 4231 quaestionem.
2254 4160 2392 4227 Quid
2418 4159 2560 4215 enim
2590 4158 2817 4213 interest
2843 4171 2952 4227 quo
2981 4155 3199 4210 nomine
3224 4167 3441 4223 posses-

1847 4270 1940 4308 sor
1970 4253 2183 4317 inferat,
2220 4250 2513 4306 dummodo
2542 4250 2660 4305 sine
2690 4248 3063 4303 imminutione
3092 4245 3233 4314 quod
3271 4244 3439 4300 debe-

1851 4354 1954 4405 tur.
1978 4343 2260 4399 exsolvat?
2281 4342 2356 4397 Ita
2381 4353 2436 4396 et
2458 4342 2562 4395 illis
2585 4348 2897 4409 suspectum
2920 4337 3219 4392 Tertiarum
3242 4349 3439 4390 nomen

1847 4434 2157 4495 auferimus,
2185 4442 2239 4487 et
2270 4449 2300 4487 a
2332 4442 2531 4487 nostra.
2554 4430 2965 4485 mansuetudine
3006 4428 3441 4499 impertunitates

154 4522 308 4577 decet
334 4532 358 4561 ⁸
381 4542 393 4586 ',
419 4535 542 4591 qua!
571 4519 711 4574 sicut
731 4535 827 4573 arx
857 4519 1023 4573 decus
1050 4525 1135 4572 est
1161 4515 1396 4578 urbium,
1427 4516 1498 4570 ita
1535 4516 1622 4570 illa
1649 4531 1743 4572 er-
1780 4548 1824 4605 υ
1852 4525 2273 4594 competentian
2298 4524 2702 4580 submovomus,

223 4779 246 4804 ⁸
280 4767 393 4823 Iloc
439 4776 524 4822 est
566 4766 810 4820 advocati
860 4762 1118 4828 ofﬁcium,
1166 4770 1225 4816 ut
1272 4764 1563 4817 secundum
1608 4763 1746 4830 juris

153 4840 392 4896 ordinem
421 4838 657 4905 suscepti
685 4837 767 4890 sui
798 4851 1012 4889 cauam
1039 4840 1259 4903 peruret
1283 4852 1296 4885 :
1324 4834 1557 4902 nunquid
1586 4843 1744 4905 p_ote-

154 4912 223 4964 rit
233 4912 340 4965 vita
358 4909 501 4977 ejus,
522 4909 568 4977 si
588 4902 762 4976 turpis
783 4915 883 4965 est.
907 4902 1100 4977 obesse
1121 4919 1297 4959 causa:
1316 4905 1592 4977 suscepti?
1613 4902 1743 4957 Per-

153 4996 285 5035 sona
312 4974 458 5034 enim
489 4974 742 5032 advocati
776 4992 877 5032 nec
905 4976 1128 5036 obesse,
1163 4990 1263 5028 nec
1291 4974 1545 5042 prodesse
1586 4982 1742 5043 pote-

154 5052 239 5108 rit.
269 5050 439 5118 inquit
474 5048 818 5118 Augustinus:
850 5045 1034 5113 Qualis
1059 5046 1201 5101 enim
1234 5044 1393 5099 fuerit
1420 5059 1585 5100 causa
1606 5084 1621 5109 ,
1667 5043 1745 5098 sic

152 5129 207 5174 et
235 5115 653 5188 respondebitur
680 5116 751 5171 ei.
789 5115 975 5188 Bnoss.

225 5191 253 5229 δ
285 5182 374 5244 Sic
400 5189 539 5243 dixit
564 5190 654 5242 lib.
688 5202 759 5249 ιι,
790 5186 944 5238 form.
977 5187 1031 5253 5,
1062 5184 1331 5255 quoddam
1356 5199 1472 5239 esse
1492 5182 1748 5255 sacerdo-

155 5262 286 5313 tinm
318 5270 466 5315 reae
498 5252 1047 5325 ageteprmfecturam
1067 5252 1465 5325 unctorianam.
1490 5253 1556 5325 Et
1584 5252 1746 5325 form.

157 5330 222 5382 19
243 5330 485 5395 ejusdem
510 5322 652 5383 libri.
677 5326 847 5382 Simili
880 5327 1127 5394 exemplo
1160 5322 1495 5395 Ulpianusin
1527 5323 1618 5395 lib.
1645 5339 1659 5376 ι
1682 5323 1750 5395 de

154 5392 367 5455 Iustitia
401 5408 458 5451 et
482 5398 603 5465 jure
630 5407 786 5452 vocat
814 5392 1237 5465 juriscensultos
1257 5411 1346 5447 sac
1385 5394 1567 5449 rdotcs
1593 5392 1750 5465 iusti-

156 5472 274 5541 the;
308 5479 359 5523 et
383 5478 444 5524 ut
469 5460 825 5541 Symmachus
841 5466 932 5520 lib.
958 5481 1010 5530 x,
1037 5482 1122 5535 ep.
1152 5463 1236 5530 5‘,
1260 5474 1313 5518 et
1335 5464 1426 5518 lib.
1443 5479 1630 5533 vu,ep.
1661 5460 1748 5515 58.

157 5538 679 5675 ’e‘l'lgscoexemplo
701 5606 833 5658 dixit
856 5604 1130 5659 Eunodius
1151 5605 1200 5657 in
1225 5602 1554 5674 Panegyrico
1575 5602 1748 5675 Ther

160 5679 381 5736 dorici:
427 5698 446 5730 ι
492 5672 762 5733 Curet-am
810 5676 972 5730 curiae
1018 5676 1299 5729 innumero
1350 5672 1481 5730 Ilore
1532 5672 1744 5738 velasti,

161 5751 366 5805 nullum
402 5750 475 5803 ’.ιθ
510 5749 581 5802 bo
606 5747 805 5800 'oribus
834 5745 1005 5812 tetigit
1031 5744 1355 5815 desperatio,
1388 5759 1546 5815 quem
1592 5743 1747 5810 juve-

159 5831 292 5877 runt
331 5821 719 5892 deprecantem
756 5818 898 5872 bona
923 5813 1291 5887 conscientia};
1328 5836 1347 5871 ι
1393 5813 1589 5885 quibus
1617 5828 1732 5868 con-

1848 4784 1907 4822 se
1950 4769 2012 4823 tit
2037 4766 2294 4822 Nazarius
2325 4786 2337 4821 :
2375 4787 2391 4819 ι
2429 4767 2678 4833 Sensidi,
2712 4766 2903 4832 Ilznna,
2932 4774 2986 4820 te
3013 4767 3226 4821 tandem
3258 4781 3438 4819 arcem

1848 4839 2086 4893 omnium
2116 4838 2374 4906 gentium,
2409 4847 2461 4890 et
2494 4846 2754 4891 terrarum
2785 4852 2902 4891 esse
2936 4837 3191 4905 reginam,
3220 4852 3339 4889 cum
3372 4851 3435 4886 ex

1848 4909 2098 4964 omnibus
2122 4909 2414 4977 provinciis
2441 4909 2728 4969 optimates
2756 4908 2902 4961 viros
2926 4908 3088 4961 curia:
3118 4916 3221 4960 tua:
3253 4906 3439 4973 pigno-

1847 4980 2078 5047 raveris,
2109 4976 2167 5034 ut
2195 4989 2415 5034 senatus
2456 4980 2689 5046 dignitas
2734 4994 2840 5033 non
2890 4986 2999 5030 tam
3028 4976 3245 5031 nomine
3276 4990 3434 5026 unam

1850 5065 1907 5103 re
1936 5060 2081 5105 esset
2111 5050 2384 5114 illustrior,
2412 5065 2534 5105 cum
2569 5049 2731 5104 totius
2757 5048 2902 5101 orbis
2930 5047 3059 5098 ﬂore
3086 5052 3376 5101 Constnro't.
3414 5062 3451 5093 ι’

1847 5119 1982 5175 Illud
2021 5130 2200 5174 autem
2244 5135 2349 5174 non
2388 5121 2653 5183 omittam,
2689 5117 3088 5182 lleliogabalum
3119 5116 3252 5167 adeo
3276 5130 3436 5167 sena-

1854 5201 1963 5245 tum
1990 5191 2399 5259 contempsisse,
2433 5199 2490 5243 ut
2516 5189 2776 5254 mancipia
2820 5193 2999 5254 togata
3044 5192 3322 5240 senatores
3351 5199 3440 5252 ap-

1852 5261 2096 5332 pellaret,
2129 5268 2273 5332 teste
2292 5260 2633 5332 Lampridio.
2651 5259 2834 5332 Bnoss.

1923 5329 1949 5368 τι
1984 5331 2119 5385 Nota
2145 5330 2237 5385 hic
2258 5330 2398 5398 jttste
2421 5323 2724 5399 petentibus
2753 5328 2882 5383 nihil
2910 5343 3032 5385 esse
3054 5323 3435 5383 recusandum.

1853 5401 1996 5457 Idem
2025 5400 2203 5455 Plaut.
2230 5402 2281 5454 in
2308 5401 2574 5470 Amphitr.
2613 5417 2625 5453 :

1976 5492 2161 5541 Justauu
2187 5506 2292 5540 rem
2320 5499 2369 5539 et
2396 5492 2585 5539 facilem
2611 5502 2727 5539 csse
2750 5495 2935 5536 oratam
2963 5502 2986 5536 a
3008 5489 3143 5537 vobis
3163 5486 3291 5538 volo.

1980 5554 2101 5605 Nam
2122 5553 2254 5614 juste
2279 5567 2305 5601 a
2327 5554 2470 5615 jnstis
2492 5552 2650 5612 justus
2681 5564 2788 5600 sum
2808 5559 2976 5666 eratet;
2995 5551 3157 5598 datus.

2980 5627 3120 5666 noss.

2980 5627 3120 5668 ιιοεε.

1928 5738 1942 5768 ²
1973 5732 2073 5788 Ms.
2111 5730 2272 5796 Aud.,
2299 5729 2392 5786 Gr.
2417 5739 2470 5785 ct
2498 5729 2558 5786 C.
2590 5729 2727 5796 Quid
2754 5730 2889 5785 enim
2911 5731 3117 5799 dignius
3145 5739 3222 5785 ut
3248 5731 3316 5784 ad
3343 5724 3439 5796 of.

1853 5808 1898 5865 si
1923 5823 2015 5880 per
2037 5820 2153 5860 eum
2173 5803 2498 5874 impendatur
2526 5813 2758 5869 ornatus,
2788 5801 2891 5872 qui,
2925 5812 3030 5859 etc.
