3954 6178
482 247 586 302 διυ

1041 358 1368 420 EPISTOLA
1409 361 1523 419 XV.

521 464 691 508 1⁵εὸτο
728 467 850 509 νιιιο
889 469 1129 508 ιιιυετιιι
1168 470 1343 518 ATQUE
1387 470 1633 516 PATBICIO
1672 470 2039 512 TBBODORICUS

1218 542 1342 579 REX.

486 611 578 672 Illi
604 617 930 671 commendat
967 619 1458 695 tuitioncmtlomns
1495 623 1703 691 patricii
1755 622 1956 695 Agnelli
2005 622 2076 677 ad

967 690 1200 758 Africam
1229 690 1604 746 descendentis.

557 799 781 855 Gratum
822 803 978 857 nobis
1025 812 1136 869 est,
1182 806 1396 874 quoties
1442 806 1509 860 de
1552 806 1933 876 magnitudinis
1970 816 2076 860 tua:

485 892 694 947 meritis
738 893 1024 947 aestimatio
1075 894 1197 948 talis
1247 895 1512 965 procedit,
1554 905 1612 950 ut
1646 904 1702 950 et
1741 896 2075 952 inﬁrmorum

486 983 775 1049 auxilium,
819 992 874 1037 et
915 984 1219 1039 absentium
1268 987 1506 1042 credatis
1545 1004 1666 1043 esse
1719 988 1891 1043 tuitio.
1942 987 2074 1041 Nam

486 1073 610 1127 ideo
659 1084 715 1129 et
762 1083 984 1129 senator
1014 1076 1162 1148 [ms.,
1194 1077 1437 1150 senatus]
1467 1079 1613 1148 prior
1654 1095 1773 1134 esse
1811 1080 2076 1146 meruisti,

488 1170 548 1216 ut
579 1172 631 1216 te
657 1165 1009 1232 sequentibus
1054 1182 1151 1235 pro
1182 1168 1406 1235 iustitia:
1439 1171 1901 1240 contemplatione
1940 1186 2077 1241 pra:-

485 1261 679 1308 stares.
713 1252 867 1309 Unde
896 1255 953 1308 ﬁt
984 1269 1041 1310 ut
1069 1257 1208 1312 bona
1239 1259 1396 1313 nobis
1438 1260 1505 1313 de
1542 1269 1594 1314 te
1634 1272 1840 1317 crescat
1868 1263 2074 1332 opinio,

485 1343 734 1411 ghriosze
762 1346 991 1401 actionis
1030 1350 1297 1418 exemplo.
1332 1349 1471 1403 Nulli
1503 1351 1643 1404 enim
1675 1353 1890 1422 propria
1933 1368 2020 1407 res
2044 1368 2075 1406 a

487 1432 799 1488 discedente
829 1437 1202 1503 committitur,
1236 1439 1335 1494 nisi
1366 1440 1433 1495 de
1460 1441 1613 1509 cujus
1634 1441 1772 1495 bona
1793 1443 2075 1498 conscien-

489 1525 561 1576 tia
587 1523 881 1592 judicatur.
920 1526 1125 1583 Idcirco
1155 1532 1404 1599 prmsenti
1443 1531 1684 1599 jnSsione
1714 1533 2073 1602 decernimus,

489 1623 547 1667 ut
586 1614 780 1669 domus
821 1617 1029 1686 patricii
1071 1619 1277 1685 Agnelli
1310 1621 1375 1673 ad
1416 1619 1645 1675 Africam
1676 1622 2072 1687 descendentis,

1735 254 1806 309 ιι.
1847 253 2125 310 AURELII
2162 253 2559 311 cassronom
3195 227 3203 236 ’
3614 228 3703 297 ssi

2100 371 2156 427 Δ
2178 365 2478 436 supplicum
2504 366 2698 421 damna
2717 407 2731 429 .
2762 366 2834 421 ita
2866 366 3023 423 nobis
3046 381 3228 422 eorum
3257 365 3506 428 fructuosa
3526 377 3701 437 debet“

2180 471 2302 513 esse
2329 457 2668 528 compendia.

2710 580 3039 647 EPISTULA
3075 591 3233 646 XVII.

2181 697 2450 738 UNIVEBSIS
2476 694 2663 739 GOTBIS
2689 700 2757 737 ΕΤ
2788 699 3014 738 ΒΟΙΙᾹΝΙΒ
3036 693 3292 739 ῢΕΗΤΟΝιΕ
3317 696 3713 744 οοκειετειιτιεες

2712 769 3075 809 τιιεουοιιιευδ
3104 767 3206 807 nix

2184 840 2429 912 Praecipit
2452 853 2677 918 castrum
2704 845 2842 897 circa
2871 861 2958 918 eos
2985 847 3236 918 positum.
3269 846 3383 898 dum
3411 863 3528 916 pare
3554 848 3715 918 fruun-

2252 920 2356 975 tur,
2380 916 2749 981 communiunt,
2780 930 2843 967 ac
2870 915 3049 969 domos
3078 914 3175 968 sibi
3203 918 3255 968 in
3279 933 3336 969 eo
3362 914 3656 973 construant.

2254 1001 2492 1059 Publicus
2543 1006 2790 1060 utilitatis
2843 1006 3055 1061 ratione
3106 1008 3413 1061 commoniti
3458 1008 3595 1079 (qua:
3633 1027 3721 1067 nos

2180 1108 2308 1148 cura
2347 1109 2563 1164 semper
2599 1096 2830 1150 libenter
2860 1095 3149 1165 oneravit),
3196 1104 3425 1151 castrum
3463 1099 3602 1165 juxta
3640 1116 3720 1156 vos

2181 1183 2415 1253 positum
2447 1185 2789 1257 prmcipimus
2825 1185 3143 1240 communiri
3179 1203 3191 1237 :
3227 1194 3250 1221 "
3273 1188 3392 1255 quia
3433 1202 3516 1242 res
3538 1188 3723 1257 pratia-

2181 1289 2299 1327 rum
2325 1274 2463 1328 bene
2492 1273 2815 1344 disponitur,
2845 1276 3060 1343 quoties
3089 1276 3141 1330 in
3171 1290 3307 1345 pace
3333 1285 3590 1332 tractatur.
3620 1279 3722 1335 Ilu-

2182 1364 2315 1419 nitio
2340 1365 2540 1434 quippe
2563 1373 2687 1421 tunc
2716 1365 2949 1421 efficitur
2976 1366 3285 1436 przevalida,
3307 1368 3348 1420 si
3372 1368 3562 1423 diutina
3588 1372 3726 1425 fuerit

2180 1455 2579 1529 excogitatione
2608 1457 2881 1510 roborata.
2916 1457 3106 1511 Omnia
3147 1457 3323 1512 subita
3353 1460 3627 1527 probantur
3652 1462 3725 1514 in-

2179 1553 2359 1609 cauta,
2390 1553 2445 1598 et
2474 1545 2614 1599 male
2642 1548 2971 1602 constructio
2994 1549 3098 1602 loci
3129 1558 3260 1603 tunc
3288 1551 3551 1619 quaeritur,
3579 1566 3727 1619 quans

2179 1634 2250 1688 do
2268 1634 2378 1703 jam
2402 1636 2637 1705 pericula
2661 1636 3034 1692 formidantur.
3064 1639 3214 1694 Adde
3241 1639 3381 1708 quod
3401 1641 3597 1695 animus
3632 1644 3730 1712 ipse

428 1714 435 1723 ‘
484 1708 577 1775 qui
620 1722 841 1777 regnum
876 1720 1066 1779 petens
1102 1713 1342 1775 alterius,
1376 1716 1574 1770 n0stiis
1618 1725 1700 1770 est
1751 1717 2073 1772 utilitatibus
2108 1740 2145 1794 Β
2174 1745 2283 1783 non
2341 1736 2522 1797 potest,
2567 1744 2688 1783 esse
2735 1729 2787 1783 in
2833 1730 3111 1786 audaciam
3156 1746 3384 1802 pronus,
3421 1734 3508 1800 qui
3541 1734 3727 1789 diversa

484 1801 806 1868 serviturus,
849 1805 1011 1859 salvis
1060 1806 1266 1875 legibus
1315 1815 1402 1861 tua
1446 1809 1670 1863 tuitione
1710 1809 2070 1865 rallctur:ne

486 1884 754 1946 violentos
780 1893 1095 1962 cujusquam
1122 1897 1352 1965 impetus
1372 1898 1642 1951 subtracta
1666 1898 1865 1952 domini
1886 1899 2071 1953 defun-

483 1978 638 2033 sione
688 1982 942 2049 patiatur.
998 1982 1200 2039 Perviae
1247 1994 1372 2040 sunt
1420 1988 1562 2041 enim
1610 2002 1827 2057 semper
1868 1988 2076 2058 injuriis

486 2068 770 2127 facultates
798 2073 1134 2142 absentium;
1168 2087 1220 2131 et
1246 2079 1646 2148 quodammodo
1675 2080 1887 2136 videtur
1914 2097 2076 2138 occa-

482 2159 567 2215 sio
614 2161 860 2220 homines
913 2171 962 2220 in
1010 2167 1265 2223 delictum
1312 2171 1546 2235 trahere,
1589 2187 1708 2241 qua:
1749 2188 1858 2228 non
1897 2183 2078 2245 potest

483 2250 722 2306 animum
762 2257 1109 2324 pervadentis
1151 2259 1217 2313 de
1264 2261 1616 2317 resultatione
1660 2272 1881 2319 terrere.
1923 2264 2077 2319 Ideo-

483 2355 591 2409 que
620 2344 885 2402 celsitudo
915 2358 1122 2413 vestra.
1154 2367 1314 2420 quam
1347 2361 1527 2407 votum
1564 2354 1707 2424 pium
1753 2364 1837 2410 est
1877 2356 2076 2412 halere

482 2434 737 2500 vicinam,
776 2439 950 2517 erigat
996 2440 1247 2507 humiles,
1302 2444 1494 2512 eripiat
1542 2446 1955 2515 opprimendos;
1998 2457 2072 2513 et,

482 2523 630 2590 quod
675 2529 1034 2594 potestatibus
1065 2546 1244 2584 rarum
1285 2542 1386 2599 est,
1426 2532 1679 2603 proﬁcias
1718 2537 1947 2603 cunctis,
1982 2538 2074 2607 qui

486 2612 751 2670 universis
779 2617 974 2673 celsior
1004 2620 1277 2676 inveniris.

1018 2771 1349 2830 El’ISTOLA
1390 2777 1524 2833 XVI.

624 2894 841 2938 JULIANO
869 2898 1048 2940 COIITI
1078 2903 1380 2943 PATRIIIONII
1412 2907 1775 2949 THEODORICUS
1803 2912 1927 2951 κει.

483 2987 636 3044 Iubet
675 2991 920 3078 discutiat
964 3001 1502 3079 causant_Apulorum
1550 3004 1918 3079 conductorum
1959 3016 2075 3079 [ru-

554 3064 743 3127 menti,
774 3067 858 3143 qui
885 3071 1149 3143 conquesti
1178 3064 1387 3140 fuerunt
1414 3075 1673 3143 frumenta
1703 3077 1801 3129 sibi
1830 3064 2073 3133 inimico-
2101 3117 2141 3143 ,.

553 3143 669 3185 rum
713 3122 1122 3216 subreptionibus
1173 3122 2072 3216 imaginata?éi'imﬁédi'ili'iia
2101 3122 2143 3174 (ί

555 3216 639 3254 res
661 3218 718 3280 se
741 3203 918 3280 habet)
950 3217 1003 3258 ut
1030 3208 1092 3260 de
1120 3210 1328 3280 reliquis
1357 3203 1541 3279 primo:
1568 3203 1865 3270 indirtionis
1895 3203 2072 3272 habita

553 3272 907 3328 moderatione
934 3280 1193 3332 detrahat.

555 3381 689 3437 Illud
718 3388 947 3455 amplius
976 3391 1175 3445 nostris
1198 3393 1517 3452 utilitatibus
1545 3398 1899 3469 applicamus,
1929 3403 2072 3470 quod

486 3475 822 3531 misericordi
855 3479 1187 3537 humanitate
1214 3486 1580 3542 concedimus.
1619 3488 1911 3559 Regnantis
1932 3494 2074 3548 enim

486 3568 715 3626 facultas
743 3580 869 3628 tunc
900 3574 957 3627 lit
985 3572 1168 3640 ditior,
1200 3593 1321 3631 cum
1347 3581 1599 3645 remittit;
1631 3591 1687 3636 et
1714 3585 1944 3653 acquirit
1975 3602 2074 3638 no-

486 3658 621 3714 biles
676 3661 957 3719 thesauros
1010 3664 1196 3735 famze,
1254 3671 1497 3738 neglecta
1551 3673 1756 3729 vilitate
1810 3678 2069 3744 pecuniae.

490 3747 626 3806 llinc
646 3760 728 3806 est
749 3755 893 3821 quod
916 3759 1321 3813 consuetudinis
1348 3770 1545 3816 nostra?
1571 3764 1903 3821 humanitate
1923 3783 2077 3822 com-

487 3843 699 3905 moniti,
724 3859 884 3913 opem
917 3846 1090 3912 fessis,
1125 3865 1339 3905 manum
1371 3853 1696 3921 porrigimus
1722 3858 1985 3922 oneratis;
2019 3867 2078 3913 ut

490 3934 710 4003 pietatis
750 3946 950 3992 nostra:
998 3941 1239 3995 remedio
1278 3953 1519 4013 surgant,
1565 3946 1655 4015 qui
1699 3945 1929 4004 fortuna:
1965 3966 2076 4006 suae

492 4025 789 4080 acerbitate
819 4040 1155 4086 corruerant.
1188 4032 1396 4089 Dudum
1426 4036 1688 4106 siquidem
1719 4040 2078 4098 conductores

494 4113 647 4183 Apuli
677 4114 957 4185 deplorata
1006 4121 1163 4176 nobis
1206 4124 1444 4180 aditione
1472 4130 1753 4197 conquesti
1783 4138 1928 4196 sunt,
1964 4132 2076 4187 fru-

492 4213 671 4259 menta
710 4208 811 4261 sibi
846 4209 1183 4266 inimicorum
1222 4214 1656 4287 subreptionibus
1684 4229 2026 4275 concremata
2059 4240 2072 4275 :

387 4291 402 4309 ‘
490 4295 823 4365 postulantes
852 4314 918 4353 ne
945 4311 1209 4368 cogantur
1234 4303 1301 4357 ad
1351 4306 1613 4374 integram
1654 4311 2075 4379 praestationem,

488 4386 686 4454 quibus
748 4393 1195 4447 commerciorum
1252 4408 1378 4448 sunt
1442 4398 1727 4452 Commoda
1791 4399 2074 4456 diminuta.

2181 1818 2343 1874 fuerit
2369 1835 2497 1874 cura
2526 1820 2809 1877 sollicitus.
2840 1820 2991 1878 Hanc
3020 1823 3216 1877 merito
3246 1824 3623 1892 expeditionem
3645 1843 3730 1879 no-

2177 1912 2454 1966 minavere
2498 1912 2769 1981 majores,
2815 1915 2939 1982 quia
2988 1930 3139 1969 mens
3186 1917 3384 1970 devota
3424 1918 3604 1986 pra-liis
3637 1935 3730 1974 non

2177 2003 2338 2057 debet
2381 2003 2504 2057 aliis
2533 2005 2953 2074 cogitationibus
2983 2021 3030 2059 ο.
3051 2008 3260 2077 cupari.
3288 2006 3613 2078 Quapropter
3634 2025 3733 2063 am-

2178 2095 2457 2163 plectenda
2500 2111 2589 2151 res
2619 2104 2729 2160 est,
2767 2111 2887 2165 qua:
2922 2098 3295 2164 generalitatis
3334 2100 3732 2155 consideratione

2178 2186 2488 2254 pnecipitur
2518 2203 2531 2239 :
2558 2202 2658 2241 nec
2686 2203 2893 2242 moram
2927 2189 3005 2241 fas
3033 2199 3117 2243 est
3145 2189 3423 2245 incurrere
3441 2190 3730 2260 jussinnem.

2178 2292 2299 2347 qum
2352 2277 2580 2334 devotos
2633 2280 2868 2334 maxime
2915 2281 3154 2335 noscitur
3211 2281 3481 2349 adjuvare.
3526 2281 3589 2337 Et
3629 2283 3733 2336 ideo

2177 2369 2429 2441 pnesenti
2457 2370 2783 2425 auctoritate
2812 2371 3169 2436 decernimus,
3219 2380 3279 2427 ut
3304 2373 3490 2429 domos
3514 2375 3654 2429 vobis
3689 2376 3731 2428 in

2180 2459 2437 2526 praedicto
2483 2459 2709 2513 castello
2758 2460 3014 2515 alacriter
3065 2464 3425 2528 eoustruatis,
3481 2465 3734 2520 reddentes

2178 2550 2360 2604 animo
2409 2559 2595 2611 nostro
2662 2553 3077 2608 vicissitudinem
3122 2570 3337 2621 rerum;
3383 2564 3438 2609 ut
3483 2557 3610 2612 sicut
3650 2571 3736 2611 nos

2178 2639 2374 2695 vestris
2402 2640 2723 2695 utilitatibus
2754 2642 3031 2712 profutura
3066 2661 3387 2710 censemus,
3420 2649 3489 2702 ita
3520 2657 3733 2719 tempora

2181 2738 2363 2783 nostra
2394 2745 2590 2786 ornare
2632 2748 2730 2785 vos
2774 2733 3148 2802 pulcherrimis
3196 2736 3416 2792 fabricis
3451 2739 3731 2793 sentiamus.

2181 2816 2332 2874 'l'unc
2369 2821 2511 2875 enim
2550 2823 2750 2877 accidit
2780 2832 2838 2878 ut
2876 2833 2931 2879 et
2972 2835 3228 2895 sumptus
3260 2839 3617 2900 competentes
3647 2844 3733 2883 no-

2179 2911 2307 2964 stris
2341 2909 2451 2980 jam
2484 2915 2767 2982 penatibus
2795 2930 3124 2985 congregare
3155 2921 3368 2983 velitis,
3413 2930 3467 2975 et
3504 2920 3733 2976 habitatio

2181 3001 2333 3054 vobis
2364 3018 2470 3056 non
2494 3004 2563 3057 sit
2592 3005 2818 3074 ingrata,
2851 3023 3010 3078 quam
3038 3012 3260 3079 propria
3290 3022 3465 3081 potest
3484 3027 3734 3067 commen-

2178 3093 2311 3148 dare
2337 3099 2692 3156 constructio.
2720 3100 2888 3166 Qvale
2910 3111 3010 3166 est,
3043 3119 3197 3173 rogo,
3232 3107 3283 3159 in
3316 3108 3510 3162 laribus
3537 3106 3736 3177 propriis

2177 3203 2317 3256 esse,
2362 3204 2484 3244 cum
2509 3190 2821 3248 durissimas
2864 3198 3173 3251 mansiones
3207 3199 3379 3254 hostis
3407 3201 3608 3269 cogitur
3631 3215 3736 3254 sos-

2176 3279 2386 3335 tinere?
2426 3279 2518 3335 llle
2558 3281 2817 3347 imbribus
2858 3295 3071 3354 pateat,
3115 3305 3218 3343 vos
3255 3298 3396 3344 tecta
3446 3291 3734 3350 defendant;

2176 3370 2323 3424 illum
2352 3370 2524 3426 inedia
2547 3383 2850 3443 consumat,
2881 3393 2977 3431 vos
3004 3380 3160 3448 copia
3195 3383 3413 3450 provisa
3435 3380 3645 3436 reﬁciat.
3664 3377 3741 3433 Sic

2177 3462 2329 3519 vobis
2377 3464 2643 3521 tutissime
2692 3469 2998 3524 constitutis
3039 3472 3216 3526 hostis
3246 3481 3429 3527 vester
3449 3481 3568 3526 ante
3596 3487 3738 3522 t‘t’tttt-

2178 3563 2288 3610 tum
2320 3558 2628 3613 certaminis
2654 3541 2758 3613 fata
2791 3562 3024 3630 patietur
3045 3564 3361 3632 perditoris.
3386 3563 3600 3618 Constat
3621 3562 3741 3617 enim

2177 3653 2422 3716 tempore
2466 3649 2804 3703 necessitatis
2850 3651 2999 3705 illum
3042 3655 3267 3720 probari
3313 3654 3645 3708 fortissimum
3671 3652 3740 3703 vi-

2177 3751 2317 3803 rum,
2348 3738 2437 3805 qui
2467 3753 2526 3792 se
2555 3753 2654 3808 per
2684 3740 2850 3793 multa
2875 3758 2980 3795 non
3005 3741 3280 3797 distrahit.
3322 3743 3452 3798 Nam
3492 3744 3605 3812 quis
3636 3757 3742 3797 euut

2180 3827 2573 3895 providentiam
2599 3828 2852 3885 habuisse
2882 3839 3049 3900 putet,
3073 3833 3117 3886 si
3152 3842 3284 3889 tunc
3308 3835 3531 3904 eruperit
3556 3829 3745 3886 fabricis

2177 3937 2398 3990 Operam
2448 3922 2597 3989 dare,
2643 3933 2735 3977 aut
2784 3940 2980 3994 penum
3029 3927 3302 3992 condere,
3353 3942 3476 3981 eum
3522 3931 3747 3994 oporteat

2176 4012 2314 4066 bella
2348 4016 2619 4070 tractare?

2689 4128 3016 4186 EPISTOLA
3057 4130 3249 4187 XVIII.

2382 4257 2669 4297 DOHITZAXO
2700 4260 2766 4297 ΕΤ
2799 4254 2990 4298 υνιιυε
3022 4260 3400 4300 τιιεουοιιιςῦδ
3431 4252 3553 4298 REX.

2180 4354 2294 4408 Illis
2342 4356 2614 4425 respondet
2658 4357 2793 4425 quod
2834 4356 3053 4410 debeant
3093 4360 3303 4411 restitui
3345 4356 3542 4425 pt'a'dia
3575 4371 3605 4406 α
3630 4362 3745 4422 ιπε-

2249 4426 2595 4493 διιιιιμιυι·ἱὸιιε
2647 4438 2936 4497 occupatu,
2990 4429 3091 4480 nisi
3148 4436 3244 4479 aut
3300 4434 3620 4497 contractus,
3670 4428 3745 4497 att!

490 4478 644 4542 Quod
690 4495 789 4535 nos
831 4497 930 4550 pro
970 4483 1205 4553 ingenita
1251 4486 1585 4543 humanitate
1629 4491 2074 4546 considerandum
2107 4497 2157 4554 1)
2251 4478 2572 4565 prwscriptio
2603 4478 3098 4565 trigintrooniioruni
3126 4478 3401 4557 ebrietfct
3430 4495 3562 4564 quod
3589 4491 3745 4563 fratris

490 4584 611 4625 esse
632 4570 963 4637 iudicamus,
1003 4585 1061 4629 ut
1090 4591 1318 4645 quorum
1351 4595 1457 4634 non
1495 4595 1781 4650 possumus
1820 4598 2075 4639 accusare

491 4659 754 4717 desidiam
816 4666 1074 4737 [Ασίαν-δη
1127 4669 1448 4743 desideria],
1499 4674 1839 4729 relevandam
1897 4677 2074 4745 potius

488 4752 817 4807 a'stimemus
850 4753 1138 4811 fortunam.
1173 4757 1299 4813 Inde
1325 4761 1468 4815 enim
1498 4765 1820 4818 constitutas
1865 4767 2079 4834 pensio-

489 4857 586 4897 nes
628 4843 812 4898 inferri
858 4847 1125 4912 volumus,
1175 4851 1316 4903 unde
1363 4859 1578 4905 constat
1617 4853 1891 4921 subjectos
1928 4872 2078 4910 com-

490 4934 649 4990 moda
680 4947 1019 4994 consecutos.
1054 4938 1119 4992 Et
1149 4939 1271 4994 ideo
1293 4940 1432 4996 hanc
1460 4957 1672 4997 causam
1697 4944 2075 5002 sublimitatem

489 5034 636 5081 tuam
662 5027 916 5095 iubemus
944 5029 1230 5097 diligenter
1256 5032 1561 5101 inquirere,
1593 5042 1651 5087 ut
1695 5043 1951 5103 quantum
1983 5053 2079 5094 eos

490 5119 666 5173 minus
692 5121 993 5177 vendidisse
1022 5123 1348 5187 constiterit,
1381 5123 1447 5178 de
1471 5125 1696 5194 reliquis
1723 5128 1907 5197 prima:
1937 5130 2075 5184 indi-

490 5209 686 5264 ctionis
717 5210 897 5265 habita
930 5212 1297 5268 moderatione
1325 5214 1623 5269 detrahatis
1652 5235 1664 5268 :
1709 5217 1780 5271 ita
1810 5229 1988 5275 tamen
2020 5230 2077 5274 ut

493 5298 635 5350 titillat
666 5299 809 5353 fraus
840 5303 1036 5357 nostris
1059 5303 1337 5358 beneliciis
1366 5304 1652 5370 inferatur,
1684 5324 1752 5362 ne
1774 5309 1950 5379 aliqua
1982 5327 2077 5365 ne-

491 5386 744 5456 gligentia
778 5393 1014 5447 reddaris
1045 5395 1336 5460 obnoxius,
1374 5396 1467 5464 qui
1513 5413 1726 5466 semper
1768 5401 1921 5454 nobis
1948 5418 2075 5472 pro-

492 5478 612 5532 vida
643 5481 941 5541 intentione
974 5486 1240 5555 placuisti.
1279 5492 1374 5559 ιι
1406 5489 1539 5555 Quia
1564 5491 1703 5544 sicut
1729 5507 1827 5547 nos
1851 5503 2078 5561 tangunt

564 5653 589 5682 ³
617 5645 839 5701 Constat
874 5663 939 5701 ex
970 5650 1072 5704 hoc
1102 5651 1221 5705 loco
1261 5654 1545 5709 munienda
1576 5671 1695 5711 esse
1730 5666 1903 5712 castra
1941 5666 2076 5713 tent-

496 5729 625 5784 pore
651 5718 819 5787 pacis,
851 5721 1047 5773 etenim
1073 5724 1372 5777 necessaria
1403 5735 1525 5779 sunt
1556 5726 1607 5779 in
1638 5728 1810 5797 longis
1833 5727 2070 5783 obsidio-

2254 4582 2523 4635 percussor
2544 4568 2609 4618 sit
2637 4568 2691 4618 in
2721 4568 2958 4623 exsilium
2989 4568 3369 4637 deportandus.

2250 4678 2474 4749 Oportet
2517 4695 2611 4733 vos
2662 4681 2842 4735 colere
2882 4689 2937 4735 et
2983 4681 3281 4736 observare
3326 4678 3620 4749 justit'am,
3668 4669 3744 4742 qui

2179 4773 2487 4842 aequitatem
2529 4772 2741 4841 populis
2785 4773 2966 4827 dicere
3006 4773 3328 4843 suscepistis
3363 4791 3376 4825 :
3422 4768 3629 4841 quando
3654 4780 3745 4819 non

2182 4861 2309 4916 licet
2359 4861 2704 4930 delinquere,
2753 4863 2842 4931 qui
2892 4865 3027 4918 alios
3073 4864 3320 4919 creditur
3370 4865 3470 4917 sub
3510 4854 3746 4928 aequitatis

2180 4954 2365 5021 regula
2418 4956 2719 5019 continere,
2770 4971 2834 5010 ne
2880 4956 2971 5009 fiat
3025 4957 3340 5026 exemplum
3389 4968 3627 5025 pravum,
3669 4946 3745 5015 qui

2180 5046 2385 5100 electus
2413 5047 2477 5098 ad
2512 5045 2777 5100 laudabile
2806 5048 2952 5120 [ms.,
2977 5045 3177 5118 habile]
3222 5046 3574 5115 cognoscitur
3616 5037 3746 5093 insti-

2186 5145 2376 5190 tutum.
2422 5136 2489 5191 Et
2532 5138 2655 5191 ideo
2685 5138 2751 5191 ad
2798 5138 3282 5209 interrogationem
3312 5148 3545 5192 vestram
3571 5129 3747 5187 curavi-

2183 5244 2300 5281 mus
2331 5230 2567 5297 praebere
2598 5245 2914 5297 responsum
2949 5249 2960 5282 :
2994 5246 3060 5283 ne
3091 5246 3187 5299 per
3226 5230 3616 5284 dubitationem
3640 5234 3744 5292 pos-

2183 5318 2302 5372 sitis
2341 5334 2545 5379 errare.
2601 5318 2699 5375 nisi
2751 5319 2914 5388 (quod
2963 5320 3123 5388 absit)
3165 5320 3351 5373 velitis
3389 5319 3659 5372 excedere.
3684 5306 3746 5359 Si

2188 5407 2484 5462 Romanum
2533 5409 2790 5478 praedium
2837 5411 2924 5482 (ex
2966 5426 3098 5477 quo,
3129 5410 3244 5463 Deo
3281 5408 3516 5480 propitio
3545 5400 3744 5456 fontium

2187 5497 2289 5569 led.
2311 5540 2326 5564 ,
2350 5496 2517 5569 sonti]
2548 5498 2745 5553 fluenta
2776 5500 3194 5560 transmisimus.
3231 5500 3324 5553 ubi
3352 5499 3575 5567 primum
3603 5488 3746 5545 Itali-13

2183 5662 2338 5716 nibus
2368 5670 2541 5733 castra
2570 5662 2794 5733 ralloet
2827 5662 2981 5733 fossis
3005 5662 3169 5733 probe
3201 5672 3429 5733 munita,
3458 5668 3514 5713 ut
3535 5674 3595 5712 ex
3626 5655 3741 5709 l'ro-

2179 5732 2339 5800 cupio
2366 5732 2456 5787 lib.
2486 5748 2521 5787 ιι
2551 5731 2616 5786 de
2640 5730 2787 5786 Bello
2816 5730 3114 5788 Gothorum
3146 5733 3339 5802 liquet.
3376 5732 3554 5786 Bnoss.
