  <div class='ocr_page' id='page_1' title='image "/cluster/home/n/w/nwhite01/storage/ocr_20150623/69/hvd.32044054758727/289.png"; bbox 0 0 3954 6178; ppageno 0'>
   <div class='ocr_carea' id='block_1_1' title="bbox 415 297 523 354">
    <p class='ocr_par' dir='ltr' id='par_1_1' title="bbox 415 297 523 354">
     <span class='ocr_line' id='line_1_1' title="bbox 415 297 523 354; baseline -0.019 0"><span class='ocrx_word' id='word_1_1' title='bbox 415 297 523 354; x_wconf 71' lang='grc'><strong>5³.5</strong></span> 
     </span>
    </p>
   </div>
   <div class='ocr_carea' id='block_1_2' title="bbox 1638 288 2455 367">
    <p class='ocr_par' dir='ltr' id='par_1_2' title="bbox 1638 288 2455 367">
     <span class='ocr_line' id='line_1_2' title="bbox 1638 288 2455 367; baseline -0.004 -18"><span class='ocrx_word' id='word_1_2' title='bbox 1638 293 1708 349; x_wconf 80' lang='lat' dir='ltr'><strong>u.</strong></span> <span class='ocrx_word' id='word_1_3' title='bbox 1747 288 2023 367; x_wconf 62' lang='lat' dir='ltr'><strong>sumunt</strong></span> <span class='ocrx_word' id='word_1_4' title='bbox 2060 289 2455 348; x_wconf 69' lang='lat' dir='ltr'><strong>csssnooom</strong></span> 
     </span>
    </p>
   </div>
   <div class='ocr_carea' id='block_1_3' title="bbox 3546 302 3664 359">
    <p class='ocr_par' dir='ltr' id='par_1_3' title="bbox 3546 302 3664 359">
     <span class='ocr_line' id='line_1_3' title="bbox 3546 302 3664 359; baseline -0.008 0"><span class='ocrx_word' id='word_1_5' title='bbox 3546 302 3664 359; x_wconf 62' lang='lat' dir='ltr'><strong>5ii&#39;</strong></span> 
     </span>
    </p>
   </div>
   <div class='ocr_carea' id='block_1_4' title="bbox 413 397 3648 479">
    <p class='ocr_par' dir='ltr' id='par_1_4' title="bbox 413 397 3648 479">
     <span class='ocr_line' id='line_1_4' title="bbox 413 397 3648 479; baseline -0.003 -16"><span class='ocrx_word' id='word_1_6' title='bbox 413 408 551 463; x_wconf 80' lang='lat' dir='ltr'><strong>circa</strong></span> <span class='ocrx_word' id='word_1_7' title='bbox 581 408 830 479; x_wconf 74' lang='lat' dir='ltr'><strong>pneseuti</strong></span> <span class='ocrx_word' id='word_1_8' title='bbox 860 406 1200 465; x_wconf 82' lang='lat' dir='ltr'><strong>decernimus</strong></span> <span class='ocrx_word' id='word_1_9' title='bbox 1221 404 1485 475; x_wconf 84' lang='lat' dir='ltr'><strong>iussione,</strong></span> <span class='ocrx_word' id='word_1_10' title='bbox 1519 404 1775 460; x_wconf 75' lang='lat' dir='ltr'><strong>Romanre</strong></span> <span class='ocrx_word' id='word_1_11' title='bbox 1801 411 1991 461; x_wconf 79' lang='lat' dir='ltr'><strong>ctvua-</strong></span> <span class='ocrx_word' id='word_1_12' title='bbox 2019 409 2069 464; x_wconf 76' lang='grc' dir='ltr'><strong>Α</strong></span> <span class='ocrx_word' id='word_1_13' title='bbox 2168 403 2310 458; x_wconf 73' lang='lat' dir='ltr'><strong>Festi</strong></span> <span class='ocrx_word' id='word_1_14' title='bbox 2333 413 2383 457; x_wconf 88' lang='lat' dir='ltr'><strong>et</strong></span> <span class='ocrx_word' id='word_1_15' title='bbox 2411 402 2714 474; x_wconf 81' lang='lat' dir='ltr'><strong>Symmachi</strong></span> <span class='ocrx_word' id='word_1_16' title='bbox 2736 410 2917 457; x_wconf 83' lang='lat' dir='ltr'><strong>contra</strong></span> <span class='ocrx_word' id='word_1_17' title='bbox 2942 400 3219 471; x_wconf 82' lang='lat' dir='ltr'><strong>patricium</strong></span> <span class='ocrx_word' id='word_1_18' title='bbox 3240 397 3506 460; x_wconf 76' lang='lat' dir='ltr'><strong>Paulinum</strong></span> <span class='ocrx_word' id='word_1_19' title='bbox 3531 409 3648 461; x_wconf 73' lang='grc' dir='ltr'><strong>δίη-</strong></span> 
     </span>
    </p>
   </div>
   <div class='ocr_carea' id='block_1_5' title="bbox 414 494 1992 566">
    <p class='ocr_par' dir='ltr' id='par_1_5' title="bbox 414 494 1992 566">
     <span class='ocr_line' id='line_1_5' title="bbox 414 494 1992 566; baseline -0.001 -14"><span class='ocrx_word' id='word_1_20' title='bbox 414 500 480 553; x_wconf 86' lang='lat' dir='ltr'><strong>tis</strong></span> <span class='ocrx_word' id='word_1_21' title='bbox 501 500 731 557; x_wconf 78' lang='lat' dir='ltr'><strong>fabricas</strong></span> <span class='ocrx_word' id='word_1_22' title='bbox 758 514 856 555; x_wconf 87' lang='lat' dir='ltr'><strong>vos</strong></span> <span class='ocrx_word' id='word_1_23' title='bbox 883 498 1083 554; x_wconf 82' lang='lat' dir='ltr'><strong>debere</strong></span> <span class='ocrx_word' id='word_1_24' title='bbox 1103 496 1391 561; x_wconf 74' lang='lat' dir='ltr'><strong>discutere,</strong></span> <span class='ocrx_word' id='word_1_25' title='bbox 1420 497 1466 550; x_wconf 91' lang='lat' dir='ltr'><strong>si</strong></span> <span class='ocrx_word' id='word_1_26' title='bbox 1492 496 1646 551; x_wconf 87' lang='lat' dir='ltr'><strong>labor</strong></span> <span class='ocrx_word' id='word_1_27' title='bbox 1664 494 1842 566; x_wconf 88' lang='lat' dir='ltr'><strong>operis</strong></span> <span class='ocrx_word' id='word_1_28' title='bbox 1862 510 1992 551; x_wconf 87' lang='lat' dir='ltr'><strong>con-</strong></span> 
     </span>
    </p>
   </div>
   <div class='ocr_carea' id='block_1_6' title="bbox 411 586 1993 663">
    <p class='ocr_par' dir='ltr' id='par_1_6' title="bbox 411 586 1993 663">
     <span class='ocr_line' id='line_1_6' title="bbox 411 586 1993 663; baseline -0.003 -17"><span class='ocrx_word' id='word_1_29' title='bbox 411 591 598 648; x_wconf 88' lang='lat' dir='ltr'><strong>cordat</strong></span> <span class='ocrx_word' id='word_1_30' title='bbox 624 591 901 663; x_wconf 79' lang='lat' dir='ltr'><strong>expensis,</strong></span> <span class='ocrx_word' id='word_1_31' title='bbox 952 589 1041 646; x_wconf 88' lang='lat' dir='ltr'><strong>vel</strong></span> <span class='ocrx_word' id='word_1_32' title='bbox 1068 588 1115 644; x_wconf 87' lang='lat' dir='ltr'><strong>si</strong></span> <span class='ocrx_word' id='word_1_33' title='bbox 1156 588 1298 659; x_wconf 88' lang='lat' dir='ltr'><strong>apud</strong></span> <span class='ocrx_word' id='word_1_34' title='bbox 1334 588 1569 659; x_wconf 84' lang='lat' dir='ltr'><strong>aliquem</strong></span> <span class='ocrx_word' id='word_1_35' title='bbox 1610 594 1827 644; x_wconf 87' lang='lat' dir='ltr'><strong>constet</strong></span> <span class='ocrx_word' id='word_1_36' title='bbox 1854 586 1993 643; x_wconf 86' lang='lat' dir='ltr'><strong>resi-</strong></span> 
     </span>
    </p>
   </div>
   <div class='ocr_carea' id='block_1_7' title="bbox 410 678 1991 752">
    <p class='ocr_par' dir='ltr' id='par_1_7' title="bbox 410 678 1991 752">
     <span class='ocr_line' id='line_1_7' title="bbox 410 678 1991 752; baseline -0.004 -14"><span class='ocrx_word' id='word_1_37' title='bbox 410 682 541 738; x_wconf 87' lang='lat' dir='ltr'><strong>dere</strong></span> <span class='ocrx_word' id='word_1_38' title='bbox 599 680 920 752; x_wconf 80' lang='lat' dir='ltr'><strong>pecuniam,</strong></span> <span class='ocrx_word' id='word_1_39' title='bbox 972 694 1093 752; x_wconf 73' lang='lat' dir='ltr'><strong>qua:</strong></span> <span class='ocrx_word' id='word_1_40' title='bbox 1151 694 1261 735; x_wconf 91' lang='lat' dir='ltr'><strong>non</strong></span> <span class='ocrx_word' id='word_1_41' title='bbox 1315 678 1387 735; x_wconf 90' lang='lat' dir='ltr'><strong>sit</strong></span> <span class='ocrx_word' id='word_1_42' title='bbox 1441 678 1661 735; x_wconf 81' lang='lat' dir='ltr'><strong>fabricis</strong></span> <span class='ocrx_word' id='word_1_43' title='bbox 1718 692 1991 749; x_wconf 85' lang='lat' dir='ltr'><strong>expensa,</strong></span> 
     </span>
    </p>
   </div>
   <div class='ocr_carea' id='block_1_8' title="bbox 409 769 1995 841">
    <p class='ocr_par' dir='ltr' id='par_1_8' title="bbox 409 769 1995 841">
     <span class='ocr_line' id='line_1_8' title="bbox 409 769 1995 841; baseline -0.001 -16"><span class='ocrx_word' id='word_1_44' title='bbox 409 773 681 841; x_wconf 68' lang='lat' dir='ltr'><strong>deputatae</strong></span> <span class='ocrx_word' id='word_1_45' title='bbox 727 771 806 826; x_wconf 88' lang='lat' dir='ltr'><strong>rei</strong></span> <span class='ocrx_word' id='word_1_46' title='bbox 852 769 1047 827; x_wconf 90' lang='lat' dir='ltr'><strong>reddat</strong></span> <span class='ocrx_word' id='word_1_47' title='bbox 1080 769 1430 839; x_wconf 89' lang='lat' dir='ltr'><strong>erogandam.</strong></span> <span class='ocrx_word' id='word_1_48' title='bbox 1462 769 1669 837; x_wconf 80' lang='lat' dir='ltr'><strong>Quibus</strong></span> <span class='ocrx_word' id='word_1_49' title='bbox 1698 769 1995 825; x_wconf 74' lang='lat' dir='ltr'><strong>rationibus</strong></span> 
     </span>
    </p>
   </div>
   <div class='ocr_carea' id='block_1_9' title="bbox 408 860 1994 934">
    <p class='ocr_par' dir='ltr' id='par_1_9' title="bbox 408 860 1994 934">
     <span class='ocr_line' id='line_1_9' title="bbox 408 860 1994 934; baseline -0.001 -16"><span class='ocrx_word' id='word_1_50' title='bbox 408 860 689 920; x_wconf 79' lang='lat' dir='ltr'><strong>evidenter</strong></span> <span class='ocrx_word' id='word_1_51' title='bbox 727 863 1034 934; x_wconf 80' lang='lat' dir='ltr'><strong>expressis,</strong></span> <span class='ocrx_word' id='word_1_52' title='bbox 1066 864 1134 920; x_wconf 92' lang='lat' dir='ltr'><strong>ad</strong></span> <span class='ocrx_word' id='word_1_53' title='bbox 1164 879 1265 920; x_wconf 88' lang='lat' dir='ltr'><strong>nos</strong></span> <span class='ocrx_word' id='word_1_54' title='bbox 1292 863 1705 919; x_wconf 82' lang='lat' dir='ltr'><strong>instructionem</strong></span> <span class='ocrx_word' id='word_1_55' title='bbox 1741 861 1994 919; x_wconf 81' lang='lat' dir='ltr'><strong>ﬁdelissi-</strong></span> 
     </span>
    </p>
   </div>
   <div class='ocr_carea' id='block_1_10' title="bbox 410 938 1995 1024">
    <p class='ocr_par' dir='ltr' id='par_1_10' title="bbox 410 938 1995 1024">
     <span class='ocr_line' id='line_1_10' title="bbox 410 938 1995 1024; baseline -0.001 -17"><span class='ocrx_word' id='word_1_56' title='bbox 410 969 552 1009; x_wconf 92' lang='lat' dir='ltr'><strong>mam</strong></span> <span class='ocrx_word' id='word_1_57' title='bbox 581 954 878 1021; x_wconf 85' lang='lat' dir='ltr'><strong>destinate;</strong></span> <span class='ocrx_word' id='word_1_58' title='bbox 912 961 972 1009; x_wconf 90' lang='lat' dir='ltr'><strong>ut</strong></span> <span class='ocrx_word' id='word_1_59' title='bbox 1004 952 1209 1023; x_wconf 88' lang='lat' dir='ltr'><strong>iudicio</strong></span> <span class='ocrx_word' id='word_1_60' title='bbox 1236 961 1427 1010; x_wconf 86' lang='lat' dir='ltr'><strong>nostro</strong></span> <span class='ocrx_word' id='word_1_61' title='bbox 1456 952 1787 1024; x_wconf 89' lang='lat' dir='ltr'><strong>respondere</strong></span> <span class='ocrx_word' id='word_1_62' title='bbox 1811 938 1995 1007; x_wconf 72' lang='lat' dir='ltr'><strong>videa-</strong></span> 
     </span>
    </p>
   </div>
   <div class='ocr_carea' id='block_1_11' title="bbox 409 1040 1993 1114">
    <p class='ocr_par' dir='ltr' id='par_1_11' title="bbox 409 1040 1993 1114">
     <span class='ocr_line' id='line_1_11' title="bbox 409 1040 1993 1114; baseline -0.003 -16"><span class='ocrx_word' id='word_1_63' title='bbox 409 1044 555 1110; x_wconf 87' lang='lat' dir='ltr'><strong>mini,</strong></span> <span class='ocrx_word' id='word_1_64' title='bbox 582 1044 674 1114; x_wconf 92' lang='lat' dir='ltr'><strong>qui</strong></span> <span class='ocrx_word' id='word_1_65' title='bbox 711 1045 842 1102; x_wconf 84' lang='lat' dir='ltr'><strong>estis</strong></span> <span class='ocrx_word' id='word_1_66' title='bbox 870 1043 937 1098; x_wconf 89' lang='lat' dir='ltr'><strong>ad</strong></span> <span class='ocrx_word' id='word_1_67' title='bbox 965 1042 1270 1112; x_wconf 76' lang='lat' dir='ltr'><strong>indaginem</strong></span> <span class='ocrx_word' id='word_1_68' title='bbox 1295 1043 1540 1099; x_wconf 74' lang='lat' dir='ltr'><strong>veritatis</strong></span> <span class='ocrx_word' id='word_1_69' title='bbox 1568 1041 1745 1097; x_wconf 89' lang='lat' dir='ltr'><strong>electi.</strong></span> <span class='ocrx_word' id='word_1_70' title='bbox 1780 1040 1993 1096; x_wconf 86' lang='lat' dir='ltr'><strong>Nullum</strong></span> 
     </span>
    </p>
   </div>
   <div class='ocr_carea' id='block_1_12' title="bbox 408 1133 1993 1205">
    <p class='ocr_par' dir='ltr' id='par_1_12' title="bbox 408 1133 1993 1205">
     <span class='ocr_line' id='line_1_12' title="bbox 408 1133 1993 1205; baseline -0.001 -15"><span class='ocrx_word' id='word_1_71' title='bbox 408 1136 552 1190; x_wconf 91' lang='lat' dir='ltr'><strong>enim</strong></span> <span class='ocrx_word' id='word_1_72' title='bbox 602 1135 670 1192; x_wconf 90' lang='lat' dir='ltr'><strong>de</strong></span> <span class='ocrx_word' id='word_1_73' title='bbox 720 1136 971 1205; x_wconf 81' lang='lat' dir='ltr'><strong>largitate</strong></span> <span class='ocrx_word' id='word_1_74' title='bbox 1017 1144 1203 1191; x_wconf 91' lang='lat' dir='ltr'><strong>nostra</strong></span> <span class='ocrx_word' id='word_1_75' title='bbox 1253 1134 1488 1190; x_wconf 88' lang='lat' dir='ltr'><strong>fraudari</strong></span> <span class='ocrx_word' id='word_1_76' title='bbox 1525 1135 1668 1189; x_wconf 85' lang='lat' dir='ltr'><strong>velle</strong></span> <span class='ocrx_word' id='word_1_77' title='bbox 1704 1133 1993 1203; x_wconf 85' lang='lat' dir='ltr'><strong>credimus,</strong></span> 
     </span>
    </p>
   </div>
   <div class='ocr_carea' id='block_1_13' title="bbox 407 1212 1995 1297">
    <p class='ocr_par' dir='ltr' id='par_1_13' title="bbox 407 1212 1995 1297">
     <span class='ocr_line' id='line_1_13' title="bbox 407 1212 1995 1297; baseline -0.001 -17"><span class='ocrx_word' id='word_1_78' title='bbox 407 1227 625 1297; x_wconf 86' lang='lat' dir='ltr'><strong>quando</strong></span> <span class='ocrx_word' id='word_1_79' title='bbox 669 1227 724 1281; x_wconf 90' lang='lat' dir='ltr'><strong>in</strong></span> <span class='ocrx_word' id='word_1_80' title='bbox 766 1228 859 1282; x_wconf 88' lang='lat' dir='ltr'><strong>tali</strong></span> <span class='ocrx_word' id='word_1_81' title='bbox 905 1226 1127 1297; x_wconf 87' lang='lat' dir='ltr'><strong>negotio</strong></span> <span class='ocrx_word' id='word_1_82' title='bbox 1175 1236 1233 1283; x_wconf 90' lang='lat' dir='ltr'><strong>et</strong></span> <span class='ocrx_word' id='word_1_83' title='bbox 1267 1226 1335 1281; x_wconf 91' lang='lat' dir='ltr'><strong>de</strong></span> <span class='ocrx_word' id='word_1_84' title='bbox 1373 1224 1611 1296; x_wconf 81' lang='lat' dir='ltr'><strong>propriis</strong></span> <span class='ocrx_word' id='word_1_85' title='bbox 1649 1212 1995 1281; x_wconf 75' lang='lat' dir='ltr'><strong>facultatibus</strong></span> 
     </span>
    </p>
   </div>
   <div class='ocr_carea' id='block_1_14' title="bbox 407 1315 1993 1388">
    <p class='ocr_par' dir='ltr' id='par_1_14' title="bbox 407 1315 1993 1388">
     <span class='ocr_line' id='line_1_14' title="bbox 407 1315 1993 1388; baseline -0.001 -16"><span class='ocrx_word' id='word_1_86' title='bbox 407 1332 532 1372; x_wconf 92' lang='lat' dir='ltr'><strong>eum</strong></span> <span class='ocrx_word' id='word_1_87' title='bbox 559 1317 871 1388; x_wconf 88' lang='lat' dir='ltr'><strong>impendere</strong></span> <span class='ocrx_word' id='word_1_88' title='bbox 900 1331 1061 1388; x_wconf 88' lang='lat' dir='ltr'><strong>posse</strong></span> <span class='ocrx_word' id='word_1_89' title='bbox 1082 1315 1405 1386; x_wconf 87' lang='lat' dir='ltr'><strong>iudicamus.</strong></span> <span class='ocrx_word' id='word_1_90' title='bbox 1435 1316 1578 1372; x_wconf 80' lang='lat' dir='ltr'><strong>Aves</strong></span> <span class='ocrx_word' id='word_1_91' title='bbox 1597 1316 1726 1387; x_wconf 65' lang='lat' dir='ltr'><strong>ipsae</strong></span> <span class='ocrx_word' id='word_1_92' title='bbox 1749 1330 1848 1386; x_wconf 90' lang='lat' dir='ltr'><strong>per</strong></span> <span class='ocrx_word' id='word_1_93' title='bbox 1866 1331 1993 1370; x_wconf 86' lang='lat' dir='ltr'><strong>aera</strong></span> 
     </span>
    </p>
   </div>
   <div class='ocr_carea' id='block_1_15' title="bbox 408 1408 1995 1482">
    <p class='ocr_par' dir='ltr' id='par_1_15' title="bbox 408 1408 1995 1482">
     <span class='ocr_line' id='line_1_15' title="bbox 408 1408 1995 1482; baseline 0.002 -19"><span class='ocrx_word' id='word_1_94' title='bbox 408 1417 666 1478; x_wconf 75' lang='lat' dir='ltr'><strong>vagantes</strong></span> <span class='ocrx_word' id='word_1_95' title='bbox 707 1409 959 1482; x_wconf 89' lang='lat' dir='ltr'><strong>proprios</strong></span> <span class='ocrx_word' id='word_1_96' title='bbox 1008 1408 1163 1467; x_wconf 84' lang='lat' dir='ltr'><strong>nidos</strong></span> <span class='ocrx_word' id='word_1_97' title='bbox 1203 1417 1415 1478; x_wconf 89' lang='lat' dir='ltr'><strong>amant;</strong></span> <span class='ocrx_word' id='word_1_98' title='bbox 1457 1409 1704 1467; x_wconf 86' lang='lat' dir='ltr'><strong>erratiles</strong></span> <span class='ocrx_word' id='word_1_99' title='bbox 1752 1408 1881 1466; x_wconf 74' lang='lat' dir='ltr'><strong>ferte</strong></span> <span class='ocrx_word' id='word_1_100' title='bbox 1925 1410 1995 1466; x_wconf 88' lang='lat' dir='ltr'><strong>ad</strong></span> 
     </span>
    </p>
   </div>
   <div class='ocr_carea' id='block_1_16' title="bbox 407 1501 1995 1574">
    <p class='ocr_par' dir='ltr' id='par_1_16' title="bbox 407 1501 1995 1574">
     <span class='ocr_line' id='line_1_16' title="bbox 407 1501 1995 1574; baseline 0.001 -16"><span class='ocrx_word' id='word_1_101' title='bbox 407 1502 605 1558; x_wconf 88' lang='lat' dir='ltr'><strong>cubilia</strong></span> <span class='ocrx_word' id='word_1_102' title='bbox 635 1502 860 1558; x_wconf 90' lang='lat' dir='ltr'><strong>dumosa</strong></span> <span class='ocrx_word' id='word_1_103' title='bbox 889 1502 1175 1570; x_wconf 85' lang='lat' dir='ltr'><strong>festinant;</strong></span> <span class='ocrx_word' id='word_1_104' title='bbox 1206 1501 1516 1573; x_wconf 90' lang='lat' dir='ltr'><strong>voluptuosi</strong></span> <span class='ocrx_word' id='word_1_105' title='bbox 1556 1504 1735 1573; x_wconf 88' lang='lat' dir='ltr'><strong>pisces</strong></span> <span class='ocrx_word' id='word_1_106' title='bbox 1772 1517 1995 1574; x_wconf 87' lang='lat' dir='ltr'><strong>campos</strong></span> 
     </span>
    </p>
   </div>
   <div class='ocr_carea' id='block_1_17' title="bbox 407 1590 1994 1664">
    <p class='ocr_par' dir='ltr' id='par_1_17' title="bbox 407 1590 1994 1664">
     <span class='ocr_line' id='line_1_17' title="bbox 407 1590 1994 1664; baseline 0.001 -18"><span class='ocrx_word' id='word_1_107' title='bbox 407 1590 640 1664; x_wconf 86' lang='lat' dir='ltr'><strong>liquidos</strong></span> <span class='ocrx_word' id='word_1_108' title='bbox 671 1601 1035 1660; x_wconf 86' lang='lat' dir='ltr'><strong>transeuntes,</strong></span> <span class='ocrx_word' id='word_1_109' title='bbox 1066 1606 1327 1649; x_wconf 83' lang='lat' dir='ltr'><strong>cavernas</strong></span> <span class='ocrx_word' id='word_1_110' title='bbox 1348 1608 1474 1650; x_wconf 91' lang='lat' dir='ltr'><strong>suas</strong></span> <span class='ocrx_word' id='word_1_111' title='bbox 1500 1593 1742 1649; x_wconf 88' lang='lat' dir='ltr'><strong>studiosa</strong></span> <span class='ocrx_word' id='word_1_112' title='bbox 1770 1593 1994 1662; x_wconf 86' lang='lat' dir='ltr'><strong>indaga-</strong></span> 
     </span>
    </p>
   </div>
   <div class='ocr_carea' id='block_1_18' title="bbox 407 1683 1995 1757">
    <p class='ocr_par' dir='ltr' id='par_1_18' title="bbox 407 1683 1995 1757">
     <span class='ocr_line' id='line_1_18' title="bbox 407 1683 1995 1757; baseline -0.001 -18"><span class='ocrx_word' id='word_1_113' title='bbox 407 1683 557 1739; x_wconf 86' lang='lat' dir='ltr'><strong>tione</strong></span> <span class='ocrx_word' id='word_1_114' title='bbox 592 1684 947 1755; x_wconf 83' lang='lat' dir='ltr'><strong>perquirunt;</strong></span> <span class='ocrx_word' id='word_1_115' title='bbox 986 1692 1289 1757; x_wconf 82' lang='lat' dir='ltr'><strong>cunctaque</strong></span> <span class='ocrx_word' id='word_1_116' title='bbox 1324 1684 1577 1741; x_wconf 89' lang='lat' dir='ltr'><strong>animalia</strong></span> <span class='ocrx_word' id='word_1_117' title='bbox 1603 1685 1678 1741; x_wconf 89' lang='lat' dir='ltr'><strong>ibi</strong></span> <span class='ocrx_word' id='word_1_118' title='bbox 1705 1699 1766 1741; x_wconf 94' lang='lat' dir='ltr'><strong>se</strong></span> <span class='ocrx_word' id='word_1_119' title='bbox 1793 1692 1995 1740; x_wconf 90' lang='lat' dir='ltr'><strong>norunt</strong></span> 
     </span>
    </p>
   </div>
   <div class='ocr_carea' id='block_1_19' title="bbox 2165 483 2330 528">
    <p class='ocr_par' dir='ltr' id='par_1_19' title="bbox 2165 483 2330 528">
     <span class='ocr_line' id='line_1_19' title="bbox 2165 483 2330 528; baseline -0.006 0"><span class='ocrx_word' id='word_1_120' title='bbox 2165 483 2330 528; x_wconf 79' lang='lat' dir='ltr'><strong>munt.</strong></span> 
     </span>
    </p>
   </div>
   <div class='ocr_carea' id='block_1_20' title="bbox 2166 581 3649 655">
    <p class='ocr_par' dir='ltr' id='par_1_20' title="bbox 2166 581 3649 655">
     <span class='ocr_line' id='line_1_20' title="bbox 2166 581 3649 655; baseline 0.005 -18"><span class='ocrx_word' id='word_1_121' title='bbox 2166 582 2330 639; x_wconf 87' lang='lat' dir='ltr'><strong>Decet</strong></span> <span class='ocrx_word' id='word_1_122' title='bbox 2348 583 2545 653; x_wconf 86' lang='lat' dir='ltr'><strong>regalis</strong></span> <span class='ocrx_word' id='word_1_123' title='bbox 2572 583 2742 655; x_wconf 89' lang='lat' dir='ltr'><strong>apicis</strong></span> <span class='ocrx_word' id='word_1_124' title='bbox 2770 598 2973 650; x_wconf 89' lang='lat' dir='ltr'><strong>curam,</strong></span> <span class='ocrx_word' id='word_1_125' title='bbox 3004 581 3366 652; x_wconf 84' lang='lat' dir='ltr'><strong>generalitatis</strong></span> <span class='ocrx_word' id='word_1_126' title='bbox 3400 587 3649 646; x_wconf 86' lang='lat' dir='ltr'><strong>custodire</strong></span> 
     </span>
    </p>
   </div>
   <div class='ocr_carea' id='block_1_21' title="bbox 2095 675 3649 746">
    <p class='ocr_par' dir='ltr' id='par_1_21' title="bbox 2095 675 3649 746">
     <span class='ocr_line' id='line_1_21' title="bbox 2095 675 3649 746; baseline 0.003 -16"><span class='ocrx_word' id='word_1_127' title='bbox 2095 675 2442 730; x_wconf 88' lang='lat' dir='ltr'><strong>concordiam</strong></span> <span class='ocrx_word' id='word_1_128' title='bbox 2466 693 2479 729; x_wconf 93' lang='lat'>:</span> <span class='ocrx_word' id='word_1_129' title='bbox 2513 676 2769 746; x_wconf 90' lang='lat' dir='ltr'><strong>quoniam</strong></span> <span class='ocrx_word' id='word_1_130' title='bbox 2792 675 2859 731; x_wconf 90' lang='lat' dir='ltr'><strong>ad</strong></span> <span class='ocrx_word' id='word_1_131' title='bbox 2886 676 3103 732; x_wconf 91' lang='lat' dir='ltr'><strong>laudem</strong></span> <span class='ocrx_word' id='word_1_132' title='bbox 3126 676 3394 745; x_wconf 82' lang='lat' dir='ltr'><strong>regnantis</strong></span> <span class='ocrx_word' id='word_1_133' title='bbox 3421 679 3649 746; x_wconf 89' lang='lat' dir='ltr'><strong>trahitur,</strong></span> 
     </span>
    </p>
   </div>
   <div class='ocr_carea' id='block_1_22' title="bbox 2095 765 3652 837">
    <p class='ocr_par' dir='ltr' id='par_1_22' title="bbox 2095 765 3652 837">
     <span class='ocr_line' id='line_1_22' title="bbox 2095 765 3652 837; baseline 0.004 -18"><span class='ocrx_word' id='word_1_134' title='bbox 2095 766 2140 820; x_wconf 92' lang='lat' dir='ltr'><strong>si</strong></span> <span class='ocrx_word' id='word_1_135' title='bbox 2170 765 2238 819; x_wconf 89' lang='lat' dir='ltr'><strong>ab</strong></span> <span class='ocrx_word' id='word_1_136' title='bbox 2269 766 2517 822; x_wconf 89' lang='lat' dir='ltr'><strong>omnibus</strong></span> <span class='ocrx_word' id='word_1_137' title='bbox 2544 782 2651 837; x_wconf 79' lang='lat' dir='ltr'><strong>pax</strong></span> <span class='ocrx_word' id='word_1_138' title='bbox 2680 774 2909 822; x_wconf 86' lang='lat' dir='ltr'><strong>ametur.</strong></span> <span class='ocrx_word' id='word_1_139' title='bbox 2944 765 3082 833; x_wconf 84' lang='lat' dir='ltr'><strong>Quid</strong></span> <span class='ocrx_word' id='word_1_140' title='bbox 3113 773 3197 821; x_wconf 88' lang='lat' dir='ltr'><strong>est</strong></span> <span class='ocrx_word' id='word_1_141' title='bbox 3233 766 3375 822; x_wconf 88' lang='lat' dir='ltr'><strong>enim</strong></span> <span class='ocrx_word' id='word_1_142' title='bbox 3401 767 3537 836; x_wconf 86' lang='lat' dir='ltr'><strong>quod</strong></span> <span class='ocrx_word' id='word_1_143' title='bbox 3563 784 3652 825; x_wconf 87' lang='lat' dir='ltr'><strong>nos</strong></span> 
     </span>
    </p>
   </div>
   <div class='ocr_carea' id='block_1_23' title="bbox 2096 857 3657 929">
    <p class='ocr_par' dir='ltr' id='par_1_23' title="bbox 2096 857 3657 929">
     <span class='ocr_line' id='line_1_23' title="bbox 2096 857 3657 929; baseline 0.003 -19"><span class='ocrx_word' id='word_1_144' title='bbox 2096 857 2289 911; x_wconf 90' lang='lat' dir='ltr'><strong>melius</strong></span> <span class='ocrx_word' id='word_1_145' title='bbox 2311 857 2563 927; x_wconf 79' lang='lat' dir='ltr'><strong>prtedicet</strong></span> <span class='ocrx_word' id='word_1_146' title='bbox 2581 896 2597 924; x_wconf 97' lang='lat'><strong>,</strong></span> <span class='ocrx_word' id='word_1_147' title='bbox 2618 872 2781 928; x_wconf 90' lang='lat' dir='ltr'><strong>quam</strong></span> <span class='ocrx_word' id='word_1_148' title='bbox 2806 858 3020 929; x_wconf 90' lang='lat' dir='ltr'><strong>quietus</strong></span> <span class='ocrx_word' id='word_1_149' title='bbox 3047 857 3297 928; x_wconf 90' lang='lat' dir='ltr'><strong>populus,</strong></span> <span class='ocrx_word' id='word_1_150' title='bbox 3338 872 3559 915; x_wconf 86' lang='lat' dir='ltr'><strong>concors</strong></span> <span class='ocrx_word' id='word_1_151' title='bbox 3579 874 3657 915; x_wconf 84' lang='lat' dir='ltr'><strong>se-</strong></span> 
     </span>
    </p>
   </div>
   <div class='ocr_carea' id='block_1_24' title="bbox 2096 948 3658 1018">
    <p class='ocr_par' dir='ltr' id='par_1_24' title="bbox 2096 948 3658 1018">
     <span class='ocr_line' id='line_1_24' title="bbox 2096 948 3658 1018; baseline 0.004 -18"><span class='ocrx_word' id='word_1_152' title='bbox 2096 955 2282 1013; x_wconf 90' lang='lat' dir='ltr'><strong>natus,</strong></span> <span class='ocrx_word' id='word_1_153' title='bbox 2312 955 2533 1016; x_wconf 87' lang='lat' dir='ltr'><strong>totaque</strong></span> <span class='ocrx_word' id='word_1_154' title='bbox 2562 948 2779 1018; x_wconf 89' lang='lat' dir='ltr'><strong>respub.</strong></span> <span class='ocrx_word' id='word_1_155' title='bbox 2811 963 3021 1004; x_wconf 91' lang='lat' dir='ltr'><strong>morum</strong></span> <span class='ocrx_word' id='word_1_156' title='bbox 3050 955 3356 1003; x_wconf 90' lang='lat' dir='ltr'><strong>nostrorum</strong></span> <span class='ocrx_word' id='word_1_157' title='bbox 3392 948 3658 1005; x_wconf 86' lang='lat' dir='ltr'><strong>honestate</strong></span> 
     </span>
    </p>
   </div>
   <div class='ocr_carea' id='block_1_25' title="bbox 2097 1026 3661 1115">
    <p class='ocr_par' dir='ltr' id='par_1_25' title="bbox 2097 1026 3661 1115">
     <span class='ocr_line' id='line_1_25' title="bbox 2097 1026 3661 1115; baseline 0.004 -20"><span class='ocrx_word' id='word_1_158' title='bbox 2097 1042 2329 1096; x_wconf 79' lang='lat' dir='ltr'><strong>vestita?</strong></span> <span class='ocrx_word' id='word_1_159' title='bbox 2383 1042 2520 1098; x_wconf 83' lang='lat' dir='ltr'><strong>Hinc</strong></span> <span class='ocrx_word' id='word_1_160' title='bbox 2546 1052 2631 1099; x_wconf 88' lang='lat' dir='ltr'><strong>est</strong></span> <span class='ocrx_word' id='word_1_161' title='bbox 2671 1044 2814 1115; x_wconf 88' lang='lat' dir='ltr'><strong>quod</strong></span> <span class='ocrx_word' id='word_1_162' title='bbox 2859 1026 3112 1115; x_wconf 70' lang='lat' dir='ltr'><strong>praesenti</strong></span> <span class='ocrx_word' id='word_1_163' title='bbox 3154 1045 3395 1114; x_wconf 89' lang='lat' dir='ltr'><strong>iussione</strong></span> <span class='ocrx_word' id='word_1_164' title='bbox 3433 1045 3661 1102; x_wconf 87' lang='lat' dir='ltr'><strong>decerni-</strong></span> 
     </span>
    </p>
   </div>
   <div class='ocr_carea' id='block_1_26' title="bbox 2096 1132 3661 1208">
    <p class='ocr_par' dir='ltr' id='par_1_26' title="bbox 2096 1132 3661 1208">
     <span class='ocr_line' id='line_1_26' title="bbox 2096 1132 3661 1208; baseline 0.006 -22"><span class='ocrx_word' id='word_1_165' title='bbox 2096 1146 2218 1186; x_wconf 90' lang='lat' dir='ltr'><strong>mus</strong></span> <span class='ocrx_word' id='word_1_166' title='bbox 2265 1140 2325 1187; x_wconf 93' lang='lat' dir='ltr'><strong>ut</strong></span> <span class='ocrx_word' id='word_1_167' title='bbox 2368 1132 2639 1203; x_wconf 79' lang='lat' dir='ltr'><strong>magniﬁci</strong></span> <span class='ocrx_word' id='word_1_168' title='bbox 2678 1134 2782 1190; x_wconf 89' lang='lat' dir='ltr'><strong>viri</strong></span> <span class='ocrx_word' id='word_1_169' title='bbox 2825 1146 2990 1206; x_wconf 89' lang='lat' dir='ltr'><strong>atque</strong></span> <span class='ocrx_word' id='word_1_170' title='bbox 3030 1137 3241 1206; x_wconf 89' lang='lat' dir='ltr'><strong>patricii</strong></span> <span class='ocrx_word' id='word_1_171' title='bbox 3284 1135 3473 1194; x_wconf 84' lang='lat' dir='ltr'><strong>Festus</strong></span> <span class='ocrx_word' id='word_1_172' title='bbox 3510 1147 3661 1208; x_wconf 82' lang='lat' dir='ltr'><strong>atque</strong></span> 
     </span>
    </p>
   </div>
   <div class='ocr_carea' id='block_1_27' title="bbox 2098 1222 3664 1301">
    <p class='ocr_par' dir='ltr' id='par_1_27' title="bbox 2098 1222 3664 1301">
     <span class='ocr_line' id='line_1_27' title="bbox 2098 1222 3664 1301; baseline 0.006 -23"><span class='ocrx_word' id='word_1_173' title='bbox 2098 1222 2473 1295; x_wconf 85' lang='lat' dir='ltr'><strong>Symmachus,</strong></span> <span class='ocrx_word' id='word_1_174' title='bbox 2506 1236 2698 1283; x_wconf 90' lang='lat' dir='ltr'><strong>contra</strong></span> <span class='ocrx_word' id='word_1_175' title='bbox 2727 1228 2992 1284; x_wconf 85' lang='lat' dir='ltr'><strong>illustrem</strong></span> <span class='ocrx_word' id='word_1_176' title='bbox 3013 1236 3067 1285; x_wconf 89' lang='lat' dir='ltr'><strong>et</strong></span> <span class='ocrx_word' id='word_1_177' title='bbox 3086 1229 3372 1301; x_wconf 90' lang='lat' dir='ltr'><strong>patricium</strong></span> <span class='ocrx_word' id='word_1_178' title='bbox 3398 1229 3664 1288; x_wconf 86' lang='lat' dir='ltr'><strong>Paulinum</strong></span> 
     </span>
    </p>
   </div>
   <div class='ocr_carea' id='block_1_28' title="bbox 2097 1316 3665 1392">
    <p class='ocr_par' dir='ltr' id='par_1_28' title="bbox 2097 1316 3665 1392">
     <span class='ocr_line' id='line_1_28' title="bbox 2097 1316 3665 1392; baseline 0.005 -20"><span class='ocrx_word' id='word_1_179' title='bbox 2097 1318 2150 1372; x_wconf 92' lang='lat' dir='ltr'><strong>in</strong></span> <span class='ocrx_word' id='word_1_180' title='bbox 2191 1316 2395 1387; x_wconf 88' lang='lat' dir='ltr'><strong>judicio</strong></span> <span class='ocrx_word' id='word_1_181' title='bbox 2439 1327 2656 1390; x_wconf 89' lang='lat' dir='ltr'><strong>vestro,</strong></span> <span class='ocrx_word' id='word_1_182' title='bbox 2697 1336 2832 1392; x_wconf 90' lang='lat' dir='ltr'><strong>quas</strong></span> <span class='ocrx_word' id='word_1_183' title='bbox 2876 1336 2937 1378; x_wconf 91' lang='lat' dir='ltr'><strong>se</strong></span> <span class='ocrx_word' id='word_1_184' title='bbox 2982 1322 3183 1378; x_wconf 88' lang='lat' dir='ltr'><strong>habere</strong></span> <span class='ocrx_word' id='word_1_185' title='bbox 3226 1321 3414 1379; x_wconf 89' lang='lat' dir='ltr'><strong>dicunt</strong></span> <span class='ocrx_word' id='word_1_186' title='bbox 3454 1333 3665 1380; x_wconf 76' lang='lat' dir='ltr'><strong>exorant</strong></span> 
     </span>
    </p>
   </div>
   <div class='ocr_carea' id='block_1_29' title="bbox 2096 1409 3667 1483">
    <p class='ocr_par' dir='ltr' id='par_1_29' title="bbox 2096 1409 3667 1483">
     <span class='ocr_line' id='line_1_29' title="bbox 2096 1409 3667 1483; baseline 0.005 -20"><span class='ocrx_word' id='word_1_187' title='bbox 2096 1409 2359 1466; x_wconf 87' lang='lat' dir='ltr'><strong>actiones.</strong></span> <span class='ocrx_word' id='word_1_188' title='bbox 2390 1409 2598 1478; x_wconf 83' lang='lat' dir='ltr'><strong>Quibus</strong></span> <span class='ocrx_word' id='word_1_189' title='bbox 2634 1426 2736 1483; x_wconf 89' lang='lat' dir='ltr'><strong>pro</strong></span> <span class='ocrx_word' id='word_1_190' title='bbox 2760 1411 2939 1481; x_wconf 86' lang='lat' dir='ltr'><strong>legum</strong></span> <span class='ocrx_word' id='word_1_191' title='bbox 2981 1412 3194 1468; x_wconf 88' lang='lat' dir='ltr'><strong>ratione</strong></span> <span class='ocrx_word' id='word_1_192' title='bbox 3223 1413 3506 1483; x_wconf 84' lang='lat' dir='ltr'><strong>susceptis,</strong></span> <span class='ocrx_word' id='word_1_193' title='bbox 3526 1421 3598 1481; x_wconf 88' lang='lat' dir='ltr'><strong>et,</strong></span> <span class='ocrx_word' id='word_1_194' title='bbox 3623 1417 3667 1471; x_wconf 92' lang='lat' dir='ltr'><strong>si</strong></span> 
     </span>
    </p>
   </div>
   <div class='ocr_carea' id='block_1_30' title="bbox 2090 1498 3668 1572">
    <p class='ocr_par' dir='ltr' id='par_1_30' title="bbox 2090 1498 3668 1572">
     <span class='ocr_line' id='line_1_30' title="bbox 2090 1498 3668 1572; baseline 0.004 -19"><span class='ocrx_word' id='word_1_195' title='bbox 2090 1498 2229 1569; x_wconf 88' lang='lat' dir='ltr'><strong>juris</strong></span> <span class='ocrx_word' id='word_1_196' title='bbox 2258 1498 2391 1555; x_wconf 88' lang='lat' dir='ltr'><strong>ordo</strong></span> <span class='ocrx_word' id='word_1_197' title='bbox 2420 1500 2640 1569; x_wconf 90' lang='lat' dir='ltr'><strong>patitur,</strong></span> <span class='ocrx_word' id='word_1_198' title='bbox 2672 1499 2938 1569; x_wconf 85' lang='lat' dir='ltr'><strong>deﬁnitis;</strong></span> <span class='ocrx_word' id='word_1_199' title='bbox 2972 1511 3099 1557; x_wconf 89' lang='lat' dir='ltr'><strong>tunc</strong></span> <span class='ocrx_word' id='word_1_200' title='bbox 3124 1503 3387 1572; x_wconf 88' lang='lat' dir='ltr'><strong>patricius</strong></span> <span class='ocrx_word' id='word_1_201' title='bbox 3410 1501 3668 1572; x_wconf 87' lang='lat' dir='ltr'><strong>Paulinus,</strong></span> 
     </span>
    </p>
   </div>
   <div class='ocr_carea' id='block_1_31' title="bbox 2094 1589 3668 1664">
    <p class='ocr_par' dir='ltr' id='par_1_31' title="bbox 2094 1589 3668 1664">
     <span class='ocr_line' id='line_1_31' title="bbox 2094 1589 3668 1664; baseline 0.003 -19"><span class='ocrx_word' id='word_1_202' title='bbox 2094 1589 2353 1660; x_wconf 89' lang='lat' dir='ltr'><strong>quidquid</strong></span> <span class='ocrx_word' id='word_1_203' title='bbox 2380 1590 2668 1647; x_wconf 90' lang='lat' dir='ltr'><strong>adversum</strong></span> <span class='ocrx_word' id='word_1_204' title='bbox 2697 1608 2859 1664; x_wconf 89' lang='lat' dir='ltr'><strong>supra</strong></span> <span class='ocrx_word' id='word_1_205' title='bbox 2888 1600 3221 1650; x_wconf 88' lang='lat' dir='ltr'><strong>memoratos</strong></span> <span class='ocrx_word' id='word_1_206' title='bbox 3263 1594 3570 1664; x_wconf 77' lang='lat' dir='ltr'><strong>magniﬁcos</strong></span> <span class='ocrx_word' id='word_1_207' title='bbox 3593 1596 3668 1649; x_wconf 81' lang='lat' dir='ltr'><strong>vi-</strong></span> 
     </span>
    </p>
   </div>
   <div class='ocr_carea' id='block_1_32' title="bbox 2094 1683 3671 1756">
    <p class='ocr_par' dir='ltr' id='par_1_32' title="bbox 2094 1683 3671 1756">
     <span class='ocr_line' id='line_1_32' title="bbox 2094 1683 3671 1756; baseline 0.002 -17"><span class='ocrx_word' id='word_1_208' title='bbox 2094 1699 2188 1739; x_wconf 88' lang='lat' dir='ltr'><strong>ros</strong></span> <span class='ocrx_word' id='word_1_209' title='bbox 2215 1698 2276 1739; x_wconf 89' lang='lat' dir='ltr'><strong>se</strong></span> <span class='ocrx_word' id='word_1_210' title='bbox 2315 1683 2516 1740; x_wconf 87' lang='lat' dir='ltr'><strong>habere</strong></span> <span class='ocrx_word' id='word_1_211' title='bbox 2554 1692 2829 1751; x_wconf 88' lang='lat' dir='ltr'><strong>causatur,</strong></span> <span class='ocrx_word' id='word_1_212' title='bbox 2875 1686 2993 1756; x_wconf 88' lang='lat' dir='ltr'><strong>pari</strong></span> <span class='ocrx_word' id='word_1_213' title='bbox 3039 1694 3189 1741; x_wconf 89' lang='lat' dir='ltr'><strong>sorte</strong></span> <span class='ocrx_word' id='word_1_214' title='bbox 3235 1684 3537 1756; x_wconf 84' lang='lat' dir='ltr'><strong>depromat.</strong></span> <span class='ocrx_word' id='word_1_215' title='bbox 3573 1684 3671 1743; x_wconf 69' lang='lat' dir='ltr'><strong>Nec</strong></span> 
     </span>
    </p>
   </div>
   <div class='ocr_carea' id='block_1_33' title="bbox 408 1773 3673 1849">
    <p class='ocr_par' dir='ltr' id='par_1_33' title="bbox 408 1773 3673 1849">
     <span class='ocr_line' id='line_1_33' title="bbox 408 1773 3673 1849; baseline 0 -19"><span class='ocrx_word' id='word_1_216' title='bbox 408 1774 669 1846; x_wconf 85' lang='lat' dir='ltr'><strong>refugere,</strong></span> <span class='ocrx_word' id='word_1_217' title='bbox 718 1776 810 1832; x_wconf 90' lang='lat' dir='ltr'><strong>ubi</strong></span> <span class='ocrx_word' id='word_1_218' title='bbox 860 1776 1172 1847; x_wconf 82' lang='lat' dir='ltr'><strong>longissima</strong></span> <span class='ocrx_word' id='word_1_219' title='bbox 1223 1776 1452 1849; x_wconf 89' lang='lat' dir='ltr'><strong>cupiunt</strong></span> <span class='ocrx_word' id='word_1_220' title='bbox 1503 1783 1667 1832; x_wconf 77' lang='lat' dir='ltr'><strong>aetate</strong></span> <span class='ocrx_word' id='word_1_221' title='bbox 1717 1784 1991 1833; x_wconf 88' lang='lat' dir='ltr'><strong>constare.</strong></span> <span class='ocrx_word' id='word_1_222' title='bbox 2026 1782 2072 1843; x_wconf 82' lang='grc' dir='ltr'><strong>Β</strong></span> <span class='ocrx_word' id='word_1_223' title='bbox 2097 1773 2305 1829; x_wconf 90' lang='lat' dir='ltr'><strong>tardari</strong></span> <span class='ocrx_word' id='word_1_224' title='bbox 2343 1775 2590 1831; x_wconf 87' lang='lat' dir='ltr'><strong>volumus</strong></span> <span class='ocrx_word' id='word_1_225' title='bbox 2630 1775 2838 1845; x_wconf 83' lang='lat' dir='ltr'><strong>ineius</strong></span> <span class='ocrx_word' id='word_1_226' title='bbox 2880 1791 3096 1847; x_wconf 91' lang='lat' dir='ltr'><strong>quoque</strong></span> <span class='ocrx_word' id='word_1_227' title='bbox 3142 1784 3304 1846; x_wconf 89' lang='lat' dir='ltr'><strong>parte</strong></span> <span class='ocrx_word' id='word_1_228' title='bbox 3338 1776 3673 1843; x_wconf 82' lang='lat' dir='ltr'><strong>sententiam,</strong></span> 
     </span>
    </p>
   </div>
   <div class='ocr_carea' id='block_1_34' title="bbox 408 1863 1993 1939">
    <p class='ocr_par' dir='ltr' id='par_1_34' title="bbox 408 1863 1993 1939">
     <span class='ocr_line' id='line_1_34' title="bbox 408 1863 1993 1939; baseline 0.002 -18"><span class='ocrx_word' id='word_1_229' title='bbox 408 1863 546 1933; x_wconf 84' lang='lat' dir='ltr'><strong>Quid</strong></span> <span class='ocrx_word' id='word_1_230' title='bbox 570 1865 681 1935; x_wconf 87' lang='lat' dir='ltr'><strong>iam</strong></span> <span class='ocrx_word' id='word_1_231' title='bbox 702 1867 770 1922; x_wconf 92' lang='lat' dir='ltr'><strong>de</strong></span> <span class='ocrx_word' id='word_1_232' title='bbox 800 1865 972 1923; x_wconf 84' lang='lat' dir='ltr'><strong>Roma</strong></span> <span class='ocrx_word' id='word_1_233' title='bbox 998 1867 1289 1924; x_wconf 86' lang='lat' dir='ltr'><strong>debeamus</strong></span> <span class='ocrx_word' id='word_1_234' title='bbox 1317 1868 1519 1934; x_wconf 90' lang='lat' dir='ltr'><strong>dicere,</strong></span> <span class='ocrx_word' id='word_1_235' title='bbox 1540 1881 1700 1939; x_wconf 89' lang='lat' dir='ltr'><strong>quam</strong></span> <span class='ocrx_word' id='word_1_236' title='bbox 1722 1867 1801 1924; x_wconf 91' lang='lat' dir='ltr'><strong>fas</strong></span> <span class='ocrx_word' id='word_1_237' title='bbox 1822 1874 1905 1924; x_wconf 91' lang='lat' dir='ltr'><strong>est</strong></span> <span class='ocrx_word' id='word_1_238' title='bbox 1924 1868 1993 1924; x_wconf 87' lang='lat' dir='ltr'><strong>ab</strong></span> 
     </span>
    </p>
   </div>
   <div class='ocr_carea' id='block_1_35' title="bbox 409 1957 1130 2033">
    <p class='ocr_par' dir='ltr' id='par_1_35' title="bbox 409 1957 1130 2033">
     <span class='ocr_line' id='line_1_35' title="bbox 409 1957 1130 2033; baseline 0.008 -22"><span class='ocrx_word' id='word_1_239' title='bbox 409 1957 539 2029; x_wconf 84' lang='lat' dir='ltr'><strong>ipsis</strong></span> <span class='ocrx_word' id='word_1_240' title='bbox 562 1958 748 2015; x_wconf 89' lang='lat' dir='ltr'><strong>liberis</strong></span> <span class='ocrx_word' id='word_1_241' title='bbox 775 1960 895 2033; x_wconf 87' lang='lat' dir='ltr'><strong>plus</strong></span> <span class='ocrx_word' id='word_1_242' title='bbox 923 1960 1130 2017; x_wconf 79' lang='lat' dir='ltr'><strong>amari?</strong></span> 
     </span>
    </p>
   </div>
   <div class='ocr_carea' id='block_1_36' title="bbox 932 2106 1463 2170">
    <p class='ocr_par' dir='ltr' id='par_1_36' title="bbox 932 2106 1463 2170">
     <span class='ocr_line' id='line_1_36' title="bbox 932 2106 1463 2170; baseline 0.002 -3"><span class='ocrx_word' id='word_1_243' title='bbox 932 2110 1266 2170; x_wconf 79' lang='lat' dir='ltr'><strong>EPISTOLA</strong></span> <span class='ocrx_word' id='word_1_244' title='bbox 1299 2106 1463 2168; x_wconf 78' lang='lat' dir='ltr'><strong>XXII.</strong></span> 
     </span>
    </p>
   </div>
   <div class='ocr_carea' id='block_1_37' title="bbox 416 2239 1993 2285">
    <p class='ocr_par' dir='ltr' id='par_1_37' title="bbox 416 2239 1993 2285">
     <span class='ocr_line' id='line_1_37' title="bbox 416 2239 1993 2285; baseline 0.001 -3"><span class='ocrx_word' id='word_1_245' title='bbox 416 2239 696 2282; x_wconf 69' lang='grc' dir='ltr'><strong><em>ωιαειιο</em></strong></span> <span class='ocrx_word' id='word_1_246' title='bbox 741 2240 866 2283; x_wconf 73' lang='grc' dir='ltr'><strong><em>νιιιο</em></strong></span> <span class='ocrx_word' id='word_1_247' title='bbox 903 2241 1165 2284; x_wconf 69' lang='lat' dir='ltr'><strong>SBMTOBI</strong></span> <span class='ocrx_word' id='word_1_248' title='bbox 1203 2240 1485 2282; x_wconf 73' lang='lat' dir='ltr'><strong>ADVOCA&#39;I‘O</strong></span> <span class='ocrx_word' id='word_1_249' title='bbox 1521 2241 1654 2284; x_wconf 73' lang='lat' dir='ltr'><strong>FISCI</strong></span> <span class='ocrx_word' id='word_1_250' title='bbox 1689 2242 1993 2285; x_wconf 76' lang='grc' dir='ltr'><strong><em>τιιεοιιοιιι-</em></strong></span> 
     </span>
    </p>
   </div>
   <div class='ocr_carea' id='block_1_38' title="bbox 482 2312 1908 2460">
    <p class='ocr_par' dir='ltr' id='par_1_38' title="bbox 482 2312 1908 2460">
     <span class='ocr_line' id='line_1_38' title="bbox 1080 2312 1336 2353; baseline -0.008 0"><span class='ocrx_word' id='word_1_251' title='bbox 1080 2312 1176 2353; x_wconf 86' lang='lat' dir='ltr'><strong>cus</strong></span> <span class='ocrx_word' id='word_1_252' title='bbox 1211 2312 1336 2352; x_wconf 79' lang='lat' dir='ltr'><strong>nsx.</strong></span> 
     </span>
     <span class='ocr_line' id='line_1_39' title="bbox 482 2386 1908 2460; baseline 0 -17"><span class='ocrx_word' id='word_1_253' title='bbox 482 2386 641 2444; x_wconf 80' lang='lat' dir='ltr'><strong>Illum</strong></span> <span class='ocrx_word' id='word_1_254' title='bbox 667 2403 734 2444; x_wconf 75' lang='lat' dir='ltr'><strong>ea:</strong></span> <span class='ocrx_word' id='word_1_255' title='bbox 761 2387 1014 2445; x_wconf 76' lang='lat' dir='ltr'><strong>aduocato</strong></span> <span class='ocrx_word' id='word_1_256' title='bbox 1042 2389 1243 2460; x_wconf 80' lang='lat' dir='ltr'><strong>privato</strong></span> <span class='ocrx_word' id='word_1_257' title='bbox 1270 2395 1411 2443; x_wconf 81' lang='lat' dir='ltr'><strong>creat</strong></span> <span class='ocrx_word' id='word_1_258' title='bbox 1440 2396 1746 2444; x_wconf 83' lang='lat' dir='ltr'><strong>aovocatum</strong></span> <span class='ocrx_word' id='word_1_259' title='bbox 1771 2388 1908 2459; x_wconf 70' lang='lat' dir='ltr'><strong>fisci.</strong></span> 
     </span>
    </p>
   </div>
   <div class='ocr_carea' id='block_1_39' title="bbox 479 2494 1997 2567">
    <p class='ocr_par' dir='ltr' id='par_1_39' title="bbox 479 2494 1997 2567">
     <span class='ocr_line' id='line_1_40' title="bbox 479 2494 1997 2567; baseline -0.001 -15"><span class='ocrx_word' id='word_1_260' title='bbox 479 2494 661 2552; x_wconf 88' lang='lat' dir='ltr'><strong>Solida</strong></span> <span class='ocrx_word' id='word_1_261' title='bbox 712 2494 828 2553; x_wconf 91' lang='lat' dir='ltr'><strong>laus</strong></span> <span class='ocrx_word' id='word_1_262' title='bbox 865 2505 951 2552; x_wconf 88' lang='lat' dir='ltr'><strong>est</strong></span> <span class='ocrx_word' id='word_1_263' title='bbox 994 2497 1156 2565; x_wconf 71' lang='lat' dir='ltr'><strong>regite</strong></span> <span class='ocrx_word' id='word_1_264' title='bbox 1202 2496 1488 2565; x_wconf 86' lang='lat' dir='ltr'><strong>largitatis,</strong></span> <span class='ocrx_word' id='word_1_265' title='bbox 1530 2496 1745 2567; x_wconf 79' lang='lat' dir='ltr'><strong>quoties</strong></span> <span class='ocrx_word' id='word_1_266' title='bbox 1793 2511 1997 2553; x_wconf 85' lang='lat' dir='ltr'><strong>conve-</strong></span> 
     </span>
    </p>
   </div>
   <div class='ocr_carea' id='block_1_40' title="bbox 409 2583 1995 2654">
    <p class='ocr_par' dir='ltr' id='par_1_40' title="bbox 409 2583 1995 2654">
     <span class='ocr_line' id='line_1_41' title="bbox 409 2583 1995 2654; baseline 0.001 -15"><span class='ocrx_word' id='word_1_267' title='bbox 409 2587 564 2639; x_wconf 88' lang='lat' dir='ltr'><strong>niunt</strong></span> <span class='ocrx_word' id='word_1_268' title='bbox 594 2583 799 2639; x_wconf 87' lang='lat' dir='ltr'><strong>indulta</strong></span> <span class='ocrx_word' id='word_1_269' title='bbox 827 2583 1079 2654; x_wconf 89' lang='lat' dir='ltr'><strong>iudiciis;</strong></span> <span class='ocrx_word' id='word_1_270' title='bbox 1118 2598 1223 2641; x_wconf 88' lang='lat' dir='ltr'><strong>nec</strong></span> <span class='ocrx_word' id='word_1_271' title='bbox 1268 2585 1370 2640; x_wconf 87' lang='lat' dir='ltr'><strong>sibi</strong></span> <span class='ocrx_word' id='word_1_272' title='bbox 1416 2585 1581 2641; x_wconf 89' lang='lat' dir='ltr'><strong>audet</strong></span> <span class='ocrx_word' id='word_1_273' title='bbox 1624 2599 1781 2642; x_wconf 89' lang='lat' dir='ltr'><strong>casus</strong></span> <span class='ocrx_word' id='word_1_274' title='bbox 1809 2586 1995 2642; x_wconf 55' lang='lat' dir='ltr'><strong>~ascri-</strong></span> 
     </span>
    </p>
   </div>
   <div class='ocr_carea' id='block_1_41' title="bbox 411 2672 1993 2747">
    <p class='ocr_par' dir='ltr' id='par_1_41' title="bbox 411 2672 1993 2747">
     <span class='ocr_line' id='line_1_42' title="bbox 411 2672 1993 2747; baseline 0.001 -16"><span class='ocrx_word' id='word_1_275' title='bbox 411 2677 560 2739; x_wconf 85' lang='lat' dir='ltr'><strong>bere,</strong></span> <span class='ocrx_word' id='word_1_276' title='bbox 589 2676 735 2744; x_wconf 90' lang='lat' dir='ltr'><strong>quod</strong></span> <span class='ocrx_word' id='word_1_277' title='bbox 768 2675 927 2730; x_wconf 72' lang='lat' dir='ltr'><strong>bona:</strong></span> <span class='ocrx_word' id='word_1_278' title='bbox 961 2674 1334 2745; x_wconf 63' lang='lat' dir='ltr'><strong>dbpositionis</strong></span> <span class='ocrx_word' id='word_1_279' title='bbox 1366 2672 1525 2730; x_wconf 81' lang='lat' dir='ltr'><strong>librat</strong></span> <span class='ocrx_word' id='word_1_280' title='bbox 1559 2690 1788 2732; x_wconf 80' lang='lat' dir='ltr'><strong>examen</strong></span> <span class='ocrx_word' id='word_1_281' title='bbox 1822 2693 1836 2730; x_wconf 89' lang='lat'><strong>:</strong></span> <span class='ocrx_word' id='word_1_282' title='bbox 1867 2677 1993 2747; x_wconf 89' lang='lat' dir='ltr'><strong>quia</strong></span> 
     </span>
    </p>
   </div>
   <div class='ocr_carea' id='block_1_42' title="bbox 412 2766 1994 2838">
    <p class='ocr_par' dir='ltr' id='par_1_42' title="bbox 412 2766 1994 2838">
     <span class='ocr_line' id='line_1_43' title="bbox 412 2766 1994 2838; baseline 0.002 -16"><span class='ocrx_word' id='word_1_283' title='bbox 412 2770 499 2824; x_wconf 84' lang='lat' dir='ltr'><strong>ubi</strong></span> <span class='ocrx_word' id='word_1_284' title='bbox 522 2776 776 2838; x_wconf 88' lang='lat' dir='ltr'><strong>aptantur</strong></span> <span class='ocrx_word' id='word_1_285' title='bbox 800 2766 979 2824; x_wconf 76' lang='lat' dir='ltr'><strong>ofﬁcia</strong></span> <span class='ocrx_word' id='word_1_286' title='bbox 1006 2767 1232 2832; x_wconf 85' lang='lat' dir='ltr'><strong>mentis,</strong></span> <span class='ocrx_word' id='word_1_287' title='bbox 1256 2768 1332 2823; x_wconf 92' lang='lat' dir='ltr'><strong>nil</strong></span> <span class='ocrx_word' id='word_1_288' title='bbox 1358 2766 1586 2824; x_wconf 87' lang='lat' dir='ltr'><strong>debetur</strong></span> <span class='ocrx_word' id='word_1_289' title='bbox 1612 2769 1852 2824; x_wconf 88' lang='lat' dir='ltr'><strong>incertis.</strong></span> <span class='ocrx_word' id='word_1_290' title='bbox 1874 2768 1994 2826; x_wconf 85' lang='lat' dir='ltr'><strong>Non</strong></span> 
     </span>
    </p>
   </div>
   <div class='ocr_carea' id='block_1_43' title="bbox 411 2861 1991 2934">
    <p class='ocr_par' dir='ltr' id='par_1_43' title="bbox 411 2861 1991 2934">
     <span class='ocr_line' id='line_1_44' title="bbox 411 2861 1991 2934; baseline 0 -17"><span class='ocrx_word' id='word_1_291' title='bbox 411 2864 553 2917; x_wconf 85' lang='lat' dir='ltr'><strong>enim</strong></span> <span class='ocrx_word' id='word_1_292' title='bbox 578 2862 646 2918; x_wconf 91' lang='lat' dir='ltr'><strong>de</strong></span> <span class='ocrx_word' id='word_1_293' title='bbox 673 2863 895 2919; x_wconf 87' lang='lat' dir='ltr'><strong>rudibus</strong></span> <span class='ocrx_word' id='word_1_294' title='bbox 922 2862 1248 2920; x_wconf 89' lang='lat' dir='ltr'><strong>sententiam</strong></span> <span class='ocrx_word' id='word_1_295' title='bbox 1272 2861 1524 2930; x_wconf 86' lang='lat' dir='ltr'><strong>ferimus,</strong></span> <span class='ocrx_word' id='word_1_296' title='bbox 1559 2862 1653 2919; x_wconf 90' lang='lat' dir='ltr'><strong>sed</strong></span> <span class='ocrx_word' id='word_1_297' title='bbox 1686 2862 1756 2919; x_wconf 89' lang='lat' dir='ltr'><strong>de</strong></span> <span class='ocrx_word' id='word_1_298' title='bbox 1797 2861 1991 2934; x_wconf 88' lang='lat' dir='ltr'><strong>proba-</strong></span> 
     </span>
    </p>
   </div>
   <div class='ocr_carea' id='block_1_44' title="bbox 410 2952 1994 3024">
    <p class='ocr_par' dir='ltr' id='par_1_44' title="bbox 410 2952 1994 3024">
     <span class='ocr_line' id='line_1_45' title="bbox 410 2952 1994 3024; baseline 0.001 -15"><span class='ocrx_word' id='word_1_299' title='bbox 410 2954 629 3010; x_wconf 87' lang='lat' dir='ltr'><strong>tissimis</strong></span> <span class='ocrx_word' id='word_1_300' title='bbox 674 2953 999 3024; x_wconf 82' lang='lat' dir='ltr'><strong>iudicamus.</strong></span> <span class='ocrx_word' id='word_1_301' title='bbox 1053 2953 1243 3011; x_wconf 88' lang='lat' dir='ltr'><strong>Polisti</strong></span> <span class='ocrx_word' id='word_1_302' title='bbox 1295 2953 1561 3024; x_wconf 89' lang='lat' dir='ltr'><strong>siquidem</strong></span> <span class='ocrx_word' id='word_1_303' title='bbox 1616 2952 1817 3011; x_wconf 88' lang='lat' dir='ltr'><strong>forensi</strong></span> <span class='ocrx_word' id='word_1_304' title='bbox 1869 2962 1994 3010; x_wconf 90' lang='lat' dir='ltr'><strong>cote</strong></span> 
     </span>
    </p>
   </div>
   <div class='ocr_carea' id='block_1_45' title="bbox 410 3044 1993 3116">
    <p class='ocr_par' dir='ltr' id='par_1_45' title="bbox 410 3044 1993 3116">
     <span class='ocr_line' id='line_1_46' title="bbox 410 3044 1993 3116; baseline -0.001 -16"><span class='ocrx_word' id='word_1_305' title='bbox 410 3045 697 3101; x_wconf 79' lang='lat' dir='ltr'><strong>multifarie</strong></span> <span class='ocrx_word' id='word_1_306' title='bbox 724 3045 1042 3116; x_wconf 68' lang='lat' dir='ltr'><strong>praedicatus</strong></span> <span class='ocrx_word' id='word_1_307' title='bbox 1077 3045 1380 3115; x_wconf 86' lang='lat' dir='ltr'><strong>ingenium;</strong></span> <span class='ocrx_word' id='word_1_308' title='bbox 1424 3044 1640 3100; x_wconf 87' lang='lat' dir='ltr'><strong>nutristi</strong></span> <span class='ocrx_word' id='word_1_309' title='bbox 1684 3045 1993 3101; x_wconf 87' lang='lat' dir='ltr'><strong>facundiam</strong></span> 
     </span>
    </p>
   </div>
   <div class='ocr_carea' id='block_1_46' title="bbox 408 3137 1454 3207">
    <p class='ocr_par' dir='ltr' id='par_1_46' title="bbox 408 3137 1454 3207">
     <span class='ocr_line' id='line_1_47' title="bbox 408 3137 1454 3207; baseline -0.002 -15"><span class='ocrx_word' id='word_1_310' title='bbox 408 3137 797 3193; x_wconf 76' lang='lat' dir='ltr'><strong>exercitatione</strong></span> <span class='ocrx_word' id='word_1_311' title='bbox 833 3150 1150 3204; x_wconf 86' lang='lat' dir='ltr'><strong>causarum;</strong></span> <span class='ocrx_word' id='word_1_312' title='bbox 1195 3142 1454 3207; x_wconf 79' lang='lat' dir='ltr'><strong>expertus</strong></span> 
     </span>
    </p>
   </div>
   <div class='ocr_carea' id='block_1_47' title="bbox 410 3226 1992 3298">
    <p class='ocr_par' dir='ltr' id='par_1_47' title="bbox 410 3226 1992 3298">
     <span class='ocr_line' id='line_1_48' title="bbox 410 3226 1992 3298; baseline -0.001 -15"><span class='ocrx_word' id='word_1_313' title='bbox 410 3226 544 3286; x_wconf 81' lang='lat' dir='ltr'><strong>ﬁdes</strong></span> <span class='ocrx_word' id='word_1_314' title='bbox 570 3226 760 3283; x_wconf 75' lang='lat' dir='ltr'><strong>afferat</strong></span> <span class='ocrx_word' id='word_1_315' title='bbox 791 3226 1018 3295; x_wconf 88' lang='lat' dir='ltr'><strong>fructus,</strong></span> <span class='ocrx_word' id='word_1_316' title='bbox 1059 3234 1121 3283; x_wconf 89' lang='lat' dir='ltr'><strong>ut</strong></span> <span class='ocrx_word' id='word_1_317' title='bbox 1154 3228 1318 3283; x_wconf 89' lang='lat' dir='ltr'><strong>etiam</strong></span> <span class='ocrx_word' id='word_1_318' title='bbox 1366 3227 1482 3298; x_wconf 84' lang='lat' dir='ltr'><strong>ipsa</strong></span> <span class='ocrx_word' id='word_1_319' title='bbox 1527 3227 1782 3284; x_wconf 88' lang='lat' dir='ltr'><strong>conciliet</strong></span> <span class='ocrx_word' id='word_1_320' title='bbox 1826 3229 1992 3283; x_wconf 87' lang='lat' dir='ltr'><strong>corda</strong></span> 
     </span>
    </p>
   </div>
   <div class='ocr_carea' id='block_1_48' title="bbox 411 3316 1999 3389">
    <p class='ocr_par' dir='ltr' id='par_1_48' title="bbox 411 3316 1999 3389">
     <span class='ocr_line' id='line_1_49' title="bbox 411 3316 1999 3389; baseline -0.001 -16"><span class='ocrx_word' id='word_1_321' title='bbox 411 3319 772 3388; x_wconf 79' lang='lat' dir='ltr'><strong>regnantium.</strong></span> <span class='ocrx_word' id='word_1_322' title='bbox 820 3316 949 3375; x_wconf 68' lang='lat' dir='ltr'><strong>Haec</strong></span> <span class='ocrx_word' id='word_1_323' title='bbox 989 3320 1045 3373; x_wconf 91' lang='lat' dir='ltr'><strong>in</strong></span> <span class='ocrx_word' id='word_1_324' title='bbox 1093 3325 1150 3374; x_wconf 91' lang='lat' dir='ltr'><strong>te</strong></span> <span class='ocrx_word' id='word_1_325' title='bbox 1193 3318 1503 3389; x_wconf 84' lang='lat' dir='ltr'><strong>speculator</strong></span> <span class='ocrx_word' id='word_1_326' title='bbox 1529 3318 1785 3373; x_wconf 88' lang='lat' dir='ltr'><strong>virtutum</strong></span> <span class='ocrx_word' id='word_1_327' title='bbox 1813 3327 1999 3373; x_wconf 90' lang='lat' dir='ltr'><strong>noster</strong></span> 
     </span>
    </p>
   </div>
   <div class='ocr_carea' id='block_1_49' title="bbox 412 3406 1998 3481">
    <p class='ocr_par' dir='ltr' id='par_1_49' title="bbox 412 3406 1998 3481">
     <span class='ocr_line' id='line_1_50' title="bbox 412 3406 1998 3481; baseline -0.003 -14"><span class='ocrx_word' id='word_1_328' title='bbox 412 3425 602 3468; x_wconf 78' lang='lat' dir='ltr'><strong>sensus</strong></span> <span class='ocrx_word' id='word_1_329' title='bbox 629 3410 881 3481; x_wconf 83' lang='lat' dir='ltr'><strong>inspexit.</strong></span> <span class='ocrx_word' id='word_1_330' title='bbox 928 3408 1024 3465; x_wconf 82' lang='lat' dir='ltr'><strong>His</strong></span> <span class='ocrx_word' id='word_1_331' title='bbox 1050 3409 1193 3480; x_wconf 90' lang='lat' dir='ltr'><strong>apud</strong></span> <span class='ocrx_word' id='word_1_332' title='bbox 1221 3424 1321 3465; x_wconf 92' lang='lat' dir='ltr'><strong>nos</strong></span> <span class='ocrx_word' id='word_1_333' title='bbox 1342 3406 1605 3479; x_wconf 77' lang='lat' dir='ltr'><strong>suffragiis</strong></span> <span class='ocrx_word' id='word_1_334' title='bbox 1632 3408 1847 3479; x_wconf 91' lang='lat' dir='ltr'><strong>placere</strong></span> <span class='ocrx_word' id='word_1_335' title='bbox 1882 3422 1998 3463; x_wconf 86' lang='lat' dir='ltr'><strong>me-</strong></span> 
     </span>
    </p>
   </div>
   <div class='ocr_carea' id='block_1_50' title="bbox 411 3498 1995 3571">
    <p class='ocr_par' dir='ltr' id='par_1_50' title="bbox 411 3498 1995 3571">
     <span class='ocr_line' id='line_1_51' title="bbox 411 3498 1995 3571; baseline -0.001 -16"><span class='ocrx_word' id='word_1_336' title='bbox 411 3501 587 3570; x_wconf 84' lang='lat' dir='ltr'><strong>ruisti,</strong></span> <span class='ocrx_word' id='word_1_337' title='bbox 626 3508 683 3556; x_wconf 87' lang='lat' dir='ltr'><strong>ut</strong></span> <span class='ocrx_word' id='word_1_338' title='bbox 724 3501 920 3571; x_wconf 87' lang='lat' dir='ltr'><strong>dignus</strong></span> <span class='ocrx_word' id='word_1_339' title='bbox 957 3500 1220 3559; x_wconf 79' lang='lat' dir='ltr'><strong>existet-es</strong></span> <span class='ocrx_word' id='word_1_340' title='bbox 1260 3500 1327 3556; x_wconf 90' lang='lat' dir='ltr'><strong>ad</strong></span> <span class='ocrx_word' id='word_1_341' title='bbox 1369 3499 1610 3571; x_wconf 89' lang='lat' dir='ltr'><strong>publicas</strong></span> <span class='ocrx_word' id='word_1_342' title='bbox 1650 3514 1862 3566; x_wconf 89' lang='lat' dir='ltr'><strong>causas,</strong></span> <span class='ocrx_word' id='word_1_343' title='bbox 1902 3498 1995 3568; x_wconf 92' lang='lat' dir='ltr'><strong>qui</strong></span> 
     </span>
    </p>
   </div>
   <div class='ocr_carea' id='block_1_51' title="bbox 411 3590 1997 3665">
    <p class='ocr_par' dir='ltr' id='par_1_51' title="bbox 411 3590 1997 3665">
     <span class='ocr_line' id='line_1_52' title="bbox 411 3590 1997 3665; baseline -0.004 -14"><span class='ocrx_word' id='word_1_344' title='bbox 411 3596 623 3665; x_wconf 84' lang='lat' dir='ltr'><strong>gessisti</strong></span> <span class='ocrx_word' id='word_1_345' title='bbox 657 3595 918 3652; x_wconf 88' lang='lat' dir='ltr'><strong>hactenus</strong></span> <span class='ocrx_word' id='word_1_346' title='bbox 941 3594 1043 3651; x_wconf 91' lang='lat' dir='ltr'><strong>sub</strong></span> <span class='ocrx_word' id='word_1_347' title='bbox 1076 3593 1386 3664; x_wconf 88' lang='lat' dir='ltr'><strong>integritate</strong></span> <span class='ocrx_word' id='word_1_348' title='bbox 1417 3593 1675 3663; x_wconf 88' lang='lat' dir='ltr'><strong>privatas.</strong></span> <span class='ocrx_word' id='word_1_349' title='bbox 1705 3591 1871 3647; x_wconf 88' lang='lat' dir='ltr'><strong>Sume</strong></span> <span class='ocrx_word' id='word_1_350' title='bbox 1898 3590 1997 3659; x_wconf 82' lang='lat' dir='ltr'><strong>igi-</strong></span> 
     </span>
    </p>
   </div>
   <div class='ocr_carea' id='block_1_52' title="bbox 412 3679 1995 3754">
    <p class='ocr_par' dir='ltr' id='par_1_52' title="bbox 412 3679 1995 3754">
     <span class='ocr_line' id='line_1_53' title="bbox 412 3679 1995 3754; baseline -0.005 -12"><span class='ocrx_word' id='word_1_351' title='bbox 412 3697 498 3742; x_wconf 88' lang='lat' dir='ltr'><strong>tur</strong></span> <span class='ocrx_word' id='word_1_352' title='bbox 528 3685 639 3744; x_wconf 79' lang='lat' dir='ltr'><strong>fisci</strong></span> <span class='ocrx_word' id='word_1_353' title='bbox 666 3686 835 3742; x_wconf 91' lang='lat' dir='ltr'><strong>nostri</strong></span> <span class='ocrx_word' id='word_1_354' title='bbox 861 3683 1061 3741; x_wconf 88' lang='lat' dir='ltr'><strong>tuenda</strong></span> <span class='ocrx_word' id='word_1_355' title='bbox 1086 3684 1337 3754; x_wconf 87' lang='lat' dir='ltr'><strong>negotia,</strong></span> <span class='ocrx_word' id='word_1_356' title='bbox 1367 3682 1423 3737; x_wconf 91' lang='lat' dir='ltr'><strong>in</strong></span> <span class='ocrx_word' id='word_1_357' title='bbox 1461 3680 1671 3737; x_wconf 87' lang='lat' dir='ltr'><strong>utendis</strong></span> <span class='ocrx_word' id='word_1_358' title='bbox 1710 3680 1872 3736; x_wconf 81' lang='lat' dir='ltr'><strong>ofﬁcii</strong></span> <span class='ocrx_word' id='word_1_359' title='bbox 1917 3679 1995 3735; x_wconf 91' lang='lat' dir='ltr'><strong>tui</strong></span> 
     </span>
    </p>
   </div>
   <div class='ocr_carea' id='block_1_53' title="bbox 412 3773 1995 3849">
    <p class='ocr_par' dir='ltr' id='par_1_53' title="bbox 412 3773 1995 3849">
     <span class='ocr_line' id='line_1_54' title="bbox 412 3773 1995 3849; baseline -0.003 -15"><span class='ocrx_word' id='word_1_360' title='bbox 412 3779 703 3849; x_wconf 85' lang='lat' dir='ltr'><strong>privilegiis</strong></span> <span class='ocrx_word' id='word_1_361' title='bbox 729 3778 1076 3834; x_wconf 88' lang='lat' dir='ltr'><strong>decessorum</strong></span> <span class='ocrx_word' id='word_1_362' title='bbox 1120 3775 1369 3845; x_wconf 82' lang='lat' dir='ltr'><strong>exempla</strong></span> <span class='ocrx_word' id='word_1_363' title='bbox 1409 3782 1712 3831; x_wconf 90' lang='lat' dir='ltr'><strong>secuturus.</strong></span> <span class='ocrx_word' id='word_1_364' title='bbox 1751 3773 1832 3828; x_wconf 90' lang='lat' dir='ltr'><strong>Ita</strong></span> <span class='ocrx_word' id='word_1_365' title='bbox 1865 3787 1995 3843; x_wconf 89' lang='lat' dir='ltr'><strong>ergo</strong></span> 
     </span>
    </p>
   </div>
   <div class='ocr_carea' id='block_1_54' title="bbox 414 3863 1996 3941">
    <p class='ocr_par' dir='ltr' id='par_1_54' title="bbox 414 3863 1996 3941">
     <span class='ocr_line' id='line_1_55' title="bbox 414 3863 1996 3941; baseline -0.004 -16"><span class='ocrx_word' id='word_1_366' title='bbox 414 3886 509 3941; x_wconf 89' lang='lat' dir='ltr'><strong>per</strong></span> <span class='ocrx_word' id='word_1_367' title='bbox 535 3870 768 3924; x_wconf 89' lang='lat' dir='ltr'><strong>medium</strong></span> <span class='ocrx_word' id='word_1_368' title='bbox 791 3868 1013 3938; x_wconf 61' lang='lat' dir='ltr'><strong>iustitia:</strong></span> <span class='ocrx_word' id='word_1_369' title='bbox 1044 3869 1312 3923; x_wconf 84' lang='lat' dir='ltr'><strong>tramitem</strong></span> <span class='ocrx_word' id='word_1_370' title='bbox 1342 3866 1650 3921; x_wconf 89' lang='lat' dir='ltr'><strong>moderatus</strong></span> <span class='ocrx_word' id='word_1_371' title='bbox 1688 3863 1903 3926; x_wconf 82' lang='lat' dir='ltr'><strong>incede;</strong></span> <span class='ocrx_word' id='word_1_372' title='bbox 1935 3871 1996 3919; x_wconf 97' lang='grc' dir='ltr'><strong>ιιι</strong></span> 
     </span>
    </p>
   </div>
   <div class='ocr_carea' id='block_1_55' title="bbox 413 3955 1995 4027">
    <p class='ocr_par' dir='ltr' id='par_1_55' title="bbox 413 3955 1995 4027">
     <span class='ocr_line' id='line_1_56' title="bbox 413 3955 1995 4027; baseline -0.004 -11"><span class='ocrx_word' id='word_1_373' title='bbox 413 3976 515 4019; x_wconf 89' lang='lat' dir='ltr'><strong>nec</strong></span> <span class='ocrx_word' id='word_1_374' title='bbox 540 3961 810 4017; x_wconf 83' lang='lat' dir='ltr'><strong>calumnia</strong></span> <span class='ocrx_word' id='word_1_375' title='bbox 839 3961 1161 4016; x_wconf 89' lang='lat' dir='ltr'><strong>innocentes</strong></span> <span class='ocrx_word' id='word_1_376' title='bbox 1181 3972 1396 4027; x_wconf 86' lang='lat' dir='ltr'><strong>graves,</strong></span> <span class='ocrx_word' id='word_1_377' title='bbox 1418 3971 1521 4013; x_wconf 92' lang='lat' dir='ltr'><strong>nec</strong></span> <span class='ocrx_word' id='word_1_378' title='bbox 1536 3955 1694 4026; x_wconf 87' lang='lat' dir='ltr'><strong>iustis</strong></span> <span class='ocrx_word' id='word_1_379' title='bbox 1714 3955 1995 4026; x_wconf 88' lang='lat' dir='ltr'><strong>petitioni-</strong></span> 
     </span>
    </p>
   </div>
   <div class='ocr_carea' id='block_1_56' title="bbox 414 4044 1993 4121">
    <p class='ocr_par' dir='ltr' id='par_1_56' title="bbox 414 4044 1993 4121">
     <span class='ocr_line' id='line_1_57' title="bbox 414 4044 1993 4121; baseline -0.003 -16"><span class='ocrx_word' id='word_1_380' title='bbox 414 4053 510 4105; x_wconf 86' lang='lat' dir='ltr'><strong>bus</strong></span> <span class='ocrx_word' id='word_1_381' title='bbox 537 4059 898 4105; x_wconf 88' lang='lat' dir='ltr'><strong>retentatores</strong></span> <span class='ocrx_word' id='word_1_382' title='bbox 925 4063 1189 4105; x_wconf 79' lang='lat' dir='ltr'><strong>exoneres</strong></span> <span class='ocrx_word' id='word_1_383' title='bbox 1209 4047 1371 4121; x_wconf 82' lang='lat' dir='ltr'><strong>[Jur.,</strong></span> <span class='ocrx_word' id='word_1_384' title='bbox 1395 4044 1743 4118; x_wconf 81' lang='lat' dir='ltr'><strong>exhonores].</strong></span> <span class='ocrx_word' id='word_1_385' title='bbox 1772 4045 1866 4101; x_wconf 88' lang='lat' dir='ltr'><strong>Illa</strong></span> <span class='ocrx_word' id='word_1_386' title='bbox 1893 4048 1993 4119; x_wconf 77' lang='lat'><strong>13</strong></span> 
     </span>
    </p>
   </div>
   <div class='ocr_carea' id='block_1_57' title="bbox 413 4136 1993 4208">
    <p class='ocr_par' dir='ltr' id='par_1_57' title="bbox 413 4136 1993 4208">
     <span class='ocr_line' id='line_1_58' title="bbox 413 4136 1993 4208; baseline -0.003 -13"><span class='ocrx_word' id='word_1_387' title='bbox 413 4142 557 4195; x_wconf 89' lang='lat' dir='ltr'><strong>enim</strong></span> <span class='ocrx_word' id='word_1_388' title='bbox 580 4155 707 4196; x_wconf 86' lang='lat' dir='ltr'><strong>vera</strong></span> <span class='ocrx_word' id='word_1_389' title='bbox 735 4140 884 4195; x_wconf 84' lang='lat' dir='ltr'><strong>lucra</strong></span> <span class='ocrx_word' id='word_1_390' title='bbox 919 4139 1240 4208; x_wconf 85' lang='lat' dir='ltr'><strong>iudicamus,</strong></span> <span class='ocrx_word' id='word_1_391' title='bbox 1283 4152 1406 4208; x_wconf 69' lang='lat' dir='ltr'><strong>quae</strong></span> <span class='ocrx_word' id='word_1_392' title='bbox 1447 4137 1757 4208; x_wconf 80' lang='lat' dir='ltr'><strong>integritate</strong></span> <span class='ocrx_word' id='word_1_393' title='bbox 1798 4136 1993 4193; x_wconf 69' lang='lat' dir='ltr'><strong>suifra-</strong></span> 
     </span>
    </p>
   </div>
   <div class='ocr_carea' id='block_1_58' title="bbox 2096 1863 3676 1933">
    <p class='ocr_par' dir='ltr' id='par_1_58' title="bbox 2096 1863 3676 1933">
     <span class='ocr_line' id='line_1_59' title="bbox 2096 1863 3676 1933; baseline -0.001 -13"><span class='ocrx_word' id='word_1_394' title='bbox 2096 1863 2223 1920; x_wconf 89' lang='lat' dir='ltr'><strong>dum</strong></span> <span class='ocrx_word' id='word_1_395' title='bbox 2251 1864 2480 1920; x_wconf 86' lang='lat' dir='ltr'><strong>velimus</strong></span> <span class='ocrx_word' id='word_1_396' title='bbox 2508 1865 2689 1920; x_wconf 90' lang='lat' dir='ltr'><strong>omnia</strong></span> <span class='ocrx_word' id='word_1_397' title='bbox 2718 1865 2861 1921; x_wconf 91' lang='lat' dir='ltr'><strong>inter</strong></span> <span class='ocrx_word' id='word_1_398' title='bbox 2899 1880 2995 1920; x_wconf 92' lang='lat' dir='ltr'><strong>eos</strong></span> <span class='ocrx_word' id='word_1_399' title='bbox 3041 1879 3163 1921; x_wconf 88' lang='lat' dir='ltr'><strong>esse</strong></span> <span class='ocrx_word' id='word_1_400' title='bbox 3198 1864 3418 1932; x_wconf 83' lang='lat' dir='ltr'><strong>decisa;</strong></span> <span class='ocrx_word' id='word_1_401' title='bbox 3449 1864 3676 1933; x_wconf 87' lang='lat' dir='ltr'><strong>nihilque</strong></span> 
     </span>
    </p>
   </div>
   <div class='ocr_carea' id='block_1_59' title="bbox 2096 1951 3678 2022">
    <p class='ocr_par' dir='ltr' id='par_1_59' title="bbox 2096 1951 3678 2022">
     <span class='ocr_line' id='line_1_60' title="bbox 2096 1951 3678 2022; baseline 0.003 -16"><span class='ocrx_word' id='word_1_402' title='bbox 2096 1951 2241 2007; x_wconf 89' lang='lat' dir='ltr'><strong>aliud</strong></span> <span class='ocrx_word' id='word_1_403' title='bbox 2290 1952 2541 2022; x_wconf 85' lang='lat' dir='ltr'><strong>relinqui,</strong></span> <span class='ocrx_word' id='word_1_404' title='bbox 2590 1952 2692 2009; x_wconf 89' lang='lat' dir='ltr'><strong>nisi</strong></span> <span class='ocrx_word' id='word_1_405' title='bbox 2738 1954 2883 2022; x_wconf 87' lang='lat' dir='ltr'><strong>quod</strong></span> <span class='ocrx_word' id='word_1_406' title='bbox 2931 1952 3160 2009; x_wconf 89' lang='lat' dir='ltr'><strong>debetur</strong></span> <span class='ocrx_word' id='word_1_407' title='bbox 3208 1952 3450 2010; x_wconf 66' lang='lat' dir='ltr'><strong>aﬂ‘ectui.</strong></span> <span class='ocrx_word' id='word_1_408' title='bbox 3502 1953 3678 2010; x_wconf 80' lang='lat' dir='ltr'><strong>Videte</strong></span> 
     </span>
    </p>
   </div>
   <div class='ocr_carea' id='block_1_60' title="bbox 2094 2043 3681 2116">
    <p class='ocr_par' dir='ltr' id='par_1_60' title="bbox 2094 2043 3681 2116">
     <span class='ocr_line' id='line_1_61' title="bbox 2094 2043 3681 2116; baseline 0.003 -19"><span class='ocrx_word' id='word_1_409' title='bbox 2094 2056 2225 2113; x_wconf 88' lang='lat' dir='ltr'><strong>ergo</strong></span> <span class='ocrx_word' id='word_1_410' title='bbox 2267 2043 2401 2098; x_wconf 84' lang='lat' dir='ltr'><strong>tanti</strong></span> <span class='ocrx_word' id='word_1_411' title='bbox 2421 2043 2608 2114; x_wconf 86' lang='lat' dir='ltr'><strong>iudicii</strong></span> <span class='ocrx_word' id='word_1_412' title='bbox 2637 2044 2868 2100; x_wconf 90' lang='lat' dir='ltr'><strong>arbitros</strong></span> <span class='ocrx_word' id='word_1_413' title='bbox 2886 2060 2985 2102; x_wconf 90' lang='lat' dir='ltr'><strong>vos</strong></span> <span class='ocrx_word' id='word_1_414' title='bbox 3011 2047 3254 2113; x_wconf 88' lang='lat' dir='ltr'><strong>electos;</strong></span> <span class='ocrx_word' id='word_1_415' title='bbox 3284 2047 3468 2103; x_wconf 85' lang='lat' dir='ltr'><strong>videte</strong></span> <span class='ocrx_word' id='word_1_416' title='bbox 3494 2060 3681 2116; x_wconf 84' lang='lat' dir='ltr'><strong>exspe-</strong></span> 
     </span>
    </p>
   </div>
   <div class='ocr_carea' id='block_1_61' title="bbox 2095 2134 3678 2208">
    <p class='ocr_par' dir='ltr' id='par_1_61' title="bbox 2095 2134 3678 2208">
     <span class='ocr_line' id='line_1_62' title="bbox 2095 2134 3678 2208; baseline 0.002 -19"><span class='ocrx_word' id='word_1_417' title='bbox 2095 2134 2390 2189; x_wconf 82' lang='lat' dir='ltr'><strong>ctatiOnem</strong></span> <span class='ocrx_word' id='word_1_418' title='bbox 2422 2143 2695 2205; x_wconf 87' lang='lat' dir='ltr'><strong>nostram,</strong></span> <span class='ocrx_word' id='word_1_419' title='bbox 2734 2136 3053 2208; x_wconf 84' lang='lat' dir='ltr'><strong>aequabilem</strong></span> <span class='ocrx_word' id='word_1_420' title='bbox 3100 2136 3352 2206; x_wconf 82' lang='lat' dir='ltr'><strong>ﬂagitare</strong></span> <span class='ocrx_word' id='word_1_421' title='bbox 3377 2136 3633 2207; x_wconf 89' lang='lat' dir='ltr'><strong>iustitiam</strong></span> <span class='ocrx_word' id='word_1_422' title='bbox 3665 2155 3678 2192; x_wconf 92' lang='lat'><strong>:</strong></span> 
     </span>
    </p>
   </div>
   <div class='ocr_carea' id='block_1_62' title="bbox 2093 2224 3686 2298">
    <p class='ocr_par' dir='ltr' id='par_1_62' title="bbox 2093 2224 3686 2298">
     <span class='ocr_line' id='line_1_63' title="bbox 2093 2224 3686 2298; baseline 0.004 -19"><span class='ocrx_word' id='word_1_423' title='bbox 2093 2224 2320 2280; x_wconf 90' lang='lat' dir='ltr'><strong>relaturi</strong></span> <span class='ocrx_word' id='word_1_424' title='bbox 2344 2226 2530 2295; x_wconf 75' lang='lat' dir='ltr'><strong>gratia:</strong></span> <span class='ocrx_word' id='word_1_425' title='bbox 2553 2227 2888 2283; x_wconf 88' lang='lat' dir='ltr'><strong>uberrimum</strong></span> <span class='ocrx_word' id='word_1_426' title='bbox 2908 2227 3160 2293; x_wconf 85' lang='lat' dir='ltr'><strong>fructum,</strong></span> <span class='ocrx_word' id='word_1_427' title='bbox 3186 2228 3235 2283; x_wconf 89' lang='lat' dir='ltr'><strong>si</strong></span> <span class='ocrx_word' id='word_1_428' title='bbox 3262 2243 3505 2298; x_wconf 70' lang='lat' dir='ltr'><strong>prtesens</strong></span> <span class='ocrx_word' id='word_1_429' title='bbox 3524 2228 3686 2285; x_wconf 79' lang='lat' dir='ltr'><strong>disce-</strong></span> 
     </span>
    </p>
   </div>
   <div class='ocr_carea' id='block_1_63' title="bbox 2094 2317 3685 2390">
    <p class='ocr_par' dir='ltr' id='par_1_63' title="bbox 2094 2317 3685 2390">
     <span class='ocr_line' id='line_1_64' title="bbox 2094 2317 3685 2390; baseline 0.006 -20"><span class='ocrx_word' id='word_1_430' title='bbox 2094 2317 2287 2386; x_wconf 89' lang='lat' dir='ltr'><strong>ptatio,</strong></span> <span class='ocrx_word' id='word_1_431' title='bbox 2336 2332 2476 2387; x_wconf 89' lang='lat' dir='ltr'><strong>quos</strong></span> <span class='ocrx_word' id='word_1_432' title='bbox 2521 2317 2713 2388; x_wconf 87' lang='lat' dir='ltr'><strong>dignos</strong></span> <span class='ocrx_word' id='word_1_433' title='bbox 2757 2318 3021 2388; x_wconf 88' lang='lat' dir='ltr'><strong>credidit,</strong></span> <span class='ocrx_word' id='word_1_434' title='bbox 3066 2334 3172 2374; x_wconf 87' lang='lat' dir='ltr'><strong>non</strong></span> <span class='ocrx_word' id='word_1_435' title='bbox 3218 2319 3462 2390; x_wconf 87' lang='lat' dir='ltr'><strong>impares</strong></span> <span class='ocrx_word' id='word_1_436' title='bbox 3507 2319 3685 2390; x_wconf 85' lang='lat' dir='ltr'><strong>probet</strong></span> 
     </span>
    </p>
   </div>
   <div class='ocr_carea' id='block_1_64' title="bbox 2096 2407 3689 2480">
    <p class='ocr_par' dir='ltr' id='par_1_64' title="bbox 2096 2407 3689 2480">
     <span class='ocr_line' id='line_1_65' title="bbox 2096 2407 3689 2480; baseline 0.001 -17"><span class='ocrx_word' id='word_1_437' title='bbox 2096 2422 2237 2463; x_wconf 84' lang='lat' dir='ltr'><strong>esse.</strong></span> <span class='ocrx_word' id='word_1_438' title='bbox 2284 2407 2454 2463; x_wconf 88' lang='lat' dir='ltr'><strong>Debet</strong></span> <span class='ocrx_word' id='word_1_439' title='bbox 2499 2409 2643 2463; x_wconf 91' lang='lat' dir='ltr'><strong>enim</strong></span> <span class='ocrx_word' id='word_1_440' title='bbox 2684 2408 2757 2465; x_wconf 88' lang='lat' dir='ltr'><strong>de</strong></span> <span class='ocrx_word' id='word_1_441' title='bbox 2804 2408 3001 2465; x_wconf 87' lang='lat' dir='ltr'><strong>talibus</strong></span> <span class='ocrx_word' id='word_1_442' title='bbox 3027 2409 3158 2464; x_wconf 91' lang='lat' dir='ltr'><strong>viris</strong></span> <span class='ocrx_word' id='word_1_443' title='bbox 3185 2425 3314 2466; x_wconf 88' lang='lat' dir='ltr'><strong>esse</strong></span> <span class='ocrx_word' id='word_1_444' title='bbox 3344 2425 3476 2466; x_wconf 87' lang='lat' dir='ltr'><strong>cura</strong></span> <span class='ocrx_word' id='word_1_445' title='bbox 3514 2410 3689 2480; x_wconf 76' lang='grc' dir='ltr'><strong>ρι’ωοὶ-</strong></span> 
     </span>
    </p>
   </div>
   <div class='ocr_carea' id='block_1_65' title="bbox 2095 2496 3687 2571">
    <p class='ocr_par' dir='ltr' id='par_1_65' title="bbox 2095 2496 3687 2571">
     <span class='ocr_line' id='line_1_66' title="bbox 2095 2496 3687 2571; baseline 0.003 -22"><span class='ocrx_word' id='word_1_446' title='bbox 2095 2511 2222 2566; x_wconf 85' lang='lat' dir='ltr'><strong>pua,</strong></span> <span class='ocrx_word' id='word_1_447' title='bbox 2251 2496 2343 2567; x_wconf 90' lang='lat' dir='ltr'><strong>qui</strong></span> <span class='ocrx_word' id='word_1_448' title='bbox 2372 2497 2503 2554; x_wconf 88' lang='lat' dir='ltr'><strong>dare</strong></span> <span class='ocrx_word' id='word_1_449' title='bbox 2528 2506 2753 2567; x_wconf 85' lang='lat' dir='ltr'><strong>possunt</strong></span> <span class='ocrx_word' id='word_1_450' title='bbox 2781 2500 3084 2555; x_wconf 89' lang='lat' dir='ltr'><strong>minoribus</strong></span> <span class='ocrx_word' id='word_1_451' title='bbox 3110 2501 3406 2556; x_wconf 88' lang='lat' dir='ltr'><strong>evidenter</strong></span> <span class='ocrx_word' id='word_1_452' title='bbox 3424 2500 3687 2571; x_wconf 80' lang='lat' dir='ltr'><strong>exempla.</strong></span> 
     </span>
    </p>
   </div>
   <div class='ocr_carea' id='block_1_66' title="bbox 2095 2586 3691 2664">
    <p class='ocr_par' dir='ltr' id='par_1_66' title="bbox 2095 2586 3691 2664">
     <span class='ocr_line' id='line_1_67' title="bbox 2095 2586 3691 2664; baseline 0.003 -22"><span class='ocrx_word' id='word_1_453' title='bbox 2095 2586 2231 2643; x_wconf 82' lang='lat' dir='ltr'><strong>Nam</strong></span> <span class='ocrx_word' id='word_1_454' title='bbox 2259 2590 2351 2657; x_wconf 91' lang='lat' dir='ltr'><strong>qui</strong></span> <span class='ocrx_word' id='word_1_455' title='bbox 2371 2589 2515 2646; x_wconf 91' lang='lat' dir='ltr'><strong>inter</strong></span> <span class='ocrx_word' id='word_1_456' title='bbox 2534 2606 2693 2663; x_wconf 89' lang='lat' dir='ltr'><strong>pares</strong></span> <span class='ocrx_word' id='word_1_457' title='bbox 2721 2606 2961 2648; x_wconf 88' lang='lat' dir='ltr'><strong>summos</strong></span> <span class='ocrx_word' id='word_1_458' title='bbox 2991 2593 3135 2649; x_wconf 85' lang='lat' dir='ltr'><strong>viros</strong></span> <span class='ocrx_word' id='word_1_459' title='bbox 3163 2592 3325 2648; x_wconf 88' lang='lat' dir='ltr'><strong>litem</strong></span> <span class='ocrx_word' id='word_1_460' title='bbox 3354 2593 3579 2664; x_wconf 85' lang='lat' dir='ltr'><strong>negligit</strong></span> <span class='ocrx_word' id='word_1_461' title='bbox 3604 2591 3691 2648; x_wconf 71' lang='lat' dir='ltr'><strong>ab~</strong></span> 
     </span>
    </p>
   </div>
   <div class='ocr_carea' id='block_1_67' title="bbox 2096 2679 3691 2757">
    <p class='ocr_par' dir='ltr' id='par_1_67' title="bbox 2096 2679 3691 2757">
     <span class='ocr_line' id='line_1_68' title="bbox 2096 2679 3691 2757; baseline 0.004 -23"><span class='ocrx_word' id='word_1_462' title='bbox 2096 2679 2410 2736; x_wconf 89' lang='lat' dir='ltr'><strong>solvendam</strong></span> <span class='ocrx_word' id='word_1_463' title='bbox 2458 2680 2586 2754; x_wconf 84' lang='lat' dir='ltr'><strong>[ed.,</strong></span> <span class='ocrx_word' id='word_1_464' title='bbox 2629 2682 2997 2756; x_wconf 84' lang='lat' dir='ltr'><strong>abolendam],</strong></span> <span class='ocrx_word' id='word_1_465' title='bbox 3049 2684 3158 2740; x_wconf 89' lang='lat' dir='ltr'><strong>hoc</strong></span> <span class='ocrx_word' id='word_1_466' title='bbox 3208 2682 3420 2740; x_wconf 86' lang='lat' dir='ltr'><strong>imitari</strong></span> <span class='ocrx_word' id='word_1_467' title='bbox 3465 2683 3691 2757; x_wconf 82' lang='lat' dir='ltr'><strong>reliquos</strong></span> 
     </span>
    </p>
   </div>
   <div class='ocr_carea' id='block_1_68' title="bbox 2096 2771 2884 2843">
    <p class='ocr_par' dir='ltr' id='par_1_68' title="bbox 2096 2771 2884 2843">
     <span class='ocr_line' id='line_1_69' title="bbox 2096 2771 2884 2843; baseline 0 -16"><span class='ocrx_word' id='word_1_468' title='bbox 2096 2771 2214 2828; x_wconf 89' lang='lat' dir='ltr'><strong>sine</strong></span> <span class='ocrx_word' id='word_1_469' title='bbox 2241 2772 2574 2829; x_wconf 86' lang='lat' dir='ltr'><strong>dubitatione</strong></span> <span class='ocrx_word' id='word_1_470' title='bbox 2602 2774 2884 2843; x_wconf 84' lang='lat' dir='ltr'><strong>permittit.</strong></span> 
     </span>
    </p>
   </div>
   <div class='ocr_carea' id='block_1_69' title="bbox 2608 2885 3164 2945">
    <p class='ocr_par' dir='ltr' id='par_1_69' title="bbox 2608 2885 3164 2945">
     <span class='ocr_line' id='line_1_70' title="bbox 2608 2885 3164 2945; baseline 0.011 -5"><span class='ocrx_word' id='word_1_471' title='bbox 2608 2885 2940 2942; x_wconf 85' lang='lat' dir='ltr'><strong>EPISTOLA</strong></span> <span class='ocrx_word' id='word_1_472' title='bbox 2976 2887 3164 2945; x_wconf 83' lang='lat' dir='ltr'><strong>XXIV.</strong></span> 
     </span>
    </p>
   </div>
   <div class='ocr_carea' id='block_1_70' title="bbox 2365 3015 3495 3061">
    <p class='ocr_par' dir='ltr' id='par_1_70' title="bbox 2365 3015 3495 3061">
     <span class='ocr_line' id='line_1_71' title="bbox 2365 3015 3495 3061; baseline 0.005 -6"><span class='ocrx_word' id='word_1_473' title='bbox 2365 3015 2633 3055; x_wconf 74' lang='lat' dir='ltr'><strong>UNIVBBSIS</strong></span> <span class='ocrx_word' id='word_1_474' title='bbox 2670 3016 2858 3056; x_wconf 81' lang='lat' dir='ltr'><strong>GOTIIIS</strong></span> <span class='ocrx_word' id='word_1_475' title='bbox 2887 3016 3263 3059; x_wconf 73' lang='lat' dir='ltr'><strong>&#39;I&#39;IIEODORICUS</strong></span> <span class='ocrx_word' id='word_1_476' title='bbox 3303 3020 3437 3061; x_wconf 73' lang='grc' dir='ltr'><strong><em>ιιῑι.</em></strong></span> <span class='ocrx_word' id='word_1_477' title='bbox 3490 3028 3495 3029; x_wconf 59' lang='lat'><strong><em>&#39;</em></strong></span> 
     </span>
    </p>
   </div>
   <div class='ocr_carea' id='block_1_71' title="bbox 2100 3090 3694 3163">
    <p class='ocr_par' dir='ltr' id='par_1_71' title="bbox 2100 3090 3694 3163">
     <span class='ocr_line' id='line_1_72' title="bbox 2100 3090 3694 3163; baseline 0.005 -18"><span class='ocrx_word' id='word_1_478' title='bbox 2100 3090 2307 3146; x_wconf 80' lang='lat' dir='ltr'><strong>Iudicat</strong></span> <span class='ocrx_word' id='word_1_479' title='bbox 2339 3108 2395 3146; x_wconf 87' lang='lat' dir='ltr'><strong>se</strong></span> <span class='ocrx_word' id='word_1_480' title='bbox 2433 3110 2525 3163; x_wconf 81' lang='lat' dir='ltr'><strong>per</strong></span> <span class='ocrx_word' id='word_1_481' title='bbox 2560 3091 2611 3144; x_wconf 86' lang='grc' dir='ltr'><em>Ν</em></span> <span class='ocrx_word' id='word_1_482' title='bbox 2618 3093 2831 3146; x_wconf 72' lang='lat' dir='ltr'><strong>audiunt</strong></span> <span class='ocrx_word' id='word_1_483' title='bbox 2874 3092 3124 3149; x_wconf 83' lang='lat' dir='ltr'><strong>Saionem</strong></span> <span class='ocrx_word' id='word_1_484' title='bbox 3173 3097 3303 3151; x_wconf 79' lang='lat' dir='ltr'><strong>illos</strong></span> <span class='ocrx_word' id='word_1_485' title='bbox 3344 3099 3694 3153; x_wconf 76' lang='lat' dir='ltr'><strong>admonendos</strong></span> 
     </span>
    </p>
   </div>
   <div class='ocr_carea' id='block_1_72' title="bbox 1489 3149 3698 3232">
    <p class='ocr_par' dir='ltr' id='par_1_72' title="bbox 1489 3149 3698 3232">
     <span class='ocr_line' id='line_1_73' title="bbox 1489 3149 3698 3232; baseline 0.004 -16"><span class='ocrx_word' id='word_1_486' title='bbox 1489 3150 1550 3190; x_wconf 70' lang='grc'>⁸⁸</span> <span class='ocrx_word' id='word_1_487' title='bbox 1800 3149 1993 3232; x_wconf 41' lang='lat' dir='ltr'><strong>suavi”</strong></span> <span class='ocrx_word' id='word_1_488' title='bbox 2018 3153 2065 3216; x_wconf 71' lang='grc' dir='ltr'><strong><em>Β</em></strong></span> <span class='ocrx_word' id='word_1_489' title='bbox 2166 3178 2395 3232; x_wconf 81' lang='lat' dir='ltr'><strong>curasse,</strong></span> <span class='ocrx_word' id='word_1_490' title='bbox 2426 3149 2481 3215; x_wconf 75' lang='grc' dir='ltr'><strong>ἱιι</strong></span> <span class='ocrx_word' id='word_1_491' title='bbox 2508 3164 2577 3223; x_wconf 84' lang='lat' dir='ltr'><strong>ad</strong></span> <span class='ocrx_word' id='word_1_492' title='bbox 2600 3163 2979 3232; x_wconf 76' lang='lat' dir='ltr'><strong>expeditionem</strong></span> <span class='ocrx_word' id='word_1_493' title='bbox 3006 3149 3495 3224; x_wconf 50' lang='grc' dir='ltr'><strong>σαιιεεάὲέιληιῖνῖιὶ</strong></span> <span class='ocrx_word' id='word_1_494' title='bbox 3509 3149 3698 3224; x_wconf 49' lang='lat' dir='ltr'><strong>alii}?</strong></span> 
     </span>
    </p>
   </div>
   <div class='ocr_carea' id='block_1_73' title="bbox 2168 3231 3698 3311">
    <p class='ocr_par' dir='ltr' id='par_1_73' title="bbox 2168 3231 3698 3311">
     <span class='ocr_line' id='line_1_74' title="bbox 2168 3231 3698 3311; baseline 0.005 -25"><span class='ocrx_word' id='word_1_495' title='bbox 2168 3232 2284 3311; x_wconf 62' lang='lat' dir='ltr'><strong>dar.</strong></span> <span class='ocrx_word' id='word_1_496' title='bbox 2316 3231 2533 3311; x_wconf 71' lang='grc' dir='ltr'><strong>Ιαζίαν..</strong></span> <span class='ocrx_word' id='word_1_497' title='bbox 2572 3231 2721 3286; x_wconf 79' lang='lat' dir='ltr'><strong>rebus</strong></span> <span class='ocrx_word' id='word_1_498' title='bbox 2753 3236 2989 3311; x_wconf 69' lang='lat' dir='ltr'><strong>omnibus</strong></span> <span class='ocrx_word' id='word_1_499' title='bbox 3030 3240 3359 3311; x_wconf 66' lang='lat' dir='ltr'><strong>necessariis</strong></span> <span class='ocrx_word' id='word_1_500' title='bbox 3396 3240 3698 3311; x_wconf 56' lang='lat' dir='ltr'><strong>“iniciente!</strong></span> 
     </span>
    </p>
   </div>
   <div class='ocr_carea' id='block_1_74' title="bbox 2166 3305 3697 3380">
    <p class='ocr_par' dir='ltr' id='par_1_74' title="bbox 2166 3305 3697 3380">
     <span class='ocr_line' id='line_1_75' title="bbox 2166 3305 3697 3380; baseline 0.005 -24"><span class='ocrx_word' id='word_1_501' title='bbox 2166 3305 2424 3380; x_wconf 69' lang='lat' dir='ltr'><strong>instructi,</strong></span> <span class='ocrx_word' id='word_1_502' title='bbox 2457 3312 2752 3373; x_wconf 81' lang='lat' dir='ltr'><strong>properent,</strong></span> <span class='ocrx_word' id='word_1_503' title='bbox 2783 3315 2831 3358; x_wconf 89' lang='lat' dir='ltr'><strong>et</strong></span> <span class='ocrx_word' id='word_1_504' title='bbox 2860 3307 3090 3360; x_wconf 82' lang='lat' dir='ltr'><strong>seniores</strong></span> <span class='ocrx_word' id='word_1_505' title='bbox 3118 3307 3440 3378; x_wconf 82' lang='lat' dir='ltr'><strong>junioribus</strong></span> <span class='ocrx_word' id='word_1_506' title='bbox 3461 3305 3697 3380; x_wconf 54' lang='lat' dir='ltr'><strong>Exemplo</strong></span> 
     </span>
    </p>
   </div>
   <div class='ocr_carea' id='block_1_75' title="bbox 2166 3374 2293 3428">
    <p class='ocr_par' dir='ltr' id='par_1_75' title="bbox 2166 3374 2293 3428">
     <span class='ocr_line' id='line_1_76' title="bbox 2166 3374 2293 3428; baseline 0.008 -1"><span class='ocrx_word' id='word_1_507' title='bbox 2166 3374 2293 3428; x_wconf 82' lang='lat' dir='ltr'><strong>sint.</strong></span> 
     </span>
    </p>
   </div>
   <div class='ocr_carea' id='block_1_76' title="bbox 2166 3488 3701 3567">
    <p class='ocr_par' dir='ltr' id='par_1_76' title="bbox 2166 3488 3701 3567">
     <span class='ocr_line' id='line_1_77' title="bbox 2166 3488 3701 3567; baseline 0.007 -24"><span class='ocrx_word' id='word_1_508' title='bbox 2166 3488 2554 3545; x_wconf 87' lang='lat' dir='ltr'><strong>Innotescenda</strong></span> <span class='ocrx_word' id='word_1_509' title='bbox 2600 3501 2723 3545; x_wconf 90' lang='lat' dir='ltr'><strong>sunt</strong></span> <span class='ocrx_word' id='word_1_510' title='bbox 2768 3492 2936 3561; x_wconf 85' lang='lat' dir='ltr'><strong>magis</strong></span> <span class='ocrx_word' id='word_1_511' title='bbox 2982 3492 3175 3549; x_wconf 88' lang='lat' dir='ltr'><strong>Gotbis</strong></span> <span class='ocrx_word' id='word_1_512' title='bbox 3214 3512 3389 3567; x_wconf 83' lang='lat' dir='ltr'><strong>quant</strong></span> <span class='ocrx_word' id='word_1_513' title='bbox 3427 3497 3701 3553; x_wconf 87' lang='lat' dir='ltr'><strong>suadenda</strong></span> 
     </span>
    </p>
   </div>
   <div class='ocr_carea' id='block_1_77' title="bbox 2095 3582 3704 3656">
    <p class='ocr_par' dir='ltr' id='par_1_77' title="bbox 2095 3582 3704 3656">
     <span class='ocr_line' id='line_1_78' title="bbox 2095 3582 3704 3656; baseline 0.002 -19"><span class='ocrx_word' id='word_1_514' title='bbox 2095 3582 2412 3645; x_wconf 86' lang='lat' dir='ltr'><strong>certamina,</strong></span> <span class='ocrx_word' id='word_1_515' title='bbox 2472 3582 2593 3652; x_wconf 84' lang='lat' dir='ltr'><strong>quia</strong></span> <span class='ocrx_word' id='word_1_516' title='bbox 2625 3582 2896 3637; x_wconf 77' lang='lat' dir='ltr'><strong>bellicosas</strong></span> <span class='ocrx_word' id='word_1_517' title='bbox 2925 3584 3078 3654; x_wconf 89' lang='lat' dir='ltr'><strong>stirpi</strong></span> <span class='ocrx_word' id='word_1_518' title='bbox 3122 3594 3213 3639; x_wconf 80' lang='lat' dir='ltr'><strong>est</strong></span> <span class='ocrx_word' id='word_1_519' title='bbox 3245 3587 3517 3656; x_wconf 85' lang='lat' dir='ltr'><strong>gaudium</strong></span> <span class='ocrx_word' id='word_1_520' title='bbox 3561 3604 3704 3644; x_wconf 81' lang='lat' dir='ltr'><strong>com-</strong></span> 
     </span>
    </p>
   </div>
   <div class='ocr_carea' id='block_1_78' title="bbox 2094 3673 3703 3751">
    <p class='ocr_par' dir='ltr' id='par_1_78' title="bbox 2094 3673 3703 3751">
     <span class='ocr_line' id='line_1_79' title="bbox 2094 3673 3703 3751; baseline 0.005 -23"><span class='ocrx_word' id='word_1_521' title='bbox 2094 3674 2332 3744; x_wconf 86' lang='lat' dir='ltr'><strong>probari.</strong></span> <span class='ocrx_word' id='word_1_522' title='bbox 2384 3673 2644 3728; x_wconf 88' lang='lat' dir='ltr'><strong>Laborem</strong></span> <span class='ocrx_word' id='word_1_523' title='bbox 2695 3676 2894 3745; x_wconf 84' lang='lat' dir='ltr'><strong>quippe</strong></span> <span class='ocrx_word' id='word_1_524' title='bbox 2938 3692 3045 3732; x_wconf 89' lang='lat' dir='ltr'><strong>non</strong></span> <span class='ocrx_word' id='word_1_525' title='bbox 3089 3679 3317 3748; x_wconf 83' lang='lat' dir='ltr'><strong>refugit,</strong></span> <span class='ocrx_word' id='word_1_526' title='bbox 3365 3683 3463 3751; x_wconf 84' lang='lat' dir='ltr'><strong>qui</strong></span> <span class='ocrx_word' id='word_1_527' title='bbox 3496 3683 3703 3736; x_wconf 86' lang='lat' dir='ltr'><strong>virtutis</strong></span> 
     </span>
    </p>
   </div>
   <div class='ocr_carea' id='block_1_79' title="bbox 2093 3766 3706 3845">
    <p class='ocr_par' dir='ltr' id='par_1_79' title="bbox 2093 3766 3706 3845">
     <span class='ocr_line' id='line_1_80' title="bbox 2093 3766 3706 3845; baseline 0.006 -26"><span class='ocrx_word' id='word_1_528' title='bbox 2093 3767 2320 3837; x_wconf 87' lang='lat' dir='ltr'><strong>gloriam</strong></span> <span class='ocrx_word' id='word_1_529' title='bbox 2351 3767 2703 3838; x_wconf 89' lang='lat' dir='ltr'><strong>concupiscit.</strong></span> <span class='ocrx_word' id='word_1_530' title='bbox 2737 3766 2805 3822; x_wconf 84' lang='lat' dir='ltr'><strong>Et</strong></span> <span class='ocrx_word' id='word_1_531' title='bbox 2835 3768 2978 3839; x_wconf 83' lang='lat' dir='ltr'><strong>ideo,</strong></span> <span class='ocrx_word' id='word_1_532' title='bbox 3017 3769 3251 3839; x_wconf 85' lang='lat' dir='ltr'><strong>iuvante</strong></span> <span class='ocrx_word' id='word_1_533' title='bbox 3285 3772 3443 3840; x_wconf 89' lang='lat' dir='ltr'><strong>Deo,</strong></span> <span class='ocrx_word' id='word_1_534' title='bbox 3477 3791 3587 3845; x_wconf 90' lang='lat' dir='ltr'><strong>quo</strong></span> <span class='ocrx_word' id='word_1_535' title='bbox 3612 3778 3706 3829; x_wconf 84' lang='lat' dir='ltr'><strong>&#39;au-</strong></span> 
     </span>
    </p>
   </div>
   <div class='ocr_carea' id='block_1_80' title="bbox 2095 3862 3705 3933">
    <p class='ocr_par' dir='ltr' id='par_1_80' title="bbox 2095 3862 3705 3933">
     <span class='ocr_line' id='line_1_81' title="bbox 2095 3862 3705 3933; baseline 0.002 -16"><span class='ocrx_word' id='word_1_536' title='bbox 2095 3871 2247 3918; x_wconf 89' lang='lat' dir='ltr'><strong>ctore</strong></span> <span class='ocrx_word' id='word_1_537' title='bbox 2298 3862 2477 3917; x_wconf 80' lang='lat' dir='ltr'><strong>omnia</strong></span> <span class='ocrx_word' id='word_1_538' title='bbox 2530 3870 2933 3932; x_wconf 87' lang='lat' dir='ltr'><strong>prosperantur,</strong></span> <span class='ocrx_word' id='word_1_539' title='bbox 2987 3878 3085 3933; x_wconf 90' lang='lat' dir='ltr'><strong>pro</strong></span> <span class='ocrx_word' id='word_1_540' title='bbox 3138 3866 3438 3923; x_wconf 89' lang='lat' dir='ltr'><strong>communi</strong></span> <span class='ocrx_word' id='word_1_541' title='bbox 3478 3866 3705 3920; x_wconf 84' lang='lat' dir='ltr'><strong>utilitate</strong></span> 
     </span>
    </p>
   </div>
   <div class='ocr_carea' id='block_1_81' title="bbox 2096 3952 3707 4025">
    <p class='ocr_par' dir='ltr' id='par_1_81' title="bbox 2096 3952 3707 4025">
     <span class='ocr_line' id='line_1_82' title="bbox 2096 3952 3707 4025; baseline 0.001 -16"><span class='ocrx_word' id='word_1_542' title='bbox 2096 3954 2393 4010; x_wconf 77' lang='lat' dir='ltr'><strong>exercitum</strong></span> <span class='ocrx_word' id='word_1_543' title='bbox 2439 3952 2506 4008; x_wconf 84' lang='lat' dir='ltr'><strong>ad</strong></span> <span class='ocrx_word' id='word_1_544' title='bbox 2553 3952 2754 4008; x_wconf 89' lang='lat' dir='ltr'><strong>Gallias</strong></span> <span class='ocrx_word' id='word_1_545' title='bbox 2782 3955 3161 4011; x_wconf 89' lang='lat' dir='ltr'><strong>constituimus</strong></span> <span class='ocrx_word' id='word_1_546' title='bbox 3190 3957 3518 4025; x_wconf 89' lang='lat' dir='ltr'><strong>destinare;</strong></span> <span class='ocrx_word' id='word_1_547' title='bbox 3550 3966 3609 4012; x_wconf 90' lang='grc' dir='ltr'><strong>ιιι</strong></span> <span class='ocrx_word' id='word_1_548' title='bbox 3634 3954 3707 4012; x_wconf 89' lang='lat' dir='ltr'><strong>si-</strong></span> 
     </span>
    </p>
   </div>
   <div class='ocr_carea' id='block_1_82' title="bbox 2095 4045 3706 4121">
    <p class='ocr_par' dir='ltr' id='par_1_82' title="bbox 2095 4045 3706 4121">
     <span class='ocr_line' id='line_1_83' title="bbox 2095 4045 3706 4121; baseline 0.002 -23"><span class='ocrx_word' id='word_1_549' title='bbox 2095 4046 2205 4100; x_wconf 84' lang='lat' dir='ltr'><strong>mul</strong></span> <span class='ocrx_word' id='word_1_550' title='bbox 2231 4051 2287 4101; x_wconf 93' lang='lat' dir='ltr'><strong>et</strong></span> <span class='ocrx_word' id='word_1_551' title='bbox 2308 4059 2406 4102; x_wconf 89' lang='lat' dir='ltr'><strong>vos</strong></span> <span class='ocrx_word' id='word_1_552' title='bbox 2432 4053 2723 4117; x_wconf 89' lang='lat' dir='ltr'><strong>provectus</strong></span> <span class='ocrx_word' id='word_1_553' title='bbox 2751 4045 3092 4103; x_wconf 86' lang='lat' dir='ltr'><strong>occasionem</strong></span> <span class='ocrx_word' id='word_1_554' title='bbox 3123 4048 3345 4105; x_wconf 88' lang='lat' dir='ltr'><strong>habere</strong></span> <span class='ocrx_word' id='word_1_555' title='bbox 3372 4049 3622 4121; x_wconf 88' lang='lat' dir='ltr'><strong>possitis,</strong></span> <span class='ocrx_word' id='word_1_556' title='bbox 3653 4055 3706 4105; x_wconf 86' lang='lat' dir='ltr'><strong>et</strong></span> 
     </span>
    </p>
   </div>
   <div class='ocr_carea' id='block_1_83' title="bbox 2096 4138 3706 4211">
    <p class='ocr_par' dir='ltr' id='par_1_83' title="bbox 2096 4138 3706 4211">
     <span class='ocr_line' id='line_1_84' title="bbox 2096 4138 3706 4211; baseline 0.003 -19"><span class='ocrx_word' id='word_1_557' title='bbox 2096 4154 2194 4193; x_wconf 88' lang='lat' dir='ltr'><strong>nos</strong></span> <span class='ocrx_word' id='word_1_558' title='bbox 2241 4153 2361 4208; x_wconf 63' lang='lat' dir='ltr'><strong>quae</strong></span> <span class='ocrx_word' id='word_1_559' title='bbox 2400 4138 2773 4211; x_wconf 65' lang='lat' dir='ltr'><strong>praestitimus,</strong></span> <span class='ocrx_word' id='word_1_560' title='bbox 2819 4138 3025 4194; x_wconf 89' lang='lat' dir='ltr'><strong>meritis</strong></span> <span class='ocrx_word' id='word_1_561' title='bbox 3054 4141 3371 4198; x_wconf 85' lang='lat' dir='ltr'><strong>contulisse</strong></span> <span class='ocrx_word' id='word_1_562' title='bbox 3403 4142 3706 4199; x_wconf 85' lang='lat' dir='ltr'><strong>videamur.</strong></span> 
     </span>
    </p>
   </div>
   <div class='ocr_carea' id='block_1_84' title="bbox 413 4229 1990 4304">
    <p class='ocr_par' dir='ltr' id='par_1_84' title="bbox 413 4229 1990 4304">
     <span class='ocr_line' id='line_1_85' title="bbox 413 4229 1990 4304; baseline -0.001 -17"><span class='ocrx_word' id='word_1_563' title='bbox 413 4243 574 4303; x_wconf 89' lang='lat' dir='ltr'><strong>gante</strong></span> <span class='ocrx_word' id='word_1_564' title='bbox 615 4231 964 4304; x_wconf 87' lang='lat' dir='ltr'><strong>perctpimus.</strong></span> <span class='ocrx_word' id='word_1_565' title='bbox 1013 4229 1132 4287; x_wconf 83' lang='lat' dir='ltr'><strong>Non</strong></span> <span class='ocrx_word' id='word_1_566' title='bbox 1178 4244 1308 4300; x_wconf 89' lang='lat' dir='ltr'><strong>ergo</strong></span> <span class='ocrx_word' id='word_1_567' title='bbox 1350 4231 1564 4302; x_wconf 88' lang='lat' dir='ltr'><strong>quoties</strong></span> <span class='ocrx_word' id='word_1_568' title='bbox 1609 4245 1851 4301; x_wconf 88' lang='lat' dir='ltr'><strong>superes,</strong></span> <span class='ocrx_word' id='word_1_569' title='bbox 1893 4230 1990 4285; x_wconf 85' lang='lat' dir='ltr'><strong>sed</strong></span> 
     </span>
    </p>
   </div>
   <div class='ocr_carea' id='block_1_85' title="bbox 413 4322 1994 4398">
    <p class='ocr_par' dir='ltr' id='par_1_85' title="bbox 413 4322 1994 4398">
     <span class='ocr_line' id='line_1_86' title="bbox 413 4322 1994 4398; baseline -0.003 -17"><span class='ocrx_word' id='word_1_570' title='bbox 413 4326 866 4398; x_wconf 85' lang='lat' dir='ltr'><strong>quemadmodum</strong></span> <span class='ocrx_word' id='word_1_571' title='bbox 890 4327 1092 4391; x_wconf 87' lang='lat' dir='ltr'><strong>vincas,</strong></span> <span class='ocrx_word' id='word_1_572' title='bbox 1114 4325 1465 4397; x_wconf 89' lang='lat' dir='ltr'><strong>inquiramus.</strong></span> <span class='ocrx_word' id='word_1_573' title='bbox 1493 4322 1822 4394; x_wconf 62' lang='lat' dir='ltr'><strong>IEquitatem</strong></span> <span class='ocrx_word' id='word_1_574' title='bbox 1843 4322 1994 4378; x_wconf 86' lang='lat' dir='ltr'><strong>nobis</strong></span> 
     </span>
    </p>
   </div>
   <div class='ocr_carea' id='block_1_86' title="bbox 415 4417 1989 4489">
    <p class='ocr_par' dir='ltr' id='par_1_86' title="bbox 415 4417 1989 4489">
     <span class='ocr_line' id='line_1_87' title="bbox 415 4417 1989 4489; baseline -0.002 -18"><span class='ocrx_word' id='word_1_575' title='bbox 415 4420 710 4489; x_wconf 86' lang='lat' dir='ltr'><strong>placiturus</strong></span> <span class='ocrx_word' id='word_1_576' title='bbox 736 4418 955 4475; x_wconf 89' lang='lat' dir='ltr'><strong>intende</strong></span> <span class='ocrx_word' id='word_1_577' title='bbox 979 4437 992 4472; x_wconf 89' lang='lat'><strong>:</strong></span> <span class='ocrx_word' id='word_1_578' title='bbox 1020 4433 1128 4474; x_wconf 93' lang='lat' dir='ltr'><strong>non</strong></span> <span class='ocrx_word' id='word_1_579' title='bbox 1156 4432 1369 4488; x_wconf 80' lang='lat' dir='ltr'><strong>qmeras</strong></span> <span class='ocrx_word' id='word_1_580' title='bbox 1394 4417 1463 4473; x_wconf 90' lang='lat' dir='ltr'><strong>de</strong></span> <span class='ocrx_word' id='word_1_581' title='bbox 1485 4424 1756 4487; x_wconf 87' lang='lat' dir='ltr'><strong>potestate</strong></span> <span class='ocrx_word' id='word_1_582' title='bbox 1787 4426 1989 4479; x_wconf 81' lang='lat' dir='ltr'><strong>nostra,</strong></span> 
     </span>
    </p>
   </div>
   <div class='ocr_carea' id='block_1_87' title="bbox 2097 4230 3708 4303">
    <p class='ocr_par' dir='ltr' id='par_1_87' title="bbox 2097 4230 3708 4303">
     <span class='ocr_line' id='line_1_88' title="bbox 2097 4230 3708 4303; baseline 0.004 -18"><span class='ocrx_word' id='word_1_583' title='bbox 2097 4230 2253 4286; x_wconf 88' lang='lat' dir='ltr'><strong>Latet</strong></span> <span class='ocrx_word' id='word_1_584' title='bbox 2280 4230 2422 4286; x_wconf 90' lang='lat' dir='ltr'><strong>enim</strong></span> <span class='ocrx_word' id='word_1_585' title='bbox 2452 4230 2553 4287; x_wconf 89' lang='lat' dir='ltr'><strong>sub</strong></span> <span class='ocrx_word' id='word_1_586' title='bbox 2584 4232 2697 4287; x_wconf 89' lang='lat' dir='ltr'><strong>otio</strong></span> <span class='ocrx_word' id='word_1_587' title='bbox 2727 4230 3009 4287; x_wconf 89' lang='lat' dir='ltr'><strong>laudabilis</strong></span> <span class='ocrx_word' id='word_1_588' title='bbox 3036 4231 3347 4303; x_wconf 86' lang='lat' dir='ltr'><strong>fortitudo;</strong></span> <span class='ocrx_word' id='word_1_589' title='bbox 3391 4245 3453 4292; x_wconf 91' lang='lat' dir='ltr'><strong>et</strong></span> <span class='ocrx_word' id='word_1_590' title='bbox 3498 4237 3626 4292; x_wconf 91' lang='lat' dir='ltr'><strong>dum</strong></span> <span class='ocrx_word' id='word_1_591' title='bbox 3651 4249 3708 4291; x_wconf 83' lang='lat' dir='ltr'><strong>se</strong></span> 
     </span>
    </p>
   </div>
   <div class='ocr_carea' id='block_1_88' title="bbox 2096 4321 3709 4392">
    <p class='ocr_par' dir='ltr' id='par_1_88' title="bbox 2096 4321 3709 4392">
     <span class='ocr_line' id='line_1_89' title="bbox 2096 4321 3709 4392; baseline 0.004 -17"><span class='ocrx_word' id='word_1_592' title='bbox 2096 4321 2360 4391; x_wconf 87' lang='lat' dir='ltr'><strong>probandi</strong></span> <span class='ocrx_word' id='word_1_593' title='bbox 2400 4336 2510 4376; x_wconf 91' lang='lat' dir='ltr'><strong>non</strong></span> <span class='ocrx_word' id='word_1_594' title='bbox 2552 4321 2717 4377; x_wconf 81' lang='lat' dir='ltr'><strong>liabet</strong></span> <span class='ocrx_word' id='word_1_595' title='bbox 2763 4322 3017 4392; x_wconf 89' lang='lat' dir='ltr'><strong>spatium,</strong></span> <span class='ocrx_word' id='word_1_596' title='bbox 3064 4325 3297 4381; x_wconf 86' lang='lat' dir='ltr'><strong>occulta</strong></span> <span class='ocrx_word' id='word_1_597' title='bbox 3343 4335 3437 4383; x_wconf 70' lang='lat' dir='ltr'><strong>est</strong></span> <span class='ocrx_word' id='word_1_598' title='bbox 3475 4327 3570 4383; x_wconf 74' lang='lat' dir='ltr'><strong>lux</strong></span> <span class='ocrx_word' id='word_1_599' title='bbox 3603 4334 3709 4383; x_wconf 86' lang='lat' dir='ltr'><strong>tota</strong></span> 
     </span>
    </p>
   </div>
   <div class='ocr_carea' id='block_1_89' title="bbox 2096 4412 3710 4483">
    <p class='ocr_par' dir='ltr' id='par_1_89' title="bbox 2096 4412 3710 4483">
     <span class='ocr_line' id='line_1_90' title="bbox 2096 4412 3710 4483; baseline 0.004 -17"><span class='ocrx_word' id='word_1_600' title='bbox 2096 4413 2431 4469; x_wconf 84' lang='lat' dir='ltr'><strong>meritorum.</strong></span> <span class='ocrx_word' id='word_1_601' title='bbox 2486 4413 2662 4483; x_wconf 83' lang='lat' dir='ltr'><strong>Atque</strong></span> <span class='ocrx_word' id='word_1_602' title='bbox 2701 4412 2823 4469; x_wconf 91' lang='lat' dir='ltr'><strong>ideo</strong></span> <span class='ocrx_word' id='word_1_603' title='bbox 2864 4428 2962 4483; x_wconf 90' lang='lat' dir='ltr'><strong>per</strong></span> <span class='ocrx_word' id='word_1_604' title='bbox 3000 4412 3281 4471; x_wconf 88' lang='lat' dir='ltr'><strong>Nandium</strong></span> <span class='ocrx_word' id='word_1_605' title='bbox 3312 4417 3584 4474; x_wconf 89' lang='lat' dir='ltr'><strong>Saionem</strong></span> <span class='ocrx_word' id='word_1_606' title='bbox 3611 4433 3710 4472; x_wconf 91' lang='lat' dir='ltr'><strong>no-</strong></span> 
     </span>
    </p>
   </div>
   <div class='ocr_carea' id='block_1_90' title="bbox 415 4504 3710 4580">
    <p class='ocr_par' dir='ltr' id='par_1_90' title="bbox 415 4504 3710 4580">
     <span class='ocr_line' id='line_1_91' title="bbox 415 4504 3710 4580; baseline -0.001 -16"><span class='ocrx_word' id='word_1_607' title='bbox 415 4509 508 4565; x_wconf 88' lang='lat' dir='ltr'><strong>sed</strong></span> <span class='ocrx_word' id='word_1_608' title='bbox 552 4509 733 4580; x_wconf 85' lang='lat' dir='ltr'><strong>potius</strong></span> <span class='ocrx_word' id='word_1_609' title='bbox 777 4509 845 4565; x_wconf 89' lang='lat' dir='ltr'><strong>de</strong></span> <span class='ocrx_word' id='word_1_610' title='bbox 888 4508 1014 4579; x_wconf 86' lang='lat' dir='ltr'><strong>iure</strong></span> <span class='ocrx_word' id='word_1_611' title='bbox 1051 4509 1307 4565; x_wconf 88' lang='lat' dir='ltr'><strong>victorias</strong></span> <span class='ocrx_word' id='word_1_612' title='bbox 1333 4527 1347 4563; x_wconf 90' lang='lat'><strong>:</strong></span> <span class='ocrx_word' id='word_1_613' title='bbox 1371 4508 1587 4578; x_wconf 88' lang='lat' dir='ltr'><strong>quando</strong></span> <span class='ocrx_word' id='word_1_614' title='bbox 1616 4508 1935 4563; x_wconf 88' lang='lat' dir='ltr'><strong>laudabilius</strong></span> <span class='ocrx_word' id='word_1_615' title='bbox 1963 4524 1992 4560; x_wconf 90' lang='lat' dir='ltr'><strong>a</strong></span> <span class='ocrx_word' id='word_1_616' title='bbox 2026 4521 2072 4580; x_wconf 81' lang='grc' dir='ltr'><strong>ί)</strong></span> <span class='ocrx_word' id='word_1_617' title='bbox 2096 4513 2265 4559; x_wconf 91' lang='lat' dir='ltr'><strong>strum</strong></span> <span class='ocrx_word' id='word_1_618' title='bbox 2287 4504 2684 4559; x_wconf 89' lang='lat' dir='ltr'><strong>admonendum</strong></span> <span class='ocrx_word' id='word_1_619' title='bbox 2707 4504 3044 4571; x_wconf 89' lang='lat' dir='ltr'><strong>curavimus,</strong></span> <span class='ocrx_word' id='word_1_620' title='bbox 3071 4513 3134 4561; x_wconf 92' lang='lat' dir='ltr'><strong>ut</strong></span> <span class='ocrx_word' id='word_1_621' title='bbox 3161 4507 3240 4563; x_wconf 85' lang='lat' dir='ltr'><strong>ad</strong></span> <span class='ocrx_word' id='word_1_622' title='bbox 3273 4509 3710 4579; x_wconf 79' lang='lat' dir='ltr'><strong>expeditionem,</strong></span> 
     </span>
    </p>
   </div>
   <div class='ocr_carea' id='block_1_91' title="bbox 414 4594 3712 4671">
    <p class='ocr_par' dir='ltr' id='par_1_91' title="bbox 414 4594 3712 4671">
     <span class='ocr_line' id='line_1_92' title="bbox 414 4594 3712 4671; baseline -0.001 -18"><span class='ocrx_word' id='word_1_623' title='bbox 414 4608 568 4671; x_wconf 87' lang='lat' dir='ltr'><strong>parte</strong></span> <span class='ocrx_word' id='word_1_624' title='bbox 610 4599 723 4655; x_wconf 85' lang='lat' dir='ltr'><strong>llsci</strong></span> <span class='ocrx_word' id='word_1_625' title='bbox 752 4600 1024 4669; x_wconf 85' lang='lat' dir='ltr'><strong>perditur,</strong></span> <span class='ocrx_word' id='word_1_626' title='bbox 1055 4614 1176 4655; x_wconf 89' lang='lat' dir='ltr'><strong>cum</strong></span> <span class='ocrx_word' id='word_1_627' title='bbox 1198 4600 1404 4671; x_wconf 82' lang='lat' dir='ltr'><strong>iustitia</strong></span> <span class='ocrx_word' id='word_1_628' title='bbox 1442 4614 1551 4655; x_wconf 92' lang='lat' dir='ltr'><strong>non</strong></span> <span class='ocrx_word' id='word_1_629' title='bbox 1582 4599 1830 4653; x_wconf 87' lang='lat' dir='ltr'><strong>habetur.</strong></span> <span class='ocrx_word' id='word_1_630' title='bbox 1860 4596 1990 4651; x_wconf 86' lang='lat' dir='ltr'><strong>Nam</strong></span> <span class='ocrx_word' id='word_1_631' title='bbox 2102 4596 2153 4649; x_wconf 92' lang='lat' dir='ltr'><strong>in</strong></span> <span class='ocrx_word' id='word_1_632' title='bbox 2186 4594 2278 4649; x_wconf 88' lang='lat' dir='ltr'><strong>Dei</strong></span> <span class='ocrx_word' id='word_1_633' title='bbox 2310 4594 2546 4658; x_wconf 89' lang='lat' dir='ltr'><strong>nomine,</strong></span> <span class='ocrx_word' id='word_1_634' title='bbox 2577 4609 2730 4650; x_wconf 91' lang='lat' dir='ltr'><strong>more</strong></span> <span class='ocrx_word' id='word_1_635' title='bbox 2767 4595 2951 4663; x_wconf 90' lang='lat' dir='ltr'><strong>solito,</strong></span> <span class='ocrx_word' id='word_1_636' title='bbox 2979 4596 3163 4662; x_wconf 90' lang='lat' dir='ltr'><strong>armis,</strong></span> <span class='ocrx_word' id='word_1_637' title='bbox 3212 4600 3407 4668; x_wconf 85' lang='lat' dir='ltr'><strong>equis,</strong></span> <span class='ocrx_word' id='word_1_638' title='bbox 3445 4600 3712 4667; x_wconf 86' lang='lat' dir='ltr'><strong>rebusque</strong></span> 
     </span>
    </p>
   </div>
   <div class='ocr_carea' id='block_1_92' title="bbox 414 4677 3716 4763">
    <p class='ocr_par' dir='ltr' id='par_1_92' title="bbox 414 4677 3716 4763">
     <span class='ocr_line' id='line_1_93' title="bbox 414 4677 3716 4763; baseline -0.002 -15"><span class='ocrx_word' id='word_1_639' title='bbox 414 4692 458 4748; x_wconf 83' lang='lat' dir='ltr'><strong>si</strong></span> <span class='ocrx_word' id='word_1_640' title='bbox 489 4691 738 4748; x_wconf 88' lang='lat' dir='ltr'><strong>dominus</strong></span> <span class='ocrx_word' id='word_1_641' title='bbox 764 4691 964 4756; x_wconf 88' lang='lat' dir='ltr'><strong>vincat,</strong></span> <span class='ocrx_word' id='word_1_642' title='bbox 996 4691 1359 4763; x_wconf 89' lang='lat' dir='ltr'><strong>oppressionis</strong></span> <span class='ocrx_word' id='word_1_643' title='bbox 1401 4690 1599 4745; x_wconf 90' lang='lat' dir='ltr'><strong>invidia</strong></span> <span class='ocrx_word' id='word_1_644' title='bbox 1627 4698 1740 4755; x_wconf 89' lang='lat' dir='ltr'><strong>est;</strong></span> <span class='ocrx_word' id='word_1_645' title='bbox 1769 4690 1992 4759; x_wconf 66' lang='lat' dir='ltr'><strong>aequitas</strong></span> <span class='ocrx_word' id='word_1_646' title='bbox 2101 4686 2346 4741; x_wconf 89' lang='lat' dir='ltr'><strong>omnibus</strong></span> <span class='ocrx_word' id='word_1_647' title='bbox 2376 4684 2696 4740; x_wconf 87' lang='lat' dir='ltr'><strong>necessariis</strong></span> <span class='ocrx_word' id='word_1_648' title='bbox 2721 4677 3051 4741; x_wconf 76' lang='lat' dir='ltr'><strong>sufﬁcienter</strong></span> <span class='ocrx_word' id='word_1_649' title='bbox 3078 4686 3373 4757; x_wconf 86' lang='lat' dir='ltr'><strong>instructi,</strong></span> <span class='ocrx_word' id='word_1_650' title='bbox 3407 4698 3609 4746; x_wconf 88' lang='lat' dir='ltr'><strong>octavo</strong></span> <span class='ocrx_word' id='word_1_651' title='bbox 3634 4687 3716 4743; x_wconf 87' lang='lat' dir='ltr'><strong>die</strong></span> 
     </span>
    </p>
   </div>
   <div class='ocr_carea' id='block_1_93' title="bbox 411 4773 3714 4852">
    <p class='ocr_par' dir='ltr' id='par_1_93' title="bbox 411 4773 3714 4852">
     <span class='ocr_line' id='line_1_94' title="bbox 411 4773 3714 4852; baseline -0.002 -14"><span class='ocrx_word' id='word_1_652' title='bbox 411 4798 546 4840; x_wconf 71' lang='lat' dir='ltr'><strong>vero</strong></span> <span class='ocrx_word' id='word_1_653' title='bbox 573 4782 830 4846; x_wconf 88' lang='lat' dir='ltr'><strong>creditur,</strong></span> <span class='ocrx_word' id='word_1_654' title='bbox 858 4782 903 4838; x_wconf 92' lang='lat' dir='ltr'><strong>si</strong></span> <span class='ocrx_word' id='word_1_655' title='bbox 922 4782 1217 4852; x_wconf 88' lang='lat' dir='ltr'><strong>supplicem</strong></span> <span class='ocrx_word' id='word_1_656' title='bbox 1245 4795 1503 4851; x_wconf 88' lang='lat' dir='ltr'><strong>superare</strong></span> <span class='ocrx_word' id='word_1_657' title='bbox 1531 4779 1830 4847; x_wconf 89' lang='lat' dir='ltr'><strong>contingat.</strong></span> <span class='ocrx_word' id='word_1_658' title='bbox 1876 4775 1992 4832; x_wconf 86' lang='lat' dir='ltr'><strong>Non</strong></span> <span class='ocrx_word' id='word_1_659' title='bbox 2101 4776 2205 4830; x_wconf 89' lang='lat' dir='ltr'><strong>cal.</strong></span> <span class='ocrx_word' id='word_1_660' title='bbox 2254 4773 2515 4828; x_wconf 79' lang='lat' dir='ltr'><strong>Iuliarum</strong></span> <span class='ocrx_word' id='word_1_661' title='bbox 2566 4773 2814 4843; x_wconf 81' lang='lat' dir='ltr'><strong>proxime</strong></span> <span class='ocrx_word' id='word_1_662' title='bbox 2869 4775 3138 4840; x_wconf 88' lang='lat' dir='ltr'><strong>veniente,</strong></span> <span class='ocrx_word' id='word_1_663' title='bbox 3196 4778 3395 4833; x_wconf 89' lang='lat' dir='ltr'><strong>modis</strong></span> <span class='ocrx_word' id='word_1_664' title='bbox 3445 4779 3714 4837; x_wconf 85' lang='lat' dir='ltr'><strong>omnibus.</strong></span> 
     </span>
    </p>
   </div>
   <div class='ocr_carea' id='block_1_94' title="bbox 414 4864 3715 4946">
    <p class='ocr_par' dir='ltr' id='par_1_94' title="bbox 414 4864 3715 4946">
     <span class='ocr_line' id='line_1_95' title="bbox 414 4864 3715 4946; baseline -0.003 -15"><span class='ocrx_word' id='word_1_665' title='bbox 414 4891 544 4945; x_wconf 84' lang='lat' dir='ltr'><strong>ergo</strong></span> <span class='ocrx_word' id='word_1_666' title='bbox 586 4888 754 4946; x_wconf 86' lang='lat' dir='ltr'><strong>parvo</strong></span> <span class='ocrx_word' id='word_1_667' title='bbox 795 4873 1035 4945; x_wconf 88' lang='lat' dir='ltr'><strong>periculo</strong></span> <span class='ocrx_word' id='word_1_668' title='bbox 1073 4885 1264 4927; x_wconf 90' lang='lat' dir='ltr'><strong>causas</strong></span> <span class='ocrx_word' id='word_1_669' title='bbox 1302 4870 1561 4938; x_wconf 90' lang='lat' dir='ltr'><strong>dicimus,</strong></span> <span class='ocrx_word' id='word_1_670' title='bbox 1605 4870 1821 4938; x_wconf 86' lang='lat' dir='ltr'><strong>quando</strong></span> <span class='ocrx_word' id='word_1_671' title='bbox 1868 4876 1995 4924; x_wconf 89' lang='lat' dir='ltr'><strong>tunc</strong></span> <span class='ocrx_word' id='word_1_672' title='bbox 2102 4865 2215 4919; x_wconf 79' lang='lat' dir='ltr'><strong>Deo</strong></span> <span class='ocrx_word' id='word_1_673' title='bbox 2254 4864 2487 4929; x_wconf 89' lang='lat' dir='ltr'><strong>favente,</strong></span> <span class='ocrx_word' id='word_1_674' title='bbox 2517 4864 2807 4928; x_wconf 89' lang='lat' dir='ltr'><strong>moveatis;</strong></span> <span class='ocrx_word' id='word_1_675' title='bbox 2835 4872 3099 4933; x_wconf 88' lang='lat' dir='ltr'><strong>quatenus</strong></span> <span class='ocrx_word' id='word_1_676' title='bbox 3146 4874 3213 4921; x_wconf 90' lang='lat' dir='ltr'><strong>et</strong></span> <span class='ocrx_word' id='word_1_677' title='bbox 3267 4877 3580 4938; x_wconf 85' lang='lat' dir='ltr'><strong>parentum</strong></span> <span class='ocrx_word' id='word_1_678' title='bbox 3627 4880 3715 4924; x_wconf 81' lang='lat' dir='ltr'><strong>ve-</strong></span> 
     </span>
    </p>
   </div>
   <div class='ocr_carea' id='block_1_95' title="bbox 416 4955 1993 5038">
    <p class='ocr_par' dir='ltr' id='par_1_95' title="bbox 416 4960 1992 5038">
     <span class='ocr_line' id='line_1_96' title="bbox 416 4960 1992 5038; baseline -0.004 -15"><span class='ocrx_word' id='word_1_679' title='bbox 416 4970 553 5025; x_wconf 71' lang='lat' dir='ltr'><strong>fama</strong></span> <span class='ocrx_word' id='word_1_680' title='bbox 577 4975 762 5024; x_wconf 90' lang='lat' dir='ltr'><strong>nostra</strong></span> <span class='ocrx_word' id='word_1_681' title='bbox 780 4964 1013 5038; x_wconf 82' lang='lat' dir='ltr'><strong>prolicit,</strong></span> <span class='ocrx_word' id='word_1_682' title='bbox 1032 4977 1156 5021; x_wconf 88' lang='lat' dir='ltr'><strong>cum</strong></span> <span class='ocrx_word' id='word_1_683' title='bbox 1181 4977 1243 5019; x_wconf 90' lang='lat' dir='ltr'><strong>se</strong></span> <span class='ocrx_word' id='word_1_684' title='bbox 1262 4961 1616 5019; x_wconf 87' lang='lat' dir='ltr'><strong>commoditas</strong></span> <span class='ocrx_word' id='word_1_685' title='bbox 1640 4960 1838 5030; x_wconf 85' lang='lat' dir='ltr'><strong>iniusta</strong></span> <span class='ocrx_word' id='word_1_686' title='bbox 1862 4961 1992 5016; x_wconf 86' lang='lat' dir='ltr'><strong>sub-</strong></span> 
     </span>
    </p>
   </div>
   <div class='ocr_carea' id='block_1_96' title="bbox 2103 4955 3719 5038">
    <p class='ocr_par' dir='ltr' id='par_1_96' title="bbox 2103 4955 3719 5027">
     <span class='ocr_line' id='line_1_97' title="bbox 2103 4955 3719 5027; baseline 0.002 -17"><span class='ocrx_word' id='word_1_687' title='bbox 2103 4963 2334 5010; x_wconf 86' lang='lat' dir='ltr'><strong>strorum</strong></span> <span class='ocrx_word' id='word_1_688' title='bbox 2366 4956 2419 5010; x_wconf 92' lang='lat' dir='ltr'><strong>in</strong></span> <span class='ocrx_word' id='word_1_689' title='bbox 2443 4956 2597 5010; x_wconf 92' lang='lat' dir='ltr'><strong>vobis</strong></span> <span class='ocrx_word' id='word_1_690' title='bbox 2620 4955 2916 5010; x_wconf 81' lang='lat' dir='ltr'><strong>ostendatis</strong></span> <span class='ocrx_word' id='word_1_691' title='bbox 2959 4956 3134 5013; x_wconf 87' lang='lat' dir='ltr'><strong>inesse</strong></span> <span class='ocrx_word' id='word_1_692' title='bbox 3166 4958 3477 5027; x_wconf 80' lang='lat' dir='ltr'><strong>virtutem,</strong></span> <span class='ocrx_word' id='word_1_693' title='bbox 3528 4969 3591 5017; x_wconf 87' lang='lat' dir='ltr'><strong>et</strong></span> <span class='ocrx_word' id='word_1_694' title='bbox 3626 4974 3719 5015; x_wconf 89' lang='lat' dir='ltr'><strong>no-</strong></span> 
     </span>
    </p>
   </div>
   <div class='ocr_carea' id='block_1_97' title="bbox 414 5045 3719 5133">
    <p class='ocr_par' dir='ltr' id='par_1_97' title="bbox 414 5045 3719 5133">
     <span class='ocr_line' id='line_1_98' title="bbox 414 5045 3719 5133; baseline -0.004 -15"><span class='ocrx_word' id='word_1_695' title='bbox 414 5063 580 5118; x_wconf 90' lang='lat' dir='ltr'><strong>ducit.</strong></span> <span class='ocrx_word' id='word_1_696' title='bbox 624 5060 963 5133; x_wconf 88' lang='lat' dir='ltr'><strong>Quapropter</strong></span> <span class='ocrx_word' id='word_1_697' title='bbox 989 5055 1049 5113; x_wconf 79' lang='lat' dir='ltr'><strong>iit</strong></span> <span class='ocrx_word' id='word_1_698' title='bbox 1074 5056 1343 5113; x_wconf 88' lang='lat' dir='ltr'><strong>interdum</strong></span> <span class='ocrx_word' id='word_1_699' title='bbox 1383 5070 1544 5112; x_wconf 87' lang='lat' dir='ltr'><strong>causa</strong></span> <span class='ocrx_word' id='word_1_700' title='bbox 1579 5054 1722 5110; x_wconf 86' lang='lat' dir='ltr'><strong>mala</strong></span> <span class='ocrx_word' id='word_1_701' title='bbox 1754 5053 1901 5119; x_wconf 82' lang='lat' dir='ltr'><strong>ﬁsci,</strong></span> <span class='ocrx_word' id='word_1_702' title='bbox 1933 5062 1995 5110; x_wconf 89' lang='lat' dir='ltr'><strong>ut</strong></span> <span class='ocrx_word' id='word_1_703' title='bbox 2095 5055 2262 5101; x_wconf 84' lang='lat' dir='ltr'><strong>stram</strong></span> <span class='ocrx_word' id='word_1_704' title='bbox 2293 5046 2563 5116; x_wconf 87' lang='lat' dir='ltr'><strong>peragatis</strong></span> <span class='ocrx_word' id='word_1_705' title='bbox 2588 5045 2816 5101; x_wconf 88' lang='lat' dir='ltr'><strong>feliciter</strong></span> <span class='ocrx_word' id='word_1_706' title='bbox 2835 5045 3156 5115; x_wconf 84' lang='lat' dir='ltr'><strong>iussionem.</strong></span> <span class='ocrx_word' id='word_1_707' title='bbox 3213 5047 3534 5108; x_wconf 84' lang='lat' dir='ltr'><strong>Producite</strong></span> <span class='ocrx_word' id='word_1_708' title='bbox 3572 5051 3719 5120; x_wconf 84' lang='lat' dir='ltr'><strong>juve-</strong></span> 
     </span>
    </p>
   </div>
   <div class='ocr_carea' id='block_1_98' title="bbox 415 5134 1993 5225">
    <p class='ocr_par' dir='ltr' id='par_1_98' title="bbox 415 5147 1992 5225">
     <span class='ocr_line' id='line_1_99' title="bbox 415 5147 1992 5225; baseline -0.004 -17"><span class='ocrx_word' id='word_1_709' title='bbox 415 5153 588 5210; x_wconf 88' lang='lat' dir='ltr'><strong>bonus</strong></span> <span class='ocrx_word' id='word_1_710' title='bbox 610 5154 859 5225; x_wconf 88' lang='lat' dir='ltr'><strong>princeps</strong></span> <span class='ocrx_word' id='word_1_711' title='bbox 878 5165 998 5208; x_wconf 85' lang='lat' dir='ltr'><strong>esse</strong></span> <span class='ocrx_word' id='word_1_712' title='bbox 1021 5150 1282 5207; x_wconf 85' lang='lat' dir='ltr'><strong>videatur.</strong></span> <span class='ocrx_word' id='word_1_713' title='bbox 1308 5147 1497 5219; x_wconf 82' lang='lat' dir='ltr'><strong>Maiori</strong></span> <span class='ocrx_word' id='word_1_714' title='bbox 1515 5149 1714 5220; x_wconf 89' lang='lat' dir='ltr'><strong>quippe</strong></span> <span class='ocrx_word' id='word_1_715' title='bbox 1734 5163 1992 5220; x_wconf 83' lang='lat' dir='ltr'><strong>compen-</strong></span> 
     </span>
    </p>
   </div>
   <div class='ocr_carea' id='block_1_99' title="bbox 2103 5134 3719 5225">
    <p class='ocr_par' dir='ltr' id='par_1_99' title="bbox 2103 5134 3719 5209">
     <span class='ocr_line' id='line_1_100' title="bbox 2103 5134 3719 5209; baseline 0.002 -18"><span class='ocrx_word' id='word_1_716' title='bbox 2103 5151 2196 5191; x_wconf 89' lang='lat' dir='ltr'><strong>nes</strong></span> <span class='ocrx_word' id='word_1_717' title='bbox 2246 5142 2457 5191; x_wconf 88' lang='lat' dir='ltr'><strong>vestros</strong></span> <span class='ocrx_word' id='word_1_718' title='bbox 2510 5136 2563 5190; x_wconf 91' lang='lat' dir='ltr'><strong>in</strong></span> <span class='ocrx_word' id='word_1_719' title='bbox 2619 5134 2867 5190; x_wconf 85' lang='lat' dir='ltr'><strong>Martiam</strong></span> <span class='ocrx_word' id='word_1_720' title='bbox 2929 5135 3317 5209; x_wconf 78' lang='lat' dir='ltr'><strong>disciplinain.</strong></span> <span class='ocrx_word' id='word_1_721' title='bbox 3396 5141 3517 5198; x_wconf 90' lang='lat' dir='ltr'><strong>Sub</strong></span> <span class='ocrx_word' id='word_1_722' title='bbox 3574 5142 3719 5196; x_wconf 88' lang='lat' dir='ltr'><strong>vobis</strong></span> 
     </span>
    </p>
   </div>
   <div class='ocr_carea' id='block_1_100' title="bbox 414 5226 3720 5315">
    <p class='ocr_par' dir='ltr' id='par_1_100' title="bbox 414 5226 3720 5315">
     <span class='ocr_line' id='line_1_101' title="bbox 414 5226 3720 5315; baseline -0.002 -25"><span class='ocrx_word' id='word_1_723' title='bbox 414 5244 505 5300; x_wconf 80' lang='lat' dir='ltr'><strong>dio</strong></span> <span class='ocrx_word' id='word_1_724' title='bbox 531 5243 823 5314; x_wconf 63' lang='lat' dir='ltr'><strong>perdimus,</strong></span> <span class='ocrx_word' id='word_1_725' title='bbox 846 5256 1006 5315; x_wconf 74' lang='lat' dir='ltr'><strong>quam</strong></span> <span class='ocrx_word' id='word_1_726' title='bbox 1033 5241 1080 5300; x_wconf 66' lang='lat' dir='ltr'><strong>si</strong></span> <span class='ocrx_word' id='word_1_727' title='bbox 1103 5241 1259 5298; x_wconf 77' lang='lat' dir='ltr'><strong>nobis</strong></span> <span class='ocrx_word' id='word_1_728' title='bbox 1287 5240 1524 5297; x_wconf 61' lang='lat' dir='ltr'><strong>indebita</strong></span> <span class='ocrx_word' id='word_1_729' title='bbox 1547 5239 1769 5296; x_wconf 53' lang='lat' dir='ltr'><strong>victoria</strong></span> <span class='ocrx_word' id='word_1_730' title='bbox 1797 5238 1990 5296; x_wconf 70' lang='grc' dir='ltr'><strong>ευπιοει-</strong></span> <span class='ocrx_word' id='word_1_731' title='bbox 2095 5226 2350 5295; x_wconf 88' lang='lat' dir='ltr'><strong>videant,</strong></span> <span class='ocrx_word' id='word_1_732' title='bbox 2403 5226 2553 5296; x_wconf 86' lang='lat' dir='ltr'><strong>quod</strong></span> <span class='ocrx_word' id='word_1_733' title='bbox 2600 5226 2834 5298; x_wconf 89' lang='lat' dir='ltr'><strong>posteris</strong></span> <span class='ocrx_word' id='word_1_734' title='bbox 2885 5227 3089 5282; x_wconf 89' lang='lat' dir='ltr'><strong>referre</strong></span> <span class='ocrx_word' id='word_1_735' title='bbox 3143 5232 3536 5287; x_wconf 82' lang='lat' dir='ltr'><strong>contendant.</strong></span> <span class='ocrx_word' id='word_1_736' title='bbox 3594 5231 3720 5287; x_wconf 82' lang='lat' dir='ltr'><strong>Nam</strong></span> 
     </span>
    </p>
   </div>
   <div class='ocr_carea' id='block_1_101' title="bbox 417 5318 3721 5408">
    <p class='ocr_par' dir='ltr' id='par_1_101' title="bbox 417 5318 3721 5408">
     <span class='ocr_line' id='line_1_102' title="bbox 417 5318 3721 5408; baseline 0.002 -35"><span class='ocrx_word' id='word_1_737' title='bbox 417 5346 588 5408; x_wconf 50' lang='grc' dir='ltr'><strong>πρωΐ,</strong></span> <span class='ocrx_word' id='word_1_738' title='bbox 2099 5319 2245 5389; x_wconf 89' lang='lat' dir='ltr'><strong>quod</strong></span> <span class='ocrx_word' id='word_1_739' title='bbox 2291 5320 2346 5374; x_wconf 91' lang='lat' dir='ltr'><strong>in</strong></span> <span class='ocrx_word' id='word_1_740' title='bbox 2389 5319 2675 5389; x_wconf 86' lang='lat' dir='ltr'><strong>iuventute</strong></span> <span class='ocrx_word' id='word_1_741' title='bbox 2719 5334 2829 5375; x_wconf 88' lang='lat' dir='ltr'><strong>non</strong></span> <span class='ocrx_word' id='word_1_742' title='bbox 2880 5318 3119 5386; x_wconf 88' lang='lat' dir='ltr'><strong>discitur,</strong></span> <span class='ocrx_word' id='word_1_743' title='bbox 3174 5321 3238 5377; x_wconf 88' lang='lat' dir='ltr'><strong>in</strong></span> <span class='ocrx_word' id='word_1_744' title='bbox 3290 5332 3523 5382; x_wconf 85' lang='lat' dir='ltr'><strong>matura</strong></span> <span class='ocrx_word' id='word_1_745' title='bbox 3570 5333 3721 5381; x_wconf 77' lang='lat' dir='ltr'><strong>:etate</strong></span> 
     </span>
    </p>
   </div>
   <div class='ocr_carea' id='block_1_102' title="bbox 2103 5411 3721 5488">
    <p class='ocr_par' dir='ltr' id='par_1_102' title="bbox 2103 5411 3721 5488">
     <span class='ocr_line' id='line_1_103' title="bbox 2103 5411 3721 5488; baseline 0.001 -21"><span class='ocrx_word' id='word_1_746' title='bbox 2103 5412 2360 5469; x_wconf 89' lang='lat' dir='ltr'><strong>nescitur.</strong></span> <span class='ocrx_word' id='word_1_747' title='bbox 2393 5411 2690 5482; x_wconf 84' lang='lat' dir='ltr'><strong>Accipitres</strong></span> <span class='ocrx_word' id='word_1_748' title='bbox 2719 5411 2841 5482; x_wconf 88' lang='lat' dir='ltr'><strong>ipsi,</strong></span> <span class='ocrx_word' id='word_1_749' title='bbox 2889 5425 3118 5483; x_wconf 83' lang='lat' dir='ltr'><strong>quorum</strong></span> <span class='ocrx_word' id='word_1_750' title='bbox 3156 5414 3357 5471; x_wconf 86' lang='lat' dir='ltr'><strong>victus</strong></span> <span class='ocrx_word' id='word_1_751' title='bbox 3399 5431 3621 5488; x_wconf 83' lang='lat' dir='ltr'><strong>semper</strong></span> <span class='ocrx_word' id='word_1_752' title='bbox 3658 5429 3721 5469; x_wconf 78' lang='lat' dir='ltr'><strong>ex</strong></span> 
     </span>
    </p>
   </div>
   <div class='ocr_carea' id='block_1_103' title="bbox 2104 5500 3723 5578">
    <p class='ocr_par' dir='ltr' id='par_1_103' title="bbox 2104 5500 3723 5578">
     <span class='ocr_line' id='line_1_104' title="bbox 2104 5500 3723 5578; baseline 0.001 -20"><span class='ocrx_word' id='word_1_753' title='bbox 2104 5502 2282 5573; x_wconf 80' lang='lat' dir='ltr'><strong>praeda</strong></span> <span class='ocrx_word' id='word_1_754' title='bbox 2309 5509 2417 5570; x_wconf 88' lang='lat' dir='ltr'><strong>est,</strong></span> <span class='ocrx_word' id='word_1_755' title='bbox 2457 5500 2594 5558; x_wconf 83' lang='lat' dir='ltr'><strong>fetus</strong></span> <span class='ocrx_word' id='word_1_756' title='bbox 2623 5517 2750 5559; x_wconf 87' lang='lat' dir='ltr'><strong>suos</strong></span> <span class='ocrx_word' id='word_1_757' title='bbox 2778 5502 3019 5561; x_wconf 87' lang='lat' dir='ltr'><strong>novitate</strong></span> <span class='ocrx_word' id='word_1_758' title='bbox 3046 5515 3387 5564; x_wconf 87' lang='lat' dir='ltr'><strong>marcentes</strong></span> <span class='ocrx_word' id='word_1_759' title='bbox 3413 5510 3562 5564; x_wconf 90' lang='lat' dir='ltr'><strong>nidis</strong></span> <span class='ocrx_word' id='word_1_760' title='bbox 3604 5519 3723 5578; x_wconf 65' lang='grc' dir='ltr'><strong><em>ιιι-οε</em></strong></span> 
     </span>
    </p>
   </div>
   <div class='ocr_carea' id='block_1_104' title="bbox 2102 5596 3720 5667">
    <p class='ocr_par' dir='ltr' id='par_1_104' title="bbox 2102 5596 3720 5667">
     <span class='ocr_line' id='line_1_105' title="bbox 2102 5596 3720 5667; baseline -0.001 -14"><span class='ocrx_word' id='word_1_761' title='bbox 2102 5598 2342 5667; x_wconf 86' lang='lat' dir='ltr'><strong>turbant,</strong></span> <span class='ocrx_word' id='word_1_762' title='bbox 2381 5613 2450 5654; x_wconf 91' lang='lat' dir='ltr'><strong>ne</strong></span> <span class='ocrx_word' id='word_1_763' title='bbox 2488 5597 2637 5653; x_wconf 88' lang='lat' dir='ltr'><strong>molli</strong></span> <span class='ocrx_word' id='word_1_764' title='bbox 2664 5596 2777 5653; x_wconf 91' lang='lat' dir='ltr'><strong>otio</strong></span> <span class='ocrx_word' id='word_1_765' title='bbox 2815 5604 3218 5665; x_wconf 88' lang='lat' dir='ltr'><strong>consuescant;</strong></span> <span class='ocrx_word' id='word_1_766' title='bbox 3274 5601 3386 5658; x_wconf 88' lang='lat' dir='ltr'><strong>alis</strong></span> <span class='ocrx_word' id='word_1_767' title='bbox 3438 5602 3720 5657; x_wconf 82' lang='lat' dir='ltr'><strong>verberant</strong></span> 
     </span>
    </p>
   </div>
   <div class='ocr_carea' id='block_1_105' title="bbox 2103 5689 3722 5759">
    <p class='ocr_par' dir='ltr' id='par_1_105' title="bbox 2103 5689 3722 5759">
     <span class='ocr_line' id='line_1_106' title="bbox 2103 5689 3722 5759; baseline -0.002 -12"><span class='ocrx_word' id='word_1_768' title='bbox 2103 5692 2472 5756; x_wconf 78' lang='lat' dir='ltr'><strong>immerentes,</strong></span> <span class='ocrx_word' id='word_1_769' title='bbox 2516 5697 2715 5758; x_wconf 85' lang='lat' dir='ltr'><strong>cogunt</strong></span> <span class='ocrx_word' id='word_1_770' title='bbox 2756 5689 2930 5759; x_wconf 88' lang='lat' dir='ltr'><strong>pullos</strong></span> <span class='ocrx_word' id='word_1_771' title='bbox 2968 5697 3197 5744; x_wconf 87' lang='lat' dir='ltr'><strong>teneros</strong></span> <span class='ocrx_word' id='word_1_772' title='bbox 3228 5691 3308 5747; x_wconf 89' lang='lat' dir='ltr'><strong>ad</strong></span> <span class='ocrx_word' id='word_1_773' title='bbox 3344 5694 3628 5759; x_wconf 86' lang='lat' dir='ltr'><strong>volatum;</strong></span> <span class='ocrx_word' id='word_1_774' title='bbox 3672 5700 3722 5745; x_wconf 84' lang='lat' dir='ltr'><strong>ut</strong></span> 
     </span>
    </p>
   </div>
   <div class='ocr_carea' id='block_1_106' title="bbox 2102 5779 3721 5856">
    <p class='ocr_par' dir='ltr' id='par_1_106' title="bbox 2102 5779 3721 5856">
     <span class='ocr_line' id='line_1_107' title="bbox 2102 5779 3721 5856; baseline -0.003 -15"><span class='ocrx_word' id='word_1_775' title='bbox 2102 5786 2237 5842; x_wconf 86' lang='lat' dir='ltr'><strong>tales</strong></span> <span class='ocrx_word' id='word_1_776' title='bbox 2266 5782 2494 5839; x_wconf 87' lang='lat' dir='ltr'><strong>debeant</strong></span> <span class='ocrx_word' id='word_1_777' title='bbox 2525 5782 2776 5851; x_wconf 79' lang='lat' dir='ltr'><strong>existere,</strong></span> <span class='ocrx_word' id='word_1_778' title='bbox 2808 5780 2875 5837; x_wconf 90' lang='lat' dir='ltr'><strong>de</strong></span> <span class='ocrx_word' id='word_1_779' title='bbox 2903 5779 3095 5851; x_wconf 85' lang='lat' dir='ltr'><strong>quibus</strong></span> <span class='ocrx_word' id='word_1_780' title='bbox 3135 5782 3336 5849; x_wconf 85' lang='lat' dir='ltr'><strong>possit</strong></span> <span class='ocrx_word' id='word_1_781' title='bbox 3381 5784 3568 5856; x_wconf 85' lang='lat' dir='ltr'><strong>pietas</strong></span> <span class='ocrx_word' id='word_1_782' title='bbox 3606 5795 3721 5836; x_wconf 85' lang='lat' dir='ltr'><strong>ma-</strong></span> 
     </span>
    </p>
   </div>
   <div class='ocr_carea' id='block_1_107' title="bbox 932 5462 1481 5525">
    <p class='ocr_par' dir='ltr' id='par_1_107' title="bbox 932 5462 1481 5525">
     <span class='ocr_line' id='line_1_108' title="bbox 932 5462 1481 5525; baseline -0.005 -2"><span class='ocrx_word' id='word_1_783' title='bbox 932 5464 1262 5525; x_wconf 79' lang='lat' dir='ltr'><strong>EPISTOLA</strong></span> <span class='ocrx_word' id='word_1_784' title='bbox 1296 5462 1481 5522; x_wconf 74' lang='lat' dir='ltr'><strong>XXIII.</strong></span> 
     </span>
    </p>
   </div>
   <div class='ocr_carea' id='block_1_108' title="bbox 418 5576 1997 5653">
    <p class='ocr_par' dir='ltr' id='par_1_108' title="bbox 418 5576 1997 5653">
     <span class='ocr_line' id='line_1_109' title="bbox 418 5576 1997 5653; baseline -0.008 -9"><span class='ocrx_word' id='word_1_785' title='bbox 418 5602 657 5645; x_wconf 62' lang='lat' dir='ltr'><strong>cszuauo</strong></span> <span class='ocrx_word' id='word_1_786' title='bbox 698 5576 820 5645; x_wconf 80' lang='lat' dir='ltr'><strong>lCr.</strong></span> <span class='ocrx_word' id='word_1_787' title='bbox 865 5594 910 5635; x_wconf 81' lang='lat' dir='ltr'><strong>et</strong></span> <span class='ocrx_word' id='word_1_788' title='bbox 950 5582 1090 5653; x_wconf 85' lang='lat' dir='ltr'><strong>Cuj.,</strong></span> <span class='ocrx_word' id='word_1_789' title='bbox 1142 5587 1449 5650; x_wconf 69' lang='lat' dir='ltr'><strong>remcuao}</strong></span> <span class='ocrx_word' id='word_1_790' title='bbox 1491 5595 1558 5632; x_wconf 73' lang='grc' dir='ltr'><strong>ετ</strong></span> <span class='ocrx_word' id='word_1_791' title='bbox 1601 5591 1825 5634; x_wconf 69' lang='grc' dir='ltr'><strong>λωνιτο</strong></span> <span class='ocrx_word' id='word_1_792' title='bbox 1863 5593 1997 5632; x_wconf 78' lang='lat' dir='ltr'><strong>vinis</strong></span> 
     </span>
    </p>
   </div>
   <div class='ocr_carea' id='block_1_109' title="bbox 552 5664 1855 5710">
    <p class='ocr_par' dir='ltr' id='par_1_109' title="bbox 552 5664 1855 5710">
     <span class='ocr_line' id='line_1_110' title="bbox 552 5664 1855 5710; baseline -0.006 0"><span class='ocrx_word' id='word_1_793' title='bbox 552 5669 889 5710; x_wconf 72' lang='lat' dir='ltr'><strong>lLLlIS&#39;E&#39;RIBUS</strong></span> <span class='ocrx_word' id='word_1_794' title='bbox 929 5664 994 5707; x_wconf 77' lang='grc' dir='ltr'><strong>ετ</strong></span> <span class='ocrx_word' id='word_1_795' title='bbox 1034 5667 1289 5708; x_wconf 70' lang='grc' dir='ltr'><strong><em>ιτΑτιιιωιε</em></strong></span> <span class='ocrx_word' id='word_1_796' title='bbox 1326 5664 1690 5705; x_wconf 74' lang='grc' dir='ltr'><strong>τιιιεουυιιιουε</strong></span> <span class='ocrx_word' id='word_1_797' title='bbox 1729 5665 1855 5703; x_wconf 78' lang='grc' dir='ltr'><strong><em>ῐιειι.</em></strong></span> 
     </span>
    </p>
   </div>
   <div class='ocr_carea' id='block_1_110' title="bbox 421 5777 1989 5862">
    <p class='ocr_par' dir='ltr' id='par_1_110' title="bbox 421 5777 1989 5862">
     <span class='ocr_line' id='line_1_111' title="bbox 421 5777 1989 5862; baseline -0.004 -17"><span class='ocrx_word' id='word_1_798' title='bbox 421 5777 495 5845; x_wconf 78' lang='lat' dir='ltr'><strong>Ili</strong></span> <span class='ocrx_word' id='word_1_799' title='bbox 535 5790 739 5859; x_wconf 74' lang='lat' dir='ltr'><strong>judiccs</strong></span> <span class='ocrx_word' id='word_1_800' title='bbox 784 5790 1044 5862; x_wconf 77' lang='lat' dir='ltr'><strong>eliguntur</strong></span> <span class='ocrx_word' id='word_1_801' title='bbox 1095 5796 1151 5839; x_wconf 84' lang='lat' dir='ltr'><strong>ut</strong></span> <span class='ocrx_word' id='word_1_802' title='bbox 1201 5789 1341 5843; x_wconf 71' lang='lat' dir='ltr'><strong>(item</strong></span> <span class='ocrx_word' id='word_1_803' title='bbox 1388 5787 1721 5858; x_wconf 71' lang='lat' dir='ltr'><strong>patritiorum</strong></span> <span class='ocrx_word' id='word_1_804' title='bbox 1768 5786 1989 5843; x_wconf 84' lang='lat' dir='ltr'><strong>virorum</strong></span> 
     </span>
    </p>
   </div>
  </div>
