3954 6178
255 286 357 344 8°25

1544 311 1905 368 VARIARUM
1946 312 2150 369 LIBER
2188 312 2223 368 I.

3426 321 3526 380 5'26

250 418 402 465 terna
432 425 778 481 pncsumere.
812 412 921 474 Vos
955 431 1156 488 autem,
1189 439 1325 493 quos
1355 435 1410 482 et
1439 437 1628 482 natura
1658 428 1834 498 erigit,
1867 430 1912 487 A
1949 428 2061 494 nui,
2107 428 2300 498 quibus
2345 429 2447 484 alia
2475 433 2729 486 convenit
2757 447 2787 487 a
2819 443 3000 488 nostra
3041 435 3234 504 amplus
3278 436 3529 507 largitate

249 512 304 556 et
331 519 488 558 amor
515 507 786 576 opinionis
814 515 1055 580 exacuit,
1090 517 1302 574 studcte
1334 521 1467 574 tales
1498 520 1634 576 ﬁlios
1672 522 1838 577 relin-

247 609 435 666 quere,
467 599 653 667 quales
683 617 780 656 vos
807 613 988 674 patres
1016 617 1227 663 vestros
1255 619 1467 665 constat
1491 612 1762 669 habuisse.

764 712 1096 774 EPISTOLA
1136 720 1296 778 XXV.

407 815 681 857 SABINIANO
711 821 834 860 VIR!)
865 825 1124 866 SENATOBI
1153 829 1518 873 TIIEODORICUS
1546 835 1670 874 REX.

246 887 402 944 Iubet
429 902 632 974 portum
659 893 844 974 Lucini
865 908 914 952 et
931 913 1109 974 portus
1123 903 1334 973 juuctos
1355 911 1609 974 reparari,
1635 927 1837 964 eorum-

387 979 487 1032 que
515 962 896 1036 diligentiorem
925 962 1241 1040 iitpostei'um
1270 962 1445 1030 curam
1478 962 1674 1034 haberi.

317 1073 403 1129 Nil
435 1078 656 1144 prodest
685 1081 836 1136 initia
879 1085 957 1139 rei
997 1087 1251 1156 solidare,
1285 1091 1330 1146 si
1358 1093 1558 1148 valebit
1588 1112 1836 1164 praesum-

245 1167 361 1234 ptio
384 1168 630 1245 ordinata
662 1171 961 1229 destruere.
995 1173 1088 1232 Illa
1118 1189 1243 1233 sunt
1267 1181 1407 1236 enim
1455 1183 1696 1247 robusta,
1745 1186 1830 1241 illa

244 1258 524 1323 diuturna,
571 1275 691 1329 quae
740 1264 1020 1332 prudentia
1071 1270 1258 1339 incipit
1302 1281 1357 1326 et
1401 1289 1531 1329 cura
1578 1277 1828 1332 custodit.

244 1347 426 1416 Atque
473 1349 594 1406 ideo
634 1352 806 1420 major
833 1353 961 1427 [ed..
997 1375 1103 1412 non
1135 1359 1334 1432 minor]
1365 1363 1419 1418 in
1449 1367 1832 1423 conservandis

242 1437 408 1492 rebus
435 1455 596 1508 quam
631 1441 682 1496 in
714 1442 1051 1502 inveniendis
1097 1449 1399 1506 adhibenda
1446 1455 1656 1510 cautela
1699 1465 1781 1511 est
1815 1475 1827 1510 :

242 1528 368 1596 quia
397 1527 470 1585 de
499 1530 660 1585 initiis
691 1533 1000 1600 praedicatio
1030 1535 1260 1592 debetur
1289 1540 1524 1605 invento,
1555 1542 1622 1597 de
1649 1552 1833 1600 custo-

241 1618 368 1673 ditis
398 1627 580 1676 autem
612 1623 912 1692 acquiritur
940 1626 1154 1681 laudata
1187 1630 1467 1697 perfectio.
1503 1632 1709 1687 Dudum
1756 1635 1832 1688 si-

241 1708 465 1776 quidem
508 1719 734 1780 propter
771 1713 1028 1769 Romanm
1067 1719 1263 1773 muenia
1293 1720 1544 1787 civitatis,
1589 1723 1678 1778 ubi
1717 1733 1830 1780 stu-

1941 520 2201 588 pmstari.
2242 517 2350 574 Sed
2387 521 2526 575 sicut
2553 535 2674 590 qua:
2702 523 2868 578 semel
2899 526 3182 580 annuimus
3209 529 3442 584 rescindi
3472 530 3527 584 in

1941 616 2255 677 perpetuum
2288 625 2392 663 non
2424 621 2721 680 merentur,
2747 613 2823 668 sic
2847 615 2936 684 qui
2960 615 3259 685 largitatem
3284 629 3524 677 nostram

1940 697 2111 752 mode
2129 700 2230 752 atis
2256 701 2504 770 precibus
2526 703 2902 775 impetrarunt,
2927 719 3231 764 nostrorum
3259 713 3521 768 terminos

1941 789 2298 858 praestiterim
2357 791 2641 849 immodica
2697 811 2803 851 non
2855 797 3052 853 deban
3106 804 3524 872 praesumptione

1937 881 2338 936 transcendere.
2386 881 2537 939 Unde
2577 886 2700 953 quia
2741 887 2973 956 religiosi
3016 891 3175 945 studii
3220 895 3521 948 reverentia

1938 984 2362 1037 commonemur,
2395 981 2454 1026 ut
2481 988 2601 1042 qua:
2628 975 2828 1030 dudum
2865 975 3116 1033 Ecclesiae
3154 980 3253 1034 viri
3292 995 3524 1036 venera-
3607 1049 3610 1052 Α

1938 1060 2062 1116 bilis
2090 1062 2330 1117 νει-511133
2360 1067 2613 1120 antistitis
2643 1069 3005 1137 praestitimus,
3039 1071 3216 1127 valere
3244 1073 3297 1127 in
3325 1088 3520 1144 perpe-

1939 1161 2082 1205 tuum
2115 1168 2463 1221 censeamus;
2487 1173 2632 1213 nunc
2655 1174 2870 1228 quoque
2894 1161 3149 1216 illustrem
3171 1163 3515 1232 magniﬁcen-

1938 1245 2064 1298 tiam
2096 1255 2240 1301 tuam
2268 1248 2516 1304 duximus
2545 1252 2960 1320 admoneudam,
2983 1264 3247 1324 quatenus
3273 1257 3516 1326 superine

1935 1335 2199 1390 dictorum
2233 1352 2396 1392 onera
2429 1339 2706 1395 titulorum
2739 1342 2812 1414 [id
2841 1354 2936 1408 est,
2968 1345 3514 1404 cxtraordinarionuu
3583 1346 3617 1358 ”

1935 1427 2298 1500 tributorum],
2330 1431 2547 1500 prmfata
2578 1432 2817 1489 Ecclesia
2850 1435 2902 1490 in
2931 1451 2993 1491 ea
3023 1452 3228 1492 summa
3255 1455 3361 1493 non
3389 1455 3514 1496 scn-

1937 1522 2058 1585 tiat,
2093 1538 2212 1592 qute
2255 1535 2422 1592 usque
2452 1539 2480 1578 a
2513 1525 2781 1593 magniﬁci
2811 1527 2909 1581 viri
2942 1525 3244 1583 Cassiodori
3273 1531 3510 1598 patricii,

1933 1629 2064 1682 pura
2111 1615 2264 1668 nobis
2309 1614 2410 1669 ﬁde
2438 1623 2493 1669 et
2523 1616 2825 1684 integritate
2853 1621 3150 1689 comperti,
3183 1624 3510 1690 temporibus

1933 1715 2016 1760 est
2053 1709 2246 1761 soluta.
2297 1707 2369 1762 Ea
2412 1725 2538 1764 vero
2567 1725 2684 1776 quae
2713 1725 2741 1764 a
2776 1719 3017 1780 tempore
3044 1712 3287 1768 beneiicii
3316 1715 3381 1769 ad
3410 1714 3510 1769 Ec-

238 1799 388 1854 dium
421 1801 577 1856 nobis
603 1818 818 1873 semper
847 1805 1158 1876 impendere
1206 1808 1548 1878 infatigabilis
1600 1814 1831 1868 ambitus
1867 1803 1908 1861 Β
1935 1796 2149 1850 ⁰¹θ⁵ί³τη
2178 1807 2409 1852 “Sim”:
2441 1801 2507 1853 ab
2537 1800 2804 1869 amillibus
2833 1812 2913 1856 θεῖ
2944 1804 3199 1858 transui“!
3241 1806 3509 1876 P055359ic

239 1894 364 1955 erit,
416 1903 632 1964 portum
679 1896 866 1953 Lucini
921 1899 1196 1970 deputatis
1245 1903 1543 1961 redditibus
1589 1910 1829 1974 reparari

241 1985 410 2055 jussio
440 1995 623 2042 nostra
653 1989 960 2058 constituit;
991 2000 1050 2047 ut
1078 1993 1262 2061 viginti
1287 1996 1524 2066 quinque
1551 1998 1717 2054 millia
1748 2008 1828 2055 te-

239 2075 485 2144 gularum
536 2091 713 2132 annua
760 2079 1002 2137 illatione
1052 2092 1402 2153 prrestentur;
1453 2086 1612 2143 simul
1664 2092 1827 2146 etiam

240 2167 504 2235 portubus
527 2166 749 2235 junctis,
785 2170 878 2240 qui
915 2171 981 2225 ad
1033 2173 1118 2226 illa
1169 2173 1287 2229 loca
1329 2177 1625 2246 antiquitus
1655 2179 1824 2252 [mss.,

239 2259 587 2332 antiquitate]
619 2264 993 2330 pertinebant.
1043 2277 1097 2321 et
1127 2285 1270 2324 nunc
1293 2269 1628 2327 diversorum
1672 2291 1828 2328 usur-

239 2351 457 2419 patione
483 2361 844 2421 suggeruntur
867 2356 1058 2412 invasi.
1090 2357 1296 2415 Cuncta
1323 2374 1450 2430 ergo
1479 2363 1545 2417 ad
1571 2371 1825 2418 statutam

239 2444 642 2511 praestationem
686 2447 850 2504 facies
896 2449 1014 2504 sine
1059 2451 1320 2507 dilatione
1366 2455 1607 2510 revocari
1647 2474 1660 2508 :
1699 2458 1825 2525 quia

239 2531 358 2588 licet
391 2543 580 2589 nostra
608 2535 755 2604 jussa
799 2553 898 2607 pro
941 2553 1036 2593 sua
1069 2544 1373 2598 reverentia
1413 2544 1467 2599 in
1509 2547 1661 2601 nullo
1707 2549 1823 2603 vio-

237 2620 393 2677 landa
444 2624 579 2691 sint,
622 2641 687 2680 ea
738 2634 914 2683 tamen
963 2631 1223 2688 custodiri
1272 2633 1521 2690 volumus
1567 2638 1820 2706 maxime,

236 2729 352 2783 qua!
397 2714 563 2772 Urbis
593 2717 784 2774 faciem
812 2721 1060 2777 videntur
1089 2739 1302 2782 ornare.
1335 2725 1465 2793 Quis
1493 2729 1634 2784 enim
1663 2731 1822 2785 dubi-

236 2815 327 2869 tct,
359 2805 689 2863 fabricarum
719 2811 972 2868 miracula
1002 2814 1103 2870 hac
1143 2817 1450 2884 provisione
1485 2829 1728 2887 servata,
1767 2830 1824 2878 et

237 2900 491 2968 pendenti
523 2918 656 2958 saxo
688 2903 947 2961 formatas
975 2907 1148 2980 μηδι,
1178 2913 1441 2984 tornatas]
1471 2928 1715 2971 cameras
1743 2924 1822 2972 te-

235 2991 476 3055 gularum
532 2995 766 3061 tegmine
806 2998 1137 3054 custoditas?
1183 3000 1254 3055 Ut
1298 3004 1502 3074 antiqui
1550 3007 1820 3076 principes

234 3079 386 3133 nobis
422 3082 624 3137 merito
652 3083 884 3140 debeant
913 3103 1038 3143 suas
1077 3089 1287 3156 laudes,
1332 3107 1558 3161 quorum
1601 3095 1817 3152 fabricis

234 3171 481 3228 dedimus
527 3174 890 3241 longissimam
914 3179 1248 3248 juventutem
1281 3194 1340 3250 ﬁ;
1373 3195 1432 3241 ut
1457 3187 1680 3257 pristina
1722 3205 1820 3245 no-

233 3262 400 3317 vitate
429 3263 729 3332 reluceant,
761 3282 881 3338 quae
909 3269 1019 3339 jam
1068 3271 1280 3328 fuerant
1327 3284 1609 3334 veternoSa
1656 3293 1816 3334 sene-

229 3360 372 3406 ctute
400 3353 625 3409 fuscata.

745 3467 1075 3526 EPISTOIA
1112 3472 1298 3529 XXVI.

323 3571 529 3610 FAUSTO
562 3574 850 3616 ΡΒᾸΞΡΕΕΤΟ
883 3580 1160 3621 Ρητετοιιιι)
1194 3582 1558 3624 τηεουοιυῦσε
1587 3586 1710 3625 REX.

233 3647 430 3700 Statuit
485 3660 540 3702 ut
587 3669 700 3716 αντε
746 3653 934 3708 dudum
986 3653 1233 3712 Ecclesia:
1290 3657 1524 3716 Versiin
1566 3663 1814 3717 antistitis

299 3722 811 3794 prmintit.\v:eleunt
848 3727 899 3777 iu
939 3738 1267 3794 perpetuum,
1307 3740 1356 3782 et
1396 3734 1816 3787 extraordinaria

297 3789 516 3856 tributa,
560 3808 675 3866 qua:
711 3809 743 3845 a
785 3789 1095 3864 temporibus
1130 3789 1426 3853 Cassiodori
1467 3813 1586 3854 sunt
1613 3804 1810 3866 solum,

298 3875 404 3942 noti
447 3863 634 3914 sentiat
677 3879 698 3942 ί
741 3866 845 3917 vult
886 3863 1054 3942 tamen
1095 3885 1155 3942 ea
1185 3868 1309 3942 qua?
1346 3868 1591 3942 Ecclesia:
1636 3863 1812 3942 postea

294 3929 491 3982 collata
521 3941 641 3984 sunt
671 3931 836 3998 bona,
868 3938 1011 3989 oneri
1041 3929 1311 3994 solutionis
1341 3929 1662 4011 subjaceani.

293 4017 456 4074 Nefas
482 4027 566 4075 est
594 4022 734 4092 apud
763 4038 857 4078 eos
897 4023 1056 4080 ﬁdem
1099 4027 1345 4083 beneﬁcii
1395 4029 1591 4099 prioris
1637 4031 1809 4085 itumi-

293 4245 322 4274 ι
358 4233 860 4312 Ειξιιριηλτηιξὶίὶρίξε
890 4242 1186 4312 ιτῑὺυίίηοη
1228 4253 1310 4299 est
1346 4261 1565 4312 novum,
1608 4248 1805 4300 ctenim

226 4305 574 4379 llamcrtiuus
599 4309 654 4361 in
685 4307 1010 4379 Panegyrico
1040 4311 1234 4369 Juliani
1262 4314 1396 4368 dixit
1424 4305 1631 4370 urbium
1675 4333 1807 4372 nim-

224 4378 611 4452 nia_renovata
661 4379 726 4452 ab
781 4378 1106 4450 imperatore
1151 4383 1387 4438 induisse
1432 4385 1803 4452 juventutcm;

223 4448 337 4513 pari
371 4463 590 4515 quoque
618 4448 868 4514 ratione,
909 4464 1226 4508 ornamenta
1264 4448 1472 4508 urbium
1516 4471 1577 4510 ac
1605 4448 1800 4511 decora

223 4531 552 4610 marmorum
577 4520 1075 4610 sicutitintttetlporis
1098 4525 1298 4610 sentire
1340 4524 1584 4610 dicimus,
1632 4528 1799 4610 utvi-
1833 4551 1884 4610 Ι)

221 4586 352 4664 δεῖτε
380 4594 474 4664 es_t_
502 4588 551 4639 iu
597 4588 631 4640 I.
682 4587 741 4642 l6
783 4589 851 4664 C._
893 4586 1076 4646 Tlicod
1144 4593 1208 4649 de
1251 4611 1401 4662 oper.
1445 4596 1591 4664 pubi.
1639 4596 1803 4651 .43ch

221 4655 384 4776 cling:
418 4657 674 4778 Siculutur
714 4661 885 4716 natalis
923 4664 1075 4716 senio
1125 4655 1338 4720 concuti
1379 4655 1498 4721 in'l.
1534 4665 1629 4729 15,
1676 4670 1796 4722 eod.

222 4732 302 4776 ιιι.
379 4735 394 4778 t
467 4742 621 4778 vu.:

222 4732 302 4776 ιη.
329 4732 394 4778 El
418 4732 574 4780 Uvid.
610 4745 621 4779 :

415 4839 684 4888 Canes-unt
720 4847 846 4902 turpi
873 4853 999 4891 tct‘la
1026 4845 1115 4891 rcli
1137 4859 1194 4892 ia
1219 4847 1312 4894 situ

221 4939 326 5022 ιδ
353 4938 630 5032 EunodiLus
653 4937 948 5032 Ticineusis
968 4947 1124 5016 epist.
1151 4947 1214 5001 ad
1239 4947 1480 5032 Boetium
1497 4969 1521 5032 _:
1555 4951 1804 5032 inﬂicti“-

215 5012 299 5064 cia
329 5012 450 5080 ejus
478 5012 579 5066 sub
608 5014 929 5085 negligentia
953 5012 1378 5085 consenescunt;
1412 5041 1428 5072 ι
1457 5029 1511 5074 et
1531 5021 1637 5076 alio
1663 5023 1803 5087 loco,

341 5121 581 5184 Ahjuraut
602 5127 829 5187 priscam,
858 5133 910 5175 te
935 5126 1166 5188 pra-sude,
1202 5137 1328 5178 tecta
1352 5137 1618 5181 senettaut.

209 5221 306 5297 sic
334 5224 496 5278 etiam
525 5231 656 5279 mtas
680 5225 1022 5297 chirographi
1051 5228 1249 5284 dicitur
1279 5230 1330 5284 in
1360 5231 1396 5285 l.
1436 5234 1456 5284 l
1494 5230 1553 5286 C.
1587 5230 1797 5289 Theod.

208 5293 253 5349 si
286 5305 422 5348 cert.
460 5304 592 5371 pct.,
626 5304 680 5348 ct
706 5293 1214 5371 tetatem'ﬁuemque
1237 5300 1354 5355 libri
1387 5304 1525 5371 apud
1548 5301 1800 5371 Gellium,

209 5373 265 5442 1t
293 5373 509 5442 aetatem
541 5363 666 5417 vino
687 5366 947 5442 accedere
976 5363 1283 5438 apud'Plin.
1306 5371 1403 5442 lib.
1423 5363 1581 5439 "nm,
1604 5389 1726 5442 cap.
1745 5363 1795 5427 1ξ

209 5433 436 5513 Iemini
481 5447 700 5513 quoque
753 5435 957 5513 legibus
993 5433 1204 5492 tetatem
1252 5441 1437 5513 tribui,
1486 5433 1684 5513 easque
1731 5445 1797 5498 ab

208 5505 765 5581 optimisaugtoribus
785 5505 896 5581 _dici
925 5522 1331 5581 consenescere,
1362 5505 1634 5581 languere,
1659 5516 1796 5569 mori

209 5571 282 5653 ςι-
297 5573 492 5628 occidi.
522 5571 906 5653 Constantinus
931 5577 983 5631 in
1003 5576 1039 5631 l.
1064 5577 1134 5633 25
1152 5578 1212 5634 C.
1243 5571 1550 5653 Theodfde
1570 5571 1792 5653 appell.,

213 5641 360 5723 jubet
409 5658 803 5723 consenescere
853 5645 1023 5715 legem
1061 5663 1181 5723 quas
1227 5651 1514 5723 vetabatia
1558 5641 1795 5723 praefecti

259 5713 372 5766 rbis
421 5713 686 5783 sententia
732 5713 1046 5783 provocare.
1078 5713 1408 5778 'Ammianus
1457 5713 1796 5780 Marcellinus

211 5781 308 5836 hb.
342 5797 452 5845 an,
486 5780 552 5836 de
593 5780 797 5850 legibus
833 5791 1174 5854 sumptuariis
1217 5794 1466 5863 laqueus,
1496 5793 1791 5850 Senescen-

1934 1885 2078 1956 [mss.
2111 1886 2203 1942 Gr.
2234 1899 2284 1942 et
2312 1886 2451 1959 Cuj.,
2483 1889 2790 1963 professio],
2821 1907 3110 1949 commune
3139 1910 3258 1949 cum
3291 1897 3510 1951 univera

1930 1980 2004 2033 sis
2035 1983 2458 2050 possessionibus
2495 1980 2608 2054 [σν.
2652 1993 2700 2037 et
2739 1984 2878 2054 Cuj.,
2912 1987 3332 2057 possessoribus]
3373 2003 3509 2044 onus

1929 2071 2213 2129 solutionis
2261 2082 2535 2143 agnoscat,
2585 2082 2640 2130 et
2687 2075 2828 2130 illius
2885 2077 3160 2145 subiaceat
3207 2078 3506 2144 l‘unetioni,

1929 2161 2079 2230 cujus
2123 2173 2278 2218 nacta
2327 2173 2408 2219 est
2452 2165 2572 2232 jura
2617 2166 2860 2221 dominii.
2906 2166 3120 2237 Alioqui
3159 2181 3309 2237 grata
3353 2173 3506 2229 nobis

1928 2263 2210 2321 augmenta
2240 2265 2426 2308 eorum
2467 2269 2585 2310 esse
2619 2271 2726 2310 non
2761 2266 3006 2326 possunt,
3031 2259 3122 2328 qui
3168 2259 3278 2314 ﬁsci
3308 2260 3504 2316 damno

1927 2343 2235 2414 proﬁciunt.
2280 2345 2519 2400 Suiliciat
2550 2350 2844 2415 possessori
2870 2351 3246 2420 compendium
3286 2355 3504 2421 pensio-

1927 2433 2026 2489 nis.
2071 2431 2289 2488 Tributa
2342 2445 2465 2489 sunt
2516 2453 2780 2506 purpurae,
2833 2455 2938 2493 non
2980 2440 3227 2495 lacerare.
3277 2441 3502 2499 Lucrum

1924 2541 2044 2580 cum
2093 2525 2292 2581 invidia
2340 2528 2636 2598 periculum
2675 2538 2787 2594 est;
2836 2538 3039 2598 quanto
3090 2532 3278 2587 melius
3325 2535 3502 2590 omnia

1924 2621 2200 2676 moderata
2227 2634 2437 2690 gerere,
2468 2637 2586 2691 quae
2611 2623 2785 2677 nullus
2813 2623 3008 2678 audeat
3030 2625 3308 2681 accusare!

2415 2733 2743 2791 EPISTOLA
2780 2736 2992 2795 XXVII.

2313 2843 2553 2885 srecxoso
2585 2846 2945 2887 TIIEODORICUS
2974 2840 3098 2888 nux.

1924 2915 2132 2972 Iudicat
2159 2921 2402 2988 pOpulum
2429 2922 2593 2989 partis
2629 2919 2840 2976 Prasini
2858 2965 2871 2988 ,
2909 2919 3026 2977 dum
3053 2925 3122 2978 ad
3151 2921 3347 2981 curiam
3374 2929 3514 2982 veni-

1993 2999 2127 3050 rent,
2159 2991 2446 3066 insirliusa
2483 2991 2801 3066 Tlreodorico
2843 2995 3068 3063 patricio
3112 3004 3158 3049 et
3198 2995 3509 3066 Importuuo

1993 3061 2202 3138 consule
2233 3061 2504 3138 pertulisse
2527 3060 2581 3138 _b,
2621 3062 2716 3138 ita
2736 3072 2792 3115 ut
2825 3060 2957 3117 unus
2985 3066 3182 3119 occisus
3213 3060 3396 3138 fuerit;
3419 3068 3499 3138 ju-

1994 3130 2172 3198 betque
2190 3131 2463 3199 prwdictos
2493 3133 2628 3186 viros
2657 3133 2880 3187 illustres
2904 3144 3123 3197 moneat,
3148 3130 3502 3190 ut'iustrncias

1993 3216 2240 3276 personas
2280 3201 2349 3253 ad
2379 3201 2635 3276 judicium
2675 3200 2889 3276 Cwliani
2934 3213 2983 3258 et
3024 3206 3231 3276 Agapiti
3270 3209 3496 3271 mittant,

1990 3271 2076 3343 qui
2105 3271 2238 3323 hanc
2268 3287 2477 3325 causam
2507 3271 2699 3343 legibus
2728 3274 2995 3330 dirimunt.

1989 3383 2045 3437 Si
2074 3392 2381 3438 exterarum
2429 3385 2668 3451 gentium
2718 3402 2896 3441 mores
2943 3388 3041 3441 sub
3088 3389 3204 3456 lege
3247 3389 3496 3444 modera-

1919 3490 2066 3540 mur;
2095 3475 2142 3529 si
2165 3473 2274 3544 juri
2304 3475 2550 3529 Romano
2576 3477 2740 3531 servit
2765 3479 3020 3547 quidquid
3042 3479 3280 3534 sociatur
3305 3481 3494 3546 italiae;

1918 3575 2118 3634 quanto
2147 3565 2315 3634 magis
2344 3564 2500 3620 decet
2547 3565 2716 3633 ipsam
2761 3565 3036 3622 civilitatis
3081 3569 3260 3621 sedem
3314 3571 3487 3636 legum

1916 3657 2272 3712 reverentiam
2301 3656 2419 3726 plus
2447 3655 2664 3719 habere,
2699 3667 2758 3711 ut
2784 3659 3290 3726 per'moderationis
3312 3676 3492 3714 PXCIIH

1916 3749 2061 3819 plum
2094 3747 2273 3802 luceat
2297 3747 2466 3816 gratia
2511 3747 2862 3814 dignitatum?
2907 3745 3003 3802 Ubi
3040 3752 3180 3802 enim
3230 3760 3492 3818 qua‘ratut’

1917 3839 2189 3894 modestus
2218 3837 2450 3906 animus,
2481 3838 2524 3894 si
2558 3838 2752 3894 lanient
2796 3838 3030 3894 violenta
3062 3841 3342 3908 patricios!
3392 3840 3491 3895 Po.

1914 3931 2023 4001 puli
2054 3931 2234 4000 itaque
2263 3931 2418 3985 nobis
2447 3931 2614 4000 partis
2642 3929 2846 3986 Prasini
2879 3932 3138 4003 petitione
3161 3935 3489 4001 suggeritur,

1913 4023 2037 4077 dum
2069 4021 2134 4076 ad
2164 4031 2408 4077 nostrum
2436 4022 2788 4094 disponerent
2815 4023 3129 4078 comitatum
3163 4026 3372 4090 venire,
3407 4042 3491 4082 re-

1918 4253 2018 4317 tes,
2063 4245 2158 4317 ait,
2208 4245 2482 4317 paulatim
2511 4244 2786 4317 reparavit
2837 4245 2984 4317 Sylla
3029 4245 3276 4302 dictator.
3308 4247 3398 4305 Sic
3437 4263 3494 4306 ct

1912 4312 2241 4372 Claudianus
2263 4315 2343 4370 his
2375 4312 2582 4380 verbis;

2288 4406 2595 4462 Pri-eamque
2621 4411 2877 4454 resumunt

2035 4464 2270 4514 Canitiem
2295 4465 2453 4524 leges,
2485 4467 2909 4526 emendanturque
2937 4472 3158 4526 vetustte,

2035 4527 2386 4586 Accealuntque
2411 4539 2562 4574 novre.

1913 4610 2079 4665 Aulus
2105 4607 2308 4665 Gellius
2338 4628 2351 4662 :
2389 4628 2407 4660 ι
2443 4607 2635 4664 Passus
2664 4617 2744 4662 est
2773 4609 2915 4663 enim
2945 4610 3090 4678 leges
3119 4611 3246 4666 istas
3273 4613 3339 4667 de
3380 4625 3485 4670 tam

1912 4679 2198 4734 immodico
2224 4680 2502 4748 supplicio,
2528 4679 2630 4732 situ
2654 4688 2814 4747 atque
2839 4682 2989 4735 senio
3018 4683 3208 4738 emori.
3234 4703 3250 4734 ι
3287 4682 3483 4739 Eodem

1911 4749 2072 4804 modo
2114 4749 2304 4804 Cicero
2352 4748 2528 4817 legum
2561 4749 2854 4814 interitum,
2905 4760 2959 4805 et
2999 4753 3192 4806 bellum
3229 4754 3383 4808 civile
3425 4770 3489 4808 ac

1912 4820 2284 4881 domesticum,
2330 4828 2384 4874 et
2425 4817 2781 4890 tomitLUrbis
2810 4829 2969 4889 atque
2999 4823 3206 4890 imperii
3236 4838 3486 4880 occasum

1913 4891 2344 4972 appropinquare
2389 4890 2542 4944 dixit.
2590 4889 2794 4972 Eodem
2840 4906 3002 4947 sensu
3045 4889 3176 4972 tetas
3215 4893 3482 4972 vitiorum,

1915 4975 2158 5024 onerum,
2190 4961 2442 5014 silvarum
2473 4969 2527 5014 et
2555 4961 2840 5022 arborum,
2872 4977 2969 5024 pro
2998 4963 3152 5015 annis
3188 4970 3242 5015 et
3279 4961 3485 5016 diutur-

1912 5030 2078 5083 nitate
2101 5030 2311 5094 legitur.
2343 5028 2494 5096 Quod
2528 5030 2773 5099 Aggcnus
2805 5027 3026 5085 Urbicus
3057 5031 3106 5084 in
3138 5031 3484 5084 Commenta-

1909 5100 2002 5154 riis
2051 5099 2116 5153 ad
2165 5099 2362 5180 Iulium
2411 5099 2724 5180 Erantinum
2761 5101 2838 5180 ad
2887 5103 3107 5154 arbores
3155 5101 3423 5180 transtulit
3445 5118 3477 5180 _:

1910 5168 2059 5222 Alter
2085 5171 2408 5229 econtrario,
2436 5170 2626 5238 inquit,
2655 5170 2901 5223 similiter
2920 5179 3189 5237 quaereret
3227 5185 3291 5223 ex
3337 5171 3484 5224 8111ιί-

1907 5239 2130 5294 litudine
2171 5238 2281 5294 fere
2316 5240 2540 5309 cultura:
2585 5240 3043 5309 comparationem
3092 5239 3383 5307 accipiens,
3434 5242 3480 5294 id

1903 5318 2006 5372 cst,
2054 5311 2097 5363 si
2146 5310 2300 5370 silva,
2344 5308 2496 5376 cujus
2537 5309 2608 5363 sit
2642 5308 2815 5363 anatis
2845 5323 2966 5377 pars
2996 5323 3238 5374 caesura},
3270 5319 3325 5363 et
3352 5322 3481 5364 aztas

1904 5379 2156 5433 arborum
2186 5387 2246 5432 ut
2269 5379 2444 5434 solent
2473 5378 2720 5448 relinqui,
2752 5393 2884 5446 quas
2913 5377 3234 5448 antemissas
3263 5393 3482 5448 voeant,

1903 5458 1958 5503 et
1978 5450 2231 5503 silvarum
2263 5463 2478 5517 quoque
2500 5447 2688 5503 tetates
2712 5449 2820 5502 sint
2843 5463 3027 5518 pares;
3055 5447 3097 5502 si
3124 5449 3308 5514 vinem,
3334 5447 3482 5506 simi;

1903 5519 1980 5572 les
2000 5527 2158 5573 erunt
2183 5517 2232 5570 iu
2254 5519 2682 5586 comparatione,
2705 5532 2769 5570 an
2791 5518 3008 5572 ordines
3026 5533 3179 5588 atque
3200 5519 3479 5588 distantes,

1901 5603 1968 5658 an
2010 5589 2125 5658 pari
2170 5588 2573 5658 constitutione,
2621 5597 2676 5643 et
2719 5602 2785 5641 an
2833 5588 3009 5644 simile
3056 5603 3225 5658 genus
3271 5591 3477 5646 vitium.

1905 5656 2026 5714 llrec
2055 5657 2162 5714 ille.
2187 5656 2372 5711 Baoss.

1973 5727 1999 5766 δ
2023 5727 2146 5783 llaec
2175 5727 2400 5796 epistola
2445 5727 2540 5782 fuit
2567 5728 2764 5798 scripta
2808 5743 2950 5786 anno
2975 5729 3170 5786 Christi
3205 5729 3333 5797 509;
3376 5730 3482 5787 Im-

1903 5810 2163 5862 portunas
2195 5799 2335 5854 enim
2367 5799 2469 5855 hoc
2499 5814 2640 5856 anno
2666 5806 2784 5854 erat
2807 5801 3015 5856 consul.
