3954 6178
446 302 546 357 F97

1677 306 1745 360 Μ.
1788 303 2063 360 Αυιιειιι
2100 304 2498 361 CASSIODORI

3565 307 3657 364 528

451 417 619 471 IttOtIla
668 424 920 469 (‘NlStlt‘la
962 423 1267 484 poscentes,
1299 428 1357 467 se
1386 414 1720 468 truculentus
1751 414 2029 471 insidiasa
2058 427 2100 480 Α
2131 417 2444 473 celerrimus
2470 424 2755 487 prmstatur
2779 415 3019 487 eﬂ'ectus.
3051 415 3118 472 Et
3149 414 3284 483 ideo,
3328 416 3466 474 velut
3492 436 3662 480 neces.

446 510 672 578 patrieio
696 508 1029 563 Theoderico
1058 507 1179 578 [ηαδ.
1209 505 1381 571 Rem,
1412 505 1717 578 Theodoro]
1738 514 1793 562 et
1820 506 2029 577 Impor-

446 602 579 653 tuno
626 598 742 651 viro
787 596 981 651 illustri
1022 595 1249 651 consule
1292 596 1605 664 pertulisse,
1656 597 1731 651 ita
1780 604 1840 653 ut
1889 613 2027 654 unus

446 702 631 740 eorum
657 684 916 740 debeatur
939 686 1259 742 exstinctus.
1288 684 1445 753 Quod
1469 701 1589 751 nos,
1617 688 1663 741 si
1692 686 1764 741 ita
1794 698 1895 753 est,
1928 702 2025 757 pro

444 777 569 831 tacti
605 776 687 834 sui
716 776 1011 833 acerbitate
1037 776 1368 844 commovit,
1396 783 1459 831 ut
1493 778 1769 833 innoxiam
1814 778 2025 848 plebem

444 867 592 921 furor
637 874 1056 937 persequeretur
1105 875 1363 933 armatus,
1404 882 1565 938 quam
1612 867 1793 925 fovere
1828 869 2027 927 civicus

441 957 715 1012 debuisset
754 956 998 1013 allectus.
1050 956 1157 1013 Sed
1204 958 1332 1027 quia
1373 958 1614 1015 conditio
1641 960 1906 1015 minorum
1936 975 2026 1016 re-

443 1050 654 1116 gnantis
678 1048 1016 1119 aequabiliter
1040 1048 1296 1119 implorat
1324 1050 1604 1116 auxilium,
1634 1066 1796 1121 supra
1822 1066 2027 1107 memo-

442 1147 590 1194 ratos
618 1139 854 1195 illustres
878 1138 1158 1195 admoneri
1183 1140 1436 1209 praesenti
1452 1140 1697 1209 jussione
1714 1157 1995 1197 censemus
2008 1182 2023 1207 ,

446 1238 509 1285 ut
532 1230 600 1286 ad
626 1230 856 1288 Callani
885 1238 1048 1301 atque
1072 1231 1287 1302 Agapiti
1312 1231 1597 1287 illustrium
1621 1232 1855 1288 virorum
1885 1233 2027 1287 adte-

444 1336 548 1390 que
571 1321 828 1391 judicium
877 1321 1169 1376 instructas
1206 1321 1479 1377 destinare
1525 1336 1632 1377 non
1674 1322 1939 1385 dilTerant,
1973 1332 2029 1380 te

442 1412 695 1479 instante,
741 1426 1035 1481 personas;
1064 1421 1330 1481 quatenus
1356 1412 1562 1480 legibus
1603 1415 1905 1468 examinata
1933 1432 2026 1471 co-

442 1504 635 1572 gnitio,
663 1514 849 1558 eorum
883 1502 1156 1559 sententia
1198 1503 1535 1558 terminetur.
1568 1502 1675 1558 Sed
1703 1520 1772 1559 ne
1801 1504 2025 1559 forsitan

443 1593 753 1663 magniﬁcos
806 1593 950 1648 viros
1021 1593 1320 1662 loquacitas
1364 1593 1640 1664 popularis
1709 1592 2024 1660 ollenderit,

447 1683 880 1755 praesumptionis
900 1682 1064 1752 'bujus
1088 1683 1333 1739 habenda
1358 1683 1611 1740 discretio
1638 1692 1739 1740 est.
1761 1684 2027 1741 Teneatur

2125 508 2278 562 saria:
2304 506 2405 572 rei,
2455 507 2629 576 major
2655 507 2953 562 adhibenda
2981 507 3187 563 cautela
3233 515 3341 573 est,
3387 517 3443 562 ut
3481 510 3565 580 qui
3606 512 3667 568 ad

2125 597 2408 652 continuos
2437 611 2695 652 excursus
2721 597 3002 652 constituti
3027 604 3171 659 sunt,
3218 597 3353 669 turpi
3384 600 3544 655 macie
3572 616 3667 659 non

2125 689 2406 743 tabescaut
2439 706 2452 741 :
2485 703 2554 743 ne
2593 687 2777 757 jejuna
2827 689 3060 743 tenuitas
3111 687 3375 745 laboribus
3422 697 3673 758 praeventa

2125 779 2459 841 succumbat,
2491 788 2547 833 et
2575 779 2793 848 incipiat
2836 779 2938 832 iter
2969 776 3081 832 lieri
3127 793 3413 844 morosum,
3453 785 3587 849 quod
3609 780 3667 835 ad

2125 870 2459 925 celeritatem
2481 852 2693 924 constat
2722 884 2841 923 esse
2873 869 3144 921 inventum
3172 877 3217 920 ι.
3250 864 3573 938 Quapmpter
3590 871 3675 925 de-

2125 962 2272 1015 votio
2300 971 2497 1026 vestra,
2524 959 2772 1031 praesenti
2796 958 3035 1028 jussione
3062 959 3404 1023 commonita,
3428 965 3672 1017 terrarum

2125 1051 2295 1120 spatia
2325 1066 2444 1122 quae
2475 1050 2682 1104 veredis
2734 1049 2893 1118 (Vide
2920 1050 3083 1118 infra,
3115 1047 3204 1101 lib.
3235 1063 3287 1114 v,
3326 1066 3406 1118 ep.
3446 1047 3497 1120 5)
3534 1059 3677 1107 antea

2126 1141 2391 1195 Iicuerant
2418 1126 2807 1196 mutationibus
2834 1137 2946 1192 suis
2974 1136 3019 1203 ι’,
3044 1153 3072 1190 a
3096 1150 3405 1206 possessore
3430 1139 3677 1195 vindicata

2125 1232 2407 1297 restituat;
2440 1240 2499 1285 ut
2528 1245 2627 1285 nec
2673 1229 2779 1284 illis
2807 1213 2971 1298 parvo
3013 1228 3189 1297 spatio
3218 1227 3531 1284 inducantur
3567 1230 3677 1305 ltus.

2127 1319 2452 1393 indicantur]
2480 1321 2698 1389 danma,
2727 1328 2781 1374 et
2807 1319 2921 1374 i5tis
2950 1326 3264 1389 recuperata
3293 1318 3566 1376 sufﬁciant.

2649 1451 2981 1508 EPISTOLA
3018 1451 3182 1508 XXX.

2338 1564 2561 1604 SENATUI
2590 1565 2738 1605 υιιιιιε
2764 1565 2925 1604 80118
2955 1564 3323 1609 τιιεουοιιιευε
3350 1566 3453 1605 REX

2130 1637 2376 1704 Queritur
2402 1642 2543 1709 apud
2584 1641 2701 1695 illus
2730 1642 2865 1711 quod
2891 1641 3088 1694 servilis
3132 1643 3287 1711 {uror
3325 1652 3548 1696 armatus
3575 1651 3680 1697 tent-

2199 1727 2322 1780 pore
2340 1712 2748 1781 spectaculorum
2768 1719 3058 1779 persecutus
3078 1712 3145 1764 sit
3164 1711 3431 1776 innoxios,
3454 1722 3500 1766 et
3517 1716 3684 1777 sancit,

446 1775 515 1829 ad
547 1776 760 1844 culpam
797 1773 1039 1844 quisquis
1075 1774 1372 1829 transeunti
1408 1775 1842 1831 reverentissimo
1864 1788 2027 1832 sena-
2060 1795 2103 1854 Β
2198 1773 2253 1833 ut
2279 1783 2323 1834 si
2347 1773 2636 1851 cujuspiam
2664 1773 2916 1835 senatoris
2938 1782 3184 1903 r[amatus
3234 1785 3288 1833 in
3330 1773 3536 1852 ingenui
3564 1773 3684 1837 cadi

446 1865 546 1903 Ιηνί
575 1863 825 1903 iniu-inm
855 1871 1140 1903 nrntnnml
1162 1863 1365 1903 inai'iL
1405 1864 1448 1903 αἱ
1476 1864 1619 1903 multa
1642 1865 1845 1903 minuit
1902 1880 2024 1903 num
2201 1851 2355 1903 fuerit
2397 1860 2662 1903 versatus.
2701 1868 2814 1903 eum
2857 1860 2934 1903 tra
2975 1860 3026 1903 αι
3067 1851 3224 1903 herus
3268 1850 3463 1903 leuibus
3496 1856 3684 1903 mmicn‘

444 1865 547 1920 tori
575 1863 826 1935 injuriam
855 1871 1140 1934 protervus
1162 1863 1377 1933 inﬂixit,
1405 1864 1451 1919 si
1476 1864 1621 1920 male
1642 1865 1869 1935 optavit,
1902 1880 2028 1921 cum

443 1955 582 2010 bene
610 1955 757 2024 loqui
781 1954 984 2009 debuit.
1018 1952 1195 2010 Mores
1228 1962 1407 2010 autem
1436 1968 1626 2024 graves
1660 1954 1711 2009 in
1740 1961 2026 2023 spectacu-

443 2044 512 2101 lis
533 2043 654 2115 quis
681 2045 953 2114 requirat?
979 2042 1062 2098 Ad
1086 2043 1300 2100 Circum
1328 2045 1578 2101 nesciunt
1604 2045 1895 2101 convenire
1919 2045 2026 2100 Ca-

443 2144 621 2192 tones.
645 2135 913 2208 Quidquid
942 2136 1051 2193 illic
1074 2135 1334 2206 gaudenti
1360 2138 1564 2207 populo
1591 2137 1810 2206 dicitur,
1834 2136 2027 2206 injuria

446 2241 558 2282 non
579 2234 818 2298 putatur.
841 2226 1016 2284 Locus
1041 2236 1127 2285 est
1161 2227 1253 2299 qui
1278 2226 1520 2284 defendit
1543 2242 1841 2285 excessum.
1883 2227 2028 2296 Quo-

443 2330 561 2372 rum
597 2318 889 2387 garrulitas
923 2320 972 2375 si
1019 2318 1290 2389 patienter
1316 2319 1605 2389 accipitur,
1640 2319 1789 2390 ipsos
1813 2332 2030 2390 quoque

445 2409 714 2480 principes
761 2422 959 2464 ornare
1013 2415 1364 2464 monstratur.
1432 2407 1813 2479 Respondeant
1875 2408 2030 2463 nobis

444 2506 593 2555 certe
633 2498 727 2569 qui
754 2497 952 2554 talibus
995 2497 1185 2554 studiis
1230 2509 1581 2569 occupantur,
1621 2500 1667 2555 si
1714 2499 2031 2568 tranquillos

444 2595 633 2658 optant
659 2587 995 2644 adversarios
1020 2602 1179 2654 suos;
1205 2595 1356 2644 certe
1384 2588 1569 2643 volunt
1593 2604 1688 2644 eos
1715 2604 1836 2645 esse
1857 2589 2029 2644 victo-

446 2688 555 2739 res.
578 2676 793 2747 quando
815 2676 883 2732 ad
902 2675 1127 2746 injurias
1153 2683 1283 2733 tunc
1307 2678 1610 2748 prosiliunt,
1642 2693 1843 2734 cumse
1869 2694 2030 2749 supe-

448 2774 598 2823 ratos
628 2767 858 2837 turpiter
895 2764 1244 2824 erubescunt.
1275 2767 1427 2825 Unde
1455 2782 1584 2834 ergo
1626 2770 1783 2826 irasci
1820 2770 2025 2838 volunt,

449 2858 594 2931 quod
621 2858 738 2917 sine
766 2856 932 2914 dubio
959 2872 1019 2915 se
1045 2866 1262 2929 optasse
1289 2860 1660 2928 cognoscunt?

942 2987 1276 3046 EPISTOLA
1313 2988 1545 3045 XXVIII.

542 3097 811 3140 υκινιιειδ
837 3097 1029 3138 οοτιιιε
1058 3098 1126 3137 E’I‘
1156 3098 1380 3139 BOIANIS
1409 3100 1585 3139 'I'IIEOD
1622 3100 1770 3139 RICUS
1800 3101 1923 3138 REX.

2199 1851 2355 1922 fuerit
2391 1850 2662 1922 uersatus,
2701 1868 2814 1904 eum
2857 1850 3026 1922 tradat
3067 1851 3224 1903 herus
3268 1850 3463 1922 legibus
3495 1856 3689 1921 punien-

2196 1919 2339 1976 dum.
2374 1919 2524 1985 Quod
2551 1922 2596 1974 si
2624 1921 3044 1991 reumjudicibus
3071 1922 3262 1975 sistere
3300 1919 3571 1989 distulerit,
3609 1939 3688 1978 no-

2196 1994 2324 2047 uerit
2343 2006 2398 2045 se
2422 1992 2593 2046 decem
2620 1990 2870 2045 librarum
2897 1993 3009 2045 auri
3040 1991 3317 2059 dispendio
3338 1992 3690 2047 mulctandum.

2196 2082 2446 2137 Animum
2493 2089 2757 2144 nostrum,
2783 2079 2971 2135 Patres
2991 2081 3324 2152 Conscripti,
3344 2082 3545 2153 reipub.
3568 2085 3691 2141 curis

2127 2177 2410 2239 calentem,
2461 2181 2518 2227 et
2560 2171 2897 2227 diversarum
2917 2173 3155 2240 gentium
3210 2172 3433 2228 consilia
3470 2189 3693 2243 perscrm

2130 2272 2351 2331 tantem,
2401 2263 2634 2334 pulsavit
2682 2263 2876 2333 smpius
2922 2264 3145 2333 querela
3193 2265 3544 2335 populorum,
3590 2274 3696 2321 orta

2132 2352 2347 2423 quidem
2377 2368 2442 2409 ex
2473 2354 2648 2409 causis
2676 2353 2901 2416 levibus,
2951 2355 3046 2410 sed
3089 2367 3292 2424 graves
3328 2357 3585 2411 eructavit
3608 2371 3695 2411 ex-

2129 2459 2333 2500 cessus.
2386 2443 2645 2514 Deplorat
2671 2445 2813 2501 enim
2843 2460 2939 2515 pro
2968 2446 3414 2515 spectaculorum
3441 2448 3699 2517 voluptate

2130 2536 2197 2590 ad
2226 2535 2547 2592 discriminis
2564 2551 2625 2592 se
2651 2536 2834 2591 ultima
2854 2537 3196 2608 pervenisse;
3230 2546 3292 2593 ut
3312 2537 3487 2607 legum
3507 2540 3697 2594 ratione

2128 2627 2358 2696 calcata,
2406 2627 2690 2698 desperate
2740 2636 3155 2698 persequeretur
3207 2628 3465 2686 innoxios
3508 2631 3701 2686 servilis

2128 2719 2277 2778 furor
2304 2729 2572 2787 armatus;
2620 2729 2676 2776 et
2721 2719 2865 2790 quod
2895 2720 3000 2775 illis
3027 2719 3345 2777 humanitas
3373 2730 3554 2777 nostra
3578 2722 3700 2777 lacti-

2130 2816 2218 2870 tite
2253 2829 2415 2869 causa
2461 2812 2728 2884 praestitit,
2763 2812 2815 2867 in
2847 2813 3115 2867 tristitiam
3165 2813 3400 2870 audacia
3444 2814 3702 2885 plectenda

2130 2905 2418 2961 convertit.
2450 2902 2606 2971 Quod
2631 2919 2730 2959 nos
2757 2903 3056 2958 clementiae
3102 2916 3314 2960 nostra
3352 2905 3511 2961 solita
3537 2906 3702 2975 provi-

2131 2999 2283 3054 sione
2311 2998 2733 3068 comprimimus,
2760 3012 2831 3052 ne
2848 2997 3116 3068 paulatim
3140 2998 3402 3063 sinendo,
3426 2999 3706 3068 graviorem

2129 3089 2404 3144 vindicare
2431 3101 2690 3156 cogamur
2718 3085 2999 3143 oll‘ensam.
3032 3086 3266 3158 Benigni
3307 3089 3508 3159 quippe
3535 3087 3702 3157 privet.

450 3171 565 3252 Hac
593 3171 813 3252 epistola
835 3172 1035 3252 sancit,
1062 3181 1120 3252 ut
1145 3173 1190 3225 si
1216 3175 1328 3252 quis
1356 3172 1623 3252 cujuslibet
1653 3175 1872 3252 generis
1893 3192 2022 3252 tanta
2051 3161 2096 3223 Ο
2127 3182 2213 3252 pis
2238 3190 2323 3235 est
2349 3195 2455 3235 non
2484 3189 2594 3234 tam
2631 3178 2825 3234 delicta
2846 3177 2987 3234 velle
3025 3180 3248 3247 Punire,
3297 3194 3462 3249 quam
3490 3178 3667 3237 tollere
3694 3195 3705 3228 :

517 3244 569 3296 in
599 3242 740 3312 agris
766 3243 873 3295 suis
893 3242 1127 3312 jacentia
1159 3242 1318 3312 muris
1354 3242 1626 3312 profutura
1655 3242 1928 3312 'Itabuerit,
1960 3248 2025 3300 li-

517 3311 645 3366 bens
664 3311 733 3365 ad
759 3312 1187 3369 instaurationem
1217 3311 1419 3366 urbium
1448 3311 1731 3384 impendat.

518 3423 684 3492 Digna
715 3430 799 3478 est
825 3424 1152 3479 constructio
1182 3424 1434 3491 civitatis,
1466 3426 1519 3480 in
1545 3441 1649 3499 qua
1673 3443 1732 3482 se
1753 3443 2026 3482 commen-

448 3516 542 3570 dat
568 3528 695 3571 cura
735 3514 930 3585 regalis
963 3531 976 3567 :
1008 3514 1133 3583 quia
1160 3514 1276 3569 laus
1300 3523 1382 3569 est
1414 3524 1712 3587 temporum
1748 3518 1847 3588 15
1877 3534 2030 3590 repa-

448 3607 585 3663 ratio
608 3604 821 3662 urbntm
847 3611 1177 3661 vetustarum
1208 3625 1220 3659 :
1248 3606 1301 3659 in
1328 3607 1524 3676 quibus
1551 3617 1607 3661 et
1634 3619 1855 3664 ornatus
1883 3611 2031 3680 pacis

448 3699 766 3770 acquiritur,
792 3706 847 3754 et
873 3698 1136 3753 bellorum
1177 3698 1469 3753 necessitas
1498 3709 1845 3769 prmeavetur.
1874 3700 2027 3756 Ideo-

448 3802 556 3858 que
584 3788 837 3858 prtesenti
859 3785 1103 3856 jussione
1127 3785 1401 3857 profutura
1432 3788 1721 3854 sancimus,
1751 3797 1813 3844 ut
1836 3789 1881 3843 si
1912 3794 2031 3860 quis

447 3876 732 3946 cujuslibet
774 3875 989 3945 generis
1035 3890 1197 3943 saxa,
1243 3876 1295 3929 in
1339 3876 1480 3941 agris
1509 3876 1620 3930 suis
1643 3875 2026 3950 jacentialms.

448 3966 607 4033 Aud.,
632 3962 980 4037 jacentibus],
1024 3964 1192 4019 muris
1229 3964 1481 4019 habuerit
1516 3962 1817 4035 profutura,
1856 3966 2032 4024 libens

447 4056 626 4111 animo
665 4058 781 4111 sine
817 4054 994 4126 aliqua
1038 4053 1298 4109 dilatione
1333 4055 1611 4110 concedat.
1650 4053 1755 4123 Qui
1783 4064 1911 4114 tunc
1939 4073 2031 4113 ve-

447 4146 561 4201 rius
588 4143 904 4217 possidebit,
934 4159 1057 4200 cum
1081 4144 1196 4200 base
1219 4144 1451 4200 civitatis
1468 4159 1580 4199 suae
1610 4145 1823 4201 utilitati
1852 4147 2031 4202 indul-

446 4236 599 4292 serit.
643 4234 783 4303 Quid
830 4235 975 4290 enim
1004 4242 1088 4291 est
1113 4234 1315 4304 gratius
1354 4249 1523 4304 quam
1564 4235 1748 4291 videre
1786 4252 2032 4294 crescere

447 4328 716 4399 publicum
747 4327 938 4393 decus,
974 4326 1063 4383 ubi
1091 4326 1330 4383 omnium
1367 4325 1569 4382 utilitas
1597 4328 1650 4381 in
1678 4328 2031 4397 generalitate

446 4418 823 4476 concluditur?
861 4417 931 4473 Et
971 4417 1097 4476 licet
1132 4425 1453 4490 praestentur
1494 4418 1637 4487 vilia,
1669 4420 1735 4474 ad
1781 4428 2031 4477 auctores

445 4523 575 4565 suos
605 4523 795 4578 magna
822 4518 950 4564 sunt
986 4508 1369 4565 commoditate
1404 4507 1658 4565 reditura.
1690 4509 1861 4566 Datur
1886 4511 2029 4566 enim
2060 4534 2105 4593 υ

445 4600 783 4674 plerumque,
828 4600 973 4670 quod
1011 4600 1203 4670 majori
1246 4600 1477 4655 utilitate
1517 4601 1792 4670 recipitur.
1814 4600 1893 4656 Et
1920 4600 2027 4657 l're-

443 4701 672 4763 quenter
699 4691 863 4746 homo
893 4692 1040 4746 lucra
1070 4707 1166 4746 sua
1196 4689 1589 4762 complectitur,
1622 4706 1742 4745 cum
1772 4707 2024 4747 necessa-

442 4785 526 4841 rio
552 4792 652 4856 pro
681 4783 940 4853 temporis
966 4783 1229 4852 qualitate
1258 4782 1499 4851 largitur.

948 4888 1285 4948 EPISTULA
1322 4891 1509 4947 XXIX.

439 5004 709 5045 UNIVERSIS
729 5001 1067 5045 LUCIISTANIS
1086 5000 1250 5039 SUPER
1266 4999 1492 5040 SONTIUI
1508 4998 1845 5040 CONS'I‘ITU'I’IS
1864 4999 2021 5039 τῐιεο-

1043 5071 1261 5111 υοιιιουε
1292 5071 1418 5110 κει.

439 5151 593 5208 lubet
618 5161 674 5206 ut
699 5160 953 5206 terrarum
998 5150 1172 5219 spatia
1206 5162 1321 5220 qua:
1348 5147 1558 5220 tendis
1569 5156 1727 5220 antea
1767 5146 2019 5199 licuerant

512 5220 875 5277 mutationibus
903 5218 1037 5286 suis,
1061 5236 1094 5273 a
1125 5218 1416 5288 possessore
1441 5218 1697 5271 vindicata
1725 5226 1905 5270 curent
1934 5233 2020 5270 re-

511 5293 675 5347 stitui.

511 5379 628 5437 Non
657 5381 874 5435 dubium
904 5388 987 5437 est
1012 5378 1078 5433 ad
1129 5377 1413 5433 utilitatem
1452 5378 1657 5446 reipub.
1691 5390 1878 5431 cursus
1920 5350 2019 5431 eu-

441 5470 671 5528 stodiam
701 5472 991 5540 pertinere,
1040 5484 1134 5541 per
1160 5483 1318 5539 quem
1353 5470 1551 5523 nostris
1595 5466 2019 5521 ordinationibus

515 5660 538 5686 ⁶¹
569 5648 731 5704 Multa
763 5649 816 5705 in
843 5650 981 5706 hanc
1000 5652 1319 5707 sententiam
1344 5651 1437 5705 lib.
1461 5667 1549 5706 vm
1573 5649 1633 5705 C.
1667 5649 1898 5714 Theod,
1927 5650 2009 5702 tit.

442 5717 503 5778 5.
524 5719 939 5775 constituuntur.
969 5721 1132 5776 Fons.
1859 5735 1868 5745 °

508 5794 540 5829 υ
568 5787 891 5846 Iutationes
920 5789 1039 5845 infr.
1065 5791 1155 5844 lib.
1189 5805 1258 5853 tv,
1309 5791 1466 5855 epist.
1500 5790 1585 5854 47,
1642 5799 1825 5858 postas
1855 5788 2013 5854 vulgo

2132 3287 2198 3326 ne
2236 3279 2327 3326 aut
2370 3268 2950 3339 acriter-vindicando,
2995 3269 3309 3325 :estimetur
3358 3271 3580 3334 nimius;
3626 3277 3705 3321 aut

2130 3360 2320 3416 leviter
2347 3360 2574 3432 agendo,
2607 3369 2825 3431 putetur
2848 3360 3204 3431 improvidus.
3234 3360 3416 3432 Atque
3445 3363 3563 3417 ideo
3590 3376 3708 3431 pue-

2130 3453 2269 3507 senti
2296 3451 2608 3507 deﬁnitione
2638 3452 2926 3517 sancimus,
2960 3459 3018 3505 ut
3044 3450 3091 3505 si
3120 3451 3434 3522 cuiuspiam
3464 3450 3710 3506 senatoris

2132 3543 2359 3598 famulus
2382 3543 2436 3597 in
2458 3543 2674 3611 ingenui
2696 3540 2841 3601 unde
2864 3540 3022 3596 fuerit
3045 3542 3286 3597 fortasse
3315 3550 3578 3605 versatus,
3602 3555 3712 3592 eum

2135 3636 2308 3691 tradat
2329 3635 2535 3705 legibus
2563 3635 2891 3705 impetitum;
2924 3642 2984 3689 ut
3009 3634 3141 3690 facti
3164 3635 3442 3704 qualitate
3469 3635 3713 3693 discussa,

2132 3725 2435 3798 proferatur
2457 3725 2579 3794 jure
2606 3725 2834 3779 valitura
2860 3725 3153 3780 sententia.
3188 3723 3249 3779 Si
3279 3739 3417 3779 vero
3443 3723 3574 3779 tanti
3602 3722 3713 3776 [κείς

2133 3819 2280 3874 noris
2327 3832 2476 3872 reum
2525 3816 2665 3871 mala
2700 3814 2814 3871 ﬁde
2856 3815 3108 3872 dominus
3149 3816 3381 3886 judiciis
3409 3823 3716 3886 prmsentare

2134 3910 2423 3980 distulerit,
2457 3909 2666 3967 noverit
2692 3923 2751 3964 se
2777 3907 2963 3965 decem
2992 3907 3265 3963 librarum
3298 3908 3419 3963 auri
3453 3903 3716 3977 dispendio

2132 4002 2542 4068 vulnerandum,
2590 4009 2646 4056 et
2691 4008 2890 4056 nostrae
2937 3999 3355 4069 ingratitudinis
3394 3999 3572 4073 [idest
3598 3997 3717 4051 indi-

2132 4092 2443 4166 gnationis],
2486 4092 2629 4163 quod
2658 4092 2828 4148 multo
2872 4092 3087 4162 gravius
3113 4100 3225 4158 est,
3260 4088 3508 4161 pericula
3530 4088 3717 4144 subitu-

2133 4202 2271 4240 rum.
2304 4186 2408 4242 Sed
2437 4194 2495 4240 ut
2523 4185 2863 4241 honestatem
2907 4182 3149 4239 omnium
3198 4199 3308 4255 par
3348 4183 3488 4239 libra
3515 4193 3719 4247 (:0!an

2134 4285 2314 4343 ncret,
2365 4285 2421 4332 et
2462 4275 2730 4333 clvilitatis
2769 4275 2915 4347 [mss.
2946 4284 2997 4329 et
3171 4277 3436 4342 Aecum,
3479 4264 3718 4338 civitatis]

2131 4368 2299 4437 gratis
2329 4367 2565 4424 reductis
2591 4367 2829 4422 moribus
2856 4367 3200 4433 conveniret,
3228 4368 3302 4423 ad
3321 4367 3582 4438 populum
3602 4376 3720 4433 quo-

2132 4473 2237 4528 que
2281 4468 2545 4531 prtecepta
2574 4466 2756 4514 nostra
2784 4458 3078 4514 direximus
3096 4500 3113 4527 ,
3161 4474 3294 4528 qua:
3325 4459 3484 4514 vobis
3510 4451 3718 4511 reserari

2133 4551 2363 4606 libenter
2387 4551 2788 4627 amplectimur;
2836 4560 2895 4605 ut
2925 4551 3192 4606 alterutra
3235 4550 3495 4620 jussione
3516 4553 3721 4619 pensata

2132 4644 2452 4698 resarciatur
2475 4642 2680 4698 civibus
2708 4642 2873 4698 scissa
2899 4643 3221 4697 concordia.
3257 4636 3501 4697 Proinde
3532 4636 3741 4694 nullum“

2130 4748 2161 4787 a
2192 4733 2624 4803 spectaculorum
2653 4733 2849 4802 gaudio
2881 4747 3257 4800 removemus,
3313 4731 3417 4787 sed
3464 4724 3725 4787 seditionis

2128 4824 2333 4879 semina
2380 4824 2638 4879 radicitus
2685 4832 3043 4895 amputamus.
3096 4821 3337 4879 Intersit
3391 4822 3555 4892 igitur
3598 4819 3723 4872 inter

2130 4914 2470 4986 splendorem
2496 4921 2732 4969 vestrum
2778 4927 3065 4981 moresque
3109 4912 3440 4968 mediocres
3471 4929 3485 4965 :
3516 4905 3724 4976 refugiat

2131 5007 2265 5062 tales
2294 5006 2605 5074 familiares,
2652 5005 2745 5076 qui
2789 5005 2895 5061 sint
2942 5003 3277 5073 injuriarum
3323 5001 3608 5059 ministri:
3644 4993 3723 5065 qui

2128 5099 2318 5155 honori
2364 5107 2545 5154 vestro
2578 5098 2814 5152 nitantur
2842 5094 3138 5163 ascribere,
3187 5093 3347 5164 quod
3398 5092 3721 5160 delinquuul.

2127 5204 2180 5251 et
2210 5195 2335 5248 dum
2380 5192 2627 5247 levitates
2670 5204 2794 5245 suas
2842 5202 3084 5243 asserere
3121 5186 3315 5256 (mss.,
3349 5180 3599 5250 exerere)
3639 5192 3726 5232 cu-

2127 5287 2299 5357 piunt,
2348 5292 2581 5336 vestram
2629 5279 2983 5335 reverentiam
3032 5278 3339 5349 implicare
3387 5268 3722 5333 contendunt.

2128 5374 2235 5428 Vos
2265 5374 2431 5435 enim,
2461 5387 2596 5440 quos
2626 5385 2838 5440 semper
2862 5370 3096 5437 gravitas
3127 5368 3326 5435 decet,
3358 5368 3534 5424 nolite
3561 5372 3727 5418 trucu-

2125 5465 2299 5519 lenter
2327 5463 2534 5531 insequi
2565 5463 2740 5516 inania
2785 5461 2949 5515 verba
2975 5460 3351 5530 populorum.
3404 5458 3466 5515 Si
3505 5453 3631 5527 quid
3652 5454 3729 5507 est

2121 5652 2334 5698 vocant.
2385 5642 2648 5697 Amtnian.
2689 5642 2985 5701 Marcellin.
3023 5644 3116 5699 lib.
3156 5661 3309 5707 xxi:
3348 5662 3368 5696 ι
3400 5640 3608 5697 Mature
3634 5634 3724 5707 def

2120 5717 2318 5775 cessit,
2366 5723 2655 5780 vectusque
2701 5716 2999 5780 mutatione
3043 5708 3245 5781 celere
3272 5704 3494 5771 cursus
3540 5704 3726 5781 publici

2125 5786 2377 5839 transitus
2407 5782 2627 5852 Alpibus
2649 5780 2823 5853 Juliis,
2852 5796 2954 5843 etc.
2996 5806 3014 5839 ι
3038 5780 3315 5845 Formati.
