3954 6178
290 326 396 384 599

1578 334 1937 393 VARIARUM
1976 337 2177 393 LIBER
2212 340 2252 394 Ι.

3456 341 3560 399 530

287 445 451 513 forte,
472 443 619 515 quod
650 459 881 517 pmnatn
904 454 1176 502 mereatur
1203 445 1513 509 admissum,
1547 446 1599 501 in
1640 447 1879 518 praefecti
1907 456 1951 513 Α
1982 451 2212 520 quadam
2242 453 2521 507 harmonia
2551 454 2771 509 citharae
2808 468 3100 509 concavum
3151 454 3417 509 theatrum
3462 470 3561 529 per

292 535 453 623 Urbis
477 540 729 594 notitiam
756 539 1061 605 deferatur;
1111 549 1170 594 ut
1210 540 1367 610 culpa
1397 539 1618 609 legibus,
1650 555 1757 594 non
1782 556 1878 611 per
1979 557 2075 597 vos
2098 554 2412 610 resonat,ut
2433 554 2591 600 tonos
2618 546 2788 615 possit
2815 546 3041 615 quilibet
3064 545 3283 602 credere
3299 545 3557 620 [subaudi,

285 637 669 699 prssumptam
697 638 1014 685 coerceatur
1040 630 1307 698 injuriam.
1335 628 1472 695 Quid
1501 630 1642 684 enim
1672 630 1876 689 discre-

283 725 436 791 pata
463 728 748 789 peccante,
780 720 873 790 qui
915 735 973 776 se
1000 736 1096 793 per
1140 736 1421 776 excessum
1467 721 1655 781 nititur
1700 721 1874 777 vindi-

280 814 450 869 caret
470 812 863 885 lmpmnitenda
888 824 975 871 est
999 814 1133 869 ultio
1166 815 1235 870 de
1262 815 1398 880 cive,
1430 829 1551 885 quas
1577 815 1644 870 de
1671 816 1876 884 legibus

279 905 458 971 venit;
489 913 545 961 et
567 906 900 962 excellenter
922 906 1133 962 videtur
1160 906 1230 963 de
1254 908 1471 978 pulsato
1490 909 1870 978 triumphasse,

276 992 373 1062 qui
392 993 570 1057 victor
595 995 978 1063 pronuntiatur
1006 1010 1037 1049 a
1058 994 1258 1064 judice.
1315 994 1461 1049 inter
1488 997 1632 1066 ipsos
1659 1011 1875 1066 quoque

278 1083 644 1151 adversarios,
677 1094 738 1141 ut
763 1085 932 1151 scitis,
964 1102 1072 1142 non
1101 1097 1253 1142 erant
1282 1087 1431 1157 prius
1456 1097 1663 1143 armata
1693 1097 1872 1144 certa-

276 1172 446 1240 mina,
475 1174 574 1230 sed
602 1175 795 1243 pugnis
819 1190 879 1230 se
907 1176 1202 1245 quamlibet
1226 1174 1426 1231 fervida
1460 1177 1761 1232 lacessebat
1789 1178 1869 1231 ins

277 1264 483 1329 lentio;
525 1262 672 1325 unde
696 1272 753 1321 et
779 1279 954 1335 pugna
981 1281 1181 1327 nomen
1207 1267 1418 1337 accepit
1446 1275 1496 1319 ι.
1533 1265 1723 1321 Postea
1764 1266 1870 1323 Be-

275 1355 363 1413 lus
404 1354 431 1393 b
476 1354 715 1411 ferreum
762 1355 997 1424 gladium
1042 1357 1246 1427 primus
1292 1358 1561 1427 produxit,
1591 1374 1620 1413 a
1662 1373 1770 1427 quo
1816 1368 1872 1415 et

278 1446 482 1505 bellum
529 1447 732 1516 placuit
759 1447 1046 1505 nominari.
1091 1446 1385 1504 Consilium
1432 1456 1609 1509 atrox,
1654 1449 1871 1504 crudele

276 1536 608 1609 praesidium,
656 1536 828 1592 ferina
874 1539 1225 1594 concertatio.
1255 1538 1386 1593 Nam
1414 1547 1471 1594 et
1497 1540 1545 1594 si
1573 1539 1757 1594 datum
1793 1540 1869 1595 illi

277 1636 361 1685 est
387 1628 540 1697 prius
580 1628 842 1683 inermem
860 1628 1029 1683 facile
1058 1629 1292 1694 vincere,
1326 1637 1504 1683 tamen
1532 1629 1742 1685 crimini
1772 1646 1868 1700 ap-

276 1717 588 1789 plicandum
613 1727 719 1785 est,
748 1718 893 1787 quod
941 1718 1066 1774 inde
1094 1719 1382 1788 posteritas
1422 1718 1600 1788 potuit
1628 1719 1867 1774 interire.

276 1808 394 1866 Non
419 1810 748 1880 permittatis
774 1824 905 1878 ergo
927 1825 956 1864 a
980 1809 1190 1867 famulis
1211 1810 1403 1867 vestris
1432 1808 1548 1864 ﬁeri
1578 1810 1633 1864 in
1663 1810 1869 1866 civibus
1904 1823 1944 1881 Β

277 1901 421 1974 quod
448 1902 625 1961 adhuc
652 1902 809 1956 debet
837 1904 889 1956 in
922 1902 1166 1957 hostibus
1192 1902 1453 1959 accusari.

737 2016 839 2086 ιθ
862 2013 1195 2069 EPISTOLA
1225 2012 1415 2068 χχχι.

580 2122 785 2162 POPULO
811 2122 1024 2161 ROMANO
1055 2121 1415 2161 THEODORICUS
1441 2122 1566 2161 REI.

275 2197 454 2255 Edicit
506 2207 561 2253 ut
590 2201 633 2252 si
662 2200 775 2270 quis
804 2216 869 2252 ea:
896 2200 1085 2270 populo
1116 2208 1315 2270 atroces
1358 2199 1582 2270 injurias
1609 2198 1662 2251 in
1689 2214 1866 2270 quem-

344 2270 489 2340 piam
534 2268 833 2327 senatorum
880 2268 1170 2340 pratulcrit,
1215 2268 1419 2340 noverit
1453 2285 1512 2323 se
1550 2284 1583 2321 a
1620 2269 1866 2339 pratfecto

337 2338 513 2419 prbis
541 2340 1058 2419 pro_qualitat_efaeti
1074 2338 1444 2419 plectendum;
1474 2347 1522 2393 et
1551 2339 1784 2419 prwcipit
1811 2347 1866 2395 ut

342 2407 656 2479 pantomimi
674 2407 956 2479 'prwﬁnilis
985 2407 1113 2463 locis
1140 2418 1278 2462 artes
1304 2424 1426 2463 suas
1455 2407 1747 2463 exerceant.

340 2498 664 2570 Spectacula
689 2500 1046 2571 voluptatum,
1081 2498 1319 2571 laetitiam
1349 2498 1594 2553 volumus
1621 2512 1741 2553 esse
1768 2480 1866 2570 po-

274 2593 558 2664 pulorum;
589 2607 689 2647 nec
727 2574 937 2661 erigere
965 2590 1128 2645 debet
1158 2600 1336 2645 motus
1366 2590 1589 2653 irarum,
1619 2589 1766 2660 quod
1795 2590 1863 2651 ad

273 2682 646 2739 remissionem
671 2682 835 2738 animi
880 2689 1094 2737 constat
1133 2682 1429 2736 inventum.
1465 2679 1590 2737 Ideo
1620 2679 1761 2738 enim
1783 2688 1866 2736 tot

272 2788 631 2845 expensarum
674 2789 810 2831 onus
834 2773 1095 2839 subimus,
1129 2781 1185 2827 ut
1213 2764 1523 2828 conventus.
1542 2780 1718 2826 vester
1754 2788 1863 2827 non

272 2867 341 2921 sit
369 2863 653 2920 seditionis
683 2864 959 2935 strepitus,
992 2863 1085 2919 sed
1113 2863 1261 2934 pacis
1289 2872 1529 2919 ornatus.
1561 2861 1737 2917 Mores
1764 2876 1863 2931 pe-

272 2953 519 3024 regrinos
543 2951 791 3022 abjicite;
841 2952 1084 3009 Romana
1113 2952 1183 3007 sit
1210 2967 1318 3006 vox
1345 2951 1539 3023 plebis,
1580 2965 1741 3023 quam
1770 2950 1863 3007 de-

272 3044 440 3101 lectet
481 3044 673 3099 audiri.
700 3043 957 3099 Convicia
989 3058 1091 3099 nec
1112 3042 1362 3122 gaudium
1394 3042 1632 3122 pariunt,
1663 3056 1764 3098 nec
1795 3041 1862 3098 de

271 3134 460 3191 ketitia
501 3143 870 3207 procreantur.
905 3131 1018 3190 Hoc
1047 3133 1147 3189 fuit
1189 3117 1356 3200 certe,
1382 3117 1525 3204 quod
1563 3132 1862 3204 culpabatis

1954 633 2176 707 potius]
2203 650 2362 706 quam
2392 638 2675 702 clamores.
2706 637 2952 707 Nunquid
2998 639 3139 696 inter
3167 641 3265 695 ista
3296 641 3423 696 rixae
3459 640 3553 698 de-

1975 735 2138 794 cent,
2199 734 2291 781 aut
2339 724 2664 783 inflammata
2710 728 3022 784 contentio?
3049 728 3281 798 Abjicite
3326 730 3555 797 furores,

1975 816 2101 879 laeti,
2138 818 2271 871 iram
2298 818 2592 888 gaudentes
2640 819 2932 874 excludite.
2966 818 3168 874 Taliter
3206 820 3347 876 enim
3391 823 3552 878 animi

1974 906 2200 961 aliorum
2224 908 2519 977 temperari
2546 916 2791 979 possunt,
2824 923 2944 964 cum
2986 908 3152 964 vestri
3196 909 3405 967 favores
3446 912 3552 985 [αἱ.

1974 995 2122 1064 Niv.,
2155 996 2414 1069 fautores]
2445 998 2680 1054 suaviter
2707 998 3012 1055 audiuntur.

2468 1133 2802 1192 EPISTOLA
2831 1135 3036 1193 XXXII.

1973 1257 2199 1299 AGAPITO
2239 1240 2262 1281 δ
2302 1258 2424 1299 νῐιιο
2461 1260 2701 1301 ιιιυςτιιι
2750 1263 3039 1305 ινιιλεηετο
3079 1266 3226 1307 URBIS
3263 1267 3551 1308 τιιεοῡοιῑι-

2638 1332 2732 1372 CUS
2759 1333 2886 1372 REX.

1973 1422 2131 1501 Illam
2162 1435 2334 1481 monet
2369 1443 2431 1501 se
2449 1428 2719 1497 scripsisse
2746 1429 2817 1501 ad
2852 1437 3089 1484 senatum
3114 1439 3164 1484 et
3190 1430 3259 1484 ad
3286 1432 3549 1501 papulttm,

2036 1497 2279 1573 jubetqtte
2306 1499 2433 1573 ut_si
2462 1516 2496 1573 ᾳ
2521 1514 2776 1573 quoguam
2803 1500 3033 1569 irrogata
3064 1502 3219 1573 fuerit
3242 1497 3443 1573 injuria
3464 1497 3550 1568 se;

2044 1569 2233 1629 notari,
2260 1568 2539 1651 confestim
2570 1568 2657 1622 ille
2699 1569 2866 1651 legum
2898 1568 3166 1651 severitate
3193 1568 3479 1651 plectatur;
3506 1574 3550 1628 si

2042 1654 2159 1690 vero
2188 1646 2403 1711 senator
2424 1655 2725 1710 quemquam
2754 1640 3031 1708 ingenuum
3043 1640 3263 1711 gnefaria
3306 1640 3443 1695 ca’de
3468 1658 3549 1696 ve-

2040 1709 2259 1780 xaverit,
2281 1709 2459 1780 statim
2486 1711 2729 1780 mulctam
2757 1711 3000 1780 excipiat.
3031 1709 3271 1764 Decernit
3299 1719 3550 1780 pra'tcrea

2038 1787 2096 1831 ut
2119 1775 2613 1850 Helladistshabeat
2647 1775 2993 1850 azqualitdtem
3026 1782 3272 1835 menstrui
3299 1775 3417 1834 cum
3442 1796 3547 1836 cc-

2042 1849 2162 1903 leris
2183 1848 2534 1919 pantomimis.

2040 1960 2261 2016 Eximize
2290 1959 2448 2018 Urbis
2474 1962 2779 2032 prtesulem,
2828 1961 2976 2031 pacis
3004 1964 3257 2018 convenit
3303 1977 3423 2020 esse
3450 1980 3549 2020 cu-

1966 2053 2198 2111 stodem.
2224 2052 2357 2108 Nam
2384 2068 2416 2107 a
2446 2067 2555 2122 quo
2581 2054 2773 2109 melius
2812 2054 3111 2108 moderatio
3138 2055 3293 2109 debet
3321 2057 3548 2125 sperari,

1966 2159 2127 2210 quam
2157 2144 2248 2199 cui
2290 2143 2464 2213 potuit
2487 2141 2658 2199 Roma
2701 2143 3001 2199 committi?
3050 2143 3142 2198 Illa
3188 2144 3333 2199 enim
3378 2154 3547 2201 mater

1967 2233 2205 2290 omnium
2233 2232 2547 2301 dignitatum
2580 2231 2723 2288 viros
2774 2232 2876 2287 sibi
2904 2232 3103 2301 gaudet
3130 2234 3417 2303 prtesidere
3443 2235 3546 2289 vir-

1968 2331 2161 2379 tutum.
2190 2321 2265 2377 Et
2295 2322 2418 2379 ideo
2436 2322 2637 2377 honori
2687 2330 2779 2376 tuo
2806 2322 2971 2377 debes
3008 2324 3217 2378 animos
3243 2338 3542 2394 exn-quare,

1966 2421 2027 2470 ut
2052 2412 2197 2483 quod
2243 2411 2442 2469 nostris
2485 2412 2711 2483 adeptus
2750 2426 2809 2468 es
2848 2411 3140 2477 beneficiis,
3191 2414 3296 2468 tuis
3342 2415 3545 2470 meritis

1965 2503 2234 2559 invenisse
2261 2502 2520 2558 credaris.
2569 2501 2997 2571 Circumspicere
3046 2510 3099 2557 te
3124 2504 3302 2571 decet,
3347 2518 3414 2559 ne
3439 2519 3545 2573 qua

1966 2593 2021 2649 in
2048 2593 2366 2665 spectaculis
2393 2593 2716 2655 seditionum
2742 2608 2905 2648 causa
2931 2603 3202 2660 nascatur,
3233 2596 3358 2665 quia
3393 2604 3543 2651 tuum

1967 2686 2293 2757 prtecunium
2320 2694 2402 2741 est
2430 2684 2660 2756 populus
2686 2685 2915 2755 quietus.
2949 2684 3032 2741 Sit
3075 2686 3363 2742 insultandi
3414 2703 3543 2744 con-

1964 2777 2191 2835 suetudo
2219 2776 2516 2843 moderata,
2566 2784 2628 2832 ut
2672 2792 2774 2833 nec
2820 2776 3054 2833 libertati
3103 2784 3287 2845 pereat
3313 2776 3542 2832 honesta

1964 2868 2200 2935 licentia,
2232 2881 2335 2923 nec
2359 2866 2500 2922 desit
2526 2865 2765 2921 moribus
2791 2865 3089 2936 disciplina.
3114 2865 3381 2932 Quocirca
3405 2868 3541 2922 sicut

1964 2959 2164 3017 nostris
2192 2957 2424 3014 oraculis
2451 2965 2507 3012 et
2549 2957 2935 3027 amplissimum
2969 2956 3212 3012 ordinem
3240 2954 3537 3024 docuimus,

1965 3059 2018 3107 et
2040 3049 2250 3121 plebem
2280 3050 2616 3105 decrevimus
2658 3048 2957 3117 admoneri,
3005 3049 3109 3105 hoc
3154 3057 3298 3105 tuam
3328 3063 3542 3120 quoque

1966 3139 2386 3209 magnitudinem
2415 3139 2705 3194 observare
2732 3154 3042 3205 censemus;
3074 3146 3132 3193 ut
3155 3138 3250 3194 sia
3270 3153 3539 3211 quoquam

270 3226 320 3282 in
352 3201 593 3283 exteros.
623 3225 801 3281 Nolite
826 3225 988 3282 modo
1019 3225 1149 3280 vitia
1182 3201 1485 3280 turbulenta
1516 3201 1858 3289 contrahere.
1889 3201 1935 3264 Ο
1966 3201 2199 3300 irrogata
2247 3227 2408 3284 fuerit
2451 3228 2645 3298 injuria
2692 3228 2969 3295 senatori,
3018 3201 3304 3283 confestim
3343 3201 3541 3298 loquax

270 3332 395 3387 quae
422 3318 619 3374 videtis
666 3317 800 3373 alios
831 3317 1111 3389 abjecisse.
1144 3318 1320 3387 Atque
1347 3317 1465 3373 ideo
1494 3315 1709 3371 etlictali
1733 3330 1861 3386 pro-

271 3418 576 3481 grammate
619 3409 902 3481 definimus
953 3410 1115 3485 (Vide
1148 3410 1238 3464 lib.
1271 3426 1419 3483 seq,
1442 3409 1593 3480 epist.
1622 3405 1711 3473 24,
1744 3406 1857 3477 25),

271 3511 329 3557 ut
355 3504 404 3558 si
434 3511 649 3559 atroces
680 3502 903 3572 injurias
949 3502 1003 3556 in
1048 3500 1358 3571 quempiam
1400 3500 1708 3555 senatbrum
1755 3512 1863 3553 vox

271 3593 474 3666 injusta
524 3592 950 3666 prmsumpserit,
999 3592 1207 3648 noverit
1247 3606 1306 3648 se
1336 3606 1365 3645 a
1407 3588 1660 3661 praefecto
1704 3585 1863 3643 Urbis

271 3687 484 3758 legibus
509 3686 862 3763 audiendum;
895 3693 953 3741 ut
999 3700 1098 3756 pro
1138 3682 1265 3739 facti
1311 3682 1574 3753 qualitate
1601 3680 1858 3748 discussa,

271 3780 511 3849 excipiat
560 3779 950 3849 promulgatam
994 3777 1115 3848 jure
1170 3776 1512 3832 sententiam.
1560 3772 1756 3829 Verum
1806 3781 1864 3831 ut

271 3885 437 3924 omne
465 3885 651 3925 semen
671 3868 953 3924 discordiae
977 3866 1215 3925 funditus
1236 3874 1566 3936 amputetur,
1589 3861 1863 3934 praefinitis

274 3960 409 4016 locis
454 3946 816 4030 pantomimos
856 3968 999 4015 artes
1029 3974 1152 4014 suas
1197 3972 1458 4013 exercere
1495 3955 1858 4026 praecipimus;

272 4052 415 4120 quod
441 4067 540 4108 vos
568 4052 772 4122 poterit
808 4052 1077 4129 instruere
1115 4051 1182 4106 ad
1208 4051 1515 4121 praefectum
1547 4046 1703 4121 Urbis
1732 4048 1856 4103 data

271 4143 588 4213 metatio.
613 4142 844 4199 Tantum
861 4152 966 4209 est,
982 4151 1038 4196 ut
1061 4142 1253 4197 animis
1267 4140 1574 4210 compositis
1594 4139 1863 4210 peragatis

270 4235 516 4290 laetitiam
541 4235 795 4291 civitatis.
824 4235 964 4290 Nihii
994 4244 1078 4290 est
1103 4232 1425 4303 enim,quod
1449 4232 1738 4289 studiosius
1766 4248 1862 4288 vos

269 4342 493 4389 servare
512 4328 760 4398 cupimus
787 4343 947 4398 quam
970 4337 1269 4385 vestrorum
1288 4324 1395 4399 [ed.
1421 4321 1473 4377 Ν
1479 4325 1570 4389 io.,
1599 4320 1861 4393 virorum]

271 4431 519 4478 veterum
548 4421 916 4491 disciplinam;
943 4429 1002 4476 ut
1041 4418 1185 4490 quod
1212 4419 1280 4474 ab
1322 4416 1555 4486 antiquis
1598 4415 1863 4473 laudabile

269 4528 491 4585 semper
515 4514 800 4583 habuistis,
849 4513 949 4569 sub
982 4512 1136 4568 nobis
1163 4509 1344 4580 potius
1368 4507 1633 4577 augeatis.
1664 4506 1863 4564 Soletis

1963 3322 2239 3377 temeritas
2278 3320 2456 3389 legum
2484 3319 2771 3375 severitate
2800 3317 3084 3390 plectatur.
3134 3317 3191 3373 Si
3226 3332 3356 3373 vero
3385 3333 3540 3372 sena-

1964 3422 2069 3479 tor,
2114 3410 2385 3469 civilitatis
2430 3411 2732 3479 immemor,
2772 3425 3095 3479 quemquam
3127 3410 3410 3478 ingenuum
3441 3426 3539 3464 ne-

1965 3502 2095 3559 faria
2126 3501 2314 3558 fecerit
2334 3499 2487 3574 caede
2523 3500 2727 3564 vexari,
2772 3500 3017 3570 protinus
3056 3500 3317 3557 relatione
3364 3510 3539 3555 trans-

1962 3595 2124 3651 missa
2154 3594 2505 3665 perennitatis
2534 3602 2732 3648 nostrae
2775 3592 3028 3647 mulctam
3078 3592 3354 3662 perculsus
3396 3592 3539 3651 exci-

1962 3686 2095 3758 piat.
2151 3684 2493 3741 Memiuerint
2546 3684 2688 3739 enim
2749 3684 2928 3739 cuncti
2979 3683 3057 3738 sic
3116 3683 3565 3754 spectaculorum.

1964 3778 2138 3834 studia
2165 3788 2457 3848 partesque
2486 3775 2747 3841 dividere,
2793 3784 2853 3829 ut
2880 3775 2932 3829 in
2963 3775 3135 3847 patria
3163 3774 3394 3830 debeant
3419 3790 3538 3831 esse

1964 3869 2295 3936 concordes;
2326 3883 2428 3923 nec
2450 3867 2516 3921 ad
2545 3866 2649 3921 hoc
2676 3867 3007 3937 voluptatum
3028 3866 3126 3920 sibi
3155 3866 3396 3921 exhiberi
3423 3879 3539 3921 cer-

1965 3961 2188 4025 tamina,
2237 3967 2296 4013 ut
2335 3957 2526 4014 exinde
2556 3957 2763 4011 hostilis
2792 3956 2868 4010 ira
2900 3956 3182 4011 fervescat.
3221 3954 3441 4022 Verum,
3472 3970 3540 4012 ne

1965 4054 2190 4123 posthac
2235 4050 2339 4105 ulla
2386 4050 2555 4121 possit
2582 4050 2773 4104 iterum
2818 4048 3018 4104 furiosa
3044 4049 3316 4104 contentio
3347 4065 3541 4120 prove-

1967 4144 2099 4206 nire,
2131 4141 2407 4198 Helladius
2436 4140 2505 4195 de
2534 4140 2733 4208 medio,
2788 4139 3111 4211 voluptatem
3164 4141 3374 4213 populis
3402 4157 3540 4213 pra:-

1965 4244 2217 4301 staturus,
2254 4234 2526 4288 introeat:
2557 4232 2837 4287 habiturus
2875 4232 3240 4300 aequalitatem
3283 4237 3541 4291 menstrui

1964 4344 2084 4383 cum
2116 4327 2324 4383 ueteris
2350 4326 2583 4396 partium
2613 4324 2988 4395 pantomimis]
3013 4322 3137 4379 Niv.
3158 4333 3210 4378 et
3239 4322 3416 4390 Gam.,
3443 4325 3537 4380 Gr.

1965 4431 2015 4474 et
2040 4418 2179 4489 Cuj.,
2228 4417 2435 4472 Prasini
2467 4414 2848 4486 pantominus].
2882 4413 3014 4469 Illud
3037 4416 3217 4479 etiam,
3246 4415 3390 4484 quod
3419 4431 3540 4471 cre—

1968 4510 2092 4564 bras
2117 4509 2258 4565 inter
2284 4521 2379 4561 eos
2408 4504 2697 4560 seditiones
2725 4503 2975 4571 exagitat,
3019 4503 3266 4572 praesenti
3303 4504 3541 4573 jussione

269 4607 419 4662 enim
445 4621 578 4662 aera
616 4608 731 4677 ipsa
776 4603 1044 4663 ntelliﬂuis
1091 4602 1314 4673 implere
1351 4600 1676 4657 clamoribus
1708 4609 1754 4665 ο,
1804 4606 1862 4653 et
1890 4597 1939 4656 Ι)
1962 4599 2264 4661 definimus,
2294 4604 2355 4651 ut
2381 4602 2651 4649 amatores
2678 4591 2927 4657 llclladii,
2958 4607 3117 4663 quem
3139 4592 3207 4647 de
3231 4593 3409 4648 medio
3437 4593 3541 4648 sal-

270 4711 382 4751 uno
404 4712 546 4754 sono
574 4696 773 4763 dicere,
801 4698 946 4768 quod
972 4697 1114 4767 ipsas
1136 4711 1352 4766 quoque
1392 4695 1599 4750 belluas
1623 4692 1858 4748 delectet

266 4787 491 4855 audire;
545 4789 797 4860 profertis
829 4806 991 4846 voces
1017 4804 1222 4858 organo
1250 4788 1547 4853 dulciores;
1577 4794 1633 4841 et
1662 4785 1733 4839 ita
1758 4786 1858 4838 sub

340 4993 369 5020 ι·
401 4982 446 5036 Δ
474 4995 659 5053 pugno
686 4995 897 5053 nempe.
928 4980 1089 5053 Caius
1129 4979 1322 5049 pignus
1362 4994 1590 5053 quoque
1617 4988 1856 5053 apugno

266 5049 603 5125 appellatum
653 5051 1041 5125 scribittguia
1078 5066 1334 5125 res‘quae
1360 5049 1598 5125 pignori
1638 5049 1859 5125 dantur,

266 5116 441 5195 manu
467 5122 771 5195 capiuntur,
806 5121 841 5175 l.
858 5116 971 5195 Δ238
994 5120 1143 5195 plebs
1170 5116 1411 5195 de'verb'.
1434 5118 1610 5186 signif.
1638 5116 1857 5195 donatio

264 5207 370 5247 seu
398 5186 581 5259 δῶρα),
612 5208 642 5244 a
668 5191 822 5251 doro,
858 5192 906 5244 id
936 5186 1018 5245 est
1043 5192 1242 5259 palmo,
1272 5190 1396 5256 quia
1428 5202 1648 5242 munera
1677 5186 1854 5259 ohla_ta

265 5277 441 5331 ἔναυ
465 5254 793 5331 imperentur
813 5302 827 5324 ,
878 5270 938 5331 ut
969 5254 1239 5331 Vitruvius
1266 5254 1436 5314 Pellio
1468 5261 1557 5331 lib.
1591 5274 1659 5331 tt,
1709 5270 1769 5331 c._
1789 5255 1851 5331 ὃς

267 5329 418 5389 Plin.
448 5328 553 5388 lib.
577 5346 741 5395 xxxv,
791 5347 839 5386 c.
876 5329 942 5383 Η
971 5349 984 5383 :
1015 5346 1124 5395 quo
1163 5330 1390 5383 allusum
1420 5346 1448 5384 a
1482 5329 1646 5385 Paulo
1685 5328 1855 5383 videri

265 5406 450 5475 possit
478 5404 531 5456 in
550 5399 984 5475 _l._55,_senatus,
1012 5397 1263 5475 dement.
1290 5415 1436 5455 caus.
1461 5400 1587 5475 don.
1618 5397 1850 5475 ﬂanimea.

344 5472 377 5511 δ
409 5471 565 5539 Quod
593 5469 942 5540 Cassiodorus
971 5470 1129 5540 patri,
1160 5468 1391 5524 Isidorus
1422 5472 1601 5540 tribuit
1631 5466 1740 5540 ﬁlio
1761 5467 1853 5520 lib.

266 5537 513 5604 xvac.
549 5542 602 5601 1,
632 5540 863 5605 Etyntol.
895 5537 1105 5593 Primus
1130 5540 1267 5593 bella
1295 5540 1469 5593 intulit
1501 5539 1667 5593 Ninus
1692 5537 1859 5605 Assy-

265 5602 482 5686 t'iortlm
511 5626 627 5665 rex.
646 5602 872 5686 “Sttidas
897 5609 1034 5686 cipue
1067 5611 1284 5686 proprie
1367 5611 1594 5683 σιδηρος,
1623 5602 1861 5686 ςημαίῦες.

265 5683 323 5737 δὲ
360 5688 450 5738 καὶ
477 5686 566 5739 τὸν
591 5684 811 5750 πόλεμον
835 5696 848 5733 :
872 5676 1129 5749 quoniam
1157 5676 1208 5734 iu
1238 5680 1380 5736 bello
1412 5676 1517 5734 non
1544 5678 1738 5750 verbis,
1768 5676 1861 5730 sed

266 5750 424 5834 (aut)
451 5748 743 5834 opusnest:
778 5753 825 5804 ἐν
863 5759 934 5834 τῷ
965 5752 1163 5834 adligat
1187 5756 1287 5834 γᾴρ
1314 5754 1372 5834 εὐ
1574 5749 1675 5804 ἀλλ’
1708 5748 1788 5831 ξρῃ
1799 5767 1861 5800 ου

270 5828 460 5893 χρεία.
486 5806 557 5877 Et
582 5820 867 5886 Homerus,
902 5806 947 5875 ἓν
972 5806 1419 5899 γὰρ’χζ-ρξίτέλπ
1445 5806 1676 5891 gem.“
1706 5806 1861 5874 έξτξων
1906 5864 1931 5887 Χ

1966 4700 2081 4747 tare
2109 4687 2459 4760 przecepimus
2476 4726 2489 4749 ,
2521 4684 2640 4739 sine
2668 4682 2943 4750 utriusque
2970 4683 3137 4751 partis
3165 4682 3372 4749 studio,
3415 4698 3510 4753 Spe

1962 4778 2142 4837 ctandi
2173 4777 2275 4846 eis,
2301 4775 2393 4832 ubi
2420 4773 2741 4844 delegerint,
2765 4772 2929 4827 libera
2960 4772 3031 4827 sit
3060 4771 3300 4829 facultas.
3334 4771 3390 4826 Si
3414 4787 3539 4827 vero

1960 4973 2006 5029 δ’
2044 4976 2113 5046 ἑνὶ
2154 4976 2327 5046 paulo.
2376 4970 2691 5046 Eustathius
2737 4970 2789 5023 in
2820 4967 3100 5046 llomcric.
3124 4968 3253 5046 illud
3296 4967 3446 5025 Iliad.
3478 4994 3535 5032 π,

2018 5035 2240 5128 dixit:
2282 5035 2483 5128 ξρηεξ
2515 5040 2981 5128 veneﬁcu-
3008 5038 3140 5094 νίιίθ
3166 5037 3456 5096 νπτοηθτη
3484 5050 3537 5096 εί

1963 5066 2240 5168 ἔαλκιος
2286 5066 2439 5128 αρης
2468 5066 2483 5095 ξ
2534 5066 2574 5097 υ
2602 5066 2806 5114 σιοηρος
2835 5066 2962 5114 αρης

2009 5122 2183 5170 estum
2205 5131 2259 5170 in
2289 5114 2416 5171 dict.
2445 5111 2701 5167 duellum.
2732 5109 2967 5166 Fanum.

2035 5193 2057 5224 ε
2090 5184 2421 5239 Acclamatio
2457 5190 2512 5237 ct
2538 5182 2754 5251 plausus
2775 5188 2891 5235 erat
2911 5193 2992 5251 ex_
3007 5187 3145 5247 arte,
3174 5186 3228 5232 et
3256 5176 3541 5251 Quiritium

1959 5256 2275 5326 composita:
2303 5248 2698 5321 modulateque
2724 5264 2902 5305 voces.
2949 5248 3319 5326 iluneautem
3350 5250 3540 5326 mod“-

1962 5315 2125 5383 latum
2155 5325 2445 5381 clamorem
2469 5315 2789 5388 concentum
2811 5318 3044 5388 appellat
3072 5315 3273 5373 Plinius
3295 5320 3348 5372 in
3372 5315 3541 5375 Pane-

1963 5396 2166 5466 gyrico.
2197 5392 2261 5448 Et
2306 5391 2533 5464 populus
2560 5390 2773 5460 quidem
2804 5388 3076 5466 Romanus
3103 5388 3354 5445 dilectum
3389 5391 3533 5466 prin-

1962 5458 2136 5533 cipem
2182 5458 2394 5527 servat;
2420 5458 2741 5533 quantoque
2769 5459 2929 5533 paulo
2972 5466 3096 5513 ante
3120 5458 3404 5533 concentu
3426 5458 3534 5517 for-

1964 5527 2172 5588 ntosum
2200 5533 2382 5596 alium,
2416 5527 2559 5584 hunc
2586 5527 2931 5583 fortissimum
2961 5538 3237 5598 personat.
3267 5529 3451 5586 Bnoss.

2036 5602 2061 5639 ιι
2109 5602 2293 5656 Eidem
2343 5601 2601 5668 rescripta
2646 5608 2728 5668 est
2773 5598 2996 5667 epistula
3045 5610 3195 5655 sexta
3246 5601 3402 5668 hujus
3446 5601 3539 5657 lib.

1966 5673 2240 5743 Praecipue
2265 5681 2443 5725 autem
2474 5667 2839 5743 Theudoricus
2875 5671 3164 5743 seditiones
3203 5671 3253 5743 in
3283 5667 3421 5743 ludis
3442 5687 3538 5743 ex-

1965 5744 2119 5799 citari
2139 5738 2333 5797 solitas
2352 5740 2621 5809 compesci
2642 5754 2672 5793 a
2694 5738 2947 5809 praefecto
2973 5739 3099 5794 Urb.
3129 5742 3316 5796 voluit.
3340 5738 3543 5798 Eodem

1966 5824 2181 5883 spectat
2209 5812 2363 5880 epist.
2393 5811 2459 5864 it
2486 5808 2642 5882 hujus
2665 5809 2757 5865 lib.
2790 5808 3025 5866 Fonnea.
