3954 6178
300 282 407 366 ⁵ἓ⁵

1612 274 1972 333 VARIARUM
2013 271 2213 327 LIBER
2246 269 2292 325 Ι.

3469 273 3575 329 δδι

302 398 462 456 deant
490 404 715 471 paterna
738 398 957 456 servitia
978 397 1292 455 contulisse.
1324 395 1506 453 Prosit
1531 409 1661 466 ergo
1680 395 1887 466 generi,
1917 388 1973 456 A‘
1994 393 2150 449 sione
2176 404 2525 464 pmtamus;
2557 402 2617 451 ut
2653 410 2757 452 nec
2801 393 3010 464 legibus
3036 402 3092 451 te
3135 392 3437 457 subtrahat,
3478 406 3579 449 nec

302 490 447 562 quod
489 490 668 560 potuit
696 491 854 547 unius
881 489 1172 546 devotione
1207 488 1489 559 praestari:
1519 488 1646 558 quia
1682 486 1887 557 majora

304 599 403 639 nos
446 582 607 639 decet
650 583 909 651 tribuere,
938 596 1101 652 quam
1130 581 1415 635 videamur
1454 595 1485 634 a
1532 578 1890 634 servientibus

305 676 597 746 accepisse.
621 674 723 730 Hic
746 673 918 749 [Niv.,
946 672 1092 744 Haec]
1112 671 1390 744 aequalitas
1407 670 1631 739 aequitas
1651 685 1757 724 non
1784 677 1890 735 est,

302 762 401 820 sed
443 779 571 835 pars
609 773 795 821 nostra
838 763 1133 834 iustissime
1178 768 1388 835 pensat,
1446 776 1569 817 cum
1617 758 1890 816 reddendo

302 855 427 927 plus
453 854 617 913 fuerit
642 864 889 913 onerata.

788 1006 1117 1063 EPISTOLA
1156 1006 1415 1063 XXXVII.

693 1116 857 1157 CRISPI
866 1117 965 1157 εὶΝο
993 1116 1359 1157 τηεουοιιιευε
1388 1117 1514 1156 REX.

304 1190 468 1246 Illum
489 1191 552 1245 ab
578 1194 766 1249 exsilio
788 1203 1011 1260 revocat,
1046 1195 1095 1249 si
1122 1210 1297 1249 revera
1335 1195 1389 1247 in
1414 1193 1667 1246 adulterio
1713 1191 1893 1260 deprc-

374 1264 888 1335 hensumpcciderit,
919 1275 970 1319 et
997 1265 1145 1334 jubet
1180 1275 1238 1319 ut
1265 1265 1485 1335 pecunia
1523 1264 1738 1335 Agnalia
1758 1263 1893 1335 [ide-

374 1335 568 1403 iussori
595 1333 857 1416 Crispiani
879 1352 909 1386 a
930 1332 1123 1416 vir-ario
1151 1332 1435 1416 prbis
1463 1334 1540 1416 uel
1571 1332 1696 1404 ejus
1724 1332 1891 1402 ofﬁcio

372 1412 580 1475 extorta
594 1403 927 1470 restituatur;
952 1405 1127 1475 illique
1147 1403 1403 1459 Candacis
1425 1403 1691 1459 tuitionem
1711 1410 1892 1458 contra

371 1473 630 1546 quoslibet
647 1475 863 1544 impetus
883 1473 1117 1543 prastat.

372 1584 634 1652 Quamvis
661 1585 934 1641 homicidii
966 1586 1170 1642 facinus
1207 1587 1413 1657 primus
1452 1586 1754 1644 detestetur
1798 1601 1892 1641 au-

301 1678 473 1745 ditus,
503 1684 561 1733 et
587 1684 869 1732 cruentam
901 1692 1119 1731 manum
1147 1677 1289 1732 oculi
1334 1675 1605 1746 refugiant
1641 1675 1893 1746 judican-

1988 483 2183 539 iterum
2212 494 2401 543 contra
2420 487 2543 558 jura
2571 486 2783 557 publica
2811 485 3060 542 laborare
3088 485 3379 557 permittat.

2461 595 2792 653 EPISTOL'A
2829 596 3112 653 XXXVIII.

2062 703 2241 744 conon:
2272 688 2406 763 [alii,
2440 705 2679 757 COINONI,
2716 690 2832 751 alii,
2876 687 3075 761 morti]
3101 704 3227 746 vnto
3248 705 3511 747 ssnuom

2508 774 2876 817 TBBODORICUS
2921 776 3050 816 REX.

1997 848 2241 918 Pracipit
2288 859 2344 922 ut
2387 848 2524 922 bona
2562 847 2811 922 Viriliani
2849 852 3071 922 nepotis,
3109 866 3226 922 qua:
3272 867 3376 922 non
3429 854 3581 909 modo

2062 934 2166 973 non
2188 918 2498 989 ampliandi,
2521 918 2612 972 sed
2632 920 2789 973 etiam
2809 918 3077 974 minuendi
3104 918 3275 977 studio
3298 921 3580 989 detinebat,
3658 940 3667 945 ί

2062 990 2441 1061 quamprimum
2460 989 2722 1043 restituat.

2062 1103 2180 1158 Non
2226 1110 2309 1159 est
2350 1103 2691 1169 beneﬁcium,
2723 1103 2869 1173 quod
2898 1111 3188 1174 prtestatur
3217 1104 3434 1161 invitis:
3479 1122 3581 1161 nec

1989 1196 2240 1263 cuiquam
2262 1194 2475 1251 videtur
2503 1194 2654 1261 utile,
2685 1194 2831 1265 quod
2859 1194 3086 1251 adversa
3124 1196 3403 1251 voluntate
3452 1212 3583 1252 con—

1993 1284 2218 1341 ceditur.
2249 1283 2403 1340 Unde
2433 1285 2801 1356 spectabilitas
2825 1293 2916 1340 tua
2946 1285 3190 1341 Viriliani
3212 1287 3342 1360 [ed.,
3376 1287 3582 1360 llilarii]

1992 1376 2347 1432 adolescentis
2376 1377 2589 1448 nepotis
2620 1378 2695 1433 tui
2725 1387 3019 1448 cognoscat
3058 1394 3157 1433 nos
3192 1379 3431 1448 querelis
3454 1394 3581 1449 gra-

1993 1466 2147 1521 vibus
2190 1468 2482 1537 expetitos,
2537 1468 2680 1538 quod
2722 1483 2810 1524 res
2851 1470 3019 1538 patris
3062 1469 3200 1539 ejus,
3245 1486 3354 1526 non
3397 1471 3585 1527 melio-

1993 1557 2149 1612 randi
2197 1573 2387 1625 causa,
2428 1559 2523 1615 sed
2567 1558 2931 1615 dcterioraudi
2967 1568 3096 1616 voto
3142 1560 3405 1617 detineas.
3448 1560 3584 1628 Qua-

1994 1658 2219 1720 pmpter
2265 1648 2528 1721 quidquid
2576 1665 2645 1706 ex
2685 1649 2809 1720 jure
2858 1658 3162 1707 memorato
3204 1659 3260 1707 te
3314 1659 3584 1706 retentare

301 1740 469 1837 ωωζ
500 1770 627 1840 quia
675 1769 970 1840 proclivior
1016 1768 1085 1824 ad
1133 1740 1557 1825 misericordiam
1604 1740 1691 1823 via
1736 1768 1894 1824 bonis
1927 1769 1971 1829 Β
1997 1740 2300 1809 θοεηθδθίδν
2329 1741 2447 1840 δίη-θ
2474 1740 2654 1840 alii!“
2683 1741 2943 1840 dum?“
2970 1742 3309 1840 τθδίίιυθὶθί
3351 1756 3442 1799 res

301 1861 579 1917 mentibus
624 1876 839 1931 semper
874 1869 1059 1931 patet,
1104 1869 1279 1916 tamen
1318 1860 1540 1929 jnstitia:
1582 1860 1893 1916 considera-

301 1954 452 2009 tione
482 1952 785 2008 librandum
811 1961 913 2016 est,
938 1966 1042 2021 qua
1065 1952 1261 2023 cuique
1286 1952 1379 2006 ﬁat
1405 1952 1598 2022 injuria
1629 1950 1893 2007 nefarium

302 2043 508 2109 scelus,
542 2043 704 2113 quod
734 2058 872 2099 nova
919 2041 1234 2099 infelicitate
1276 2043 1504 2098 fortuna:
1548 2042 1893 2098 commissum

302 2143 385 2191 est
410 2153 426 2190 :
459 2142 589 2190 tunc
612 2135 719 2191 erit
745 2134 1032 2190 detestatio
1062 2142 1399 2199 cunctorum,
1429 2134 1474 2189 si
1502 2150 1563 2191 se
1591 2143 1771 2191 servet
1812 2134 1894 2188 in-

301 2226 549 2282 noxium.
574 2225 704 2292 Quis
723 2225 864 2280 enim
908 2224 1046 2280 ferat
1083 2225 1355 2280 hominem
1384 2224 1453 2279 ad
1481 2225 1627 2293 leges
1657 2224 1893 2294 trahere,

301 2319 395 2388 qui
423 2316 758 2371 matrimonii
788 2316 935 2371 nisus
961 2324 1045 2371 est
1066 2314 1191 2385 jura
1219 2314 1459 2371 violare?
1496 2314 1647 2370 Feris
1676 2314 1893 2371 insitum

302 2419 389 2467 est
414 2410 673 2481 copulam
700 2424 852 2464 suam
872 2415 1117 2465 extrema
1145 2407 1551 2464 concertatione
1571 2407 1890 2463 defendere:

301 2505 430 2557 dum
461 2502 715 2558 omnibus
755 2507 839 2557 est
884 2500 1248 2556 animantibus
1293 2488 1597 2568 inimicum,
1617 2501 1762 2572 quod
1807 2517 1898 2557 na-

302 2593 467 2647 turali
498 2592 616 2662 lege
654 2591 960 2647 damnatur.
994 2590 1247 2647 Videmus
1279 2599 1462 2647 tauros
1502 2591 1729 2649 feminas
1770 2608 1896 2650 suas

301 2684 554 2741 cornuaﬁ
593 2684 1003 2740 concertatione
1030 2682 1355 2752 defendere;
1400 2683 1600 2747 arietes
1638 2697 1738 2754 pro
1784 2685 1896 2741 suis

303 2777 501 2832 ovibus
528 2775 835 2846 capitaliter
861 2774 1135 2840 insaevire;
1159 2788 1328 2844 equos
1355 2773 1638 2844 adjunctas
1664 2775 1765 2832 sibi
1812 2775 1894 2832 fe-

304 2868 486 2922 minas
513 2865 756 2938 colaphis
784 2880 851 2921 ac
876 2864 1147 2921 morsibus
1172 2863 1460 2919 vindicare.
1499 2864 1574 2919 lta
1604 2880 1703 2935 pro
1730 2880 1897 2937 copu-

306 2957 433 3013 latis
473 2956 579 3011 sibi
627 2955 834 3011 animas
860 2962 1087 3026 ponunt,
1120 2953 1211 3024 qui
1254 2954 1580 3009 verecundia
1627 2970 1737 3012 non
1781 2971 1900 3011 mo~

307 3053 525 3102 ventur.
558 3042 736 3101 Homo
764 3052 943 3100 autem
973 3043 1426 3114 quemadmodum
1466 3044 1702 3115 patiatur
1747 3043 1900 3100 adul-

308 3139 511 3196 terium
560 3136 790 3192 inultum
810 3135 1117 3205 relinquere
1133 3145 1178 3203 α,
1203 3134 1347 3206 quod
1374 3136 1445 3191 ad
1462 3144 1723 3193 :eternum
1743 3152 1899 3192 suum
1930 3149 1972 3206 ρ

307 3228 547 3284 dedecus
567 3227 908 3296 cognoscitur
929 3226 1175 3283 omisisse
1204 3226 1307 3301 [ed.
1327 3225 1452 3283 Niv.
1477 3236 1528 3283 et
1548 3227 1724 3298 Gam.,
1748 3243 1902 3284 com—

310 3314 588 3389 misisse]?
615 3315 684 3370 Et
711 3315 837 3372 ideo
864 3317 910 3373 si
932 3316 1127 3373 oblata:
1150 3317 1427 3388 petitionis
1453 3318 1677 3375 minime
1709 3320 1785 3374 sis
1810 3335 1905 3373 ve-

312 3410 479 3463 ritate
501 3407 816 3464 fraudabtlis
844 3406 972 3480 [ed.,
997 3409 1228 3464 veritate
1253 3408 1561 3481 fraudaris],
1599 3418 1654 3465 et
1678 3411 1905 3480 genialis

312 3499 456 3554 thori
479 3498 751 3553 maculam
768 3498 1092 3570 deprehensi
1121 3499 1372 3557 adulterii
1399 3502 1661 3571 sanguine
1679 3502 1903 3572 diluisti,

311 3605 415 3647 nec
448 3590 554 3646 sub
581 3597 845 3661 praetextu
875 3599 1115 3647 cruenta:
1163 3593 1362 3648 mentis
1410 3608 1627 3650 causam
1680 3596 1902 3665 pudoris

313 3674 583 3749 intendis,
613 3682 682 3738 ab
709 3684 899 3739 exsilio
938 3684 1084 3754 quod
1127 3684 1223 3741 tibi
1268 3695 1485 3742 constat
1522 3687 1801 3755 inllictum,
1852 3701 1907 3748 te

313 3774 659 3846 praecipimus
684 3774 918 3830 alienum
944 3793 957 3829 :
1001 3777 1257 3845 quoniam
1284 3793 1385 3848 pro
1423 3794 1611 3836 amore
1640 3782 1909 3852 pudicitia:

313 3865 598 3933 porrigere
620 3863 820 3920 ferrum
850 3864 1076 3932 maritis,
1106 3881 1214 3921 non
1241 3873 1326 3923 est
1360 3866 1507 3937 leges
1534 3869 1765 3937 calcare,
1812 3871 1908 3928 sed

315 3954 576 4010 condere.
606 3953 686 4009 Ita
711 3962 915 4023 tamen,
946 3964 1005 4011 ut
1025 3956 1070 4012 si
1100 3956 1370 4026 legitimus
1390 3959 1661 4016 exstiterit
1687 3976 1907 4019 accusa-

316 4054 422 4115 tor,
453 4046 525 4102 de
571 4044 698 4102 facti
724 4047 801 4102 tui
846 4048 1106 4118 qualitate
1134 4056 1188 4104 te
1228 4050 1443 4106 noveris
1468 4050 1819 4117 audiendum;
1849 4062 1909 4108 ut

313 4138 359 4191 si
410 4136 667 4193 innoxios
711 4138 1009 4208 peremisti,
1050 4139 1256 4195 crimen
1304 4140 1517 4210 publica
1571 4141 1908 4199 districtione

314 4238 614 4286 resecetur.
670 4228 727 4284 Si
769 4230 909 4286 male
952 4230 1116 4287 initos
1166 4234 1481 4303 complexus
1536 4235 1906 4293 adulterorum

312 4331 493 4377 morte
549 4319 809 4388 divisisti,
857 4322 1156 4379 aestimetur
1220 4325 1401 4399 potius
1462 4326 1690 4383 vindicta
1742 4343 1907 4398 quam

312 4411 492 4483 culpa.
531 4409 591 4467 Si
617 4412 739 4481 quis
766 4420 947 4468 autem
989 4413 1085 4468 tibi
1123 4414 1565 4472 calumniantium
1595 4419 1787 4474 damna
1814 4435 1909 4490 ge-

1996 1841 2209 1888 rentum
2238 1834 2457 1904 propria
2486 1833 2767 1891 voluntate
2814 1834 3066 1906 disponat
3097 1852 3111 1888 :
3146 1834 3272 1904 quia
3320 1842 3376 1890 et
3428 1833 3585 1890 nobis

1999 1937 2236 1992 Congrua
2263 1923 2473 1980 videtur
2498 1940 2615 1980 esse
2646 1941 2897 1996 persona,
2928 1926 3021 1995 qui
3058 1935 3332 1996 assumpta
3381 1924 3584 1981 domini

1996 2013 2251 2070 libertate
2278 2014 2545 2085 proficiat.
2574 2014 2757 2071 Pullos
2785 2030 2914 2072 suos
2935 2015 3166 2072 audaces
3188 2015 3377 2086 aquilae
3401 2016 3583 2071 tandiu

1997 2113 2284 2181 procurate
2317 2107 2440 2162 cibo
2488 2106 2751 2172 nutriunt,
2804 2106 2980 2162 donec
3036 2107 3292 2176 paulatim
3347 2122 3379 2160 a
3433 2106 3583 2161 molli

1996 2196 2177 2268 pluma
2224 2198 2557 2265 recedentes,
2602 2198 2783 2254 adulta
2810 2206 2970 2253 astate
2999 2209 3367 2268 pennescant:
3395 2198 3584 2269 quibus

1999 2297 2058 2343 ut
2084 2289 2387 2345 constiterit
2414 2288 2597 2345 ﬁrmus
2624 2290 2854 2356 volatus,
2883 2289 3125 2346 novellos
3147 2303 3347 2360 ungues
3369 2292 3420 2345 in
3446 2305 3584 2361 pras-

1997 2383 2121 2438 dam
2161 2391 2407 2439 teneram
2446 2391 2835 2448 consuescunt;
2863 2396 2963 2439 nec
2993 2382 3233 2452 indigent
3278 2383 3455 2439 alieno
3501 2384 3582 2438 la-

1994 2473 2132 2530 bore
2162 2474 2360 2540 vivere,
2389 2488 2528 2543 quos
2556 2481 2738 2544 potest
2771 2473 2952 2545 captio
2981 2475 3197 2544 propria
3237 2476 3455 2531 satiare.
3498 2474 3587 2532 Sic

1993 2568 2221 2637 juvenes
2248 2565 2440 2631 nostri,
2468 2566 2562 2635 qui
2608 2566 2677 2621 ad
2706 2566 3001 2622 exercitum
3044 2568 3342 2638 probantur
3389 2567 3584 2635 idonei,

2001 2658 2277 2727 indignum
2296 2664 2382 2714 est
2405 2665 2465 2713 ut
2486 2656 2554 2711 ad
2578 2657 2739 2713 vitam
2760 2673 2912 2712 suam
2933 2657 3316 2728 disponendam
3344 2659 3589 2715 dicantur

2001 2744 2231 2816 inﬁrmi;
2260 2758 2316 2806 et
2365 2756 2622 2821 putentur
2654 2749 2874 2805 domum
2909 2764 3062 2804 suam
3110 2765 3218 2803 non
3266 2763 3473 2819 regere,
3501 2749 3590 2819 qui

2003 2839 2301 2897 creduntur
2329 2839 2470 2896 bella
2498 2854 2659 2911 posse
2689 2846 2945 2895 tractare.
2984 2837 3175 2895 Gothis
3198 2846 3413 2895 aetatem
3461 2840 3590 2909 legi-

2001 2932 2189 2987 timam
2218 2931 2393 2986 virtus
2429 2929 2586 2995 facit;
2627 2937 2683 2985 et
2708 2930 2802 2999 qui
2829 2928 2975 2984 valet
3019 2930 3233 2985 hostem
3281 2928 3589 2994 confodere,

2000 3024 2071 3079 ab
2101 3022 2249 3079 omni
2276 3037 2336 3079 se
2357 3022 2470 3092 jam
2494 3020 2658 3077 debet
2678 3020 2809 3076 vitio
2836 3019 3130 3076 vindicare.

2496 3129 2830 3187 EPISTOLA
2865 3132 3099 3188 XXXIX.

2074 3236 2244 3277 PESTO
2281 3235 2408 3276 νιιιο
2436 3235 2681 3276 ιιιυετιιι
2720 3237 2967 3277 ινιτιιιοιο
2998 3239 3364 3280 τηεουοιιιουδ
3393 3242 3515 3284 REX.

2006 3311 2199 3367 Scribit
2228 3311 2524 3384 Filagrinm
2551 3330 2762 3382 rogasse
2787 3322 2843 3366 ut
2863 3313 2933 3384 ad
2953 3314 3089 3369 lares
3110 3317 3346 3384 proprios
3378 3326 3592 3369 rere-rtu-

2078 3395 2237 3447 retur,
2277 3382 2512 3452 ﬁliosque
2540 3385 2722 3452 fratris
2750 3385 2830 3437 sui
2872 3382 3091 3439 Romam
3111 3382 3406 3439 studiorum
3437 3403 3592 3440 causa

2077 3455 2300 3517 misisse,
2324 3462 2372 3506 et
2395 3451 2546 3507 illum
2553 3451 2699 3522 jubet
2725 3469 2810 3508 eos
2839 3453 2913 3506 sic
2941 3455 2996 3507 in
3030 3454 3167 3509 Urbe
3188 3456 3514 3520 constituere,
3539 3465 3592 3509 ut

2075 3525 2149 3577 eis
2176 3540 2279 3578 non
2292 3524 2458 3605 tice-at
2486 3523 2607 3576 inde
2627 3533 2748 3576 ante
2772 3523 3035 3579 discedere
3060 3540 3215 3595 quam
3247 3527 3471 3580 secunda
3500 3527 3587 3581 de-

2077 3603 2257 3648 cernat
2275 3603 2532 3664 jussione.

2080 3700 2449 3763 Rationabiles
2459 3707 2746 3777 petitiones
2760 3707 3059 3779 supplicum
3073 3707 3302 3763 libenter
3316 3709 3597 3780 amplecti-

2008 3812 2147 3865 mur,
2196 3798 2287 3869 qui
2334 3798 2498 3853 etiam
2548 3814 2653 3853 non
2702 3798 2877 3867 rogati
2919 3796 3064 3867 justa
3112 3800 3429 3869 cogitamus.
3457 3801 3593 3867 Quid

2008 3900 2094 3948 est
2112 3891 2254 3947 enim
2282 3890 2496 3960 dignius
2536 3891 2679 3962 quod
2708 3892 2796 3947 die
2826 3898 3097 3964 noctuque
3135 3894 3346 3948 assidua
3389 3893 3594 3950 delibe-

2007 3982 2219 4037 ratione
2263 3983 2565 4048 volvamus,
2620 3982 2719 4038 nisi
2765 3992 2824 4038 ut
2863 3986 3112 4057 rempub.
3168 3997 3406 4041 nostram
3461 3988 3597 4044 sicin

2009 4087 2162 4127 arma
2190 4080 2497 4143 protegunt,
2526 4073 2752 4143 aequitas
2776 4089 2994 4145 quoque
3017 4077 3268 4133 inviolata
3300 4080 3598 4135 custodiat?

2009 4161 2330 4233 Spectabilis
2359 4164 2541 4232 itaque
2585 4162 2849 4233 Filagrius
2898 4166 2952 4221 in
2997 4167 3329 4239 Syracusana
3379 4171 3598 4225 civitate

2010 4253 2334 4317 consistens,
2368 4253 2552 4322 palatii
2584 4256 2754 4311 nostri
2786 4256 2944 4327 longa
2971 4258 3352 4314 observatione
3378 4261 3592 4323 dilatus,

2010 4342 2209 4398 reverti
2234 4358 2292 4398 se
2322 4343 2388 4396 ad
2413 4343 2554 4399 lares
2582 4347 2828 4416 proprios
2871 4348 3213 4419 supplicavit,
3248 4351 3340 4419 qui
3387 4351 3596 4405 studio--

2010 4448 2129 4488 rum
2158 4448 2317 4487 causa
2342 4431 2523 4489 fratris
2560 4434 2700 4490 ﬁlios
2726 4436 2793 4489 ad
2824 4436 3119 4492 Romanam
3144 4439 3385 4497 exhibuit
3413 4441 3598 4496 civita-

314 4506 544 4568 neravit,
577 4514 635 4560 et
677 4504 923 4575 Agncllo,
967 4515 1029 4562 ut
1064 4509 1282 4575 asseris,
1316 4507 1618 4579 ﬁdejussori
1649 4521 1742 4569 tuo
1769 4529 1800 4568 a
1830 4515 1907 4570 vi—
1938 4527 1984 4585 υ
2012 4530 2139 4577 tem.
2171 4520 2319 4587 Quos
2343 4522 2559 4578 illustris
2587 4524 2983 4594 magniﬁcentia
3013 4535 3103 4583 tua
3132 4544 3202 4586 ex
3246 4538 3429 4586 nostra
3470 4547 3597 4587 con-

313 4594 464 4649 cario
490 4594 581 4650 vel
609 4594 731 4665 ejus
752 4594 933 4653 ofﬁcio
967 4606 1238 4653 extortam
1267 4602 1574 4658 constiterit
1625 4603 1792 4662 fuisse
1822 4621 1909 4676 pe-

310 4686 567 4752 cuniam;
604 4696 785 4743 nostra
809 4688 1053 4760 jussione
1080 4701 1379 4750 conventus
1426 4694 1661 4766 (Accurs.
1685 4739 1699 4763 ,
1724 4700 1907 4754 convi-

310 4776 478 4850 ctus],
506 4779 804 4836 secundum
825 4783 971 4851 leges
993 4783 1171 4839 ablata
1193 4786 1462 4841 restituat.
1491 4787 1748 4845 Nolumus
1763 4792 1907 4845 enim

310 4883 375 4924 ea
399 4870 454 4925 in
484 4869 801 4941 cujusquam
830 4873 1063 4943 praedam
1092 4875 1305 4943 cadere,
1331 4892 1454 4946 qua:
1480 4888 1662 4935 nostra
1692 4882 1804 4936 visa
1826 4893 1908 4938 est

309 4966 582 5021 sententia
613 4967 865 5024 liberare.
901 4968 1021 5024 Pari
1056 4970 1218 5025 modo
1246 4981 1435 5027 contra
1482 4974 1775 5030 incivilium
1806 4978 1906 5032 im-

314 5066 473 5128 petus
508 5054 778 5116 Candacis
808 5060 902 5117 tibi
940 5062 1226 5118 tuitionem
1275 5063 1377 5118 sub
1419 5066 1670 5136 aequabili
1717 5067 1906 5123 defen-

388 5243 415 5316 f
453 5234 846 5316 Gesner-lmine
888 5238 1067 5296 locum
1106 5257 1228 5297 cum
1270 5243 1305 5296 l.
1340 5242 1551 5299 Mai-ito.
1594 5243 1657 5299 ι).
1689 5244 1756 5299 ad
1788 5246 1896 5316 leg.

311 5304 423 5360 Jul.
449 5308 519 5361 de
550 5306 731 5362 Adult.
761 5308 999 5365 Fonsen.

387 5375 423 5457 bo
443 5375 561 5458 Lib.
595 5393 632 5432 ιι
666 5394 821 5458 scq.,_
861 5383 1025 5458 (Epist:
1080 5382 1396 5458 ll,-iterata
1445 5385 1682 5458 jussione
1725 5402 1742 5439 :
1783 5402 1903 5457 quze

310 5451 540 5529 majoris
566 5451 971 5529 momentiest.
1002 5452 1288 5529 Justinian.
1336 5451 1531 5511 novell.
1570 5456 1677 5529 l7;
1708 5463 1780 5513 Οὐ
1803 5451 1901 5529 μὴν

308 5540 367 5605 τι
389 5520 603 5606 τεράξιξς
623 5522 674 5584 ἐξ
694 5524 855 5606 σαξτοῦ
884 5528 1002 5606 πρξν
1030 5521 1091 5606 {tu
1113 5530 1182 5606 ιτς
1202 5529 1337 5600 ἡμᾶς
1358 5530 1589 5606 pravae};
1611 5571 1626 5592 ,
1660 5520 1904 5606 ῥυτέρςιν

312 5591 451 5671 ἐπέρ
478 5591 687 5671 ηῖούτωξ
736 5591 1008 5671 irruperunt:
1028 5591 1565 5671 natripavapoﬂdﬁo
1588 5591 1633 5661 ςν.
1669 5597 1735 5653 Et
1777 5591 1901 5655 ιὼν.

440 5677 476 5743 εΔ
498 5669 633 5743 One
653 5657 897 5743 dtwi‘oav
918 5657 1191 5743 nuciiv'mpi
1210 5657 1636 5743 ro'irouyivza'tm
1658 5674 1901 5743 zithtu.

312 5725 531 5815 iterata.
544 5731 687 5811 enim
716 5714 906 5815 eadem
929 5714 1003 5815 ile
1044 5752 1102 5792 re
1130 5714 1472 5815 _rpos'tu.latitli,
1494 5714 1556 5794 ct

314 5800 661 5871 obreptionis
687 5810 743 5859 et
771 5805 971 5861 erroris
998 5800 1356 5881 suSpiéioncm
1396 5800 1631 5871 amaret.
1685 5800 1896 5870 ὃυυυιιί

2012 4615 2190 4668 tinens
2218 4612 2485 4684 jussione,
2525 4615 2579 4670 in
2620 4617 2926 4689 supradicta
2956 4616 3100 4676 Urbe
3128 4622 3450 4687 constituat;
3501 4639 3598 4677 nec

2008 4705 2115 4760 illis
2141 4704 2302 4761 liceat
2327 4713 2454 4761 ante
2480 4705 2782 4777 discedere,
2812 4710 2913 4765 nisi
2943 4710 3048 4769 hoc
3076 4714 3310 4770 secunda
3336 4714 3597 4771 decerna-

2010 4814 2132 4854 mus
2161 4799 2354 4855 iterum
2372 4797 2618 4869 jussione
2639 4799 2687 4855 δ.
2719 4800 2798 4857 ita
2822 4802 2965 4859 enim
2996 4813 3052 4860 et
3094 4806 3198 4861 illis
3242 4807 3439 4875 ingenii
3471 4824 3595 4877 pro-

2013 4898 2199 4946 vectus
2223 4891 2537 4959 acquiritur,
2571 4900 2628 4948 et
2674 4900 2874 4950 nostra:
2904 4895 3151 4952 utilitatis
3195 4897 3333 4951 ratio
3363 4897 3596 4952 custodi-

2011 4986 2117 5034 tur.
2146 4977 2264 5034 Non
2293 4994 2424 5050 ergo
2445 4981 2548 5036 sibi
2577 4982 2886 5055 impositum
2916 4992 3089 5057 putet,
3114 4985 3257 5055 quod
3278 4986 3460 5041 debuit
3480 5002 3597 5042 esse

2008 5072 2269 5128 votivum.
2294 5072 2433 5129 Nulli
2455 5075 2525 5161 sit
2547 5076 2754 5146 ingrata
2782 5077 2954 5134 Roma
2978 5092 3097 5148 qua:
3113 5090 3134 5116 ο
3152 5077 3258 5134 dici
3282 5096 3390 5135 non
3420 5091 3596 5152 potest

2009 5249 2216 5326 darium
2259 5264 2585 5325 praeceptum
2633 5256 2829 5326 prioris
2874 5256 3210 5313 liberalitatis
3249 5266 3306 5314 et
3349 5260 3594 5317 iteratam

2008 5322 2450 5445 supplicationem
2480 5328 2582 5398 19
2602 5322 2760 5407 vocat
2788 5328 2820 5381 Ι.
2839 5327 2891 5393 2,
2921 5326 3115 5394 l.5,de
3137 5328 3593 5401 incorporationc.

2009 5391 2084 5445 (ΔΟ
2131 5434 2143 5445 .
2178 5391 2381 5445 Theod.
2411 5395 2499 5445 lib.
2536 5413 2590 5445 Χ-
2624 5404 2706 5445 ιιι.
2730 5397 2781 5445 9.
2812 5396 3049 5445 FORNEIL

2009 5391 2157 5463 Cod:
2178 5391 2381 5449 Theod.
2411 5391 2520 5448 lib.—
2534 5391 2591 5463 ἱ,
2624 5397 2706 5451 tit.
2730 5397 2781 5449 9.
2812 5391 3049 5453 Fcenen.

2091 5473 2112 5500 ο
2133 5461 2305 5517 Roma
2336 5461 2638 5520 communis
2660 5468 2831 5532 patria
2854 5482 2975 5523 esse
3002 5468 3259 5524 deﬁnitur
3282 5471 3335 5525 in
3359 5472 3502 5529 L53.
3532 5474 3593 5529 Ι).

1960 5562 1963 5573 ι
2012 5533 2077 5585 all
2129 5533 2351 5600 Inunic.,
2384 5544 2434 5588 el
2480 5536 2516 5589 Ι.
2561 5535 2615 5589 4.
2649 5535 2711 5591 D.
2745 5538 2811 5592 de
2854 5553 3035 5595 excus.
3070 5548 3168 5595 tut.
3200 5541 3327 5596 Inde
3374 5553 3597 5600 venuste

2011 5601 2281 5684 Sidonius
2296 5604 2623 5684 Apollinaris
2651 5607 2751 5671 ait;
2787 5608 2840 5663 in
2896 5625 2958 5664 ca
2992 5613 3156 5666 totius
3183 5613 3332 5669 orbis
3378 5615 3599 5671 civitate

2014 5673 2172 5753 unica
2202 5673 2367 5753 solos;
2388 5676 2741 5753 barbarosac
2768 5695 2956 5753 servm
2984 5685 3336 5753 peregrinari.
3369 5686 3602 5743 Annmns

2012 5741 2221 5798 Seneca
2270 5762 2284 5826 ξ
2339 5745 2437 5829 Ab
2471 5747 2596 5829 hac"
2625 5748 2847 5829 civitate
2895 5741 3255 5829 discodc,’nit,
3287 5741 3603 5829 qumveluti

2009 5818 2315 5872 communis
2353 5818 2526 5887 patria
2546 5818 2649 5876 dici
2677 5829 2888 5891 potest;
2912 5840 3101 5881 omnes
3132 5818 3557 5885 urbcs'circumii
3586 5838 3603 5877 :
