3988 6178
247 328 352 387 537

1596 311 1955 370 VARlAllUM
1995 307 2196 365 LIBER
2231 305 2272 362 Ι.

3418 306 3523 362 538

247 448 366 503 dius
392 445 717 516 impetrasti,
744 450 800 496 ut
828 451 950 513 post
979 456 1146 496 sacra:
1177 437 1422 493 amicitiae
1451 437 1528 509 [id
1555 443 1628 488 est
1669 433 1837 500 impe-
1870 440 1908 488 Α
1939 426 2149 497 reipnb.
2179 439 2356 490 curas,
2394 439 2532 492 quas
2560 421 2950 492 emcrgentium
2977 433 3162 516 rerum
3201 420 3521 516 necessitate

249 535 480 610 ratoris]
526 538 739 605 genium
796 534 861 590 ad
908 535 1142 588 honores
1205 532 1448 586 ornatior
1503 527 1832 598 pervenires.

247 631 456 686 Cuncta
483 628 770 701 siquidem,
803 627 945 683 unde
975 625 1170 680 famam
1212 629 1392 692 captat
1425 619 1749 683 humanitas,
1783 617 1835 670 in

249 735 300 779 te
332 723 710 792 congeminata
736 721 842 795 [σά.
879 721 996 785 Ac.,
1015 714 1319 784 eongenital
1343 713 1618 778 sederunt,
1641 709 1835 780 patria,

247 828 438 881 genus,
471 812 717 867 instituta
747 810 1022 882 praaclara.
1059 809 1296 874 Quorum
1326 807 1371 862 si
1400 817 1566 859 unum
1598 801 1840 856 nobilita-

247 915 357 959 tem
380 904 648 974 complet,
682 903 736 958 in
761 912 812 958 te
831 899 1054 957 collecta
1084 901 1203 970 plus
1233 897 1451 964 facient,
1482 898 1571 967 qui
1601 911 1706 951 non
1740 893 1842 947 mi-

246 1011 348 1048 nus
391 993 644 1062 genitalis
686 993 788 1048 soli
832 988 1044 1047 fortuna
1080 989 1411 1061 resplendes,
1459 1003 1621 1058 quam
1671 986 1838 1053 gloria

245 1085 551 1140 stemmatis
599 1093 656 1140 et
703 1085 915 1140 virtutis
945 1083 1173 1139 ornaris.
1205 1080 1341 1136 Hinc
1389 1089 1474 1136 est
1513 1078 1660 1148 quod
1697 1093 1840 1133 nunc

246 1185 300 1232 te
333 1193 435 1247 per
462 1179 567 1247 20
599 1177 945 1233 indictionem
977 1175 1206 1230 feliciter
1255 1169 1469 1229 tertiam
1499 1172 1576 1244 [id
1619 1181 1716 1238 est,
1749 1189 1837 1228 an.

246 1264 375 1321 Chr.
409 1267 537 1339 5l0]
570 1266 636 1321 ad
664 1267 992 1338 praefecturae
1021 1267 1282 1321 urbanae"
1312 1264 1522 1319 culmen
1553 1263 1834 1330 erigimus:

246 1357 553 1413 tribuentes
586 1357 680 1412 tibi
735 1358 786 1412 in
829 1373 894 1412 ea
937 1357 1156 1412 civitate
1185 1354 1355 1411 fasces
1382 1353 1430 1421 δ,
1456 1353 1546 1408 ubi
1594 1355 1839 1423 perpetui

247 1458 372 1504 sunt
404 1450 662 1504 honores.
713 1447 868 1515 Quod
899 1463 1016 1514 nos,
1059 1447 1151 1517 qui
1203 1461 1425 1501 munera
1468 1455 1650 1500 nostra
1687 1458 1844 1498 γει-θ-

248 1539 477 1596 cundius
498 1533 845 1605 :estimamus,
875 1548 1021 1595 certe
1051 1538 1353 1601 fatebimur,
1384 1537 1610 1592 multum
1641 1543 1693 1590 te
1729 1549 1840 1590 me-

249 1631 424 1686 ruisse
453 1629 523 1685 de
552 1639 740 1686 nostro
761 1629 987 1699 judicio,
1023 1638 1079 1683 ut
1104 1629 1179 1683 illi
1208 1627 1368 1684 coetui
1399 1626 1685 1698 praesidere
1717 1641 1842 1696 pos-

249 1719 321 1775 sis
346 1736 514 1790 quem
542 1718 898 1775 reverendam
924 1719 1159 1773 humano
1176 1717 1360 1787 generi
1391 1732 1508 1772 esse
1537 1718 1836 1784 cognoscis.

1939 518 2284 588 suscipimus,
2338 514 2602 571 sermonis
2648 513 2912 567 suavitate
2958 511 3227 566 deliniret.
3285 510 3525 569 Blandus

1940 608 2195 677 alloquio,
2246 605 2660 676 supplicantium
2710 603 2882 657 fidelis
2930 610 3210 672 patronus,
3266 618 3523 660 accusare

1939 697 2205 764 nesciens,
2220 693 2596 750 commendare
2619 683 2964 762 praesumens.
2990 690 3091 758 Qui
3115 700 3258 746 tanta
3282 709 3340 748 se
3361 694 3526 750 animi

1940 791 2174 862 puritate
2193 787 2527 854 clarificavit,
2553 794 2611 840 ut
2631 801 2754 839 cum
2777 784 2918 860 apud
2947 799 3044 839 nos
3066 794 3305 839 meretur
3324 786 3525 842 aulicas

1941 884 2254 953 dignitates,
2306 880 2736 951 spectaculorum
2799 879 3142 933 ordinatione
3197 878 3522 933 laetissimam

1941 974 2040 1030 sibi
2071 974 2312 1028 militiam
2342 971 2664 1036 vindicaret;
2711 978 2974 1040 quatenus
3020 970 3119 1024 sub
3152 970 3331 1039 specie
3369 971 3525 1024 volu-

1942 1067 2103 1138 ptatis
2123 1065 2306 1119 liberae
2321 1064 2489 1137 [mss.,
2505 1063 2753 1118 libenter.
2781 1060 3027 1127 Quidam,
3045 1059 3235 1134 libere]
3255 1062 3526 1118 videretur

1943 1157 2080 1212 velle
2107 1157 2330 1211 servire.
2358 1153 2402 1207 A
2430 1154 2704 1209 laboribus
2728 1153 2943 1224 quidem
2988 1161 3318 1222 temperans,
3343 1155 3436 1208 sed
3470 1155 3524 1208 in

1944 1249 2087 1305 nulla
2115 1263 2174 1303 se
2196 1248 2353 1302 nobis
2379 1255 2530 1318 parte
2570 1245 2884 1302 dissocians.
2919 1244 3173 1314 Regalem
3203 1247 3331 1315 quin
3362 1248 3524 1302 etiam

1943 1353 2183 1395 mensam
2223 1337 2449 1392 conviva
2486 1336 2732 1404 geniatus
2762 1336 2977 1390 ornavit
2999 1334 3127 1408 [ed.,
3159 1336 3418 1410 amavit]:
3454 1338 3524 1392 ibi

1943 1444 2004 1484 se
2033 1427 2185 1483 nobis
2223 1425 2444 1480 studens
2469 1423 2714 1493 jungere,
2765 1423 2853 1478 ubi
2900 1432 3106 1479 eertum
3131 1433 3210 1478 est
3241 1441 3339 1480 nos
3368 1441 3527 1496 posse

1942 1520 2195 1590 gaudere.
2213 1517 2318 1573 Sed
2336 1517 2464 1586 quid
2488 1516 2625 1571 ultra
2647 1516 2713 1570 de
2734 1512 2850 1583 ejus
2865 1514 3104 1570 moribus
3125 1523 3207 1569 est
3221 1515 3524 1582 dicendum,

1943 1612 2029 1668 eui
2058 1611 2124 1665 ad
2153 1609 2446 1680 perfectam
2472 1607 2850 1676 probationem
2879 1605 3077 1661 sullicit
3103 1605 3245 1675 quod
3289 1620 3527 1661 amorem

1946 1714 2186 1762 nostrum
2236 1702 2428 1772 iugiter
2475 1701 2676 1756 habere
2715 1700 3046 1771 promeruit?
3075 1698 3192 1755 Non
3223 1709 3307 1754 est
3357 1700 3528 1769 majus

250 1810 502 1881 Nunquid
531 1812 636 1865 hoc
664 1820 747 1867 est
775 1811 972 1881 palatia
1023 1823 1230 1878 regere,
1285 1817 1339 1862 et
1367 1807 1560 1862 domos
1589 1807 1837 1876 proprias

1951 1796 2214 1860 meritum,
2245 1807 2405 1863 quam
2432 1793 2660 1861 gratiam
2691 1791 2962 1847 invenisse
3007 1791 3363 1859 regnantium.
3394 1790 3528 1845 Nam

251 1901 542 1958 ordinare?
570 1900 892 1972 Plerumque
935 1901 1111 1955 honor
1135 1915 1202 1954 ex
1231 1897 1620 1953 commendatis
1648 1897 1839 1966 acqui-

252 1992 416 2057 ritur;
471 2007 572 2048 nec
603 1993 708 2046 tale
757 2000 840 2046 est
866 1991 1059 2047 cellam
1087 1988 1350 2045 vinariam
1392 1988 1645 2044 tuendam
1677 1988 1842 2044 susci-

251 2095 395 2154 pere,
430 2082 592 2152 quale
640 2083 876 2153 pretiosa
907 2080 1215 2136 diademata
1245 2071 1535 2135 custodire.
1563 2076 1654 2131 Illa
1674 2119 1688 2144 ,
1719 2091 1838 2146 qua:

252 2174 463 2245 potiora
511 2173 804 2239 credimus,
852 2173 920 2226 ad
950 2169 1378 2228 conservandum
1408 2170 1718 2226 melioribus
1744 2169 1836 2223 da-

251 2283 406 2333 mus;
437 2274 496 2322 et
528 2266 579 2320 in
604 2267 796 2336 quibus
823 2265 1089 2322 sustinere
1116 2263 1312 2319 damna
1340 2277 1446 2318 non
1493 2263 1744 2332 patimur,
1778 2260 1840 2312 fl-

253 2355 548 2412 tlelioribus
589 2355 832 2426 profecto
876 2355 1149 2410 mentibus
1201 2352 1552 2423 applicamus.
1586 2351 1756 2406 Roma
1795 2352 1840 2406 si

253 2449 413 2504 habet
444 2464 656 2519 parem,
683 2449 889 2503 aestima
918 2463 1018 2504 nos
1045 2456 1100 2503 et
1144 2447 1262 2502 aliis
1284 2447 1477 2502 similia
1520 2445 1837 2512 credidisse;

251 2543 290 2598 si
316 2559 451 2598 vero
482 2543 754 2611 singulare
793 2543 1010 2597 bonum.
1045 2549 1156 2607 est,
1193 2539 1427 2610 iudicem
1475 2547 1529 2594 te
1571 2537 1842 2610 praecipue

253 2633 324 2689 rei
343 2632 596 2700 facimus,
627 2648 786 2702 quam
817 2643 1020 2736 augsre
1048 2645 1266 2702 semper
1289 2638 1552 2704 optamus.

775 2743 1106 2798 EPIS'I'OLA
1144 2741 1322 2798 XLIII.
1545 2752 1551 2758 '
1831 2762 1859 2788 α

466 2852 693 2892 εεΜτυι
725 2852 872 2891 URBIS
902 2852 1061 2891 ΒΟΜΕ
1095 2852 1458 2892 τηεουοωουε
1487 2853 1613 2891 REX.

256 2928 339 2984 Illi
371 2930 640 3001 signiﬁcat
661 2945 714 2983 se
737 2929 1060 2983 Artemidoro
1083 2931 1252 3001 fasces
1282 2927 1495 3001 urbanae
1521 2930 1845 3000 praefectura:

315 2998 636 3064 indulsisse,
669 3011 718 3053 et
751 2998 1224 3068 magnOpere'rum
1281 2998 1744 3070 laudantia-itque
1791 3007 1846 3052 ut

318 3072 492 3141 ipsius
513 3071 810 3125 electionem
840 3071 948 3123 suis
971 3071 1239 3138 conﬁrmet
1268 3069 1553 3140 suffragiis.

1942 1889 2134 1959 quibus
2162 1885 2241 1942 fas
2265 1894 2351 1942 est
2375 1885 2442 1940 de
2486 1885 2697 1939 cunctis
2735 1883 2968 1952 Optimos
2996 1897 3257 1952 quaerere,
3283 1882 3529 1955 videntur

1941 1993 2156 2050 semper
2197 1977 2420 2033 meritos
2462 1975 2707 2044 elegisse.
2763 1974 2941 2044 Atque
2974 1975 3095 2030 ideo
3145 1974 3359 2030 labores
3413 1975 3529 2043 ejus

1941 2069 2377 2126 remuneratione
2416 2075 2737 2138 pensantes,
2789 2065 3132 2121 Artemidoro
3172 2066 3361 2121 illustri
3411 2069 3528 2124 viro

1942 2162 2160 2216 urbanae
2205 2159 2537 2229 praefecturae
2582 2157 2755 2213 fasces
2797 2155 3132 2212 indulsimus.
3181 2156 3321 2213 Buie
3372 2171 3526 2226 ergo,-

1943 2254 2004 2309 P.
2022 2254 2107 2316 C.,
2133 2262 2211 2308 tot
2231 2268 2294 2307 ac
2320 2251 2514 2306 talibus
2537 2249 2742 2304 meritis
2757 2249 3092 2319 praelucenti,
3116 2249 3290 2305 favete
3311 2250 3524 2318 linguis,

1942 2345 2116 2398 favete
2163 2342 2425 2412 collegiis.
2456 2339 2570 2395 Erit
2626 2347 2822 2395 vestra:
2875 2354 3093 2409 quoque
3139 2340 3527 2398 benevolentiae

1942 2434 2076 2500 laus,
2111 2443 2170 2488 ut
2195 2449 2314 2488 cum
2337 2432 2509 2500 dignis
2537 2431 2857 2486 charitatem
2885 2430 3210 2502 impenditis,
3243 2432 3312 2487 ad
3341 2447 3527 2487 exem-

1943 2526 2088 2596 plum
2119 2533 2344 2580 ceteros
2372 2523 2628 2579 incitetis.
2842 2509 2849 2516 ’

2449 2649 2781 2708 EPISTOLA
2821 2649 3004 2707 XLIV.

2155 2762 2359 2803 POPULO
2399 2761 2544 2801 UBBlS
2582 2760 2742 2802 ROIE
2782 2759 3145 2800 TBEODORICUS
3181 2763 3306 2801 REX.

1948 2859 2103 2916 Illum
2118 2863 2387 2915 certiorem
2407 2861 2534 2931 facit
2556 2874 2612 2913 se
2630 2858 2957 2931 Artemidoro
2975 2861 3298 2931 prefecturaz
3318 2861 3532 2917 urbane

2020 2934 2187 3055 {asces
2221 2929 2424 2985 dedisse
2461 2929 2731 3002 regendos,
2759 2937 2814 2981 ut
2843 2929 3045 3010 innoxii
3070 2929 3400 2998 purissimum
3437 2932 3529 2986 Ita-

2054 3010 2195 3055 erent
2226 3010 2424 3055 testem.
2471 3011 2519 3054 et
2567 3007 2799 3054 errantes
2849 3001 3185 3055 iustissimum
3231 3010 3529 3055 notarentur

2020 3007 2195 3126 (virent
2226 3010 2424 3068 testem,
2471 3011 2519 3054 et
2567 3007 2799 3054 errantes
2839 3007 3185 3071 justissimum
3231 3010 3530 3070 paterentur

2018 3089 2048 3126 u
2076 3081 2254 3128 torem.

318 3179 516 3247 Scitis,
567 3178 752 3234 Patres
794 3179 1129 3248 'Conscripti,
1162 3187 1409 3237 nostrum
1457 3193 1577 3235 esse
1630 3180 1846 3248 genium
1874 3170 1920 3233 C
2021 3182 2352 3238 Cbaritatem
2376 3181 2541 3237 vestri
2579 3182 2904 3253 praecipuam
2929 3193 3030 3236 nos
3059 3181 3259 3238 habere
3299 3197 3368 3237 ex
3416 3183 3531 3253 ipsa

253 3267 433 3341 lNio.,
469 3270 751 3338 gremium,
784 3269 930 3331 Acc.,
981 3269 1252 3337 gaudium,
1299 3267 1492 3335 Juret.,
1540 3267 1842 3340 praemium]

254 3363 489 3418 eulmina
515 3361 864 3428 dignitatum;
898 3360 1046 3415 scitis
1068 3359 1219 3414 vobis
1254 3357 1537 3429 proficere,
1568 3359 1714 3428 quod
1741 3374 1844 3414 no-

253 3457 331 3510 bis
357 3455 656 3521 contigerit
682 3454 734 3507 in
771 3453 995 3507 fascium
1036 3451 1243 3507 honore
1272 3460 1550 3521 praestare.
1582 3448 1846 3519 Quidquid

255 3550 400 3603 enim
445 3549 516 3601 ab
545 3557 870 3615 unoquoque
897 3544 1204 3614 suscipitur,
1237 3552 1456 3598 senatus
1484 3551 1586 3610 est,
1617 3541 1710 3611 qui
1733 3557 1847 3598 me-

254 3653 426 3697 retur.
459 3639 598 3706 Quid
627 3639 768 3693 enim
817 3638 885 3694 de
920 3637 1073 3693 vobis
1111 3637 1459 3699 aestimemus,
1505 3636 1795 3705 agnoscitis
1827 3653 1840 3689 :

254 3731 476 3800 quando
506 3731 634 3784 viris
658 3729 818 3798 longo
871 3729 1056 3784 labore
1099 3729 1409 3798 compertis,
1464 3727 1567 3782 hoc
1614 3737 1763 3782 certe
1793 3728 1846 3782 in

255 3823 544 3891 prazmium
573 3819 782 3885 damus,
831 3827 888 3874 ut
913 3819 1080 3874 vestri
1106 3820 1350 3889 corporis
1395 3827 1706 3873 mereantur
1729 3833 1848 3872 esse

257 3915 574 3984 participes.
602 3911 700 3967 llic
727 3921 809 3966 est
833 3912 976 3966 enim
1004 3912 1112 3976 vir,
1137 3911 1228 3982 qui
1256 3910 1508 3980 genitalis
1533 3910 1632 3966 soli
1661 3910 1848 3964 relicta

254 4003 564 4069 dulcedine,
593 4003 746 4057 nobis
772 4003 960 4056 maluit
985 4001 1273 4056 inhzerere.
1315 4000 1380 4054 Et
1416 4001 1541 4056 licet
1569 4011 1712 4055 esset
1740 4001 1851 4056 ela-

256 4111 346 4150 rus
375 4097 432 4150 in
463 4095 659 4165 patria,
680 4103 922 4148 nostram
948 4103 1127 4149 tamen
1156 4095 1317 4164 elegit
1345 4095 1526 4150 subire
1555 4094 1846 4161 fortunam,

255 4197 527 4256 superans
554 4185 741 4254 gratiae
783 4184 1150 4262 magnitudine
1181 4186 1286 4239 vim
1318 4195 1558 4239 natum:
1593 4185 1684 4254 qui
1715 4184 1852 4254 prin-

255 4279 378 4348 cipe
408 4276 645 4342 Zenone,
675 4293 779 4330 non
822 4287 928 4330 tam
958 4278 1222 4333 benevolo
1259 4291 1420 4346 quam
1463 4275 1624 4331 afﬁne
1651 4276 1853 4346 gaude-

255 4369 370 4426 bat.
405 4368 472 4423 Et
494 4369 622 4438 quid
650 4370 701 4423 in
727 4370 813 4422 illa
844 4370 1031 4440 repub.
1062 4370 1233 4438 gratia
1269 4386 1374 4425 non
1401 4371 1575 4440 potuit
1604 4371 1851 4426 obtinere

256 4461 523 4530 parentis,
556 4476 674 4529 quae
703 4463 782 4515 sic
801 4460 1067 4542 .facilliine
1097 4461 1239 4516 favet
1267 4461 1577 4516 extraneis?
1603 4461 1706 4516 Sed
1739 4463 1849 4516 haec

1947 3289 2076 3330 cura
2098 3289 2196 3328 vos
2216 3273 2442 3342 potestis
2471 3285 2764 3340 agnoscere
2790 3289 2803 3325 :
2834 3286 2931 3342 pro
2963 3271 3158 3342 quibus
3188 3271 3260 3327 ita
3288 3271 3534 3328 videmur

1948 3382 2067 3424 esse
2097 3367 2331 3426 solliciti,
2367 3375 2425 3419 ut
2451 3365 2584 3418 nihil
2613 3364 2998 3420 admonitionis
3027 3365 3298 3434 patiamur
3329 3365 3529 3422 omitti.

1947 3459 2168 3516 Cautela
2196 3457 2464 3528 siquidem
2490 3457 2668 3527 prodit
2691 3456 2971 3525 affectum;
3002 3467 3059 3513 et
3084 3473 3204 3531 quae
3235 3459 3536 3518 studiosius

1949 3551 2242 3622 diligimus,
2292 3547 2483 3618 majori
2512 3548 2681 3616 gratia
2726 3547 3081 3602 custodimus.
3114 3546 3251 3603 Hinc
3279 3556 3361 3603 est
3388 3550 3535 3619 quod

1948 3643 2066 3697 viro
2089 3641 2282 3696 illustri
2303 3639 2663 3703 Artemidoro,
2687 3638 2778 3693 diu
2796 3639 2994 3694 nostris
3007 3637 3282 3708 obsequiis
3301 3639 3536 3707 erudito,

1950 3734 2283 3806 prasfecturaa
2309 3732 2530 3787 urbanae
2555 3731 2801 3786 dedimus
2820 3730 2990 3787 fasces
3011 3732 3306 3803 regendos;
3333 3739 3392 3788 ut
3413 3731 3537 3801 quia

1950 3822 2306 3894 quorumdam
2355 3821 2558 3876 illicitis
2611 3816 2966 3878 seditionibus
3003 3823 3237 3878 civilitas
3266 3821 3540 3893 turbatur,

1954 3916 2216 3971 haberent
2245 3921 2300 3969 et
2339 3912 2543 3967 innoxii
2575 3912 2917 3982 purissimum
2951 3920 3165 3979 testem,
3208 3919 3264 3967 et
3292 3922 3539 3971 errantes

1949 4006 2300 4076 justissimum
2351 4011 2664 4073 paterentur
2700 4003 2952 4059 ultorem.
2981 4002 3137 4070 Quod
3165 4018 3296 4068 nos,
3330 4003 3425 4074 qui
3453 4003 3540 4058 des

1951 4098 2214 4154 lectamur
2236 4097 2556 4162 insontibus,
2587 4096 2640 4150 in
2667 4103 2986 4151 cunctorum
3015 4095 3261 4149 notitiam
3289 4096 3541 4152 duximus

1951 4188 2354 4260 perferendum,
2403 4200 2474 4243 ne
2520 4187 2640 4257 quis
2678 4186 2956 4256 inopinata
3001 4185 3336 4240 districtione
3382 4185 3543 4240 solito

1955 4286 2242 4346 praesumat
2269 4277 2551 4333 excedere.
2582 4275 2848 4343 Quocirca
2887 4277 3014 4330 talia
3043 4291 3142 4331 nos
3172 4274 3394 4345 prtefato
3425 4277 3544 4332 viro

1951 4369 2232 4442 delegasse
2261 4369 2617 4434 noveritis,ut
2636 4369 2682 4424 si
2704 4367 2969 4438 quispiam
2999 4367 3229 4422 incivilis
3254 4368 3540 4433 exstiterit,

1955 4463 2344 4518 distriction'em
2408 4461 2554 4516 illico
2607 4469 2806 4517 nostrae
2858 4461 3117 4530 jussionis
3170 4461 3429 4517 incurrat.
3481 4459 3544 4522 Et

255 4552 442 4606 omnia
470 4552 666 4604 nimius
694 4551 937 4620 despexit
965 4550 1219 4616 allectus;
1253 4563 1310 4606 ut
1339 4567 1434 4606 nos
1463 4552 1583 4621 ipsi,
1617 4567 1713 4620 pro
1737 4553 1850 4621 qni-
1885 4555 1932 4615 D
1957 4568 2262 4623 quanquam
2291 4551 2624 4623 praefectum
2652 4553 2873 4607 Urbana:
2914 4552 3053 4608 hanc
3099 4561 3425 4624 potestatem
3454 4553 3545 4610 de~

253 4641 363 4696 bus
385 4644 498 4697 tunc
521 4642 712 4696 fecisse
733 4643 1096 4711 cognoscitur,
1126 4643 1316 4698 merito
1339 4652 1556 4712 stupere
1577 4643 1855 4697 videamur

253 4732 311 4785 in
349 4735 509 4787 unius
537 4733 708 4800 gratia
751 4740 831 4786 tot
877 4733 1258 4790 desiderabilia
1299 4733 1464 4789 fuisse
1515 4743 1850 4804 contempta.

251 4821 364 4889 Qui
414 4840 581 4893 super
627 4824 766 4878 hanc
818 4825 1073 4880 eximiam
1125 4825 1281 4880 fidem
1324 4827 1515 4881 solatia
1563 4828 1717 4880 nobis
1749 4842 1857 4880 sua:

255 4913 723 4970 confabulationis
788 4915 1028 4985 adjecit;
1085 4927 1143 4971 ut
1189 4934 1407 4987 asperas
1470 4934 1855 4988 nonnunquam

255 5187 302 5245 Ρ
345 5118 529 5172 ‘V'ide
553 5133 717 5188 supra
747 5118 903 5186 epist.
935 5117 1026 5186 3'2,
1056 5128 1111 5172 et
1141 5118 1176 5172 Ι,
1215 5117 1262 5184 i,
1299 5118 1357 5171 Ι).
1393 5116 1502 5171 ofli.
1532 5117 1682 5186 praef.
1722 5116 1847 5171 Urb.

302 5203 437 5244 Olli.

302 5203 437 5244 Olli.

336 5259 368 5297 δ
405 5258 546 5313 Olim
582 5257 795 5312 nonnisi
848 5258 1192 5326 magistratus
1241 5257 1420 5327 populi
1474 5257 1725 5320 Romani,
1759 5266 1854 5312 aut

253 5329 357 5400 qui
386 5343 511 5400 eum
543 5329 772 5400 imperio
813 5327 866 5382 in
917 5328 1227 5396 provinciis,
1281 5327 1514 5400 fascibus
1563 5327 1676 5400 usi;
1709 5327 1853 5396 quod

251 5397 332 5456 ib
363 5399 613 5467 Augusto
641 5398 902 5467 originem
952 5400 1196 5467 sumpsit,
1231 5397 1383 5463 cuius
1414 5397 1602 5452 honori
1633 5406 1854 5453 senatus

252 5465 516 5526 decrevit
541 5483 686 5522 anno
705 5465 860 5522 Urbis
886 5465 1006 5531 755,
1027 5465 1099 5520 uti
1122 5468 1389 5522 conSnlari
1422 5478 1688 5536 potestate
1709 5484 1851 5522 sein-

251 5555 366 5612 per
389 5547 555 5603 esset,
591 5539 821 5612 fascibus
851 5539 1132 5612 duodecim
1184 5547 1851 5612 nteretur,_eumquc_mo-

249 5608 389 5666 itm
413 5617 706 5666 tenuerunt
735 5610 1023 5678 principes,
1050 5608 1120 5662 ita
1165 5617 1342 5678 tamen
1367 5617 1425 5661 ut
1454 5609 1662 5662 laurum
1695 5608 1851 5660 fasci-

252 5680 374 5737 bus
402 5697 511 5735 non
543 5677 819 5741 adderent,
847 5679 944 5732 nisi
978 5679 1028 5731 in
1059 5679 1296 5734 victoria.
1325 5677 1519 5734 Postea
1553 5695 1648 5748 per
1670 5678 1853 5731 adula-

256 5752 481 5812 tionem
514 5751 728 5819 irrupit,
759 5759 816 5802 ut
837 5749 1075 5802 omnium
1116 5750 1412 5821 principum
1445 5747 1616 5821 fasces
1641 5764 1854 5821 semper

257 5821 502 5886 laureati
526 5831 729 5886 essent,
749 5833 919 5887 eaque
945 5828 1067 5874 nota
1090 5819 1319 5880 maxime
1345 5820 1628 5878 distinctus
1646 5834 1675 5874 a
1694 5819 1852 5890 vulgo

1955 4644 2132 4698 derint
2159 4644 2323 4712 leges,
2359 4659 2456 4698 nos
2485 4651 2664 4698 tamen
2705 4643 3015 4713 specialiter
3041 4643 3433 4714 delegavimus,
3484 4653 3542 4706 ut

1964 4734 2322 4789 confidentius
2353 4733 2532 4799 fieret,
2566 4734 2708 4804 quod
2740 4734 2939 4804 duplex
2972 4735 3310 4805 permisisset
3357 4745 3536 4790 aucto-

1956 4827 2106 4880 ritas.
2142 4824 2373 4881 Audebit
2401 4840 2530 4895 ergo
2561 4827 2867 4895 seditiosos,
2891 4835 2946 4882 et
2975 4841 3005 4882 a
3028 4827 3308 4899 disciplina
3335 4828 3544 4898 publica

1957 4918 2254 4984 deviantes,
2313 4926 2497 4973 nostra
2545 4917 2869 4974 auctoritate
2922 4919 3239 4989 percellere.
3290 4917 3546 4985 Quiescat

1958 5118 2231 5186 princeps.
2273 5115 2418 5174 Talis
2443 5126 2622 5172 autem
2667 5126 2784 5172 erat
2805 5116 3028 5172 fascium
3058 5117 3244 5186 figura.
3278 5119 3548 5177 Detractis

1956 5203 2020 5241 ex
2049 5188 2227 5242 betula
2259 5189 2455 5242 arbore
2498 5188 2662 5255 virgis
2694 5188 2764 5240 ita
2815 5188 3192 5241 includebatur
3231 5189 3457 5252 securis,
3490 5201 3549 5256 ut

1957 5259 2101 5312 acies
2145 5259 2269 5312 ferri
2300 5259 2351 5312 in
2382 5259 2694 5312 summitate
2724 5259 3006 5320 emineret,
3041 5257 3246 5326 reliqua
3278 5274 3402 5327 pars
3442 5261 3550 5315 cir-

1958 5328 2248 5383 cumducto
2277 5329 2396 5382 loco
2429 5336 2700 5395 tegeretur
2732 5343 2744 5378 :
2773 5328 2914 5395 quod
2959 5341 3025 5380 eo
3056 5328 3286 5397 consilio
3315 5343 3344 5382 a
3378 5329 3551 5397 majo-

1961 5397 2104 5450 ribus
2152 5399 2516 5464 excogitatum
2566 5397 2681 5458 fuit,
2736 5405 2789 5449 ut
2841 5404 3071 5450 testatur
3111 5395 3430 5454 Plutarchus
3466 5395 3539 5455 Vin

1961 5465 2410 5532 Problematibus,
2460 5474 2517 5519 ut
2549 5467 2897 5520 ostenderent
2945 5467 3356 5534 magistratuum
3405 5471 3544 5526 iram

1961 5536 2013 5588 in
2042 5535 2301 5608 sumendo
2347 5536 2611 5608 supplicio
2644 5551 2753 5608 non
2801 5536 3000 5608 debere
3040 5553 3161 5593 esse
3191 5539 3544 5608 praecipitem,

1960 5621 2161 5677 eosque
2193 5605 2362 5658 fasces
2392 5606 2610 5677 habere,
2635 5605 2727 5677 sed
2754 5614 2930 5677 tamen
2957 5606 3168 5677 ligatos,
3192 5605 3400 5677 'quiqne
3429 5605 3545 5665 sine

1955 5676 2095 5766 justo
2121 5691 2295 5755 causa.
2313 5691 2416 5766 non
2441 5675 2671 5766 debeapt
2693 5675 3236 5766 d'ilssolvi‘Li’out'tuntpr
3257 5675 3549 5766 aliquando

1963 5747 2144 5820 fasces
2157 5762 2256 5820 pro
2284 5745 2416 5820 ipsis
2441 5746 2860 5820 magistratibus.
2895 5746 3085 5820 Virgil.
3132 5748 3224 5802 lib.
3256 5766 3292 5806 n
3321 5745 3549 5820 chi-3.,

1964 5762 2132 5799 luscos
2195 5763 2256 5800 ro
2284 5762 2412 5814 ipsis
2441 5762 2860 5814 magistratibus.
2903 5762 3085 5814 Virgil.
3132 5762 3224 5802 nn.

1964 5816 2076 5870 Liv.
2114 5762 2204 5874 liii.
2242 5831 2307 5884 tt;
2343 5815 2478 5874 Plin.
2515 5816 2606 5874 lib.
2641 5832 2732 5885 vn,
2764 5831 2884 5887 cap.
2919 5817 3007 5874 '50.
3042 5818 3230 5876 Baoss.
