3988 6178
285 277 384 337 ειι

1560 276 1936 333 'VABIARL'JI
1981 280 2182 333 LllllLii
2221 281 2283 334 ll.

3425 284 3532 333 54⁸3

280 403 395 449 tum
424 390 656 462 possint,
679 405 838 448 nosse
865 394 1145 464 perquirit.
1173 394 1530 450 Mechanisma
1553 396 1728 450 solum
1755 405 1856 460 est,
1890 408 1937 457 Α
1965 407 2136 452 monis
2179 398 2411 466 expetita
2447 414 2459 449 :
2499 398 2711 465 quando
2767 414 2873 453 non
2930 407 3013 454 est
3056 400 3342 469 abiectum,
3394 405 3537 473 quod

281 484 426 554 quod
456 484 605 539 illam
631 499 698 539 ex
726 488 1012 540 contrariis
1040 489 1246 557 appetit
1271 489 1496 553 imitari;
1524 498 1579 544 et
1604 490 1648 543 si
1681 489 1760 542 fas
1781 499 1864 544 est

281 577 486 640 dicere,
515 577 569 631 in
607 577 926 646 quibusdam
966 580 1128 634 etiam
1185 582 1371 635 nititur
1403 582 1539 637 velle
1584 598 1858 652 superare.

283 665 399 721 Hoc
428 668 570 721 enim
596 667 784 724 fecisse
804 669 1136 738 dignoscitur
1165 671 1430 726 Daedalum
1453 672 1636 727 volare
1667 681 1692 708 ι
1719 690 1731 724 :
1759 673 1864 728 hoc

281 758 517 814 ferreum
538 759 855 832 Cupidinem
886 763 940 817 in
972 764 1150 819 Diana:
1175 765 1378 836 templo
1399 765 1516 820 sine
1542 765 1717 836 aliqua
1746 765 1866 820 alli—

279 852 503 920 gatione
530 852 784 923 pendere.
835 853 949 910 Hoc
996 855 1158 911 hodie
1187 855 1312 911 facit
1339 864 1486 912 muta
1513 865 1750 923 cantare,
1782 858 1864 910 in-

278 950 498 998 densata
522 945 722 1006 vivere,
755 945 1047 1001 immobilia
1077 948 1299 1002 moveri.
1333 948 1693 1006 Mechanicus.
1719 948 1763 1002 si
1786 947 1864 1001 fas

280 1040 364 1085 est
390 1031 592 1096 dicere,
628 1049 766 1104 pene
793 1035 970 1090 socius
998 1040 1082 1089 est
1108 1045 1326 1101 natum,
1360 1038 1570 1091 occulta
1595 1052 1862 1104 reserans,

282 1123 566 1178 manifesta
591 1134 934 1193 convertens,
982 1127 1252 1181 miraculis
1279 1127 1466 1181 ludens
1497 1146 1509 1178 :
1544 1129 1615 1180 ita
1645 1128 1864 1196 pulchre

277 1211 562 1275 simulans,
590 1222 644 1265 ut
667 1213 810 1282 quod
839 1215 1193 1284 compositum
1216 1231 1321 1270 non
1345 1215 1646 1284 ambigitur,
1667 1218 1864 1271 veritas

278 1303 598 1358 aestimetur.
642 1304 792 1372 Hanc,
831 1307 953 1374 quia
983 1307 1273 1362 studiosius
1303 1316 1355 1362 te
1385 1308 1575 1376 legisse
1603 1309 1860 1376 cognovi-

281 1409 422 1461 mus,
445 1394 704 1463 przedirta
737 1398 891 1452 nobis
917 1398 1196 1466 horologia
1237 1399 1560 1468 quantocius
1586 1401 1861 1454 transmit-

279 1495 394 1540 tere
425 1487 740 1552 maturabis,
766 1496 823 1541 ut
852 1497 904 1543 te
951 1499 1136 1543 notum
1167 1489 1218 1543 in
1259 1489 1347 1544 illa
1376 1500 1528 1559 parte
1569 1490 1752 1544 mmidi
1782 1492 1861 1544 fa-

277 1578 410 1640 cias,
438 1578 528 1631 ub‘i
559 1579 714 1632 aliter
735 1582 1017 1649 pervenire
1043 1597 1149 1636 non
1173 1591 1409 1653 poteras.
1437 1584 1742 1651 Agnoscunt
1765 1599 1860 1653 per

280 1686 330 1722 te
353 1679 556 1724 extera:
605 1681 812 1739 gentes,
845 1673 978 1727 tales
1023 1689 1122 1727 nos
1163 1673 1362 1729 nabere
1412 1674 1639 1739 nobiles,
1673 1651 1860 1742 quales

1967 497 2144 560 potest
2165 490 2381 558 explere
2401 489 2737 544 desiderium.
2770 491 2902 546 Nam
2927 507 3024 562 per
3049 495 3313 564 quaslibet
3336 496 3537 566 pretio-

1967 595 2055 635 sas
2085 595 2170 634 res
2197 581 2263 635 ad
2289 580 2419 635 illud
2445 589 2649 636 tantum
2675 582 2929 650 tenditur,
2953 593 3012 638 ut
3040 587 3303 655 cupientis
3330 588 3540 646 animus

1968 670 2266 740 expleatur.
2307 671 2647 741 Quapropter
2692 671 2992 729 salutantes
3040 676 3211 742 gratia
3258 688 3535 746 consueta,

1968 779 2064 834 per
2083 763 2269 816 harum
2300 763 2586 833 portitores
2613 765 2762 818 illum
2809 774 2863 819 et
2890 765 3035 820 illum
3069 777 3118 831 ε,
3147 767 3537 828 oblectamenta

1967 854 2267 923 przesentia:
2297 853 2388 925 [1).
2429 853 2545 908 Jur.
2566 856 2686 926 legit
2715 859 3056 930 praestantitc]
3080 868 3292 925 vestrae,
3323 862 3537 916 horolo-

1966 946 2051 1012 gia
2079 959 2199 998 cum
2229 946 2341 999 suis
2370 945 2777 1014 dispositoribus
2806 947 3128 1004 credidimus
3169 949 3487 1004 destinanda
3523 969 3535 1005 :

1969 1051 2154 1102 unum,
2183 1037 2232 1090 in
2277 1051 2384 1104 quo
2431 1037 2659 1090 humana
2691 1039 2907 1092 solertia
2943 1041 3148 1094 videtur
3170 1043 3369 1110 colligi,
3396 1044 3536 1111 quod

1969 1127 2131 1180 totius
2158 1128 2276 1182 (εωιί
2304 1128 2540 1181 noscitur
2554 1129 2722 1198 spatia
2755 1131 3028 1197 pervagari
3055 1149 3068 1196 ;
3095 1131 3261 1200 aliud,
3293 1135 3380 1188 ubi
3411 1134 3535 1190 solis

1966 1227 2174 1272 meatus
2200 1218 2315 1272 sine
2357 1218 2469 1274 sole
2498 1221 2836 1287 cognoscitur
2867 1219 2918 1285 ἀ,
2946 1231 2999 1274 et
3027 1224 3180 1292 aquis
3208 1227 3535 1292 guttantibus

1965 1311 2216 1364 horarum
2247 1311 2418 1376 spatia
2448 1320 2818 1364 terminantur.
2849 1311 3111 1367 llabetote
3157 1314 3207 1367 in
3239 1325 3414 1370 vestra
3445 1333 3534 1386 pa-

1967 1399 2085 1462 tria,
2119 1399 2258 1467 quod
2309 1397 2594 1468 aliquando
2646 1401 2850 1455 vidistis
2902 1402 2952 1455 in
3007 1403 3224 1459 civitate
3270 1403 3531 1461 Romana.

1963 1487 2189 1557 Dignum
2217 1499 2298 1543 est
2319 1498 2377 1542 ut
2402 1489 2556 1543 bonis
2586 1491 2784 1544 nostris
2803 1499 2979 1546 vestra
3009 1493 3176 1560 gratia
3207 1493 3530 1564 perfruatur,

1963 1594 2082 1647 qua:
2111 1579 2264 1633 nobis
2291 1579 2450 1633 etiam
2491 1578 2750 1635 aliinitate
2779 1581 3118 1650 coniungitur
3158 1592 3202 1634 ο.
3237 1583 3417 1638 Discat
3435 1587 3532 1642 sub

1957 1669 2116 1735 yobis
2144 1669 2444 1737 Burgundia
2486 1684 2574 1724 res
2614 1671 2985 1727 subtilissimas
3010 1674 3294 1743 inspicere,
3323 1683 3378 1729 ct
3399 1677 3528 1730 anti-

279 1759 530 1826 leguntur
574 1770 841 1816 auctores.
875 1761 1095 1828 Quoties
1125 1779 1233 1818 non
1257 1771 1382 1819 sunt
1428 1763 1683 1818 credituri
1713 1762 1855 1832 quod
1892 1766 1930 1822 Β
1959 1776 2187 1830 quorum
2217 1761 2430 1816 inventa
2475 1760 2694 1817 laudare
2724 1780 2737 1814 :
2787 1777 2884 1831 per
2910 1777 3045 1831 quos
3079 1762 3097 1802 ί
3135 1764 3269 1838 [ed.,
3299 1781 3398 1836 per
3415 1765 3530 1836 vos]

278 1852 532 1914 viderint,
559 1855 773 1922 quoties
804 1855 941 1910 hanc
968 1855 1250 1910 veritatem
1290 1856 1489 1911 lusoria
1518 1858 1724 1911 somnia
1753 1871 1856 1926 pu-

277 1943 503 1997 tabunt?
529 1943 596 1998 Et
625 1945 843 2014 quando
885 1945 1083 2001 fuerint
1109 1962 1138 2001 a
1165 1955 1385 2017 stupore
1426 1947 1704 2014 conversi,
1750 1963 1858 2003 non

276 2033 552 2088 audebunt
596 2050 654 2090 se
693 2036 928 2104 aequales
956 2035 1112 2092 nobis
1139 2036 1334 2104 dicere,
1359 2036 1500 2108 apud
1519 2051 1656 2107 quos
1682 2037 1859 2094 sciunt

275 2126 544 2194 sapientes
568 2127 692 2180 talia
717 2129 1001 2196 cogitasse.

788 2225 1118 2295 EPISTOLA
1153 2238 1332 2295 XLVI.

274 2337 564 2381 GUNDIBABO
613 2326 636 2364 δ
687 2345 808 2384 nec:
866 2345 1269 2386 nuncusmoauu
1319 2344 1682 2387 rusonomcus
1726 2345 1853 2386 max.

275 2412 565 2488 Horoloyia
609 2419 796 2484 solare,
830 2429 876 2493 et
906 2422 1133 2493 aquatile
1159 2437 1191 2474 a
1222 2421 1398 2493 Boetio
1439 2420 1697 2491 fabricata
1739 2437 1856 2475 cum

607 2505 783 2543 eorum
816 2490 1208 2560 dispasitoribus
1240 2492 1316 2546 illi
1338 2490 1514 2545 mittit.

341 2580 729 2649 Amplectenda
768 2591 894 2636 sunt
923 2597 1146 2639 munera
1193 2597 1312 2653 qua:
1351 2582 1649 2653 probantur
1676 2581 1855 2638 omni-

343 2753 371 2781 ιι
395 2736 586 2792 Simile
613 2736 1121 2808 exemplumgexstat
1147 2738 1286 2808 apud
1328 2736 1389 2791 Ι).
1424 2726 1748 2808 Prosperum
1776 2735 1844 2808 de

343 2753 371 2781 ιι
395 2751 586 2792 simne
613 2751 918 2861 ex'erentrmm
944 2751 1121 2793 exsmt
1147 2751 1286 2808 apud
1328 2751 1389 2791 U.
1424 2751 1748 2808 Prosperum
1776 2751 1844 2791 ue

275 2809 531 2888 Eminus.
558 2806 680 2888 et}?
791 2805 1043 2888 ict._Dei,
1065 2818 1221 2888 parte
1248 2808 1325 2874 ni,
1351 2823 1472 2878 cap.
1506 2807 1602 2888 §§;
1629 2815 1683 2888 et
1705 2806 1846 2888 apud

276 2881 546 2940 Bullinum
572 2874 773 2947 Histor:
799 2874 1098 2947 ecclesiast.
1123 2878 1215 2933 lib.
1241 2894 1332 2938 vu,
1362 2874 1481 2947 cap.
1509 2877 1608 2942 25;
1635 2884 1696 2947 et
1707 2874 1846 2947 apud

277 2950 588 3031 l_.aon.ic.um'
621 2947 689 3002 de
742 2945 949 3015 Repub.
979 2946 1269 3002 Mahometi
1315 2948 1408 3002 lib.
1432 2945 1522 3002 'm
1570 2947 1639 3002 de
1667 2945 1849 3000 Rebus

276 3019 535 3077 Turcicis.
560 3016 680 3071 Jun.

344 3093 373 3131 δ
426 3089 551 3168 51.;
591 3086 952 3168 Gundipaldo;
1001 3085 1078 3168 al.
1114 3086 1848 3168 apudAdonemHViennen-

276 3178 409 3217 sem.
436 3159 487 3212 ls
511 3156 878 3227 Gundibaldus
925 3158 1110 3226 paucis
1149 3156 1284 3227 post
1322 3156 1652 3227 temporibus
1672 3156 1849 3227 victus

277 3243 357 3288 est
386 3247 415 3285 a
445 3229 716 3284 Clodoveo
739 3223 1065 3296 Francorum
1115 3223 1258 3294 rege,
1292 3223 1618 3296 aputl'Greg.
1670 3223 1846 3296 Turo-

277 3319 403 3357 nen.
437 3299 529 3354 lib.
563 3314 622 3366 ιι,
652 3312 772 3366 cap.
804 3296 893 3349 52.
939 3295 1072 3351 Huic
1102 3295 1342 3353 Tbeodf
1362 3297 1528 3350 mittit
1555 3295 1660 3350 duo
1689 3295 1854 3366 horo-

280 3374 438 3437 logia,
460 3364 634 3437 unum
665 3364 828 3422 totius
858 3367 1110 3422 motionis
1149 3367 1404 3435 scelestis,
1431 3366 1660 3421 alterum
1690 3364 1853 3419 hora-

280 3436 394 3497 rum
427 3441 514 3493 46.
548 3436 784 3491 Funsen.
1411 3487 1424 3500 _

351 3525 372 3593 ξ
408 3509 635 3593 Nuntios
680 3523 820 3578 saepe
847 3507 950 3593 hoc
977 3506 1196 3593 nomine
1224 3506 1488 3593 significat
1527 3513 1584 3593 et
1610 3504 1704 3558 lib.
1734 3519 1848 3584 vui,

282 3581 436 3649 epist.
470 3579 536 3644 8;
564 3579 655 3632 lib.
689 3575 930 3648 xfepist.
981 3575 1034 3630 8.
1065 3576 1196 3631 Nam
1227 3586 1352 3631 ante
1393 3576 1590 3630 charta:
1616 3589 1770 3628 usum
1798 3575 1850 3627 in

285 3642 472 3725 dolatis
494 3666 573 3725 εξ,
592 3649 734 3725 ligno
757 3649 1015 3725 codicillis
1035 3647 1381 3716 epistolarum
1409 3645 1624 3725 eloquia
1652 3644 1854 3700 scribe-

285 3719 494 3774 bantur.
526 3715 681 3802 _Unde
706 3715 1082 3802 etportitores
1123 3732 1334 3802 earumn
1353 3715 1665 3802 tabellarios“
1687 3728 1855 3802 voca:

285 3799 493 3872 verunt,
523 3790 697 3857 inquit
716 3784 904 3843 Isidor.
936 3789 1028 3842 lib.
1053 3803 1126 3869 vi,
1151 3803 1269 3857 cap.
1302 3787 1356 3852 8,
1389 3784 1621 3868 E-tymol.
1650 3784 1686 3838 l.
1713 3785 1854 3866 7.6.

287 3854 379 3914 Th.
417 3859 478 3939 Si
519 3867 652 3939 cert.
682 3857 1013 3939 petatur._de
1033 3857 1591 3939 chirogrgportttores
1617 3863 1672 3939 et
1691 3855 1856 3939 bamb

287 3931 541 4002 pecuniae,
565 3937 623 3984 et
646 3924 861 3998 gerulus
881 3924 1249 3994 litterarumﬂ.
1266 3924 1353 3993 23,
1381 3941 1590 3992 omnes,
1616 3933 1671 3981 et
1698 3925 1735 3979 l.
1765 3924 1853 3991 '51,

289 4062 774 4091 ...α-ηᾳ--ι

1963 1852 2295 1922 propositum
2325 1852 2526 1920 gentile
2553 1852 2805 1922 deponit;
2841 1862 2896 1908 et
2918 1853 3043 1908 dum
3089 1855 3421 1924 prudentiam
3451 1871 3532 1910 re-

1959 1944 2040 2013 gis
2065 1943 2148 1999 sui
2194 1943 2432 2013 respicit,
2453 1943 2576 2011 jure
2626 1942 2766 1997 facta
2811 1943 3131 2010 sapientium
3181 1946 3530 2016 concupiscit.

1957 2035 2260 2102 Distinguat
2279 2035 2451 2104 spatia
2467 2032 2569 2087 diei
2592 2033 2800 2088 actibus
2823 2033 2952 2098 suis,
2979 2033 3228 2089 horarum
3257 2036 3531 2104 aptissime

1959 2132 2231 2181 momenta
2277 2124 2586 2179 constituat.
2638 2119 2784 2175 Ordo
2832 2123 2955 2176 vita:
2981 2121 3233 2179 confusus
3259 2118 3452 2193 agitu'r,
3484 2125 3531 2181 si

1964 2217 2082 2273 talis
2106 2216 2355 2275 discretio
2376 2215 2476 2272 sub
2495 2214 2722 2271 veritate
2743 2214 2995 2270 nescitur.
3010 2215 3310 2270 Belluarum
3334 2217 3529 2288 quippe

1957 2310 2093 2365 ritus
2137 2317 2219 2364 est
2247 2317 2272 2355 ε
2321 2321 2387 2361 ex
2437 2306 2640 2361 ventris
2687 2305 2864 2359 esurie
2902 2305 3062 2359 horas
3090 2306 3309 2372 sentire,
3339 2313 3394 2361 et
3423 2321 3528 2364 non

1959 2402 2160 2458 habere
2200 2409 2428 2469 certum,
2457 2397 2602 2468 quod
2628 2405 2844 2453 constat
2872 2396 3119 2452 humanis
3161 2397 3344 2453 usibus
3391 2413 3526 2455 con-

1959 2493 2240 2550 tributum.

1947 2735 2220 2804 quoniam.
2273 2725 2334 2804 (ξ.
2371 2732 2470 2804 Th.
2512 2733 2581 2788 de
2612 2729 2862 2804 appet._l.
2904 2745 2944 2785 ι.
2971 2728 3161 2804 C._’l‘h.
3204 2739 3270 2804 ne
3297 2724 3423 2804 quid
3445 2739 3540 2794 pu-

1952 2796 2077 2860 blic.
2107 2807 2257 2881 lauit.
2290 2796 2970 2881 Portitoresalibquisunt
2993 2797 3261 2881 telonarii,
3283 2796 3528 2881 quipor~

1952 2883 2063 2928 tum
2103 2875 2443 2937 obsidentes,
2473 2872 2653 2927 omnia
2683 2871 3112 2932 sciscitarentur,
3144 2875 3218 2937 ut,
3241 2880 3406 2937 ex_eo
3448 2877 3527 2918 ve-

1951 2944 2079 3014 tigal
2133 2933 2460 3014 acciperent.
2517 2941 2656 2996 Non.
2706 2939 2926 2995 Marcel.
2985 2938 3178 2993 Donat.
3210 2936 3264 2991 in
3308 2933 3526 2988 Terent.

1955 3011 2265 3070 Phormion.
2297 3012 2536 3067 Fonusn.

2022 3082 2049 3121 ά
2085 3083 2343 3154 Loquitur
2367 3083 2434 3136 de
2450 3079 2757 3154 clepsydra,
2778 3092 2937 3154 quam
2963 3075 3155 3154 Nasica
3183 3090 3375 3154 censor
3421 3077 3528 3143 pri-

1949 3168 2069 3276 :Inus
2091 3145 2216 3209 fecit
2236 3151 2491 3208 Romanis
2521 3145 2656 3207 teste
2675 3145 2972 3208 Censorino
3005 3148 3071 3203 de
3093 3147 3280 3201 Divina
3308 3145 3527 3200 Natura.

1985 3237 2073 3276 tm.

1985 3237 2073 3277 UB.

2025 3305 2048 3330 ι’
2094 3293 2226 3347 Nam
2279 3291 2642 3348 Gundibaldus
2698 3291 2925 3346 duxerat
2970 3287 3135 3342 tiliam
3181 3283 3522 3340 Theodorici.

1953 3359 2179 3429 Gregor.
2213 3363 2414 3418 Toron.
2449 3362 2541 3415 lib.
2573 3377 2648 3425 ιιι,
2678 3376 2798 3430 cap.
2831 3358 2884 3414 5.
2915 3358 3152 3413 Fonusn.

2030 3432 2050 3469 ί
2084 3430 2251 3487 Plane
2281 3433 2365 3486 hic
2391 3431 2602 3486 restitui
2621 3431 2781 3485 debet
2809 3445 2900 3499 per
2925 3444 3075 3499 quos,
3099 3441 3204 3480 non
3236 3432 3414 3499 autem
3445 3439 3527 3493 per

1954 3518 2061 3557 vos.
2090 3500 2162 3557 Ut
2201 3502 2406 3556 scilicet
2431 3500 2497 3553 ad
2523 3515 2711 3554 vocem
2751 3495 3139 3568 praecedentem
3190 3495 3529 3568 antiquarunt

1957 3575 2176 3628 referat.
2207 3571 2324 3625 Alia
2367 3570 2598 3640 lectione
2625 3585 2718 3640 per
2744 3561 3087 3640 uos_videt_ur_
3113 3563 3292 3640 lapsus
3321 3561 3417 3640 per
3444 3561 3530 3640 Pi-

1964 3644 2145 3697 thcum
2175 3641 2225 3695 in
2255 3655 2350 3696 sua
2372 3631 2686 3708 praefatione
2718 3638 2784 3692 ad
2808 3638 2977 3708 libros
2999 3631 3235 3708 Salviani
3257 3633 3326 3686 de
3348 3631 3526 3685 Provi-

1960 3713 2140 3766 dentia
2166 3711 2278 3775 Dei,
2306 3703 2396 3780 qui
2424 3710 2808 3780 interpretatur
2845 3707 2911 3761 de
2938 3703 3276 3780 Gundibaldo
3306 3716 3450 3780 rege,
3477 3708 3530 3754 et

1963 3771 2294 3852 propositum
2322 3771 2500 3852 gentis
2522 3771 2591 3833 de
2620 3776 2820 3832 foedere
2844 3783 2913 3852 ‘et
2958 3774 3216 3852 societate
3239 3771 3389 3852 Iinita
3413 3785 3530 3825 cum

1967 3839 2220 3906 Romanis
2239 3839 2538 3912 Gothisque
2560 3846 2962 3903 successoribus
2988 3842 3198 3912 accipit.
3229 3839 3423 3912 lunt-gr.

2036 3931 2062 3970 ις
2103 3921 2417 3976 Ammianus
2441 3908 2781 3975 Marcellinus
2809 3915 2904 3971 lib.
2937 3929 3085 3979 unt,
3107 3908 3238 3982 'pag.
3268 3908 3391 3964 302.

3373 4043 3529 4062 .—

1367 4149 1716 4231 LIBER
1789 4139 2445 4228 SECUNDUS.

1726 4277 2128 4296 ψ

708 4362 810 4434 23
841 4356 1172 4415 EPISTOLA
1208 4353 1440 4410 PRIMA.

335 4467 556 4510 PIISSIIO
593 4465 878 4506 ANAS'I'ASIO
916 4461 1239 4504 ιιιρειιλτοιιι
1270 4453 1635 4498 τιιεουοιιιευὸ
1673 4453 1801 4493 REX.

288 4544 565 4602 Renuntiat
593 4543 820 4598 Felicem
848 4541 1056 4595 Gallum
1086 4556 1176 4610 pro
1222 4536 1412 4591 meritis
1433 4535 1529 4588 hoc
1557 4549 1696 4586 anno
1730 4547 1856 4584 con-

763 4615 922 4668 sulem
950 4613 977 4682 f
975 4612 1108 4664 uisse
1135 4617 1379 4662 creatum.

351 4725 624 4781 Admonet
647 4739 747 4779 nos
767 4721 1099 4779 consuetudo
1128 4718 1384 4774 solemnis
1413 4715 1540 4770 dare
1563 4711 1740 4768 Fastis
1769 4726 1861 4765 no-

287 4830 427 4882 men,
453 4825 703 4869 ornatum
730 4815 1000 4884 praprium
1031 4811 1234 4873 Romae,
1267 4818 1532 4864 terrenam
1552 4804 1715 4861 curiae
1745 4802 1860 4856 cla-

288 4908 534 4972 ritatem;
586 4914 642 4959 ut
667 4921 762 4975 per
807 4919 1069 4963 annorum
1096 4913 1377 4956 numerum
1419 4896 1668 4952 decurrat
1687 4892 1859 4963 gratia

357 5072 383 5098 ι
413 5059 668 5117 Formula
690 5060 716 5114 1
749 5059 839 5114 lib.
867 5075 937 5121 vr,
962 5059 1088 5114 anui
1111 5072 1207 5130 per
1232 5052 1480 5109 consules
1506 5047 1862 5106 numeraban-

289 5141 516 5254 mrlz‘elix
544 5217 576 5252 a
604 5200 810 5254 consule
838 5207 1008 5253 sumat
1055 5207 1223 5245 annus
1272 5188 1603 5261 auspicium]
1636 5188 1862 5243 Constat

289 5288 354 5328 ex
404 5272 509 5325 hoc
563 5270 683 5325 loco
728 5269 1003 5324 consulum
1054 5263 1217 5316 fuisse
1267 5263 1521 5317 inchoare
1567 5265 1864 5328 annumiet

328 5341 551 5402 audere,
600 5349 658 5393 ut
688 5340 854 5408 liquet
881 5355 947 5392 ex
991 5339 1026 5390 l.
1131 5332 1190 5408 (ξ
1224 5331 1532 5408 Tli_e_od._ne
1558 5330 1683 5408 quid
1713 5326 1858 5408 publ.

307 5413 476 5472 :ctit.;
508 5398 760 5464 Salviand
803 5409 895 5462 lib.
946 5423 996 5461 γι
1044 5407 1108 5459 de
1159 5401 1526 5466 Providentia,
1575 5398 1864 5472 multisque

292 5482 435 5538 aliis.
467 5467 558 5534 Sic
587 5495 755 5532 novus
784 5493 956 5532 anuus
987 5475 1282 5537 dicebatur,
1308 5473 1510 5542 primus
1556 5476 1731 5542 annus
1765 5467 1864 5519 im-

294 5537 705 5622 perii_alicujus
733 5546 1094 5622 imperatoris.
1149 5554 1206 5598 ut
1255 5537 1866 5622 ciHSenccaﬂcolligere

292 5606 402 5677 cst.
433 5618 572 5685 Quid
597 5606 773 5673 a'ctum
804 5606 872 5671 sit
903 5618 954 5670 in
985 5616 1120 5670 ccelo
1144 5622 1272 5685 ante
1321 5612 1473 5685 diem
1496 5609 1710 5664 tertium
1747 5606 1866 5659 idus

295 5681 572 5751 Octobris,
605 5688 786 5742 Asinio
827 5685 1100 5759 Marcello,
1126 5681 1510 5759 A_cillo_Aviola
1551 5693 1694 5759 coss.
1723 5689 1865 5759 an‘no

303 5776 470 5827 novo,
502 5745 658 5823 initio
684 5757 863 5813 saeculi
890 5745 1196 5820 felicissimi,
1225 5755 1350 5813 volo
1380 5749 1654 5806 memoria:
1682 5745 1864 5802 trade-

1896 4353 1949 4412 D
1974 4347 2289 4416 dignitatum
2305 4385 2322 4414 ,
2344 4353 2399 4400 et
2425 4341 2699 4399 beneﬁciis
2741 4341 3041 4412 principum
3069 4347 3310 4396 sacretur
3336 4354 3530 4398 memo~

1964 4439 2044 4495 ria
2093 4436 2431 4494 saeculorum.
2458 4433 2612 4489 Felix
2642 4447 2672 4487 a
2701 4430 2924 4488 consule
2951 4439 3129 4486 sumat
3157 4446 3330 4487 annus
3361 4432 3530 4502 auspi.

1965 4529 2106 4585 cium
2133 4536 2184 4596 ι,
2215 4533 2532 4596 portamque
2552 4523 2756 4578 dierum
2781 4521 2874 4576 tali
2893 4521 3111 4576 nomine
3137 4521 3345 4576 dicatus
3368 4536 3540 4577 anuus

1965 4621 2218 4684 introeat,
2258 4617 2542 4686 faveatque
2568 4614 2789 4684 reliqua:
2835 4613 2972 4684 parti
3018 4610 3228 4668 fortuna
3271 4614 3532 4685 principii.

1966 4709 2103 4776 Quid
2131 4709 2274 4763 enim
2297 4706 2448 4762 vobis
2467 4704 2612 4760 credi
2640 4704 2810 4775 possit
2833 4703 3068 4774 Optatius
3095 4719 3252 4774 quam
3285 4712 3341 4757 ut
3367 4704 3533 4758 alum-

1967 4816 2067 4856 nos
2092 4799 2340 4871 proprios
2363 4797 2430 4852 ad
2453 4797 2617 4852 ubera
2646 4810 2740 4850 sua
2765 4793 2934 4849 Roma
2961 4793 3259 4861 recolligat,
3291 4801 3344 4847 et
3366 4793 3418 4846 in
3446 4809 3534 4847 ve-

1969 4891 2208 4947 nerando
2233 4890 2462 4946 nominis
2489 4896 2631 4946 cmtu
2658 4895 2906 4944 senatum
2952 4891 3268 4942 annumeret
3305 4881 3534 4938 Gallica-

1962 5062 2041 5100 re.
2092 5043 2186 5099 Est
2236 5054 2292 5100 et
2345 5060 2516 5100 novus
2555 5059 2727 5099 annus
2753 5057 2878 5112 pars
2903 5041 3008 5112 illa
3041 5042 3189 5112 anni,
3220 5054 3338 5108 qua:
3368 5053 3533 5095 novas

1962 5115 2158 5184 fruges,
2185 5129 2461 5184 novosque
2481 5113 2683 5170 fructus
2711 5110 2870 5183 parit.
2899 5110 3138 5165 Tibullus
3170 5127 3182 5163 :

2055 5227 2112 5276 Et
2136 5226 2458 5289 quodcunque
2477 5225 2595 5276 mihi
2621 5236 2810 5284 pomum
2840 5234 2992 5271 novus
3020 5221 3198 5269 educat
3217 5231 3386 5268 almus.

1963 5334 2052 5390 Sic
2077 5341 2318 5387 aestatem
2347 5333 2467 5386 novi
2495 5331 2620 5384 anni
2661 5328 2859 5383 dixisse
2887 5325 3100 5380 videtur
3125 5322 3348 5388 Gellius,
3384 5323 3534 5395 quod

1962 5412 2120 5461 testas
2148 5416 2314 5456 novas
2343 5401 2517 5469 fruges
2545 5399 2748 5453 all'erat.
2774 5396 3158 5463 Saepenumero
3180 5395 3344 5450 etiam
3377 5410 3533 5451 usur-

1969 5481 2258 5551 patur-pro.
2281 5471 2407 5550 anni
2435 5469 2612 5551 initio,
2640 5477 2698 5522 ut
2724 5480 2921 5520 novum
2966 5479 3082 5520 ver.
3110 5479 3249 5519 nova
3275 5473 3438 5520 astas
3487 5475 3541 5526 et

1968 5538 2169 5599 Instatis
2189 5540 2418 5594 initium.
2453 5538 2673 5592 Ovidius
2699 5553 2714 5590 :

2097 5655 2321 5717 Dic,age,
2343 5653 2606 5722 frigoribus
2630 5661 2783 5717 quare
2809 5663 2963 5702 novus
2989 5650 3180 5767 incipitB
3176 5661 3342 5700 annus.

3184 5727 3330 5767 coss.

3184 5727 3330 5774 8055.
