3988 6178
445 314 551 372 543

1665 312 1736 367 Μ.
1779 304 2056 366 AUIiELll
2094 305 2484 363 CASSIODORi

3600 302 3693 358 5M

456 450 587 491 num
611 435 674 488 l'1’
704 434 974 504 Agnoscat
1001 431 1148 485 curia
1179 426 1518 497 Transalpini
1545 426 1817 495 sanguinis
1844 425 2028 490 decus,
2059 429 2103 484 Α
2137 423 2512 494 prmdicantur.
2537 421 2729 477 Currat
2749 420 2986 490 quinimo
3013 418 3279 474 bonorum
3308 416 3476 487 gratia
3497 431 3595 487 per
3618 431 3697 487 pa-

446 543 567 594 qua:
593 542 699 580 non
727 527 894 581 semel
925 537 1181 578 coronam
1221 536 1372 576 suam
1420 519 1716 574 nobilitatis
1762 517 1877 587 ejus
1898 517 2032 572 ﬂore

450 619 689 672 vestivit.
716 617 875 670 Novit
896 615 1035 668 inter
1055 613 1294 680 reliquos
1315 611 1488 667 fasces
1511 611 1655 666 viros
1677 610 1799 665 inde
1821 623 2034 664 sumere

447 709 780 770 consulares,
810 707 900 774 qui
951 706 1111 773 longo
1142 713 1424 759 stemmate
1463 703 1625 759 ducto
1652 717 1751 772 per
1795 701 2032 765 trabeas,

450 801 570 868 lege
615 810 914 868 temporum
961 797 1287 865 original-ius
1332 806 1415 851 est
1444 795 1730 850 honorum.
1757 793 1886 848 Nam
1916 793 2034 863 quis

451 890 714 943 bonorum
745 888 979 942 indolem
1023 887 1231 941 nesciat
1261 901 1379 940 esse
1421 884 1678 951 Felicem,
1727 884 1818 952 qui
1850 883 2036 952 primis

451 978 702 1046 auspiciis
743 977 868 1032 hinc
922 975 1157 1046 prodidit
1185 975 1455 1042 meritum,
1499 975 1643 1045 quod
1693 974 1761 1028 ad
1808 975 2034 1042 patriam

452 1069 600 1122 visus
643 1077 726 1125 est
755 1068 1011 1123 festinare
1042 1067 1317 1122 virtutum.
1362 1068 1567 1122 Bonum
1613 1066 1874 1135 judicium
1931 1076 2033 1132 εει,

455 1164 638 1212 secuta
672 1157 1001 1226 prosperitas
1033 1174 1047 1212 :
1077 1157 1250 1212 crevit
1295 1173 1416 1212 cum
1445 1157 1693 1212 libertate
1716 1165 2036 1226 provectus;

457 1262 560 1302 nec
587 1248 728 1316 passi
768 1263 952 1302 sumus
1000 1253 1121 1303 eum
1153 1248 1440 1318 inglorium
1480 1249 1805 1317 relinquere,
1839 1248 1929 1317 qui
1974 1248 2041 1302 ad

456 1339 724 1392 honorem
768 1338 978 1408 reipub.
1019 1339 1217 1393 meruit
1267 1339 1570 1409 pervenire.
1631 1340 1830 1406 Dignus
1883 1339 2043 1408 plane

459 1426 795 1497 largitatibus
825 1430 1038 1492 nostris,
1071 1430 1162 1498 qui
1192 1430 1245 1484 in
1286 1429 1402 1498 ipso
1429 1429 1676 1498 pueritia:
1706 1429 1839 1484 flore
1869 1438 2045 1483 matu-

464 1518 540 1572 ris
565 1519 804 1574 moribus
827 1519 1084 1574 lubricam
1103 1518 1588 1585 frenavitastatem;
1611 1529 1683 1583 et,
1700 1518 1842 1589 quod
1865 1535 2042 1573 rarum

464 1611 810 1665 continentiae
857 1611 1056 1666 bonum
1111 1620 1227 1679 est,
1259 1622 1413 1682 patre
1465 1612 1724 1682 privatus,
1769 1612 2046 1680 gravitatis

466 1699 638 1753 factus
691 1708 774 1754 est
827 1700 966 1755 iilius
1006 1719 1018 1753 :
1059 1701 1406 1771 cupiditatem
1457 1701 1728 1756 inimicam
1771 1702 2045 1771 sapientia:

2133 526 2331 583 rentes,
2382 517 2480 573 sub
2511 517 2734 587 imperio
2773 517 2898 571 boni
2944 515 3199 586 principis
3227 513 3464 569 omnium
3495 511 3694 568 fortuna

2132 609 2398 680 proficiat.
2425 607 2556 662 Nam
2597 609 2716 676 quis
2753 607 3003 676 desperet
3031 611 3394 674 augmentum.
3427 603 3514 658 ubi
3544 611 3623 656 est
3651 604 3694 657 in

2133 715 2320 755 amore
2366 699 2584 763 donum,
2618 707 2674 752 et
2701 709 2956 767 praestare
2987 694 3368 766 propositum?
3411 691 3580 762 Hujus
3624 709 3701 748 ex.

2134 790 2430 860 perimenta
2447 789 2744 844 clementiae.
2762 799 2811 841 ιιι
2829 789 3028 841 retines
3049 787 3394 856 approbasse]
3408 794 3701 848 mss.,tenes

2137 897 2223 936 me
2264 877 2632 950 approbasse],
2666 894 2784 933 tum
2831 879 2930 932 soli
2961 877 3208 946 genitalis
3249 876 3455 930 fortuna
3505 875 3701 940 relicta,

2141 972 2290 1026 velut
2316 970 2548 1041 quodam
2576 969 2904 1038 postliminio
2928 969 2978 1022 in
3009 969 3283 1037 antiquam
3314 966 3536 1035 patriam
3565 981 3702 1019 com-

2139 1061 2630 1131 measses.Excepit
2653 1070 2703 1115 te
2724 1071 2908 1114 noster
2927 1059 3172 1126 affectus,
3189 1059 3425 1128 implevit
3447 1057 3707 1114 beneficiis

2141 1171 2348 1217 manus,
2380 1153 2608 1220 fecitque
2635 1167 2755 1206 esse
2777 1160 2982 1214 votum,
3013 1149 3155 1218 quod
3181 1160 3420 1204 nostrum
3461 1149 3707 1217 expetiis-

2141 1266 2228 1305 ses
2257 1249 2556 1319 imperium.
2588 1245 2677 1301 Sic
2707 1247 2848 1300 enim
2892 1245 3116 1299 decebat
3163 1259 3429 1305 crescere,
3461 1243 3550 1311 qui
3605 1258 3710 1295 ine-

2145 1341 2276 1394 liora
2305 1339 2450 1392 ViSus
2477 1345 2558 1392 est
2587 1335 2833 1404 elegisse.
2862 1333 3096 1387 Mutatur
3143 1333 3283 1387 enim
3335 1331 3544 1385 fortuna
3600 1348 3710 1386 cum

2143 1429 2400 1494 dominis;
2432 1436 2489 1483 et
2524 1428 2575 1481 in
2605 1427 2762 1481 laude
2787 1424 3060 1493 regnantis
3089 1423 3329 1492 proficit,
3373 1423 3513 1492 quod
3543 1421 3713 1490 subje-

2144 1529 2267 1576 ctus
2304 1519 2550 1588 acquirit.
2584 1518 2652 1572 At
2677 1524 2734 1570 tu
2760 1532 2943 1586 parem
2975 1524 3026 1568 te
3057 1515 3181 1569 huic
3208 1514 3547 1584 indulgentiae
3593 1529 3708 1582 pne-

2147 1612 2350 1667 stitisti.
2383 1609 2577 1664 lllustri
2623 1609 2766 1663 enim
2799 1609 3006 1661 honore
3035 1607 3262 1669 ditatus,
3296 1614 3440 1659 tanta
3471 1614 3524 1659 te
3554 1613 3716 1658 matu-

2149 1703 2308 1757 ritate
2337 1701 2624 1764 tractabas,
2659 1708 2716 1753 ut
2766 1714 2937 1752 annos
2985 1698 3133 1752 leves
3179 1697 3440 1774 patereris
3468 1711 3592 1750 esse
3628 1697 3719 1750 sub

463 1790 790 1858 subjugavit,
824 1789 1078 1846 vitiorum
1128 1791 1321 1846 blanda
1379 1792 1730 1861 contempsit,
1785 1792 2048 1861 superbiae
2087 1787 2126 1844 Β
2153 1791 2412 1864 pondere,
2443 1805 2602 1860 quem
2633 1805 2739 1844 non
2771 1788 2946 1860 potuit
2987 1783 3257 1856 inprima
3303 1795 3462 1840 mtate
3509 1786 3719 1842 vincere

465 1894 604 1932 vana
634 1879 884 1934 calcavit.
915 1880 988 1934 fta
1010 1882 1275 1950 superatis
1304 1882 1612 1938 excessibus
1637 1891 1763 1937 ante
1805 1883 1933 1937 dare
1967 1885 2047 1937 vi-

467 1987 558 2026 sus
587 1981 669 2026 est
695 1973 762 2027 de
791 1975 1028 2028 moribus
1057 1975 1414 2029 consulatum.
1442 1974 1551 2030 Nos
1583 1984 1762 2032 autem
1786 1977 1877 2047 qui
1899 1977 2051 2032 bonis

470 2065 783 2119 rcdimimur
805 2067 1075 2129 institutis,
1103 2082 1238 2134 quos
1262 2066 1501 2136 probitas
1524 2068 1762 2137 inspecta
1779 2069 2031 2124 conciliat

469 2157 683 2210 curules
712 2156 908 2211 infulas
938 2157 962 2194 δ
995 2157 1337 2227 prmstitimus
1367 2158 1674 2224 candidato,
1707 2167 1767 2213 ut
1793 2160 2051 2214 virtutum

469 2247 736 2302 desideria
759 2250 1026 2317 possimus
1047 2265 1345 2319 provocare
1367 2267 1463 2321 per
1494 2267 1714 2306 munera
1745 2270 1758 2305 :
1790 2253 1914 2323 quia
1947 2270 2051 2306 non

471 2337 654 2394 deficit
682 2340 761 2394 rei
787 2341 1040 2405 studium,
1072 2358 1192 2412 qua:
1213 2343 1490 2411 praemium
1519 2344 1716 2411 largius
1757 2345 1935 2398 habet.
1962 2345 2056 2398 At-

473 2443 580 2498 que
607 2429 730 2485 ideo
757 2447 873 2499 vos,
905 2432 996 2500 qui
1028 2433 1305 2503 utriusque
1331 2433 1540 2502 reipnb.
1565 2435 1724 2489 bonis
1767 2435 2054 2490 indiscreta

475 2519 701 2588 potestis
746 2522 915 2588 gratia
963 2521 1242 2588 delectari,
1291 2523 1504 2592 jungite
1533 2524 1793 2588 favorem,
1823 2525 2056 2580 adunate

479 2610 822 2665 sententiam.
852 2611 1146 2667 Amborum
1187 2613 1394 2682 judicio
1423 2615 1617 2684 dignus
1663 2625 1747 2670 est
1787 2617 1932 2685 eligi,
1964 2618 2056 2686 qui

483 2699 650 2754 tantis
672 2698 901 2756 fascibus
923 2714 1159 2755 meretur
1187 2705 1390 2772 augeri.

1054 2835 1387 2890 EPISTOLA
1425 2836 1487 2892 ll.

482 2939 656 2980 ηιιςι
686 2940 808 2981 νειιο
848 2942 1092 2982 ιιιυδτιιι
1134 2943 1351 2983 εοκευιι
1389 2943 1669 2984 ΟΚΒΙΝΑΒΙΟ
1699 2944 2060 2987 τηεουοιιιευε

1209 3013 1336 3054 REX.

484 3086 760 3158 Caufertur
786 3088 863 3142 illi
892 3087 1174 3162 indictione
1201 3105 1266 3162 iv
1293 3092 1516 3144 consulis
1558 3091 1786 3162 dignitas
1810 3133 1824 3157 ,
1860 3094 2062 3149 multis-

965 3175 1060 3230 que
1086 3159 1322 3215 laudibus
1351 3162 1580 3229 effertur.

559 3244 809 3302 Amamus
852 3247 1114 3305 beneficia
1161 3259 1342 3305 nostra
1394 3253 1698 3320 geminare,
1755 3268 1856 3310 nec
1894 3255 2061 3311 semel

487 3345 706 3406 prmstat
755 3337 971 3407 largitas
1027 3340 1223 3395 collata
1279 3341 1588 3408 fastidium;
1639 3345 1916 3415 magisque
1962 3363 2061 3402 nos

488 3437 784 3497 provocant
811 3429 880 3483 ad
925 3430 1177 3500 frequens
1227 3434 1526 3502 praemium,
1556 3435 1643 3504 qui
1676 3437 1826 3492 initia
1864 3448 2062 3494 nostrae

488 3518 671 3586 gratim
715 3520 987 3590 suscipere
1041 3533 1373 3578 meruerunt.
1417 3523 1579 3580 Novis
1627 3527 1767 3580 enim
1803 3525 2061 3595 judicium

491 3609 830 3678 impenditur,
864 3611 1018 3668 favor
1043 3624 1222 3670 autem
1276 3617 1446 3671 semel
1500 3617 1709 3686 placitis
1757 3621 2058 3675 exhibetur.

491 3701 754 3758 Decorum
786 3713 868 3759 est
897 3719 1126 3774 namque
1154 3705 1411 3776 principis
1439 3707 1660 3761 arbitria
1700 3723 1807 3762 non
1836 3708 2061 3772 b:crcre,

493 3797 616 3868 quia
645 3796 1087 3852 commendantur
1133 3797 1311 3868 priora
1359 3799 1747 3868 posterioribus
1791 3799 1966 3865 donis,
2011 3810 2068 3856 et

493 3884 736 3942 firmatur
777 3888 953 3944 omnis
982 3889 1276 3944 indubitata
1323 3889 1393 3944 de
1427 3891 1749 3959 repetitione
1777 3893 2063 3950 sententia.

495 3975 708 4030 Pridem
742 3977 835 4030 tibi
858 3977 1123 4031 bonorum
1172 3978 1455 4033 tribuimus
1478 3979 1720 4049 gradum,
1752 3995 1893 4035 nunc
1920 3981 2069 4035 fasti-

491 4067 638 4134 gium
670 4067 1015 4122 concedimus
1057 4067 1412 4136 dignitatum;
1460 4079 1519 4124 ut
1557 4078 1614 4125 et
1664 4071 1932 4126 anteriora
1977 4073 2072 4127 tibi

495 4161 694 4218 merito
732 4161 1024 4216 contulisse
1061 4160 1356 4226 videamur,
1393 4171 1448 4217 et
1487 4163 1539 4216 in
1568 4164 1918 4231 sequentibus
1943 4181 2073 4219 con-

495 4252 752 4308 stantiam
797 4259 981 4306 tenere
1027 4259 1208 4306 nostra
1256 4251 1556 4318 benignitas
1598 4255 1908 4310 mstimetur.
1959 4255 2073 4310 Non

497 4340 643 4396 enim
667 4339 894 4411 relinqui
917 4339 1173 4410 inglorios
1187 4340 1442 4410 patimur,
1471 4343 1562 4411 qui
1592 4344 1802 4411 generis
1831 4345 2078 4401 claritate

2152 1883 2437 1941 fortissima
2465 1882 2546 1936 vis
2576 1889 2796 1935 naturae.
2836 1880 3058 1932 Paterna
3089 1879 3230 1932 enim
3257 1877 3560 1931 substantia
3587 1876 3722 1930 locu-

2152 1976 2406 2047 pletatus,
2432 1987 2549 2042 qua:
2567 1986 2780 2040 semper
2800 1985 2970 2023 novos
2997 1967 3206 2022 extollit
3223 1967 3478 2026 haeredes,
3505 1981 3721 2020 conser-

2159 2067 2290 2123 vasti
2311 2065 2541 2128 divitias,
2574 2077 2697 2118 cum
2727 2061 2792 2115 ad
2820 2075 2912 2114 eas
2942 2067 3134 2130 prrcter
3159 2058 3360 2112 laboris
3388 2056 3570 2110 studia
3611 2071 3725 2125 per-

2155 2157 2409 2211 venisses.
2441 2153 2592 2209 Solet
2605 2152 2746 2207 enim
2770 2151 2926 2206 facile
2955 2150 3081 2212 labi,
3111 2148 3255 2217 quod
3282 2148 3397 2202 sine
3421 2145 3728 2201 difficultate

2157 2252 2330 2320 potuit
2359 2247 2605 2302 inveniri.
2633 2244 2840 2298 Auxisti
2870 2243 3248 2314 patrimonium
3276 2240 3584 2294 vivacitatis
3604 2237 3621 2310 [
3645 2237 3730 2294 Cr.

2156 2349 2204 2393 et
2226 2337 2366 2408 Cuj.,
2398 2333 2722 2405 vicinitatis]
2751 2333 3021 2388 instantia.
3055 2332 3185 2386 Nam
3211 2331 3353 2400 quod
3382 2331 3599 2397 signum
3627 2345 3733 2383 ina-

2156 2430 2236 2499 gis
2258 2429 2412 2483 bona:
2440 2426 2858 2500 dispensationis
2889 2425 2992 2499 [σά.
3026 2425 3142 2489 Ac.,
3167 2420 3564 2493 dispositionis]
3595 2437 3733 2492 qua:-

2159 2529 2325 2585 ratur,
2375 2519 2465 2575 ubi
2493 2519 2646 2574 testis
2692 2527 2772 2574 est
2797 2517 3143 2574 consulatus?
3192 2515 3246 2569 lu
3295 2523 3440 2568 tanta
3483 2514 3737 2569 facultate

2158 2609 2420 2675 meruisti,
2450 2609 2520 2664 ad
2543 2609 2690 2678 quod
2714 2609 2802 2663 vix
2823 2607 3023 2662 eversis
3046 2607 3382 2677 patrimoniis
3403 2606 3738 2675 pervenitur.

2160 2702 2370 2758 Privata
2427 2701 2659 2770 parcitas
2707 2699 3062 2754 liberalitates
3107 2698 3348 2768 publicas
3394 2709 3414 2734 ε
3463 2699 3736 2751 enutrivit.

2161 2795 2438 2851 Transiisti
2469 2793 2696 2862 gloriam
2745 2792 2912 2862 patris
2957 2791 3308 2861 dispositione
3359 2789 3648 2852 laudabili;
3690 2799 3736 2843 et

2160 2889 2306 2959 quod
2347 2887 2436 2942 ille
2463 2901 2737 2943 assumere
2763 2900 2870 2940 non
2914 2884 3102 2948 valuit,
3132 2883 3198 2938 de
3229 2882 3347 2950 ejus
3371 2882 3573 2952 opibus
3620 2882 3738 2934 clle-

2163 2982 2302 3037 cisti.
2333 2979 2520 3035 Celsos
2545 2993 2737 3034 currus
2784 2977 2884 3032 nisi
2937 2974 3262 3031 confidentia
3294 2988 3491 3042 magna
3525 2989 3630 3027 non
3660 2987 3739 3042 ap~

2165 3073 2320 3144 petit,
2345 3071 2470 3127 dum
2491 3071 2738 3140 generosi
2769 3077 2852 3133 est
2878 3069 3040 3122 animi
3069 3076 3257 3137 optare
3294 3065 3439 3134 quod
3484 3079 3743 3120 summum

2087 3156 2133 3219 C
2164 3172 2267 3218 est.
2295 3161 2565 3217 Audentes
2593 3161 2719 3216 facit
2747 3161 2992 3214 homines
3040 3158 3233 3213 fiducia
3263 3158 3361 3221 sui,
3398 3159 3531 3228 quia
3554 3172 3612 3209 sc
3641 3170 3742 3208 non

2163 3254 2363 3325 patitur
2404 3253 2667 3318 occulere,
2710 3267 2869 3321 quem
2921 3251 3223 3321 prmcipitat
3268 3260 3462 3303 natura
3501 3248 3733 3318 prodire.

2166 3345 2345 3400 Rediit
2385 3359 2483 3413 per
2537 3353 2588 3397 te
2642 3343 3005 3413 Transalpina:
3051 3342 3264 3396 familiae
3315 3341 3655 3403 consulatus,
3696 3345 3747 3392 et

2166 3447 2382 3493 arentes
2430 3436 2614 3490 laurus
2666 3436 2821 3490 viridi
2878 3436 3120 3504 germine
3168 3433 3470 3489 renovasti.
3534 3431 3750 3486 Sacram

2171 3526 2366 3584 Urbem
2390 3519 2698 3595 aspice'tuis
2727 3525 2867 3580 votis
2888 3524 3246 3580 candidatam.
3280 3521 3471 3577 Tende
3502 3523 3664 3590 igitur
3684 3519 3746 3572 ad

2167 3617 2384 3672 laudum
2413 3616 2557 3672 celsa
2587 3615 2839 3685 vestigia;
2884 3625 2941 3669 ut
2971 3616 3180 3684 priores
3209 3624 3348 3674 tuos,
3380 3628 3530 3683 quos
3557 3615 3757 3667 honore

2164 3725 2406 3782 reparas,
2441 3708 2638 3763 virtute
2673 3705 3041 3761 transcendas.
3092 3703 3254 3759 Sume
3287 3704 3454 3773 igitur
3494 3719 3593 3773 per
3624 3701 3756 3755 indi-

2166 3803 2403 3857 etionem
2429 3809 2677 3868 quartam
2705 3797 2779 3870 [id
2800 3807 2875 3852 est
2898 3812 2985 3850 an.
3017 3794 3143 3851 Chr.
3173 3793 3266 3848 511
3289 3793 3307 3866 ]
3329 3797 3658 3852 consulatus
3686 3794 3760 3848 in-

2167 3893 2358 3962 signia,
2390 3892 2718 3958 dignumque
2765 3897 2819 3943 te
2858 3896 3132 3942 tantorum
3171 3885 3459 3941 desideriis
3508 3881 3762 3955 pnesenti

2168 3982 2458 4052 comproba
2484 3980 2750 4048 largitate.
2776 3977 2872 4032 Hic
2901 3975 3146 4048 profecto
3177 3976 3330 4030 locus
3357 3985 3470 4038 est,
3517 3975 3609 4030 ubi
3633 3987 3764 4044 prai-

2174 4072 2389 4126 conium
2419 4079 2656 4126 meretur
2684 4068 2903 4135 effusio;
2935 4075 2990 4122 et
3028 4068 3240 4122 virtutis
3269 4081 3446 4134 genus
3504 4074 3610 4131 est,
3647 4079 3766 4134 pro-

2174 4164 2346 4235 priam
2375 4162 2728 4217 substantiam
2758 4177 2865 4215 non
2895 4175 3095 4226 amare,
3130 4159 3218 4213 ubi
3249 4151 3466 4212 tantum
3497 4155 3767 4228 opinionis

2179 4253 2487 4323 acquiritur,
2519 4261 2778 4321 quantum
2825 4251 3166 4306 facultatibus
3187 4250 3510 4318 abrogatur.
3543 4249 3768 4317 Respice

2183 4351 2235 4398 te
2264 4360 2426 4415 supra
2448 4344 2687 4399 omnium
2734 4345 2990 4399 humeros
3045 4351 3208 4411 atque
3257 4357 3351 4395 ora
3387 4343 3664 4406 volitare;
3693 4349 3768 4391 ta-

577 4548 602 4577 ·
631 4538 694 4611 Ι).
729 4539 876 4594 Grul.
910 4547 966 4596 et
994 4539 1157 4611 Cujas
1195 4548 1388 4611 putant
1430 4540 1731 4611 legendum,
1764 4548 1810 4592 et
1842 4541 1892 4594 in
1923 4557 2070 4611 pene-
2100 4547 2151 4606 D
2175 4541 2322 4611 signa
2363 4541 2557 4611 quibus
2596 4541 2938 4611 distinguitur
2966 4540 3101 4611 liber
3145 4554 3174 4592 a
3201 4554 3381 4611 servo,
3412 4540 3454 4611 l.
3485 4538 3761 4611 jubemns.

501 4609 658 4663 randi
686 4613 907 4663 nominis
955 4609 1133 4664 emtum
1186 4609 1872 4665 annumeretGallicanum.
1922 4609 2070 4676 “55.,

506 4677 576 4736 Et
608 4681 664 4732 in
709 4682 996 4734 uenerando
1041 4683 1264 4736 nominis
1311 4691 1438 4736 metu
1487 4691 1786 4736 annunteret
1841 4678 2074 4734 Gallica-

501 4763 648 4804 num.

579 4818 608 4857 δ
635 4817 803 4872 infula
832 4817 994 4874 fascia
1023 4821 1183 4876 estin
1234 4821 1450 4877 modum
1501 4821 1847 4886 diadematis,
1898 4835 1927 4873 a
1967 4836 2075 4889 quo

506 4887 816 4961 dependent
841 4890 984 4944 vitta:
1013 4890 1082 4944 ab
1130 4900 1354 4959 utraque
1400 4900 1571 4961 parte.
1605 4890 1829 4956 Quidam
1881 4887 2076 4961 infulas

507 4958 845 5015 sacerdotum
879 4961 1206 5015 fllatnentum
1231 4958 1510 5016 vocabant.
1542 4961 1643 5014 Alii
1666 4962 1908 5015 scribunt
1938 4959 2073 5013 infu-

511 5028 592 5083 las
621 5029 889 5100 filamenta
933 5030 1052 5084 alba
1091 5046 1209 5086 esse
1237 5032 1430 5100 quibus
1475 5031 1669 5100 templa
1718 5029 2076 5100 ornabantur;

509 5106 566 5171 et
594 5099 756 5171 moris
778 5099 938 5156 fuisse
962 5107 1018 5154 ut
1037 5099 1318 5171 nubentes,
1337 5099 1644 5171 priusquam
1671 5100 1846 5171 mariti
1863 5099 2080 5171 domum

513 5168 938 5241 ingrederentur,
972 5169 1148 5224 infulis
1177 5168 1359 5241 postes
1383 5168 1657 5225 ornarent.
1693 5168 1827 5224 Hinc
1857 5168 2077 5241 factum,

515 5247 573 5308 ut
592 5239 657 5290 ad
683 5254 897 5294 omnem
921 5239 1232 5306 dignitatem
1255 5241 1537 5303 referatur,
1561 5241 1812 5308 quoniam
1833 5239 2085 5308 quaelibet

513 5307 958 5381 dignitashhabuit
984 5311 1207 5381 insignia
1258 5307 1621 5381 sua._Eratet
1673 5308 1835 5363 infula
1855 5307 2080 5381 Lcorona

517 5377 824 5450 iniperialis.
851 5378 887 5432 l.
917 5380 1009 5450 fin].
1052 5375 1115 5434 iii
1142 5381 1262 5435 fine.
1287 5380 1348 5434 C.
1382 5379 1449 5435 de
1487 5381 1645 5450 quad.
1681 5375 1975 5450 prmleoc
2001 5387 2084 5432 est

514 5447 760 5517 diadema
789 5449 932 5517 quod
960 5448 1202 5506 Valerius
1231 5459 1390 5505 vocat
1437 5447 1696 5504 nobilem‘
1718 5449 1887 5516 magis
1917 5463 2080 5515 quam

515 5514 731 5588 felicem
750 5514 1004 5588 pannum,
1032 5521 1215 5576 multis
1241 5522 1402 5586 curis,
1421 5514 1886 5582 sollicitudinibus,
1921 5514 2083 5572 mise~

517 5585 718 5653 riisque
752 5585 1037 5643 refertum.
1068 5589 1206 5644 Sunt
1251 5585 1412 5645 etiam
1461 5590 1637 5645 infula:
1664 5589 1993 5648 consulares,
2026 5595 2084 5641 et

560 5657 758 5712 mfecti
788 5660 1057 5726 prmtorio,
1099 5670 1159 5714 ut
1189 5662 1222 5714 l.
1254 5661 1279 5713 1
1311 5661 1370 5716 C.
1403 5661 1469 5714 de
1497 5662 1715 5715 Consul.
1745 5660 1782 5710 l.
1819 5657 1908 5710 lin.
1965 5659 1991 5726 ᾗ
2029 5657 2077 5710 1.

569 5765 581 5778 .
629 5726 695 5780 de
719 5727 903 5781 decur.
917 5727 1041 5854 μ
1066 5729 1197 5785 Item
1228 5730 1403 5784 infulae
1425 5731 1662 5799 magistri
1686 5728 2008 5791 ofﬁciorum,
2039 5727 2074 5780 Ι.

601 5794 656 5852 in
683 5795 776 5852 fin.
807 5797 868 5853 C.
953 5813 983 5854 e
1011 5799 1279 5854 nrimicer.
1310 5799 1442 5854 item
1485 5809 1608 5854 sunt
1637 5797 1810 5854 infula:
1839 5795 2074 5854 quaedam

521 5793 560 5853 8
601 5794 656 5852 in
683 5795 776 5852 fin.
807 5797 868 5853 C.
917 5793 984 5854 de
1009 5793 1279 5870 primicer.
1310 5799 1442 5855 item
1485 5793 1608 5855 sunt
1637 5797 1810 5854 infulae
1839 5795 2078 5867 quaedam

2183 4609 2244 4667 CL
2277 4612 2343 4667 de
2363 4609 2525 4680 ᾗπερ.
2556 4627 2695 4666 sacr.
2729 4609 2852 4680 cub.
2882 4609 2970 4664 Sic
2990 4610 3256 4680 honorum
3288 4609 3475 4664 infula:
3501 4613 3554 4664 in
3581 4611 3616 4663 l.
3655 4610 3675 4661 -Ι
3707 4609 3762 4680 C.

2182 4682 2249 4735 de
2278 4678 2562 4750 tetnporib.
2590 4681 2766 4750 appcl.
2816 4679 3125 4748 lmperiales
3175 4678 3352 4733 infulae
3384 4680 3440 4734 in
3495 4681 3534 4732 Ι.
3580 4681 3675 4733 ult.
3707 4679 3764 4732 C.

2184 4750 2252 4806 de
2271 4749 2478 4820 quadri.
2504 4749 2720 4820 prmscr.
2751 4750 2972 4818 majoris
2999 4749 3488 4804 administrationis
3506 4751 3692 4805 infulae
3720 4751 3768 4802 in

2183 4823 2219 4877 l.
2251 4822 2272 4874 1
2300 4821 2360 4876 C.
2397 4830 2455 4875 ut
2476 4837 2664 4876 omnes
2685 4820 2910 4888 judices.
2937 4820 3124 4874 Bnoss.

2258 4904 2278 4930 ο
2306 4892 2472 4947 Paulo
2503 4901 2623 4962 post
2643 4889 2957 4962 effusionem
2999 4889 3241 4943 nominat
3263 4893 3358 4950 τὰς
3411 4893 3697 4952 ὑπατείας,
3719 4896 3772 4941 ει

2184 4962 2400 5016 missilia
2431 4960 2708 5017 consulum
2736 4960 3002 5025 intelligit,
3036 4967 3091 5012 et
3131 4975 3350 5013 munera
3383 4975 3588 5015 eorum
3630 4975 3770 5014 sum-

2183 5031 2560 5102 ptuieduntur
2599 5032 2818 5102 populo,
2851 5029 2988 5102 infra
3021 5030 3109 5102 lib.
3145 5045 3217 5092 vi,
3269 5027 3434 5102 form.
3494 5032 3549 5102 l.
3600 5031 3636 5083 l.
3681 5028 3763 5082 36.

2185 5099 2496 5166 Publicitus,
2525 5099 2702 5156 D.'de
2738 5099 2901 5156 cond.
2941 5108 2996 5155 et
3043 5099 3334 5171 demonstr.
3375 5099 3555 5171 Quod
3585 5108 3766 5171 postea

2185 5171 2378 5227 Leonis
2399 5182 2454 5227 et
2482 5173 2712 5226 Zenonis
2733 5169 3206 5225 constitutionibus
3229 5166 3602 5238 prohibitum;
3623 5180 3675 5223 et
3703 5166 3767 5238 ad

2183 5242 2588 5312 aquaeductuum
2607 5241 3048 5312 instaurationem
3071 5236 3390 5312 translatum
3419 5250 3532 5305 est,
3561 5240 3597 5294 l.
3630 5239 3683 5297 2,
3714 5236 3765 5300 5,

2185 5310 2324 5376 4,7C.
2353 5311 2419 5366 de
2445 5311 2663 5366 Consul.
2699 5311 2792 5366 lib.
2835 5327 2927 5366 xu.
2960 5310 3248 5364 Martianus
3274 5325 3505 5378 quoque
3536 5312 3766 5380 impera;

2185 5375 2273 5437 ter
2291 5383 2466 5472 spargi
2507 5383 2762 5472 pecunias
2789 5396 2819 5435 a
2843 5382 3156 5435 consulibus
3199 5375 3388 5446 vetuit,
3407 5375 3631 5436 novel:
3650 5375 3766 5433 t05.

2184 5457 2303 5527 περὶ
2330 5451 2554 5507 ὑπάτων.
2587 5451 2752 5507 FORN.

2255 5524 2281 5560 ά
2311 5522 2384 5576 De
2414 5523 2811 5592 erogationibus
2839 5528 2894 5574 et
2921 5520 3218 5589 sumptibus
3261 5521 3559 5592 consulum
3589 5521 3646 5592 in
3665 5518 3770 5592 Ju-

2186 5592 2286 5648 dos
2306 5601 2362 5646 et
2389 5588 2608 5646 missilia
2659 5593 2892 5661 loquitur
2923 5588 3145 5661 auctor;
3169 5607 3272 5660 qua
3311 5590 3385 5645 de
3416 5607 3482 5646 re
3513 5591 3638 5646 vide
3665 5588 3770 5661 Yo-

2223 5665 2390 5717 iscum
2418 5662 2472 5715 in
2513 5658 2786 5716 Aureliani
2814 5661 2962 5723 Vita;
2993 5658 3218 5717 Dionem
3248 5661 3337 5716 lib.
3391 5677 3526 5718 Lvm
3546 5700 3563 5730 ,
3593 5660 3685 5718 ubi
3705 5658 3772 5715 de

2230 5733 2397 5788 alerio
2421 5732 2656 5787 Asiatico
2687 5731 2942 5802 loquitur.
2975 5731 3160 5786 Bnoss.
