3988 6178
237 265 340 325 “5

1872 148 2025 178 ειμι-ο

1526 269 1886 329 VARIARUM
1927 269 2130 327 LIBER
2165 272 2229 326 ιι.

3400 266 3509 324 διο

236 378 450 450 lemque
509 389 560 436 te
608 381 806 452 praebe,
835 391 895 440 ut
937 383 1129 456 dignus
1153 400 1380 456 genere,
1434 387 1625 457 dignus
1652 387 1816 452 Urbe,
1852 390 1897 448 Α
1923 386 2029 449 ed.,
2061 383 2466 457 constantiam].
2495 384 2564 440 Et
2583 399 2891 456 quanquam
2914 384 3152 440 omnium
3176 383 3402 454 gratiam
3432 384 3510 440 in.

234 469 428 540 dignus
456 480 645 526 nostro
661 471 886 541 judicio,
917 473 1111 543 dignus
1139 476 1338 531 trabeis
1377 474 1681 531 testimeris.

808 580 1140 638 EPISTOLA
1167 582 1254 639 lli.

450 685 680 726 εῑκΑτυι
707 687 859 728 URBIS
892 690 1051 731 ROIE
1081 692 1447 734 THEODOBICUS
1484 693 1610 732 REX.

237 756 397 841 Felix
425 758 611 841 Gallus
633 778 741 816 una
785 780 897 841 cum
928 774 1076 833 patre
1112 767 1390 841 plurimum
1417 767 1823 841 commendatur,

287 831 497 902 ejusque
539 831 611 885 ad
630 831 956 889 consulatum
974 831 1227 907 proniotio
1248 839 1451 892 senatui
1479 831 1825 893 renuntiatur.

306 920 573 989 Gaudete,
603 922 1142 997 Patres-Conscripti,
1189 928 1344 983 vobis
1371 928 1593 985 rediisse
1623 930 1829 998 stipen-

238 1011 328 1066 dia
368 1012 726 1082 dignitatum:
757 1016 988 1085 gaudete
1016 1019 1323 1087 provincias
1350 1019 1508 1087 longa
1533 1026 1691 1073 actate
1731 1017 1824 1072 de-

237 1110 426 1159 suetas
451 1102 602 1158 viros
624 1104 780 1160 vobis
808 1106 1043 1176 pendere
1076 1107 1411 1177 consulares,
1440 1116 1497 1162 et
1518 1106 1586 1162 de
1613 1108 1706 1161 tali
1724 1123 1830 1161 au-

238 1192 414 1263 spicio
442 1192 650 1262 majora
678 1195 997 1264 promittite.
1020 1194 1216 1253 Solent
1243 1197 1389 1253 enim
1427 1197 1575 1251 initia
1606 1208 1830 1268 porten-

238 1284 371 1339 dere
400 1284 649 1351 meliora,
679 1284 808 1341 dum
825 1288 1048 1356 aparvis
1077 1288 1353 1354 inoboant,
1376 1301 1497 1357 qua:
1525 1288 1579 1343 in
1604 1302 1835 1358 aequem

241 1376 390 1431 tibus
419 1389 616 1444 magna
660 1392 721 1433 se
748 1378 1103 1435 admiratione
1139 1379 1452 1435 sublimem.
1482 1377 1705 1436 Iacebat
1729 1396 1831 1434 no~

239 1467 367 1523 bilis
395 1468 552 1537 origo
581 1469 679 1525 sub
700 1456 978 1526 Gallicana
1000 1470 1217 1540 justitio
1241 1479 1289 1537 ⁸,
1314 1479 1375 1526 et
1400 1470 1696 1525 honoribus
1723 1472 1835 1525 suis

241 1554 479 1628 privata,
512 1558 955 1628 peregrinabatur
996 1560 1051 1614 in
1092 1561 1286 1629 patria.
1333 1558 1569 1614 Tandem
1617 1574 1837 1629 pressos

241 1644 423 1703 divina
462 1646 800 1714 levaverunt,
833 1648 1063 1706 Romam
1102 1664 1360 1720 recepere
1387 1664 1509 1705 cum
1559 1650 1748 1718 gloria,
1780 1662 1834 1704 et

1927 475 2159 531 discreta
2189 474 2350 531 fuerit
2396 474 2661 530 electione
2709 482 2945 529 sectatus
2974 472 3147 541 (quod
3194 472 3264 527 de
3303 473 3510 541 magnis

1929 583 2055 623 raro
2084 567 2206 636 eligi
2234 567 2463 636 potest),
2494 574 2703 620 tantum
2732 580 2790 619 se
2820 563 3035 619 ornavit
3061 562 3273 632 patricii
3303 560 3509 617 Paulini

1929 656 2153 719 all‘ectu,
2185 666 2244 710 ut
2287 657 2411 710 hinc
2439 655 2593 710 daret
2622 655 2880 709 mirabilis
2907 652 3248 710 conscientia
3274 653 3507 723 signum,

1929 746 2074 816 quod
2098 746 2165 800 ad
2189 746 2363 801 virum
2384 747 2531 800 visus
2556 753 2639 799 est
2669 745 2921 798 festinare
2968 743 3313 812 praecipuum.
3360 740 3511 799 Prae—

1931 844 2040 893 stat
2060 836 2204 890 enim
2244 836 2408 891 decus
2438 834 2673 889 amicitia
2701 834 3000 890 desiderata
3029 834 3317 903 potiorum,
3346 846 3509 906 quam

1930 927 2162 983 societas
2187 925 2451 980 bonorum
2476 941 2683 979 morum
2715 925 2874 979 callet
2896 924 3193 989 infundere,
3224 924 3351 979 dum
3378 921 3511 979 alie-

1930 1018 2113 1074 ctione
2139 1017 2395 1073 concordi
2425 1032 2609 1086 parem
2625 1015 2725 1071 sibi
2753 1014 2933 1069 studet
2959 1029 3097 1079 esse,
3129 1029 3290 1083 quem
3317 1013 3509 1082 diligit.

1932 1106 2068 1163 Huic
2090 1121 2237 1175 ergo,
2273 1105 2334 1161 P.
2366 1104 2456 1173 C.,
2486 1106 2642 1159 avitis
2670 1104 2827 1159 bonis
2846 1118 2971 1158 cum
3001 1102 3112 1158 suis
3132 1104 3340 1158 meritis
3367 1103 3512 1158 relu-

1933 1197 2100 1262 centi,
2132 1204 2324 1250 vestrae
2366 1195 2550 1263 gratiae
2594 1202 2842 1263 pnnstate
2878 1193 3163 1261 fulgorem.
3194 1191 3310 1247 Non
3339 1193 3512 1262 impar

1933 1290 2000 1344 ad
2046 1288 2329 1343 curialium
2359 1287 2583 1355 insignia
2620 1286 2784 1349 venit,
2817 1285 2904 1354 qui
2962 1284 3029 1340 de
3057 1285 3296 1353 speciosa
3344 1284 3510 1353 stirpe

1934 1376 2232 1434 descendit.
2276 1375 2431 1445 Legit
2482 1376 2625 1429 enim
2675 1373 2844 1427 Roma
2896 1370 3205 1441 frequenter
3230 1371 3403 1426 fasces
3438 1370 3509 1426 de

1935 1471 2200 1526 moenibus
2220 1468 2506 1525 Gallicanis
2530 1468 2585 1520 h:
2611 1482 2678 1521 ne
2698 1474 2791 1520 aut
2818 1467 2872 1520 in
2898 1465 3096 1520 damno
3120 1480 3217 1519 suo
3246 1464 3511 1535 praecipua

1934 1570 2327 1627 contemneret,
2353 1569 2447 1617 aut
2462 1560 2690 1630 probata
2704 1559 2870 1617 virtus
2890 1558 3153 1614 inhenum
3174 1564 3319 1614 esset
3339 1556 3510 1630 [mss.,

1938 1655 2425 1728 inhonorasceret].
2456 1655 2747 1725 Implentur
2775 1654 2933 1725 igitur
2963 1653 3159 1709 nobilis
3202 1654 3350 1709 curia
3384 1669 3513 1725 pro-

243 1752 472 1796 avorum
500 1742 748 1809 antiquas
794 1741 982 1795 laurus
1008 1741 1074 1795 ab
1103 1749 1294 1796 ornata
1334 1741 1499 1795 curia:
1526 1740 1661 1795 silva
1690 1740 1835 1811 lege-
1869 1749 1913 1808 Β
1941 1745 2256 1800 vincialibus
2306 1744 2491 1809 bonis,
2550 1743 2702 1811 cujus
2731 1755 2814 1798 est
2843 1743 3120 1812 proprium
3154 1742 3516 1813 quodcunque

246 1845 396 1891 runt.
449 1832 582 1889 Nam
613 1832 734 1902 quis
762 1832 934 1902 possit
966 1845 1171 1901 negare
1193 1831 1381 1901 generi
1416 1840 1627 1897 munus,
1678 1832 1832 1900 cujus

246 1926 495 1983 habeatis
519 1925 664 1981 velut
690 1924 744 1977 in
774 1937 900 1978 arce
929 1921 1276 1992 depositum?
1307 1921 1365 1976 ln
1393 1935 1489 1977 ore
1512 1921 1710 1993 quippe
1736 1934 1833 1976 ru-

247 2017 417 2074 moris
446 2022 555 2080 est,
582 2012 858 2084 quaedam
900 2011 1104 2068 Felicis
1151 2011 1327 2068 adhuc
1355 2012 1538 2068 vivere
1584 2012 1835 2069 consula-

248 2115 360 2162 tum
380 2123 394 2159 :
418 2106 549 2176 quia
562 2105 712 2160 bona
728 2104 926 2160 durare
946 2110 1145 2158 norunt
1158 2110 1278 2172 post
1298 2103 1568 2159 hominem
1583 2120 1598 2168 ;
1617 2110 1671 2173 et
1691 2101 1834 2172 quod

249 2195 487 2266 gloriose
514 2194 736 2265 geritur,
755 2191 871 2248 ﬁne
898 2191 1158 2262 temporis
1184 2206 1291 2246 non
1314 2198 1545 2247 tenetur.
1586 2188 1751 2258 Cujus
1779 2198 1838 2245 ut

248 2287 530 2357 antiquam
554 2285 889 2357 prosapiam,
918 2284 1098 2341 satiati
1118 2276 1362 2339 veterum
1392 2284 1563 2354 copia,
1595 2290 1839 2339 transea-

249 2394 410 2445 mus;
456 2385 546 2433 est
571 2377 747 2433 adhuc
775 2376 829 2431 in
859 2376 1032 2432 oculis
1054 2376 1296 2431 omnium
1325 2376 1594 2432 candidati
1616 2376 1840 2431 nobilis-

250 2471 419 2528 simus
462 2478 641 2541 pater,
669 2469 761 2541 qui
799 2456 1105 2539 prudentia?
1145 2466 1357 2525 facibus
1393 2468 1469 2524 ita
1514 2469 1764 2540 praeluxit
1785 2469 1840 2525 in

252 2561 424 2627 curia,
468 2558 850 2616 utbaberetur
885 2560 1082 2616 merito
1110 2560 1288 2616 clarus
1340 2560 1484 2623 inter
1529 2568 1611 2615 tot
1640 2561 1841 2615 lumina

253 2651 603 2721 dignitatum.
645 2648 981 2706 Litterarum
1038 2649 1239 2721 quippe
1291 2648 1487 2706 studiis
1534 2648 1840 2713 dedicatus,

255 2750 579 2812 perpetuam
600 2738 1155 2810 doctissimisrdiscipli
1162 2739 1243 2794 nis
1254 2739 1594 2811 mancipavit‘
1606 2745 1842 2795 aetatem.

256 2830 373 2887 Non
403 2830 619 2901 primis,
646 2837 711 2885 ut
734 2829 905 2894 aiunt,
923 2828 1091 2885 labris
1111 2828 1473 2899 eloquentiam
1502 2836 1844 2895 consecutus,

258 2928 377 2976 toto
408 2935 474 2976 se
502 2906 662 2974 Aonii
690 2917 841 2975 fonte
856 2918 1096 2974 satiavit.
1126 2917 1434 2974 Vehemens
1462 2917 1766 2987 disputator
1794 2917 1845 2970 in

260 3012 433 3079 libris,
459 3026 708 3068 alumnus
731 3011 1069 3067 declamator
1088 3010 1148 3067 in
1179 3009 1391 3075 fabulis,
1435 3010 1722 3065 verborum
1751 3027 1850 3065 ηο-

1936 1836 2146 1891 videtur
2166 1851 2285 1891 esse
2312 1836 2660 1907 praecipuum.
2695 1834 2813 1904 Ipse
2841 1848 3056 1903 quoque
3083 1845 3277 1899 annus,
3305 1840 3517 1904 tutnpo-

1937 1943 2054 1983 rum
2084 1935 2259 1997 pater,
2291 1925 2616 1997 quadrifaria
2642 1940 2701 1980 se
2725 1924 3036 1979 diversitate
3061 1924 3369 1994 componit;
3414 1939 3517 1980 nec

1938 2017 2258 2075 desiderium
2286 2026 2527 2089 caperet,
2566 2016 2611 2071 si
2641 2015 2896 2071 novitatis
2923 2016 3151 2085 gratiam
3204 2030 3314 2071 non
3337 2014 3516 2072 babe-

1939 2115 2040 2164 ret.
2079 2106 2279 2162 Favete
2330 2121 2488 2176 ergo,
2526 2105 2588 2162 P.
2630 2105 2714 2169 Ο..
2746 2113 3035 2174 augmento
3086 2113 3289 2173 vestro,
3329 2115 3519 2162 nostro

1934 2197 2158 2267 judicio.
2190 2197 2321 2252 Nam
2350 2198 2397 2254 si
2423 2196 2735 2253 candidatus
2761 2195 3058 2262 ornabitur,
3084 2195 3198 2266 jam
3220 2196 3371 2253 vobis
3390 2211 3518 2268 pro-

1943 2286 2053 2344 ﬁcit
2081 2285 2224 2358 quod
2252 2293 2508 2343 meretur.

2492 2416 2826 2477 EPISTOLA
2864 2414 2951 2474 Π.

1944 2526 2152 2567 κειιοιθ
2180 2511 2283 2585 [θα.
2312 2509 2435 2565 Niv.
2466 2521 2515 2565 et
2543 2509 2714 2574 Cum,
2765 2508 3080 2581 censorem]
3122 2527 3245 2566 vnto
3270 2527 3514 2570 nouzsro

2472 2596 2839 2636 τηεουοιιουδ
2874 2596 3001 2637 REX.

1946 2670 2156 2743 Confert
2185 2670 2464 2743 siliquatici
2490 2671 2567 2743 vel
2595 2669 2896 2743 monopolii,
2917 2687 3046 2741 quos
3072 2680 3230 2743 antea
3253 2673 3525 2729 exercebat

2089 2739 2389 2803 Antiochus,
2418 2739 2617 2805 titulos,
2647 2756 2761 2793 cum
2790 2739 3003 2795 Suionis
3031 2742 3377 2798 adminiculis.

2024 2833 2363 2888 Delectamnr
2406 2831 2687 2909 vetustatis
2725 2832 2962 2897 invento,
3019 2841 3075 2887 et
3122 2835 3274 2905 sequi
3316 2836 3532 2907 regulas,

1951 2926 2271 2982 constitutas
2301 2924 2532 2977 libenter
2560 2923 2967 2992 amplectimur:
2996 2923 3122 2992 quia
3162 2925 3311 2980 locus
3338 2924 3527 2983 subre~

1952 3016 2227 3089 ptionibus
2251 3030 2356 3070 non
2382 3013 2716 3082 relinquitur,
2749 3013 2961 3083 quoties
2988 3013 3381 3069 rationabiliter
3398 3030 3527 3070 con-

260 3101 435 3159 vellus
472 3109 644 3170 sator,
691 3102 1118 3172 aequiparaverat
1159 3115 1381 3170 prorsus
1435 3101 1662 3171 meritis,
1716 3117 1849 3171 quos
1878 3117 1923 3180 ρ
1952 3111 2139 3164 stituta
2189 3115 2492 3163 servantur.
2544 3103 2612 3158 Et
2658 3103 2778 3158 ideo
2823 3103 3275 3173 supplicationum
3318 3111 3528 3162 tuarum

260 3195 540 3265 lectitaret
583 3203 859 3251 auctores.
883 3192 1295 3249 Commendavit
1337 3193 1501 3249 etiam
1548 3194 1847 3249 studiorum

262 3286 407 3343 bona
432 3298 559 3355 iper
592 3282 938 3352 benignitatis
991 3284 1263 3352 insignia:
1304 3284 1483 3338 sciens
1531 3283 1851 3354 imperitiam

263 3379 437 3448 gis
463 3376 638 3433 inﬂari
670 3392 801 3433 aura
846 3377 1132 3445 superbiae,
1164 3391 1285 3446 qua:
1314 3360 1518 3432 levibus
1550 3375 1731 3432 ﬂabris
1759 3394 1856 3432 ex-

263 3470 512 3540 ponitur,
554 3468 683 3538 qu‘ia
710 3468 967 3521 virtutum
1010 3466 1280 3521 radicibus
1308 3482 1417 3522 non
1461 3474 1689 3520 tenetur.
1733 3465 1855 3520 Fuit

264 3558 485 3631 quidam
536 3566 845 3611 nostrorum
868 3564 1180 3627 temporum
1211 3555 1367 3621 Cato,
1416 3556 1506 3625 qui
1538 3554 1854 3610 abstinendo

267 3649 435 3712 vitiis,
462 3646 602 3701 alios
626 3645 885 3701 fumaret
912 3647 1196 3717 exemplis.
1229 3645 1425 3701 Rerum
1452 3660 1666 3716 quoque
1696 3654 1855 3700 natu-

269 3738 467 3792 ralium
528 3750 722 3793 causas
765 3738 1114 3792 subtilissime
1162 3746 1559 3807 perscrutatus,
1606 3737 1859 3807 Gecmpii

268 3827 542 3897 dogmatis
565 3826 743 3883 Attico
762 3842 824 3882 se
842 3827 1000 3881 melle
1010 3828 1297 3895 saginavit.
1322 3827 1488 3896 Digna
1501 3828 1668 3897 .plaue
1687 3828 1861 3883 scien-

272 3918 378 3984 tia,
413 3920 464 3972 in
523 3933 629 3988 qua
683 3933 836 3974 mens
886 3919 1263 3972 honeStissima
1316 3919 1702 3987 conquiescat;
1744 3932 1861 3987 quae

273 4008 458 4064 animo
507 4025 723 4079 semper
754 4008 979 4078 aliquid
1030 4008 1269 4063 salutare
1323 4007 1743 4077 complectitur:
1775 4007 1863 4061 cui

274 4105 384 4177 25
410 4103 663 4160 accidere
690 4102 834 4158 nulla
866 4111 1092 4172 possunt
1139 4101 1369 4168 ingrata,
1400 4100 1524 4155 dum
1571 4099 1671 4154 sibi
1711 4114 1863 4154 com-

275 4196 500 4251 mendat
538 4195 719 4251 omnia
744 4194 1135 4253 mundanarum
1166 4208 1344 4248 rerum
1377 4210 1390 4245 :
1427 4193 1541 4247 sola
1579 4193 1665 4247 cui
1694 4191 1869 4248 labilis

274 4286 521 4343 Fortuna
544 4302 651 4341 non
674 4287 925 4356 imperat.
956 4285 1163 4342 Cretera
1193 4282 1261 4339 de
1290 4285 1408 4354 ipso
1435 4284 1744 4338 meminisse
1773 4298 1870 4337 vos

276 4377 501 4442 sufﬁcit,
532 4377 751 4448 quando
790 4378 933 4432 bona
961 4375 1238 4446 explicare
1268 4373 1402 4427 tanti
1431 4373 1539 4427 viri
1582 4388 1688 4428 non
1717 4379 1872 4426 vacat

276 4470 556 4561 occttpatis
602 4470 766 4541 [mss.
806 4478 859 4524 et
884 4470 965 4523 ed.
1001 4468 1159 4537 Niv.,
1199 4476 1248 4522 et
1276 4466 1409 4561 Gam
1441 4508 1457 4535 ,
1499 4467 1612 4521 otio
1659 4462 1866 4536 patris].
1898 4503 1952 4561 Β

1958 3209 2147 3255 tenore
2175 3206 2472 3267 comperto,
2499 3194 2746 3266 praesenti
2786 3195 3107 3250 auctoritate
3133 3193 3437 3265 definimus,
3468 3203 3532 3252 ut

1956 3289 2216 3360 quidquid
2266 3289 2332 3341 ad
2378 3287 2719 3341 Antiochum.
2768 3285 3052 3354 siliquatici
3104 3286 3188 3341 vel
3236 3288 3532 3358 monopolii

1956 3381 2141 3435 titulos
2170 3390 2533 3441 exercentem,
2566 3383 2745 3431 nostra
2770 3377 3012 3446 jussione
3039 3377 3316 3445 pertinuit,
3368 3378 3435 3431 ad
3478 3386 3534 3434 te

1957 3472 2164 3527 ratione
2209 3470 2369 3525 simili
2414 3467 2784 3532 transferatur,
2837 3475 3024 3521 contra
3059 3469 3297 3523 omnium
3327 3469 3536 3524 calum-

1958 3564 2218 3618 niantium
2245 3560 2484 3624 insidias,
2531 3559 2677 3614 salva
2705 3559 2977 3628 aequitate,
3008 3559 3258 3629 przesenti
3304 3560 3537 3614 auctori-

1962 3665 2070 3711 tate
2095 3655 2389 3718 munitum;
2422 3651 2731 3707 habiturum
2762 3652 2923 3705 etiam
2952 3649 3271 3706 adminicula
3300 3650 3534 3717 Saionis,

1960 3762 2079 3817 qua:
2100 3762 2198 3817 pro
2229 3743 2561 3799 vindicandis
2592 3742 2758 3797 titulis
2785 3740 3035 3798 antefatis
3077 3752 3260 3798 nostra
3298 3744 3395 3799 tibi
3447 3760 3540 3801 so-

1965 3840 2212 3893 lenmitcr
2237 3822 2531 3893 auctoritas
2554 3835 2867 3905 deputavit:
2905 3834 2975 3890 ita
3019 3841 3198 3890 tamen
3238 3844 3299 3890 ut
3324 3836 3543 3907 privatis

1965 3930 2184 3985 minime
2224 3928 2455 3996 negotiis
2502 3927 2792 3982 misceatur
2814 3925 3054 3982 defensio
3081 3932 3193 3981 tua.
3242 3925 3371 3980 Nam
3397 3926 3545 3996 quod

1967 4022 2033 4076 ad
2063 4021 2317 4075 auxilium
2346 4018 2608 4083 dedimus,
2639 4019 2967 4073 contrarium
3011 4018 3157 4074 nullo
3202 4018 3366 4075 modo
3388 4018 3547 4089 justi-

1969 4114 2058 4167 tiae
2107 4112 2417 4167 sentiatur:
2463 4110 2587 4180 quia
2632 4110 3023 4165 rationabiliter
3068 4110 3240 4165 aliena
3285 4111 3443 4182 culpa
3492 4119 3548 4170 te

1970 4201 2204 4271 respicit,
2238 4200 2281 4255 si
2304 4215 2462 4268 quem
2489 4200 2580 4254 tibi
2607 4200 2746 4269 petis
2776 4200 3048 4269 prodesse,
3077 4215 3176 4270 per
3196 4209 3248 4256 te
3272 4202 3373 4257 sibi
3413 4202 3549 4259 alter

1972 4291 2170 4346 Sentiat
2197 4287 2451 4343 obfuisse.

2543 4394 2866 4450 EPISTOLA
2909 4396 2966 4450 ν.

2067 4502 2270 4541 FAUa'l'O
2302 4502 2591 4542 φκρεπεετο
2620 4502 2902 4542 νκλετοιιιο
2930 4502 3295 4543 τηεουοιιιευδ
3324 4506 3453 4549 REX.

461 4561 528 4615 ad
556 4561 918 4653 Acaf‘didawm
949 4575 1042 4614 0⁸³³
1071 4559 1395 4653 θσηῨθτίίίθν
1436 4566 1492 4611 ut
1521 4567 1864 4653 p?‘_‘3rnarun'
1899 4559 1920 4561 ⁷
1946 4579 2191 4652 Pracipit
2204 4590 2263 4653 nt
2277 4588 2550 4650 sexaginta
2584 4577 2832 4653 militibus
2871 4579 2924 4633 in
2967 4579 3283 4653 Augustanis
3332 4586 3551 4640 rlnsnris

280 4649 502 4706 laudum
552 4651 608 4707 in
639 4651 784 4706 hunc
826 4650 1230 4720 recOgnoscatis
1268 4663 1388 4704 esse
1435 4649 1738 4717 vestigium,
1768 4662 1868 4703 nec

279 4749 391 4795 tam
419 4750 579 4810 pater
604 4741 890 4809 imaginem
934 4740 1147 4797 dedisse
1192 4740 1458 4809 corporis,
1508 4753 1671 4809 quam
1716 4739 1866 4806 signa

279 4831 548 4903 indicetur
578 4829 927 4887 transfudisse
956 4832 1186 4887 virtutis.
1220 4831 1366 4886 Vixit
1394 4832 1537 4886 enim
1580 4830 1723 4886 inter
1745 4845 1866 4900 vos,

281 4933 337 4977 ut
366 4924 537 4991 scitis,
570 4940 675 4979 non
705 4923 1092 4980 consuetudine
1118 4923 1424 4994 peregrina,
1465 4921 1560 4985 sed
1600 4922 1864 4990 gravitate

280 5015 546 5071 Ruinam.
574 5017 656 5071 Ab
682 5017 814 5087 ipsis
856 5016 1056 5087 quippe
1102 5013 1411 5086 primordiis
1449 5012 1743 5069 honoribus
1771 5026 1859 5082 ago

275 5119 553 5175 gregales,
579 5108 867 5177 pueritiam
911 5122 1064 5163 suam
1095 5106 1262 5179 (quod
1289 5113 1373 5162 est
1400 5104 1712 5160 certissimae
1741 5119 1857 5174 pro-

276 5197 466 5252 bitatls
510 5194 792 5269 indicium)
838 5196 1237 5267 gloriosissimis
1285 5195 1412 5250 viris
1439 5194 1629 5269 annula
1652 5208 1869 5264 semper

275 5291 546 5358 gravitate
568 5290 817 5355 sociavit,
831 5298 891 5345 ut
913 5298 1038 5360 post
1061 5288 1371 5344 domatieae
1391 5288 1604 5342 virtutis
1623 5288 1872 5358 exempla

274 5387 520 5434 scatent
540 5378 611 5433 de
639 5380 850 5449 publica
879 5380 1199 5434 auctoritate
1223 5377 1543 5434 sententiam
1584 5375 1702 5452 [ms.
1736 5375 1803 5431 Β.
1825 5386 1875 5432 et

357 5612 384 5638 ⁸
414 5602 637 5675 Videtur
665 5604 932 5675 respicere
980 5605 1326 5675 adtempora
1370 5601 1565 5671 quibus
1606 5600 1868 5657 Maximus

279 5673 576 5744 mpavit
605 5672 939 5744 tyrannidem
968 5675 1020 5727 in
1042 5672 1468 5744 Galliis'lunsr.

360 5741 386 5780 δ
414 5742 581 5797 Vetus
607 5741 751 5805 cod"
783 5743 846 5796 de
868 5744 1115 5798 mentibus
1144 5743 1316 5810 Gall.;
1350 5744 1484 5799 forte
1514 5742 1614 5808 legi
1643 5741 1798 5797 debet
1819 5741 1883 5797 de

2039 4649 2348 4707 constitutis.
2402 4649 2644 4703 annonas
2689 4649 2897 4703 easdem
2934 4649 3066 4705 una!
3086 4652 3205 4706 aliis
3261 4658 3553 4709 tribuuntur

2040 4730 2265 4791 praestet.

2039 4828 2172 4885 Cum
2200 4838 2384 4885 nostra
2414 4829 2720 4887 humanitas
2745 4828 2926 4886 locum
2969 4830 3348 4888 munificentiae
3376 4832 3554 4887 videa-

1971 4932 2062 4980 tur
2079 4924 2383 4994 exquirere,
2396 4932 2452 4978 et
2471 4923 2749 4979 interdum
2762 4925 3007 4994 personis
3023 4926 3196 4980 minus
3214 4927 3557 4993 necessariis,

1965 5031 2149 5073 amore
2193 5015 2521 5082 clementiae,
2568 5030 2663 5070 sua
2710 5013 2976 5071 desideria
3023 5016 3306 5085 largiatur,
3352 5026 3557 5087 quanto

1967 5106 2137 5175 magis
2158 5105 2210 5160 in
2237 5105 2471 5160 utilitate
2496 5103 2708 5174 reipub.
2737 5102 3071 5159 delectamur
3105 5102 3429 5173 expendere,
3463 5104 3557 5159 ubi

1969 5195 2228 5267 quidquid
2251 5194 2521 5261 tribuitur,
2548 5194 2803 5249 donantis
2833 5195 3030 5248 utilitas
3053 5193 3383 5262 duplicatur!
3417 5196 3560 5261 Qua-

1973 5293 2196 5357 propter
2224 5285 2485 5339 illustrem
2515 5283 2967 5352 magnilicentiam
2996 5291 3142 5336 tuam
3173 5286 3423 5352 prmsenti
3467 5301 3561 5340 au-

1976 5377 2226 5434 ctoritate
2254 5377 2609 5448 praecipimus,
2633 5375 2912 5443 sexaginta
2933 5376 3187 5431 militibus
3213 5377 3266 5432 in
3299 5377 3563 5448 Augusta-

1973 5603 2267 5675 nemoribns
2298 5601 2604 5675 Gallicanis,
2624 5611 2713 5675 Aut
2748 5602 3007 5673 ﬁguratus
3046 5607 3116 5663 sit
3165 5568 3365 5675 sentio,
3420 5608 3562 5664 velut

1969 5670 2120 5728 initio
2150 5672 2308 5743 hujus
2335 5674 2518 5740 episl.,
2548 5671 2637 5729 ubi
2666 5670 2818 5729 dixit.
2858 5677 3020 5731 curite
3048 5679 3198 5733 silva.
3235 5670 3435 5735 Junnr.
