3988 6178
228 311 335 369 εις

1513 309 1868 365 VARIARU}!
1911 309 2112 368 LIBER
2148 310 2217 369 ll.

3388 313 3489 369 530

224 440 340 482 non
377 432 651 481 recusant.
700 425 905 480 Dudum
951 424 1221 493 siquidem
1264 425 1539 481 aestimatis
1584 435 1810 493 meritis,
1841 434 1885 491 Α
1916 430 2213 495 insequitur
2236 426 2286 482 ά.
2327 425 2490 483 Error
2521 427 2706 482 matris
2735 427 2925 483 transit
2963 428 3032 483 ad
3061 429 3225 498 filios;
3260 441 3316 487 et
3350 449 3491 488 novo

223 512 432 572 Sabino
457 515 658 584 auriga:
685 528 853 569 unum
877 513 1112 571 solidum
1139 514 1255 569 dari
1278 523 1633 569 menstruum
1674 514 1812 571 fece-

227 621 431 663 ramus.
475 603 633 661 Nunc
664 612 849 660 autem
875 605 1152 676 (quoniam
1190 602 1395 660 Histrio
1425 605 1502 679 [in
1535 621 1663 660 mss.
1706 604 1807 675 leg.

228 699 431 757 Ystrio.
455 698 604 765 Acc.,
636 695 853 769 Istorioj
880 698 1110 753 honesta
1139 712 1238 752 nos
1264 697 1653 767 supplicatione
1682 712 1808 767 per-

226 790 419 851 movit.
444 802 693 846 asserens
721 794 780 844 ut
803 788 896 856 qui
924 787 1124 843 laetitia:
1167 786 1396 857 publicae
1421 787 1668 842 minister
1695 787 1813 841 exi-

223 880 343 944 stit,
388 878 739 935 mendicitate
776 878 1082 934 tristissima
1131 891 1240 932 non
1286 876 1482 933 debeat
1523 875 1812 948 ingravari)

222 973 477 1043 praesenti
500 971 750 1042 iussione
768 971 1110 1027 decernimus
1128 978 1188 1025 ut
1205 970 1435 1026 alterum
1461 969 1692 1026 solidum
1720 986 1816 1039 per

223 1079 473 1120 mensem
500 1078 667 1134 supra
695 1071 1024 1121 memoratus
1052 1078 1315 1132 equorum
1340 1062 1653 1119 moderator
1670 1064 1816 1119 acci-

221 1155 358 1224 piat,
387 1153 538 1224 quod
566 1154 795 1225 publicis
822 1154 1020 1210 debeat
1046 1154 1349 1212 rationibus
1374 1156 1649 1226 imputari.
1678 1155 1817 1210 Gau-

178 1308 183 1313 δ
218 1244 411 1298 demus
438 1244 653 1312 quoties
699 1254 1055 1314 expensarum
1102 1245 1306 1315 pagina:
1347 1246 1432 1301 his
1478 1246 1648 1301 titulis
1682 1262 1818 1301 one-

218 1342 415 1387 rantur
440 1350 454 1386 :
485 1333 614 1402 quia
645 1347 893 1403 magnum
923 1334 1081 1390 nobis
1100 1343 1183 1389 est
1205 1335 1566 1402 commodum,
1598 1336 1814 1406 quando

215 1423 484 1478 nonnulla
521 1425 847 1495 pauperibus
875 1426 931 1481 in
968 1425 1211 1496 qualibet
1254 1429 1666 1485 conversatione
1706 1430 1816 1485 lar-

215 1527 422 1583 gtmur.

794 1648 1128 1707 EPISTOLA
1166 1651 1235 1707 Χ.

215 1754 470 1795 ερεωοεο
510 1754 637 1795 νιιιο
678 1755 892 1796 νενοτο
940 1757 1227 1799 COMITIACO
1270 1754 1640 1799 THEODOIIICUS
1683 1760 1808 1798 REX.

216 1831 533 1889 Contractus
553 1832 618 1906 ab
644 1833 870 1904 Agapita
893 1836 1083 1903 factus,
1116 1836 1239 1906 dum
1265 1837 1364 1906 fuit
1395 1852 1427 1888 a
1456 1838 1642 1890 marito
1665 1852 1815 1904 sepa-

293 1914 433 1977 rata,
469 1904 800 1977 rescinditur,
842 1914 896 1977 et
932 1907 1181 1977 quidquid
1208 1904 1458 1960 bonorum
1495 1908 1720 1959 alienum
1760 1908 1815 1959 in

293 1975 583 2047 dominium
627 1974 1002 2047 transtulerat,
1063 1974 1444 2047 quamprimum
1490 1980 1812 2044 restituatur,

286 2044 434 2115 jubet
466 2043 838 2099 Theodericus.

296 2137 642 2207 PrOpositum
671 2138 852 2205 regale
883 2148 988 2207 est,
1018 2139 1253 2207 gravatis
1287 2153 1387 2208 per
1409 2137 1657 2207 injuriam
1687 2136 1812 2192 sub-

217 2228 441 2292 venire,
468 2236 530 2283 ut
550 2229 809 2283 coercitio
832 2230 981 2298 praVi
1019 2228 1278 2298 justitiam
1301 2227 1461 2284 faciat
1482 2227 1601 2298 plus
1621 2226 1810 2282 amari.

218 2320 332 2375 Nec
358 2319 691 2377 dissimulari
719 2327 920 2390 potest,
951 2319 1100 2375 salva
1126 2318 1509 2374 communione
1553 2332 1659 2389 qua
1690 2317 1816 2371 vivi-

217 2419 327 2479 tur,
358 2418 424 2465 ut
462 2409 885 2465 sollicitatores“
934 2402 1181 2481 publicos
1210 2410 1313 2481 a7
1345 2409 1546 2464 habeat
1591 2408 1816 2477 genialis

216 2502 319 2557 tori
362 2501 664 2558 reverenda
705 2501 1019 2569 societas”,
1069 2509 1128 2558 et
1167 2501 1297 2557 illud
1333 2500 1554 2557 humani
1603 2501 1817 2570 generis

218 2592 571 2665 procreabile
603 2600 1004 2648 sacramentum
1028 2603 1051 2632 ο
1081 2592 1346 2648 scelerata
1369 2591 1672 2646 temeritate
1697 2605 1817 2661 pro-

220 2682 460 2739 fanetur.
489 2682 729 2754 Agapitaz
749 2682 914 2751 igitur
938 2683 1248 2753 spectabilis
1285 2682 1500 2740 femina:
1537 2682 1817 2753 supplica-

220 2779 369 2831 tione
395 2776 660 2831 commoti
688 2777 830 2847 (qute
858 2774 927 2831 ab
958 2774 1220 2830 universis
1266 2773 1427 2848 ματη,
1463 2771 1600 2844 forte
1626 2789 1656 2829 a
1687 2789 1813 2844 per-

220 2865 415 2938 versis]
457 2874 728 2920 tentatum
771 2866 962 2921 asserit
999 2879 1155 2921 suum
1199 2873 1485 2928 secretum,
1544 2871 1606 2919 ut
1648 2864 1812 2920 etiam

221 2956 609 3024 promitterent
627 2954 694 3009 de
718 2969 852 3011 nece
871 2954 1070 3021 mariti,
1093 2969 1125 3009 a
1145 2969 1253 3024 quo
1277 2952 1422 3024 juste
1442 2953 1624 3023 potius
1646 2968 1815 3009 mere-

218 3056 412 3102 rentur
441 3045 736 3121 exstingui)
766 3046 1017 3117 prmsenti
1037 3043 1281 3116 jussione
1308 3043 1666 3109 decernimus,
1698 3051 1755 3097 ut
1780 3059 1812 3099 a

219 3147 474 3207 tempore
503 3151 614 3208 quo
637 3136 874 3207 jugalem
896 3136 1147 3207 copulam
1177 3134 1358 3191 animo
1397 3135 1585 3189 vitiata
1625 3132 1813 3189 dereli-

216 3228 357 3298 quit,
389 3226 545 3281 omni
566 3235 870 3294 contractu,
899 3227 990 3297 qui
1018 3225 1250 3281 levitatis
1276 3239 1462 3281 errore
1489 3221 1670 3278 ﬁrmus
1693 3238 1812 3280 csse

213 3334 324 3374 non
348 3327 556 3388 potest,
588 3317 764 3388 legum
790 3317 1002 3373 ratione
1029 3324 1264 3382 cassato,
1292 3314 1551 3385 quidquid
1581 3331 1611 3369 a
1642 3324 1816 3370 reten«

213 3410 494 3466 latoribus
522 3409 825 3464 constiterit
853 3408 1134 3480 possideri,
1173 3408 1291 3462 sine
1320 3405 1424 3461 ulla
1466 3404 1635 3461 facias
1678 3406 1814 3461 dila-

214 3500 372 3557 tione
402 3500 615 3556 restitui
659 3518 673 3554 :
724 3515 793 3555 ne
836 3499 1085 3557 scelerati
1131 3497 1198 3553 ad
1244 3496 1549 3552 illusionem
1591 3486 1814 3565 justitiae

218 3590 473 3645 fraudum
500 3604 717 3645 suarum
743 3589 958 3646 valeant
975 3588 1295 3659 compendia
1325 3586 1620 3641 vindicare.
1643 3584 1816 3643 Nimis

217 3682 367 3736 enim
402 3681 691 3736 absurdum
719 3687 802 3735 est
831 3688 887 3735 ut
914 3694 1050 3750 quos
1071 3694 1229 3750 poena
1250 3678 1446 3735 meruit
1473 3692 1814 3746 consumere,

218 3774 391 3827 etiam
413 3771 623 3827 lucrum
644 3770 748 3826 sibi
776 3772 992 3826 valeant
1019 3770 1295 3825 vindicare

798 3881 1125 3940 EPISTULA
1154 3882 1241 3947 XI.

224 3992 460 4033 νεογιεο
507 3993 631 4032 νιιιο
677 3992 920 4034 ιιιυετιιι
975 3992 1220 4037 PATBICIO
1273 3993 1639 4034 τιιεουοιιιουε
1685 3995 1812 4034 REX.

222 4067 441 4123 Laudat
476 4068 801 4140 conjugalem
834 4069 1209 4140 aﬁ'ectum,‘etq
1230 4067 1457 4124 Proviao
1485 4071 1719 4140 praecipit
1759 4078 1815 4123 ut

290 4156 478 4194 casam
517 4138 892 4211 Areciretinam
926 4139 1029 4211 ipsi
1053 4138 1139 4211 ab
1175 4138 1401 4210 Agapita
1438 4138 1653 4211 ratione
1675 4150 1818 4211 post-

290 4211 470 4280 posita
490 4208 762 4278 collatam,
788 4208 985 4265 Basilio
1013 4209 1126 4280 ejus
1149 4208 1336 4263 marito
1360 4209 1565 4264 reddat.

294 4304 449 4357 Inter
478 4309 675 4357 cetera
722 4301 941 4356 humani
986 4301 1200 4370 generis
1241 4300 1479 4372 pondera
1522 4299 1818 4369 conjugalis

215 4394 453 4450 aﬂ'ectus
474 4408 659 4449 curam
686 4393 789 4448 sibi
810 4392 1135 4463 prmcipuam
1157 4391 1465 4448 vindicavit.
1489 4390 1608 4447 Non
1629 4391 1819 4446 imme-

213 4487 364 4551 rito,
405 4485 534 4556 quia
564 4485 619 4539 in
650 4485 858 4540 honore
900 4498 1020 4539 esse
1057 4492 1317 4550 meretur,
1358 4481 1501 4537 unde
1543 4481 1815 4550 reparatio

1917 515 2240 573 infelicitatis
2260 526 2476 580 eventu,
2507 515 2565 572 fit
2587 517 2818 572 dedecus
2839 518 3132 589 proprium,
3163 519 3335 575 scelus
3357 520 3491 576 alie-

1911 622 2060 660 num.
2102 606 2230 663 Ideo
2270 608 2413 663 enim
2447 606 2568 676 jura
2613 608 2699 662 vel
2722 607 2899 663 divina
2928 609 3014 663 vel
3038 611 3251 678 publica
3275 613 3490 666 'nexum

1916 698 2148 765 conjugii
2172 707 2318 752 tanta
2345 699 2552 753 cautela
2573 700 2891 768 principium
2913 700 3185 765 custodiri,
3213 710 3268 755 ut
3287 703 3491 758 crimen

1915 788 1984 841 sit
2007 802 2256 856 magnum
2288 790 2647 853 conscientiae,
2680 790 2885 845 alienos
2906 790 3128 846 alTectus
3161 793 3213 844 in
3240 808 3493 847 reveren-

1917 879 2044 931 tiam
2074 895 2180 933 non
2213 880 2429 933 habere.
2480 878 2707 934 Basilius
2756 881 3018 949 siquidem
3069 882 3150 935 vir
3187 882 3494 951 spectabilis

1916 968 2055 1022 datis
2086 971 2332 1039 precibus
2383 970 2645 1023 intimavit
2670 1009 2685 1033 ,
2720 969 3004 1038 Agapitum
3027 969 3311 1040 coujugem
3338 986 3493 1027 suam

1915 1063 1981 1117 de
2010 1064 2238 1132 propriis
2279 1062 2560 1132 penatibus
2586 1078 2614 1114 a
2647 1062 2963 1130 quibusdam
2992 1063 3124 1117 vitio
3151 1063 3493 1119 sollicitatio-

1916 1152 2001 1207 nl’s
2025 1154 2308 1207 abductam
2351 1152 2508 1223 (dum
2537 1166 2699 1207 sexus
2728 1151 2815 1205 ille
2843 1150 3105 1206 femineus
3132 1152 3197 1205 ad
3226 1154 3497 1208 mutabili-

1919 1245 2043 1297 tatis
2064 1243 2187 1297 vitia
2218 1243 2416 1312 patet);
2450 1232 2595 1309 qudd
2617 1240 2778 1294 etiam
2799 1241 2982 1295 oblata
3010 1241 3167 1297 nobis
3194 1256 3355 1311 supra
3381 1258 3498 1298 me-

1918 1340 2138 1387 moratae
2188 1330 2430 1400 conjugis
2474 1346 2584 1385 suae
2632 1330 2892 1400 petitione
2932 1328 3162 1385 firmavit
3192 1350 3206 1385 :
3238 1331 3496 1401 adjiciens

1917 1439 2059 1493 eam,
2092 1440 2214 1479 cum
2253 1424 2308 1478 in
2348 1430 2706 1477 sacrosanctae
2747 1421 2988 1493 ecclesia:
3015 1429 3165 1491 septa
3193 1422 3494 1492 refugisset,

1917 1517 2196 1584 ignorante
2232 1515 2458 1575 marito,
2492 1513 2841 1582 magnitudini
2870 1520 2974 1568 tum
3002 1529 3183 1569 casam
3209 1516 3499 1572 Arccireti—

1921 1621 2041 1659 nam
2072 1606 2283 1660 ratione
2312 1603 2609 1674 postposita
2636 1603 2946 1658 contulisse.
2973 1601 3125 1657 Unde
3144 1619 3288 1659 nunc
3306 1607 3500 1677 resipi-

1919 1711 2106 1760 scens,
2140 1696 2386 1766 deplorat
2414 1696 2672 1763 ingestam
2702 1695 2918 1750 sibimet
2945 1696 3313 1763 gravissimam
3343 1697 3500 1753 nudi-

1849 1798 1888 1854 B
1918 1796 2104 1853 tatem,
2134 1785 2331 1841 factum
2376 1802 2532 1842 suum
2578 1786 2693 1853 ipsa
2746 1785 3145 1853 condemnans;
3195 1787 3394 1859 quippe
3440 1798 3501 1846 ut

1915 1878 2295 1948 pauper'diviti
2323 1918 2338 1944 ,
2372 1887 2522 1933 casto
2565 1877 2767 1933 lubrica
2793 1917 2808 1943 ,
2847 1877 3095 1946 prudenti
3126 1878 3243 1933 viro
3271 1879 3500 1936 donaret

1915 1969 2192 2039 insipiens.
2246 1968 2398 2024 Nunc
2442 1967 2657 2037 abjicite
2710 1968 2855 2022 lucra
2878 2008 2893 2033 ,
2923 1984 3042 2037 qum
3078 1968 3358 2025 honestam
3391 1988 3498 2029 non

1913 2058 2165 2113 videntur
2192 2058 2574 2113 commendare
2601 2071 2883 2127 personam
2918 2075 2931 2110 :
2964 2058 3088 2126 quia
3117 2058 3245 2112 illud
3271 2073 3370 2115 vos
3398 2074 3499 2129 po-

1913 2150 2020 2205 tius
2045 2150 2200 2204 decet
2227 2148 2512 2218 acquirere
2533 2187 2549 2213 ,
2590 2147 2734 2216 quod
2761 2157 2815 2202 et
2842 2146 3036 2203 famam
3061 2158 3294 2203 vestram
3329 2153 3499 2219 possit

1914 2255 2131 2310 augere.
2186 2239 2321 2296 Hinc
2346 2240 2510 2296 etiam
2541 2240 2688 2309 prius
2726 2249 2992 2310 praecepta
3036 2241 3354 2298 dederamus
3377 2284 3393 2310 ,
3443 2253 3499 2300 et

1916 2347 2060 2387 nunc
2105 2330 2293 2385 iterata
2338 2330 2583 2399 jussione
2631 2330 2954 2399 repetimus,
2994 2338 3054 2385 ut
3081 2334 3497 2404 suprascriptam

1914 2437 2031 2477 rem
2057 2422 2177 2478 sine
2204 2421 2381 2490 aliqua
2410 2420 2746 2476 dubitatione
2773 2420 3026 2476 reddatis.
3060 2421 3325 2479 Alienatio
3352 2426 3496 2481 enim

1914 2528 2093 2568 rerum
2122 2511 2350 2569 solidum
2376 2512 2645 2567 desiderat
2675 2512 2871 2567 habere
2894 2512 3151 2582 judicium
3182 2524 3228 2569 ο.
3255 2514 3320 2569 Ει
3346 2525 3499 2572 certe

1914 2605 1969 2660 in
2005 2604 2089 2662 bis
2117 2611 2329 2661 versata
2353 2604 2533 2670 rebus,
2564 2604 2772 2659 ﬁrmum
2792 2604 3018 2661 docetur
3042 2607 3335 2676 perdidisse
3360 2623 3496 2663 con-

1916 2698 2111 2753 silium.
2143 2695 2281 2764 Quid
2312 2697 2455 2752 enim
2484 2695 2663 2753 facere
2690 2696 2867 2766 potuit
2891 2696 3118 2767 probum
3142 2738 3158 2765 ,
3189 2712 3307 2769 qua:
3336 2699 3501 2757 nullis

1916 2788 2086 2857 culpis
2110 2787 2444 2844 exstantibus
2471 2787 2685 2858 reliquit
2714 2787 3001 2844 maritum?

2464 2916 2798 2974 EPISTOLA
2832 2917 2947 2973 XII.

1985 3023 2167 3064 COIITI
2194 3022 2785 3072 ειιιρυλτλιιιοιιωίνετ
2816 3022 3017 3063 Ροιιτυε
3041 3022 3206 3063 CURAS
3231 3023 3426 3069 A6881]

2447 3092 2814 3133 τιιεουοιισυε
2838 3088 2963 3133 REX.

1837 3172 1881 3234 θ
1916 3203 2163 3278 Prwcipit
2183 3221 2250 3278 ne
2269 3205 2408 3278 sinat
2426 3205 2497 3278 ad
2521 3217 2725 3278 exteras
2754 3207 3045 3278 prouincias
3070 3211 3290 3264 landum
3320 3214 3495 3266 trans.

2058 3276 2210 3341 mitti,
2234 3276 2324 3329 sed
2346 3277 2398 3329 in
2422 3274 2585 3330 Italia
2607 3282 2675 3330 ad
2702 3274 2824 3332 usus
2849 3281 3089 3350 proprios
3108 3290 3353 3335 servetur.

1990 3383 2048 3439 Si
2077 3384 2357 3441 desideriis
2392 3388 2592 3442 nostris
2637 3390 2959 3444 commercia
3008 3391 3289 3460 peregrina
3327 3389 3499 3447 famu-

1922 3477 2118 3540 lantur,
2151 3479 2194 3533 si
2223 3479 2435 3548 prolato
2463 3494 2596 3534 auro
2639 3482 2935 3549 acquiritur
2980 3491 3203 3537 externa
3239 3484 3456 3540 devotio
3478 3502 3503 3552 θ

1923 3581 2125 3641 quanto
2152 3571 2325 3640 magis
2353 3571 2463 3627 suis
2492 3572 2647 3628 bonis
2669 3572 2944 3628 abundare
2980 3575 3142 3630 debet
3167 3574 3340 3642 Italia,
3372 3593 3496 3631 cum

1916 3661 2058 3717 nulla
2090 3661 2142 3716 in
2172 3660 2412 3732 parendo
2458 3662 2718 3733 probetur
2762 3665 2963 3720 sentire
3008 3663 3372 3721 detrimenta!
3430 3666 3497 3722 Et

1917 3751 2040 3808 ideo
2067 3752 2301 3821 speciem
2330 3751 2486 3808 laridi
2518 3753 2823 3808 nullatenus
2845 3753 3093 3824 jubemus
3121 3756 3188 3812 ad
3214 3758 3497 3827 peregrina

1917 3842 2245 3909 transmitti,
2295 3842 2391 3898 sed
2428 3843 2484 3897 in
2513 3859 2639 3901 usus
2666 3851 2882 3901 nostros
2928 3846 3160 3916 propitia
3209 3846 3499 3906 Divinitate

1915 3940 2202 3990 servetur:
2242 3948 2311 3989 ne
2355 3934 2499 4003 quod
2549 3935 2601 3989 in
2651 3937 2849 3991 nostris
2899 3938 3141 4007 partibus
3190 3937 3494 4005 conficitur,

1920 4024 2083 4080 noxia
2113 4024 2433 4093 negligentia
2463 4023 2654 4080 deesse
2683 4026 2943 4081 videatur.
2995 4026 3194 4083 Cavete
3224 4029 3404 4100 itaque
3431 4045 3500 4086 ne

1920 4118 2092 4187 culpis
2119 4117 2364 4188 quamvis
2410 4131 2575 4187 parva
2619 4119 2919 4188 prmbeatur
2966 4120 3216 4185 occasio,
3265 4122 3500 4177 scientes

1919 4208 2218 4281 periculum
2246 4208 2617 4277 gravissimum
2649 4210 2789 4277 fore,
2822 4212 2867 4267 si
2895 4213 3156 4269 studentis
3182 4214 3269 4268 vel
3308 4214 3500 4270 leviter

1918 4300 2118 4371 injussa
2147 4301 2504 4357 committere.
2553 4299 2612 4355 ln
2639 4301 2898 4371 qualitate
2924 4311 3033 4367 est,
3066 4319 3173 4357 non
3204 4304 3257 4359 in
3286 4308 3499 4374 quanti—

1919 4399 2032 4447 tate
2056 4399 2368 4462 peccatum;
2418 4406 2723 4448 mensuram
2753 4392 3017 4461 siquidem
3057 4409 3166 4449 non
3192 4396 3384 4464 qumrit
3410 4394 3500 4451 lu-

1918 4480 2077 4553 juria.
2128 4480 2446 4550 Imperium,
2478 4482 2524 4536 si
2554 4481 2607 4535 in
2650 4496 2817 4552 parvo
2851 4483 3234 4551 contemnitur,
3265 4486 3319 4540 in
3351 4488 3500 4543 omni

211 4555 562 4647 posteritatis
587 4575 900 4646 acquiritur.
931 4572 1102 4630 Omne
1141 4573 1346 4629 facinus
1386 4579 1634 4629 auctores
1669 4572 1815 4629 solos
1846 4555 1894 4613 D
1918 4580 2072 4644 parte
2101 4571 2334 4627 violatur
2366 4568 2410 4625 ί.

294 4767 322 4795 ι
355 4756 668 4811 Alienarnm
697 4754 1004 4825 nuptiarum
1051 4751 1500 4825 interpellatores,
1550 4751 1650 4805 etsi
1691 4750 1813 4807 effe-

208 4839 320 4907 ιιιιι⁸
341 4825 750 4907 scelerispotiti
774 4822 887 4907 non
915 4824 1047 4907 sint,
1059 4822 1284 4903 propter
1331 4822 1810 4907 voluntat'empe'r-

209 4899 443 4951 nicios'e
470 4890 725 4963 libidinis,
755 4903 908 4963 extra
954 4890 1198 4963 ordinem
1228 4892 1535 4963 puniuntur.
1569 4890 1629 4963 [Α.
1663 4890 1716 4957 1,
1744 4891 1807 4947 D.

207 4975 364 5022 extr.
398 4960 736 5023 criminibus.
768 4962 921 5018 Paul.
955 4964 989 5018 Ι.
1021 4962 1077 5027 5,
1108 4964 1191 5017 tit.
1220 4960 1272 5025 ι,
1301 4976 1417 5015 sen.
1452 4960 1535 5013 l2.
1567 4960 1746 5017 Fons.-

287 5037 317 5076 ιο
356 5038 434 5091 De
464 5036 671 5109 tuende
693 5034 927 5109 conjugii
955 5035 1162 5109 pudore
1180 5029 1461 5109 _Plu_t_arch.
1495 5033 1547 5084 ἐν
1574 5053 1803 5109 παεᾳσγ-γ.

205 5116 488 5180 γαμοωῖς.
519 5104 583 5160 D.
635 5100 883 5160 Basilius'
914 5100 1054 5159 orat.
1103 5103 1134 5156 7
1178 5103 1232 5156 in
1283 5100 1599 5157 Hexaemer.
1648 5100 1811 5156 'Uxor

204 5176 502 5234 dittnitatis
542 5190 761 5234 nomen.
792 5173 831 5228 I.
863 5173 950 5234 I5,
993 5175 1039 5228 si
1077 5174 1141 5234 is,
1182 5170 1345 5226 c.-de
1384 5171 1603 5234 capitu.,
1627 5169 1662 5225 Ι.
1713 5169 1804 5234 29,

308 5190 502 5231 nitatts
542 5190 761 5240 nomen,
793 5190 831 5228 ι.
863 5190 950 5239 ιο,
993 5190 1039 5228 st
1077 5190 1141 5235 IS,
1182 5190 1345 5226 θυαε
1384 5190 1603 5240 σαριιιι.,
1627 5190 1662 5225 l.
1714 5190 1804 5235 zu,

204 5187 502 5244 dignitatis
542 5190 761 5240 nomen,
793 5187 831 5228 ι.
863 5187 950 5239 to,
993 5190 1039 5228 et
1077 5188 1141 5235 Is,
1182 5187 1345 5226 θυαε
1384 5187 1603 5241 captiin,
1627 5187 1662 5225 ι.
1713 5187 1804 5235 ιν,

203 5262 346 5317 qua:
377 5246 707 5317 addterum.
752 5258 802 5317 c.
851 5243 922 5317 ad
964 5246 1019 5317 l._
1048 5242 1277 5317 Iuliam;
1321 5239 1395 5317 de
1430 5240 1598 5317 adult.
1647 5240 1683 5296 Ι.
1717 5240 1805 5317 4i),

205 5309 353 5399 item
388 5316 568 5387 legato
594 5330 734 5384 quae,
766 5315 833 5368 de
859 5312 964 5382 leg.
989 5311 1043 5379 '5,
1076 5312 1112 5394 l_.
1142 5310 1231 5364 il.
1243 5309 1533 5434 fprobrum,
1561 5310 1629 5365 de
1657 5311 1805 5365 verb.

205 5403 366 5434 non-
403 5386 443 5434 Ι-
474 5394 683 5434 antem.
712 5399 762 5434 c.
795 5384 859 5434 de
898 5392 1009 5434 nat.
1061 5381 1154 5434 lib.
1197 5381 1241 5434 Δ
1267 5395 1445 5434 ramus
1486 5378 1625 5434 apud
1666 5379 1803 5434 Non.

201 5391 366 5458 sign.
402 5378 683 5455 l.'antep.,
712 5378 762 5439 c.
795 5384 859 5438 de
898 5378 1154 5437 naulib.
1197 5378 1445 5435 Afranius
1486 5378 1625 5448 apud
1666 5379 1803 5435 Non.

207 5456 544 5511 Marcellum
575 5472 589 5509 :
619 5453 791 5507 Tuam
822 5452 1181 5521 majestatem,
1210 5459 1266 5506 et
1295 5452 1524 5505 nominis
1547 5458 1810 5506 matronas

202 5526 655 5583 similitudinem.
689 5521 857 5579 Fons.

290 5609 316 5668 ς
354 5596 425 5668 l).
455 5592 604 5668 I’_n_nI.
635 5599 916 5668 gausapina
943 5592 1010 5647 ad
1039 5590 1234 5668 Ephes.
1259 5608 1312 5668 V_.

281 5665 313 5704 δ
361 5665 430 5720 ι.
476 5663 584 5731 23.,
630 5659 946 5726 Sanciinus,
980 5677 1027 5717 c.
1075 5659 1138 5716 de
1170 5662 1348 5731 pernis,
1391 5661 1425 5715 Ι.
1458 5659 1805 5731 Ξιμετίιηειι

205 5748 558 5810 μιᾳ-ωσι,
622 5732 687 5787 D.
759 5731 885 5786 eod.
932 5731 1088 5810 _Bion_
1146 5730 1284 5802 apud
1353 5730 1621 5810 Plutarch.
1688 5733 1807 5800 περὶ

198 5800 465 5887 βρμδέως
487 5824 697 5879 τωωρ.,
724 5814 881 5872 atque
897 5800 1195 5859 absurdum
1210 5817 1327 5861 esse
1353 5803 1530 5859 aiebat
1552 5801 1810 5859 innocen-

1915 4759 2024 4839 tem
2049 4750 2215 4805 tilium
2243 4750 2313 4839 ob
2341 4750 2596 4839 delicatum
2636 4752 3204 4839 patris_p_le.;tere,_ac
3227 4758 3275 4839 si
3305 4760 3501 4839 obpa-

1914 4829 2123 4876 ternum
2153 4821 2399 4907 morbum
2423 4819 2541 4907 tilio
2574 4819 2719 4907 bona
2743 4819 3058 4907 valetudine.
3079 4828 3248 4907 nteuti
3280 4819 3501 4907 medici-

1915 4906 2037 4945 nam
2067 4892 2459 4960 praescriberet.
2483 4890 2760 4960 Excipitur
2788 4893 2925 4947 lies'e
2955 4894 3247 4964 majestatis
3273 4898 3498 4965 crimen,

1915 4960 1951 5014 Ι.
1985 4958 2113 5031 5,'_c.
2141 4961 2214 5031 ad
2249 4960 2440 5031 l._Jul.
2477 4964 2681 5031 majest.
2703 5004 2718 5026 ,
2764 4978 2923 5031 quant
2974 4964 3281 5031 abrogatam
3312 4979 3493 5031 nego;

1913 4960 1951 5014 Ι.
1985 4960 2113 5023 5,'c.
2144 4961 2214 5014 ad
2249 4961 2287 5015 ι.
2328 4960 2440 5014 Jul.
2477 4964 2681 5033 majest.
2703 5004 2718 5026 ,
2764 4978 2923 5031 quant
2974 4960 3281 5033 ablegatam
3312 4960 3495 5034 negoi

1913 5031 2013 5084 etsi
2043 5028 2268 5115 Budare,
2303 5029 2577 5115 Duareno,
2610 5032 2869 5115 Balneum
2897 5033 3141 5115 videatur
3168 5050 3325 5115 secus
3358 5052 3372 5115 ξ
3405 5051 3500 5115 ve-

1912 5114 2030 5154 rum
2060 5101 2331 5173 singulare
2354 5101 2536 5173 odium
2565 5103 2947 5173 perduellionis
2974 5105 3247 5173 communi
3269 5104 3394 5172 juri,
3428 5107 3497 5163 de

1911 5183 2022 5295 quo
2067 5169 2164 5224 tit.’
2199 5169 2435 5252 generali
2475 5169 2772 5242 de'pmnis
2794 5212 2811 5237 ,
2849 5174 2903 5254 ιι..
2953 5173 2989 5226 l.
3038 5171 3145 5236 22,
3197 5169 3496 5243 derogavit,

1956 5278 1968 5292 .
2001 5240 2038 5293 l.
2070 5253 2185 5295 ara.
2216 5240 2252 5294 l.
2287 5239 2341 5295 5.
2371 5256 2426 5295 tn
2454 5248 2598 5295 toto.
2640 5242 2708 5295 de
2734 5257 2847 5295 rea.
2882 5258 2982 5295 mr.
3026 5241 3192 5295 Fons.

1956 5278 1968 5292 .
2001 5240 2185 5311 l._a_rg.
2216 5240 2252 5294 l.
2287 5239 2341 5305 5,
2371 5240 2426 5295 in
2454 5248 2570 5296 toto
2583 5239 2612 5307 ,⁷
2640 5242 2708 5297 de
2734 5257 2847 5310 reg.
2873 5242 2982 5311 jur.
3026 5241 3192 5297 Fons.

2005 5308 2216 5389 Ἰάβει
2238 5314 2538 5389 «postqu
2563 5328 2577 5365 :
2605 5312 2757 5382 quasi
2787 5308 2933 5389 dicat
2965 5328 2979 5365 :
3010 5326 3179 5389 nemo
3198 5327 3388 5389 errans
3406 5315 3496 5389 [a-

1911 5379 2015 5463 cile
2059 5379 2136 5433 rei
2182 5379 2293 5466 suae
2338 5379 2638 5466 dominium
2679 5379 2928 5463 transfert
2951 5388 3048 5466 aut
3075 5382 3375 5466 amittittl.
3405 5383 3494 5452 '55,

1911 5451 1956 5504 si
1986 5456 2322 5529 procurator,
2368 5447 2430 5503 D.
2480 5449 2550 5504 de
2592 5450 2766 5519 aequi.
2801 5465 2905 5504 rer.
2935 5449 3081 5531 dom.
3115 5452 3149 5504 Ι.
3187 5451 3271 5516 18,
3293 5447 3343 5536 si
3371 5447 3492 5523 ego,

1916 5519 1979 5592 ρ.
2009 5534 2054 5572 st
2083 5526 2217 5572 cert.
2250 5519 2430 5592 pe_t._l.
2449 5527 2712 5592 _antepen.
2745 5519 2806 5573 D.
2837 5520 2906 5592 de
2929 5534 3037 5592 jur.
3078 5528 3135 5574 et
3161 5519 3283 5577 fact.
3318 5538 3495 5592 ignor.

1915 5588 2083 5643 Error
2102 5586 2279 5643 autem
2297 5586 2499 5669 jqdicio
2521 5586 2878 5669 etconsensui
2904 5586 3239 5654 adversatur,
3271 5593 3306 5646 l.
3340 5586 3426 5659 ξε,
3451 5594 3497 5648 si

1912 5673 2009 5729 per
2038 5655 2309 5720 errorem,
2332 5655 2397 5712 Ι).
2427 5657 2497 5713 de
2521 5657 2712 5727 jurisd.
2743 5657 2911 5715 Fons.
3412 5655 3421 5659 ⁷

1928 5798 1962 5810 υ
1987 5725 2015 5810 τ’
2036 5726 2347 5810 ’ῡίἕηὶιιιιθηξ
2395 5737 2519 5810 sunt
2553 5726 2937 5810 lindivitLglo;
2960 5730 3013 5810 in
3048 5729 3084 5785 l.
3113 5729 3181 5810 7,_
3202 5730 3262 5810 [ξ.
3294 5747 3493 5810 comm.

1910 5795 2074 5855 divid.
2105 5793 2267 5854 Corn.
2300 5793 2429 5854 Tac.
2462 5799 2497 5854 ι.
2547 5797 2572 5852 I
2636 5799 2705 5855 de
2737 5793 2868 5867 Tib,
2898 5800 2960 5858 C.
2992 5793 3257 5874 Imperial.
3295 5802 3323 5874 ᾗ
3348 5818 3493 5874 μνω-
