3988 6178
199 155 296 219 553

1468 153 1824 208 VARIARL‘M
1869 153 2066 210 LIBER
2107 155 2182 210 ll.‘

3355 161 3467 216 53$

194 289 332 330 nem.
363 271 496 340 Quia
528 271 650 328 ideo
675 267 936 338 elegimus
961 284 1140 325 mores
1173 279 1404 334 vestros,
1437 267 1560 339 quia
1591 266 1784 323 crude—
1814 271 1857 328 Α
1889 269 2202 323 accendere.
2251 267 2501 324 Nutriant
2543 271 2684 326 enim
2717 287 3059 342 prmnitorum
3091 278 3336 349 exempla
3369 282 3486 334 vir.

195 363 326 417 libus
346 375 565 432 parcere
585 376 695 414 non
728 371 954 430 potestts
979 377 990 413 :
1017 361 1233 429 quando
1255 373 1424 428 genus
1453 359 1669 428 pietatis
1699 367 1782 412 est

196 455 243 511 in
267 454 388 510 illos
412 453 734 521 distringere
766 453 854 523 qui
884 460 1073 508 contra
1105 461 1308 506 natura:
1337 451 1579 505 ordinem
1615 450 1783 504 scele-

193 547 324 602 ratis
351 561 410 602 se
437 547 704 602 docentur
731 545 1033 600 actionibus
1062 543 1364 600 miscuisse.

741 677 1080 735 EPISTOLA
1111 677 1227 734 XV.

352 787 622 828 YBNANTIO
653 787 776 828 ΠΙιο
804 786 1050 826 ιιιυετιιι
1081 785 1452 828 TBBODORICUS
1481 787 1608 825 REX.

193 863 397 936 Confert
436 865 516 918 illi
556 865 851 936 comitivam
899 861 1297 936 domesticorum
1346 871 1452 936 tum
1491 861 1554 936 ob
1595 863 1783 915 merita

256 931 450 1002 putris,
485 936 584 1006 ιμιῇ
602 935 850 988 laudatur
883 933 1205 1006 plurimum,
1242 943 1370 1006 ιιιηι⁸
1388 931 1449 986 ob
1491 933 1781 1006 litterarum

251 1005 452 1071 studia,
475 1001 658 1075 quibus
680 1020 738 1058 se
769 1001 929 1057 totum
953 1003 1168 1056 dederat
1190 1003 1300 1072 ipse
1333 1001 1635 1056 Vennutizts.

255 1093 622 1150 Providentia:
651 1101 850 1149 nostra:
875 1094 1016 1148 ratio
1047 1103 1148 1157 est,
1181 1093 1235 1147 in
1266 1102 1449 1147 tenera
1479 1101 1639 1146 aetate
1665 1107 1782 1146 me-

194 1185 282 1240 rita
314 1183 494 1238 futura
527 1192 792 1248 tractare,
823 1191 878 1239 et
904 1199 972 1238 ex
1005 1191 1286 1254 parentum
1325 1183 1610 1238 virtutibus
1635 1187 1656 1213 “
1678 1183 1785 1254 29

197 1276 622 1348 prolisjudicare
647 1289 928 1330 successus
955 1292 968 1328 :
997 1275 1122 1344 quia
1147 1273 1287 1328 bona
1314 1282 1463 1328 certa
1490 1283 1634 1338 sunt,
1664 1288 1783 1342 quae

196 1365 348 1422 tidem
387 1366 458 1421 ab
497 1365 720 1420 exordio
769 1365 1017 1430 trahunt;
1051 1365 1176 1419 dum
1234 1365 1386 1433 origo
1428 1365 1598 1420 nescit
1646 1363 1781 1420 dcti-

195 1473 330 1524 cere,
354 1473 476 1527 qua:
503 1459 784 1513 consuevit
809 1457 1064 1514 radicitus
1094 1457 1378 1528 pullulare.
1406 1457 1596 1513 Fertur
1620 1458 1781 1513 etiam

197 1561 344 1602 cursu
374 1549 600 1621 perenni
626 1549 851 1604 fontium
883 1564 1017 1603 vena
1042 1549 1246 1614 vitalis;
1279 1557 1334 1603 et
1357 1550 1494 1604 hanc
1523 1549 1782 1604 conditio-

1887 367 2048 423 tutes,
2073 375 2175 415 nec
2203 361 2486 430 quisquam
2531 370 2611 416 est
2649 365 2736 434 qui
2781 381 2884 417 non
2925 366 2989 418 ad
3030 382 3238 422 morum
3267 385 3476 427 summa

1885 449 2089 503 nitatur
2107 451 2418 517 ascendere,
2451 453 2668 522 quando
2691 455 3143 512 irrctnuneratum
3175 476 3280 516 non
3308 463 3477 518 relin-

1883 541 2066 609 quitur
2083 542 2226 611 quod
2250 545 2583 599 conscientia
2614 553 2750 599 teste
2777 547 3044 604 laudatur.
3073 547 3210 606 Ilinc
3228 555 3478 622 estquod

1885 632 2149 687 illustrem
2182 633 2506 690 Venantium
2528 675 2542 700 ,
2579 644 2687 690 tam
2716 639 2828 692 suis
2855 654 3014 708 quam
3047 643 3286 712 paternis
3314 645 3477 699 meri-

1886 723 1952 776 tis
1981 723 2272 790 lucentem,
2304 726 2572 781 comitivte
2594 727 3010 786 domesticorum
3033 735 3276 790 vacantis
3295 737 3472 804 digni-
3516 773 3523 776 -

1885 823 1996 868 tate
2025 815 2402 880 subveximus;
2432 825 2488 870 nt.
2516 819 2771 872 natalium
2801 821 3056 890 splendor
3091 825 3282 880 insitus
3310 843 3476 883 orna~

1886 903 1990 958 tior
2017 905 2229 959 collatis
2270 907 2588 963 redderetur
2635 909 2952 966 honoribus.
3005 913 3269 973 Retinetls
3309 919 3472 986 enim,

1886 992 1947 1046 Ρ.
1976 993 2062 1058 C.,
2095 996 2376 1064 patricium
2426 997 2694 1053 Liberium
2733 1009 2788 1054 et
2831 1002 2883 1056 in
2925 1004 3250 1061 adversitate
3290 1018 3474 1065 nostra

1886 1083 2049 1140 fuisse
2080 1086 2434 1152 laudabilem;
2463 1091 2551 1158 qui
2581 1092 2658 1145 sic
2683 1090 2939 1148 Odoacris
2976 1097 3335 1166 integerrimis
3379 1117 3476 1173 pa-

1885 1180 2036 1232 rebat
2063 1180 2358 1249 obsequiis,
2393 1191 2450 1236 ut
2479 1192 2663 1237 nostra
2689 1197 2813 1254 post
2841 1186 2999 1242 fuerit
3025 1189 3313 1247 dilectione
3344 1193 3475 1268 [ed.,

1885 1270 2172 1343 elei-tione]
2219 1271 2595 1341 dignissimus,
2648 1288 2838 1333 contra
2889 1297 3028 1350 quos
3077 1285 3242 1340 multa
3286 1287 3480 1343 fecisse

1883 1361 2446 1422 videbaturinimicus.
2474 1367 2590 1422 Non
2621 1369 2762 1424 enim
2786 1371 2850 1426 ad
2879 1389 2979 1428 nos
3001 1375 3260 1431 vilissima
3293 1386 3474 1436 trans-

1884 1455 2018 1525 fugce
2081 1457 2392 1514 conditione
2441 1458 2612 1532 [mss.,
2663 1463 2992 1536 cognitione]
3045 1468 3321 1536 migravit,
3373 1486 3478 1527 nec

1885 1547 2088 1616 prOprii
2116 1547 2317 1602 domini
2353 1548 2506 1604 finxit
2535 1552 2740 1619 odium,
2766 1563 2826 1610 ut
2851 1556 3074 1614 alterius
3095 1560 3194 1616 sibi
3227 1577 3482 1632 procura-

197 1654 304 1693 nem
325 1640 598 1694 sustinent
617 1649 809 1694 cuncta
834 1641 1122 1704 manantia,
1155 1647 1211 1693 ut
1231 1655 1413 1710 sapor,
1441 1641 1531 1708 qui
1555 1655 1778 1695 conces-
1815 1647 1860 1706 Β
1888 1646 1970 1690 ret
1998 1635 2268 1692 allectum.
2307 1639 2649 1711 Exspcctavit
2677 1645 2884 1714 integer
2905 1647 3082 1703 divina
3112 1649 3311 1720 judicia
3329 1695 3346 1721 ,
3377 1669 3480 1710 nec

196 1743 276 1781 sus
301 1737 386 1783 est
417 1729 612 1797 origini
645 1729 768 1798 (nisi
800 1745 895 1800 per
923 1729 1222 1785 accidentia
1260 1729 1420 1784 fuerit
1449 1729 1588 1785 forte
1625 1731 1783 1786 vitia-

198 1820 333 1889 tus),
366 1820 576 1874 nesciat
615 1820 800 1874 rivulis
839 1821 1114 1888 abnegari.
1184 1820 1319 1875 IIinc
1367 1828 1491 1887 est,
1532 1823 1676 1892 quod
1730 1833 1783 1878 te

196 1909 455 1979 mag.;itici
497 1910 666 1980 patris
695 1910 902 1965 meritis
931 1911 1252 1965 mstimatum
1296 1911 1563 1966 comitivte
1591 1913 1780 1968 dome-

195 2004 442 2058 sticorum
491 2003 734 2058 vacantis
778 2003 985 2058 honore
1037 2001 1424 2072 proveltimus;
1479 2011 1537 2056 ut
1586 2003 1676 2072 qui
1723 2018 1782 2058 es

195 2093 358 2150 clarus
385 2103 677 2150 stemmate
702 2136 718 2161 ,
749 2093 1036 2167 splendens
1063 2093 1342 2162 dignitate.
1385 2091 1516 2159 Quis
1556 2093 1698 2147 enim
1726 2093 1778 2146 in

196 2194 242 2242 te
284 2187 388 2260 [εά.
416 2229 431 2252 ,
473 2185 660 2258 vitm],
706 2187 954 2256 quamvis
1001 2184 1216 2251 futura,
1259 2193 1442 2240 tamen
1485 2193 1628 2240 certa
1671 2200 1777 2238 non

197 2289 382 2344 teneat,
414 2281 541 2334 dum
563 2278 786 2348 gloriosi
817 2277 984 2347 patris
1013 2276 1218 2332 recolat
1239 2275 1512 2332 ollieiosos
1532 2275 1779 2332 labores?

195 2371 281 2438 Qui
323 2371 628 2444 prudentia:
660 2371 868 2424 ratione
899 2366 1220 2432 flammatus,
1253 2367 1330 2423 sic
1357 2367 1454 2422 fuit
1483 2367 1548 2422 ad
1579 2383 1776 2437 repen-

195 2473 291 2518 tua
318 2463 587 2520 sollicitus
611 2504 624 2528 ,
667 2462 821 2532 quasi
865 2477 962 2532 per
989 2476 1194 2516 moram
1225 2459 1538 2516 crederetur
1577 2461 1780 2516 instru-

193 2563 314 2610 ctus.
395 2553 780 2610 Prinfccturam
845 2553 1027 2619 enim,
1072 2551 1489 2608 sollicitudinum
1537 2553 1774 2608 omnium

191 2647 577 2702 nobilissimum
618 2647 830 2717 pondus
852 2687 868 2712 ,
897 2646 1042 2715 quod
1076 2643 1158 2700 vel
1192 2644 1366 2701 solum
1395 2642 1581 2698 fuisset
1611 2660 1778 2714 espe-

191 2737 294 2794 dire
317 2738 611 2802 laudabile,
631 2735 817 2807 juncta
841 2737 1113 2792 exercitus
1137 2734 1308 2790 nostri
1329 2749 1458 2790 cura
1479 2735 1772 2804 disposuit;

191 2837 242 2884 ut
266 2846 367 2886 nec
394 2829 692 2900 provinciis
721 2827 990 2884 ordinatio
1030 2828 1269 2891 deesset,
1301 2839 1405 2880 nec
1429 2826 1687 2882 exercitui
1717 2841 1776 2882 se

189 2921 403 2990 provida
453 2917 764 2974 sollicitudo
817 2918 1179 2974 subtraheret.
1240 2917 1527 2986 Superavit
1579 2926 1770 2972 cuncta

1885 1743 2078 1799 passus
2107 1741 2189 1785 est
2217 1733 2314 1787 sibi
2345 1746 2525 1801 regem
2554 1751 2818 1806 quaerere,
2851 1740 2955 1796 nisi
2997 1751 3262 1798 rectorem
3291 1745 3478 1816 primi—

1885 1827 1970 1876 tus
1998 1822 2336 1892 perdidisset.
2374 1822 2526 1880 Unde
2566 1827 2646 1882 sic
2681 1827 2878 1884 factum
2909 1845 2940 1885 c
2965 1839 3009 1896 .t,
3059 1841 3119 1886 ut
3157 1834 3204 1888 ei
3247 1833 3480 1890 libenter

1883 1912 2134 1968 daremus
2165 1914 2466 1985 prtcmium,
2511 1917 2636 1986 quia
2679 1929 2922 1975 nostrum
2964 1921 3194 1978 ﬁdeliter
3211 1923 3350 1994 juvit
3375 1925 3478 1981 ini-

1882 2004 2113 2069 micum;
2172 2006 2264 2073 qui
2325 2021 2452 2062 casu
2503 2010 2880 2078 patrocinante
2935 2016 3210 2070 contrario
3262 2023 3470 2072 tantum

1882 2095 2037 2150 nobis
2088 2097 2412 2153 reddebatur
2457 2111 2737 2171 acceptus,
2789 2112 2992 2173 quanto
3041 2114 3171 2162 tunc
3218 2111 3475 2177 cognosci

1881 2197 2094 2257 poterat
2125 2189 2426 2247 indevotns.
2461 2192 2626 2249 Flcxo
2655 2195 2766 2265 jam
2797 2213 2934 2267 pene
2965 2199 3184 2256 domino
3211 2202 3369 2259 nullis
3390 2211 3477 2260 est

1881 2281 2178 2336 terroribus
2227 2283 2513 2339 inclinatus
2567 2303 2580 2338 :
2624 2287 2879 2344 sustinuit
2931 2290 3222 2347 immobilis
3259 2293 3470 2348 ruinam

1881 2369 2136 2440 principis
2156 2372 2235 2426 sui
2258 2389 2272 2438 ;
2305 2389 2405 2428 nec
2434 2376 2646 2432 novitas
2671 2375 2818 2432 illum
2852 2377 3067 2433 turbare
3089 2381 3282 2452 potuit,
3307 2395 3470 2454 quam

1881 2459 2007 2532 [ed.,
2040 2461 2224 2534 quem]
2254 2465 2414 2517 etiam
2439 2465 2692 2523 ferocitas
2717 2469 2931 2535 gentilis
2960 2471 3198 2539 expavit.
3232 2471 3474 2530 Pruden-

1881 2561 1963 2605 ter
1987 2560 2067 2605 est
2089 2566 2306 2607 secutus
2333 2554 2648 2611 communes
2677 2572 2861 2623 casus;
2887 2567 2946 2614 ut
2971 2575 3092 2615 cum
3123 2560 3304 2618 divina
3327 2563 3474 2635 judi-

1877 2642 1958 2696 cia
1985 2641 2088 2695 lixe
2115 2644 2436 2710 sustineret,
2471 2647 2757 2702 humanam
2787 2652 3015 2718 gratiam
3045 2655 3474 2713 commendatior

1879 2732 2162 2788 inveniret.
2190 2733 2538 2792 I’rohavitnus
2563 2739 2794 2796 hominis
2825 2741 2984 2798 fidem
3013 2761 3026 2796 :
3060 2746 3226 2800 tristis
3254 2747 3320 2802 ad
3346 2749 3468 2818 jura

1879 2835 2062 2878 nostra
2114 2828 2380 2890 transivit,
2431 2829 2522 2897 qui
2565 2841 2852 2900 superatus
2899 2835 3136 2890 animum
3179 2842 3464 2910 convertit,

1881 2931 1988 2968 non
2019 2924 2197 2971 autem
2233 2927 2288 2970 ιιι
2320 2919 2642 2986 vinceretur,
2675 2921 2871 2978 cll'ecit.
2904 2923 3001 2980 Cui
3032 2943 3155 2982 mox
3187 2937 3244 2984 ut
3274 2932 3469 3000 punie-

187 3009 530 3080 infatigabilis
556 3018 613 3064 et
640 3008 888 3079 expedita
913 3008 1218 3078 prudentia,
1251 3007 1414 3061 traxit
1441 3021 1624 3062 mores
1652 3007 1774 3062 bar-
1802 3016 1846 3078 ρ
1877 3012 2042 3058 etura:
2087 3007 2422 3076 ptmtoriame
2463 3011 2828 3066 concessimus
2873 3012 3220 3084 dignitatem,
3261 3020 3470 3077 credita

185 3103 336 3158 baros
365 3103 436 3158 ad
465 3104 732 3173 quietem,
767 3103 820 3156 in
861 3109 1043 3156 votum
1092 3108 1333 3155 nostrum
1361 3107 1555 3154 cuncta
1581 3099 1772 3155 mode-

185 3191 324 3252 ratiis
347 3205 459 3262 est,
489 3205 546 3250 ut
573 3197 649 3250 sic
674 3193 1064 3265 accipientibus
1100 3190 1456 3258 satisfaceret,
1484 3207 1552 3248 ne
1579 3193 1774 3248 dantes

183 3287 353 3344 locum
388 3287 746 3359 querimoniis
775 3287 1061 3342 inveniret.
1092 3285 1289 3340 Verum
1322 3292 1382 3339 ut
1416 3285 1484 3340 de
1526 3284 1771 3355 plurimis

183 3395 342 3452 pauca
374 3380 672 3448 sufﬁciant,
712 3379 960 3450 probavit
997 3377 1063 3433 dc
1090 3393 1150 3434 se
1179 3385 1347 3443 tanta,
1387 3385 1446 3431 ut
1483 3377 1773 3444 eligeretur

181 3473 287 3541 ejus
315 3472 658 3542 inexplorata
693 3470 1000 3541 posteritas.
1033 3469 1179 3524 Inter
1206 3469 1322 3524 hch
1353 3479 1528 3523 tamen
1559 3467 1772 3536 generis

183 3575 518 3630 ornamenta,
551 3565 697 3635 quod
727 3563 1018 3618 maximum
1067 3562 1442 3632 pulcherrima:
1472 3561 1770 3617 nobilitatis

179 3656 434 3711 indicium
476 3665 582 3723 est,
615 3672 714 3710 nec
746 3665 958 3709 tuorum
1001 3653 1209 3722 indiges
1236 3652 1504 3722 suffragiis
1543 3653 1768 3708 merito-

178 3763 322 3826 rum;
341 3747 670 3802 Litterarum
699 3746 959 3818 siquidem
987 3746 1181 3807 studia,
1212 3759 1331 3814 qum
1359 3745 1568 3800 cunctis
1598 3745 1769 3799 Ιιοιιο-

175 3823 319 3892 tibiis
348 3855 452 3893 suo
481 3847 606 3893 sunt
635 3837 796 3906 digna
835 3835 1119 3904 sullragio,
1152 3836 1372 3890 sedulus
1399 3846 1769 3908 perscrutator

176 3929 498 3998 assequeris,
524 3927 730 3981 addens
749 3926 976 3981 claritati
1003 3927 1216 3994 generis
1239 3915 1509 3994 ingenium
1533 3927 1770 3982 suaviter

174 4019 502 4091 eloquentis.
533 4019 787 4075 [ecumbe
808 4032 940 4087 ergo
969 4019 1164 4073 talibus
1191 4018 1399 4084 studiis,
1425 4033 1545 4072 ama
1572 4034 1692 4086 qua:
1715 4018 1764 4071 in

176 4119 226 4164 te
252 4121 599 4168 retnunerata
641 4111 961 4180 cognoscis;
1013 4118 1072 4163 ut
1104 4117 1284 4164 nostra
1325 4123 1541 4178 quoque
1566 4108 1768 4177 judicia

171 4215 290 4256 cum
323 4205 433 4259 tuis
459 4203 808 4275 provectibus
849 4201 1057 4258 tendas.
1114 4199 1344 4254 Tantum
1376 4200 1520 4255 enim
1551 4216 1580 4254 a
1613 4201 1768 4256 nobis

169 4295 359 4364 exigis,
385 4306 648 4367 quantum
673 4303 724 4349 te
747 4295 902 4350 bonis
927 4293 1139 4348 actibus
1160 4293 1442 4347 imminere
1461 4293 1762 4362 cognoscis.

712 4427 1044 4483 EPISTOLA
1080 4425 1220 4482 XVI.

391 4537 618 4578 SENATL'I
650 4537 796 4575 l'RBIS
825 4537 983 4574 unus;
1014 4532 1382 4574 TBEODORICUS
1411 4533 1537 4572 RES.

164 4610 370 4669 Ειειιῑο
415 4613 656 4666 ῐέιιίιιιιίἱ
695 4612 764 4665 ad
805 4612 1096 4666 comitivam
1135 4610 1531 4662 domesticorum
1577 4625 1767 4662 racun-

231 4697 332 4738 tcm
363 4687 628 4738 indicatur
649 4685 867 4742 senatui,
895 4693 999 4734 tvm
1023 4682 1272 4750 patricius
1293 4679 1527 4733 Liberius
1559 4679 1768 4733 Venari--

231 4759 293 4808 lii
319 4771 475 4826 pater
504 4757 680 4808 mutu
709 4753 949 4807 laudibus
979 4753 1094 4820 effe:
1111 4761 1214 4804 tur.

227 4847 417 4902 Stulii
450 4845 618 4899 nostri
649 4853 762 4906 est,
797 4843 984 4896 Patres
1007 4839 1338 4910 Conscripti.
1372 4841 1770 4895 remuneratio-

159 4957 282 4994 ιιειιι
316 4947 478 4994 recto
507 4935 764 4992 conferre
790 4935 1102 5004 proposito,‘
1123 4940 1178 4987 et
1205 4933 1363 4986 home
1391 4932 1586 4986 indolis
1620 4934 1767 4985 viros

155 5035 218 5088 ad
277 5032 536 5087 instituta
591 5029 816 5083 meliora
871 5027 1047 5081 fructu
1109 5025 1367 5094 impensa:
1419 5023 1767 5092 benignitatis

225 5184 252 5216 ο
301 5173 606 5228 Parentum
663 5167 950 5222 virtutibus
1003 5167 1352 5222 mstimamur.
1409 5161 1542 5218 Vide
1595 5176 1757 5232 supra

151 5249 240 5301 lib.
279 5261 342 5317 ιι,
371 5257 475 5317 cp.
499 5239 557 5304 '5,
585 5248 642 5294 et
666 5240 757 5293 lib.
787 5254 863 5300 nt.
896 5253 980 5307 ep.
1015 5236 1102 5290 12.
1135 5233 1328 5317 luant.
1417 5303 1430 5315 _
1479 5313 1488 5317 Δ
1680 5301 1692 5313 ⁸

221 5319 249 5354 δ
280 5315 508 5368 Scitum
556 5318 640 5364 est
674 5324 742 5364 ex
778 5323 956 5362 rerum
1002 5313 1384 5362 communione
1414 5313 1557 5358 inter
1582 5317 1760 5357 soetos

148 5385 472 5442 discordias
524 5380 785 5442 excitari,
843 5379 878 5431 l.
933 5379 991 5431 Ἰ(
1024 5418 1038 5440 ,
1097 5393 1218 5430 cum
1258 5384 1442 5446 pater,
1494 5375 1522 5445 §
1566 5373 1762 5446 dulcis-

147 5459 323 5512 simis.
355 5453 438 5508 dc
466 5451 567 5519 leg.
594 5450 649 5502 2.
672 5448 956 5520 Theophil.
985 5448 1012 5520 §
1038 5443 1292 5520 quietiam.
1318 5445 1392 5499 De
1417 5443 1718 5520 actionibus
1747 5460 1758 5495 :

141 5527 282 5585 Ideo
311 5537 452 5579 esse
476 5513 1014 5590 cornparatajudicia
1043 5513 1314 5590 divisoria,
1341 5524 1398 5590 ιιι
1428 5513 1760 5590 communio,

143 5614 220 5654 ex
250 5612 369 5665 qua
403 5593 530 5646 lites
565 5587 696 5665 oriri
737 5589 968 5665 soleant,
1011 5589 1429 5665 tolleretur,_t'1:i
1456 5587 1626 5665 coena
1663 5588 1763 5656 γάρ

143 5657 504 5740 συσῂροτεῐτι
536 5665 599 5717 τὰ
632 5661 931 5735 δικαστήρια
966 5667 1145 5720 ταῦτα,
1169 5663 1251 5714 ἐπὶ
1281 5661 1338 5715 τὸ
1373 5664 1462 5716 τήν
1503 5657 1764 5710 κ’)ινῶτητν

627 5757 894 5818 Panum.
937 5751 1066 5810 LX}
1085 5753 1125 5809 Χ
1145 5798 1158 5813 .

1875 3096 1975 3150 sibi
2009 3105 2152 3150 tanta
2187 3099 2491 3166 integritate
2523 3100 2817 3170 disposuit,
2853 3112 2910 3158 ut
2951 3107 3236 3163 miraretur
3273 3110 3466 3181 aliquis

1873 3187 1953 3242 sic
1977 3187 2292 3257 simpliciter
2319 3189 2592 3258 devotum,
2637 3207 2795 3262 quem
2829 3203 2935 3248 tant
2963 3196 3132 3252 calide
3155 3198 3325 3270 intra,
3350 3204 3468 3256 cal-

1873 3279 2002 3352 lide]
2041 3292 2264 3336 noverat
2301 3283 2463 3337 fuisse
2489 3286 2840 3340 contrarium.
2871 3286 2919 3342 Is
2949 3288 3109 3356 igitur
3147 3291 3461 3361 infatigabili

1872 3387 2021 3434 cura,
2045 3373 2188 3441 quod
2214 3373 2585 3428 difficillimum
2617 3375 2833 3430 virtutis
2862 3387 2944 3431 est
2967 3392 3157 3448 genus,
3179 3382 3278 3436 sub
3299 3398 3466 3452 gene-

1871 3462 2103 3519 ralitatis
2151 3468 2324 3532 gratia
2372 3465 2581 3534 publica
2623 3467 2834 3522 videtur
2862 3483 3180 3551 procurasse
3209 3488 3466 3544 compen-

1873 3552 1960 3608 dia
1995 3571 2006 3606 :
2041 3570 2139 3610 cen
2175 3571 2260 3608 um
2289 3571 2394 3609 non
2425 3557 2688 3620 addendo,
2721 3557 2816 3612 sed
2845 3561 3213 3616 conservando
3243 3574 3466 3632 proten-

1871 3645 2036 3710 dens;
2069 3647 2195 3701 dum
2223 3647 2306 3700 illa
2329 3662 2448 3715 qua:
2467 3659 2863 3704 consueverant
2886 3650 3026 3705 male
3047 3651 3300 3722 dispergi,
3326 3656 3466 3712 bene
3483 3688 3496 3702 .

1871 3738 2132 3794 industria
2175 3740 2492 3808 providente
2537 3741 2775 3810 collegit.
2821 3741 3098 3797 Sensimus
3127 3756 3312 3801 auctas
3341 3748 3462 3804 illa-

1873 3830 2070 3896 tiones,
2119 3846 2216 3885 vos
2261 3829 2439 3884 addita
2492 3833 2692 3886 tributa
2739 3833 3004 3888 nescistis.
3057 3833 3133 3889 Ita
3179 3845 3465 3907 utrumque

1871 3922 1971 3977 sub
2000 3921 2358 3976 admiratione
2391 3923 2685 3992 perfectum
2717 3934 2819 3988 est,
2855 3936 2912 3980 ut
2949 3935 3006 3982 et
3054 3927 3212 3984 fiscus
3253 3947 3465 3986 cresce-

1870 4021 1973 4079 ret,
2015 4022 2071 4067 et
2115 4013 2322 4082 privata
2355 4014 2558 4068 utilitas
2587 4015 2730 4070 nulla
2758 4017 2951 4071 damna
2996 4021 3276 4088 perferret.
3305 4021 3465 4076 Juvat

1869 4119 1972 4158 nos
2023 4101 2224 4157 referre
2283 4103 2738 4172 quemadmodum
2797 4107 2848 4159 in
2905 4112 3182 4162 tertiarum
3236 4109 3460 4182 μανείη

1873 4192 2248 4263 thermarum,|
2271 4194 2635 4264 deputationc,
2660 4194 2958 4251 Gothorum
2991 4197 3463 4270 Romanorumque

1871 4296 1926 4342 et
1961 4287 2330 4356 possessiones
2371 4285 2610 4353 iunxerit
2656 4296 2712 4340 ct
2758 4288 2986 4342 animos.
3037 4288 3168 4343 Nam
3195 4290 3219 4328 ι’
3246 4307 3368 4346 cum
3403 4308 3463 4347 se

1793 4393 1846 4455 ι)
1871 4379 2116 4433 homines
2145 4377 2353 4431 soleant
2383 4381 2449 4430 de
2479 4378 2752 4432 vicinitate
2783 4380 3054 4444 collidere,
3089 4382 3204 4436 istis
3235 4383 3464 4452 praedio-

1870 4485 1988 4524 rum
2019 4468 2326 4524 communio
2363 4483 2578 4522 causam
2621 4469 2860 4524 nosi-itur
2900 4473 3211 4540 pnestitissc
3240 4489 3467 4528 concor-

1871 4561 1994 4615 diae.
2035 4559 2126 4614 Sic
2169 4559 2310 4613 enim
2357 4561 2582 4629 cor-.tigit
2606 4570 2662 4614 ut
2694 4571 2918 4632 utraque
2947 4564 3123 4630 naiio,
3154 4565 3277 4619 dum
3309 4581 3466 4620 com-

1875 4654 2108 4708 munitur
2139 4653 2288 4717 vivit,
2334 4653 2400 4707 ad
2437 4669 2598 4707 unum
2624 4655 2760 4710 velle
2791 4659 3126 4712 convenerit.
3159 4658 3233 4712 En
3267 4657 3464 4711 factum

1875 4761 2071 4800 novum
2121 4755 2177 4798 et
2222 4745 2442 4798 omnino
2491 4744 2777 4809 laudabile,
2819 4747 2987 4813 g-atia
3020 4747 3359 4801 dominorum
3391 4745 3464 4798 tle

1874 4838 2091 4908 CBSleiIS
2136 4837 2397 4891 divisione
2445 4837 2731 4906 conjuncta
2781 4849 2864 4893 est
2897 4879 2909 4890 .
2955 4840 3200 4892 amicitia:
3250 4839 3467 4910 populis

1873 4947 1970 5000 per
1999 4933 2188 4985 damna
2222 4946 2472 4995 crevere;
2505 4939 2560 4984 et
2583 4947 2649 4985 ex
2679 4943 2832 4999 parte
2861 4932 2970 5004 agri
3001 4931 3251 4985 defensor
3279 4931 3465 4999 acqui-

1871 5025 2004 5078 situs
2033 5033 2134 5089 est,
2175 5033 2233 5078 ut
2261 5024 2574 5078 substantia:
2613 5024 2870 5078 securitas
2899 5024 3102 5092 integra
3130 5032 3462 5078 servaretur.

1864 5169 2193 5216 καταπαῦσαι
2221 5165 2302 5216 καὶ
2335 5169 2421 5234 τήν
2450 5164 2531 5234 tia}:
2557 5165 2670 5234 ὗσεν
2717 5163 3029 5234 ἐγειρομένην
3079 5163 3386 5234 μὶοινεικδᾳν.
3426 5161 3464 5216 I.

1867 5235 1946 5285 ult
1983 5274 1996 5294 ,
2030 5249 2078 5287 c.
2131 5248 2314 5284 comm.
2361 5232 2558 5294 (ἦνέτι,
2595 5233 2686 5285 lib.
2738 5231 2966 5296 tum,
3009 5246 3129 5284 Clllll
3196 5231 3465 5300 amplius,

1867 5303 1934 5356 de
1963 5317 2070 5368 reg.
2101 5302 2208 5372 jur.
2251 5301 2286 5372 l.
2317 5303 2369 5360 Ξ,
2399 5301 2597 5372 quaml.
2631 5310 2687 5355 et
2713 5301 2905 5372 quibus
2941 5307 3118 5372 quart.
3161 5317 3286 5372 pars
3331 5301 3460 5372 deti.

1867 5373 1930 5426 (Ζ.
1966 5372 2054 5424 ιιι».
2091 5389 2142 5424 x.
2179 5371 2344 5425 Arist.
2380 5368 2468 5425 lib.
2498 5387 2564 5434 ll,
2595 5388 2715 5436 cap.
2749 5368 2814 5437 5,
2859 5368 3470 5425 PoliticriinfMamerti-

1869 5460 1970 5496 nus
2002 5444 2053 5494 ιιι
2089 5442 2399 5511 Panegyric.
2435 5457 2596 5512 quem
2637 5441 2962 5512 Maximiano
3002 5441 3137 5512 dixit
3177 5441 3472 5512 elegantis-

1869 5516 2004 5566 sime
2031 5529 2042 5564 :
2071 5513 2154 5566 ubi
2174 5512 2355 5582 obiter
2378 5511 2476 5581 pro
2497 5511 2853 5582 mmnlationis
2875 5511 3107 5582 stipulis,
3133 5511 3470 5582 emendabis,

1870 5581 2489 5706 :;lilllll:s.rpItlIﬂl'CIlllS
2538 5581 2605 5638 de
2647 5581 2996 5639 Tuberonum
3039 5581 3240 5637 familia
3277 5583 3331 5638 in
3359 5581 3473 5654 vita

1874 5695 1888 5706 .
1931 5671 2046 5706 .ll‘.'L‘
2077 5693 2088 5706 .
2143 5665 2362 5706 ‘ORNER.

1874 5653 2088 5718 lina-cl.
2123 5651 2362 5710 Femina.

2964 5746 3035 5806 18
