3988 6178
475 261 582 317 555
1676 260 1745 314 Μ.
1791 258 2066 314 AUllELlI

478 379 599 434 Una
639 378 727 434 lex
767 377 886 434 illos
930 386 985 434 et
1023 378 1303 448 mquahilis
1349 376 1628 447 disciplina
1669 375 2066 446 complectitur.

478 470 710 528 Necesse
738 477 822 523 est
849 468 1017 536 enim,
1040 477 1098 522 ut
1122 469 1261 523 inter
1283 483 1376 523 eos
1396 467 1575 523 suavis
1600 474 1808 522 crescat
1829 464 2071 526 allectus,

475 564 568 635 qui
599 569 819 618 servant
840 559 1044 630 jugiter
1074 561 1335 616 terminos
1363 560 1705 617 constitutos.
1735 557 1907 613 Debet
1932 556 2075 611 enim

478 657 719 710 Romana
747 652 1054 723 respublica
1083 661 1141 708 et
1169 662 1467 709 memorato
1507 652 1725 707 Liberio
1769 649 2073 719 tranquilli-

479 754 648 803 tatem
694 758 878 809 suam,
922 743 1015 814 qui
1053 744 1362 800 nationibus
1391 753 1503 799 tam
1545 742 1815 815 prmelaris
1857 740 2077 795 tradidit

453 834 656 902 .studia
686 834 986 889 charitatis.
1030 832 1387 906 Perpendite,
1418 834 1606 890 Patres
1650 832 1978 902 Conscripti,
2030 830 2076 884 si

481 926 619 981 hanc
661 925 908 980 sobolem
939 925 1388 1026 irremunetratam
1432 926 1738 996 relinquere
1768 924 2073 987 debuimus,

479 1014 633 1084 cujus
657 1021 937 1069 auctorem
958 1021 1042 1070 tot
1065 1012 1258 1070 eximia
1284 1014 1476 1071 fecisse
1498 1016 1812 1070 retinemus.
1837 1012 2075 1067 Faveant

476 1120 709 1176 superna
736 1106 1041 1176 dispositis;
1073 1116 1132 1161 ut
1174 1108 1315 1162 sicut
1352 1122 1452 1162 nos
1482 1106 1707 1161 virtutes
1742 1103 1953 1160 collatis
1982 1103 2075 1157 be-

480 1197 689 1254 neﬁciis
742 1198 1061 1267 invitamus,
1114 1199 1188 1254 ita
1239 1200 1475 1256 crevisse
1520 1198 1729 1254 meritis
1782 1197 2076 1252 honoratas

480 1291 843 1347 conscientias
872 1293 1253 1363 approbemus.

932 1432 1040 1502 30
1077 1430 1413 1487 EPiSTOLA
1453 1429 1618 1485 xvu.

479 1538 778 1579 UONORA'I'IS
819 1537 1242 1591 POSSESSOMBUS,
1282 1536 1674 1577 DEFENSORIBUS
1711 1537 1779 1576 ET
1830 1535 2073 1576 CERIALI-

614 1626 711 1665 BUS
739 1626 1079 1666 TRIDENTINE
1110 1626 1379 1665 CIVITATIS
1408 1624 1777 1665 THEODOBICUS
1804 1625 1929 1663 REX.

482 1690 725 1757 Declarat
753 1719 809 1757 se
837 1704 1092 1757 exemisse
1123 1702 1442 1757 Butilianum
1472 1700 1824 1772 presbyterum
1854 1717 1885 1753 a
1915 1701 2074 1770 ﬁsca-

549 1775 614 1827 lis
643 1774 832 1845 calculi
861 1775 1137 1835 solutione,
1171 1782 1220 1827 et
1260 1780 1396 1828 vetat
1435 1757 1706 1845 quominus
1753 1772 1810 1826 id
1849 1757 1985 1844 quod
2027 1772 2073 1825 ei
2105 1757 2150 1817 B

548 1844 748 1898 remisit
777 1843 841 1896 ab
872 1845 993 1898 aliis
1021 1846 1281 1915 exigatur.

552 1935 973 1991 Muniﬁcentiam
1051 1943 1292 1991 nostram
1352 1934 1485 1990 nulli
1550 1934 1798 1990 volumus
1862 1942 2079 1990 exstare

478 2029 797 2083 damnosam
829 2045 843 2080 :
877 2041 946 2081 ne
975 2025 1121 2096 quod
1148 2026 1301 2081 alteri
1326 2026 1595 2092 tribuitur,
1620 2025 1842 2079 alterius
1862 2024 2079 2093 dispen-

482 2122 584 2177 diis
614 2120 932 2191 applicetur.
963 2118 1033 2174 Et
1060 2120 1183 2175 ideo
1223 2119 1473 2189 praesenti
1514 2118 1841 2174 auctoritate
1877 2130 2078 2186 cogno-

480 2212 643 2274 scite,
677 2225 776 2281 pro
820 2217 969 2266 sorte
1015 2224 1179 2279 quam
1219 2209 1488 2265 Butiliano
1529 2210 1846 2281 presbytero
1894 2216 2077 2264 nostra

480 2301 732 2371 iargitate
777 2300 1108 2357 contulimus
1130 2343 1147 2369 ,
1199 2300 1398 2354 nullam
1431 2300 1587 2372 [forte
1626 2297 1852 2371 nullum]
1881 2297 2079 2353 debere

481 2391 796 2462 persolvere
816 2390 1011 2447 liscalis
1040 2391 1231 2447 calculi
1255 2390 1616 2456 functionem;
1646 2390 1742 2447 sed
1771 2391 1825 2445 in
1847 2405 1911 2445 ea
1943 2405 2079 2460 prte-

479 2484 716 2540 statione
744 2484 934 2555 quanti
962 2499 1022 2540 se
1063 2483 1221 2539 solidi
1261 2482 1752 2553 comprehendunt,
1782 2482 1849 2537 de
1893 2481 2078 2537 tertia-

483 2591 605 2631 rum
632 2576 966 2631 illationibus
988 2576 1140 2631 vobis
1166 2577 1428 2631 noveritis
1449 2591 1568 2630 esse
1598 2575 1936 2630 relevandos.
1967 2574 2079 2631 Nec

484 2665 667 2722 inferri
712 2683 742 2722 a
785 2681 1055 2736 quoquam
1085 2667 1362 2735 volumus,
1393 2666 1535 2737 quod
1565 2666 1719 2720 alteri
1757 2677 1940 2721 nostra
1977 2667 2078 2721 hu-

484 2757 743 2813 manitate
766 2756 1073 2812 remisimus
1097 2775 1110 2809 :
1138 2771 1223 2819 ne,
1257 2755 1401 2826 quod
1430 2755 1577 2809 dictu
1607 2753 1756 2809 nefas
1785 2763 1886 2820 est,
1912 2755 2078 2811 bene-

477 2848 657 2903 meriti
685 2862 879 2902 munus
907 2846 1208 2902 innocentis
1233 2846 1513 2914 contingat
1534 2859 1650 2899 esse
1670 2844 2027 2914 dispendium.

1002 2977 1334 3035 EPISTOLA
1370 2977 1555 3032 XVIII.

747 3085 955 3126 ςυοιιηε
988 3084 1240 3123 EPISCOPO
1271 3081 1635 3122 τηεουοιιιουε
1660 3083 1784 3121 REX.

483 3164 780 3218 Remittitur
817 3162 887 3215 ad
925 3178 952 3214 e
990 3162 1151 3229 iscopi
1178 3161 1376 3213 curiam
1403 3175 1559 3213 causa
1589 3159 1722 3212 inter
1758 3158 2068 3213 Sarcenates

550 3235 836 3284 municipes
866 3241 915 3284 et
947 3179 1253 3284 Ecclesium.
1291 3246 1444 3284 etiam
1471 3230 1673 3284 quidem
1712 3230 1816 3283 uult
1847 3228 1912 3282 ab
1957 3230 2068 3284 ipso

550 3235 836 3303 municipes
866 3241 915 3285 et
934 3235 978 3303 μ

994 3228 1253 3293 cclesiam,
1291 3246 1444 3300 quam
1471 3230 1673 3300 quidem
1712 3230 1816 3283 uult
1847 3228 1912 3282 ab
1957 3230 2068 3300 ipso

550 3300 757 3364 dirimi,
783 3304 829 3356 si
858 3318 889 3354 a
920 3300 1292 3355 Sarcenatibns
1321 3303 1519 3353 steterit
1554 3301 1802 3371 (equites;
1849 3302 1931 3354 sin
1969 3316 2068 3353 au-

554 3384 674 3440 tem,
698 3373 843 3445 jubet
872 3371 942 3423 ad
962 3371 1260 3445 comitatum
1282 3371 1538 3445 principis
1566 3372 1821 3445 instructa
1849 3386 2068 3445 persona

550 3440 832 3499 destinetur
848 3483 862 3506 ,
888 3458 1002 3512 qua:
1025 3442 1442 3512 adversariorum
1468 3441 1876 3512 contentionibus
1913 3440 2071 3512 finem

556 3515 764 3568 tandem
796 3509 945 3585 queat
972 3513 1236 3585 imponere
1265 3528 1282 3564 :
1312 3512 1359 3564 si
1388 3511 1589 3563 (lentum
1625 3509 1781 3585 dubia
1810 3509 2071 3585 consavi-

547 3586 782 3650 debitur,
809 3580 891 3636 'ait
917 3584 1213 3650 episwpunt
1241 3589 1362 3633 ante
1388 3581 1790 3634 controrersiam
1809 3580 2072 3649 justitiam

548 3657 739 3727 potius
766 3649 1337 3725 Cognoscere'debere,
1384 3667 1539 3723 quam
1577 3667 1608 3702 a
1640 3650 1840 3721 judicio
1887 3652 2069 3704 victum

552 3726 846 3780 abscedere.

542 3816 861 3871 ‘Priscarum
906 3813 1083 3881 legum
1128 3809 1421 3865 reverenda
1449 3808 1618 3863 dictat
1664 3810 1972 3876 auctoritas,
2014 3818 2074 3864 ut

486 3907 758 3965 nascendo
785 3906 1002 3963 curialis
1034 3904 1179 3958 nullo
1211 3902 1373 3957 modo
1404 3903 1575 3971 possit
1603 3901 1671 3956 ab
1702 3902 1925 3969 originis
1963 3917 2073 3957 sure

483 4000 678 4055 muniis
706 3997 1045 4066 discrepare;
1080 4006 1179 4048 nec
1218 3992 1270 4045 in
1303 3990 1447 4046 aliud
1479 3991 1613 4061 reip.
1647 3990 1879 4045 officium
1910 3992 2071 4059 trahi,

481 4092 573 4160 qui
606 4088 694 4144 tali
727 4093 1032 4159 prmventus
1062 4084 1223 4139 fuerit
1244 4091 1389 4137 sorte
1418 4082 1694 4136 nascendi.
1719 4081 1871 4148 Quod
1903 4084 1945 4137 si
1979 4098 2074 4138 eos

485 4183 567 4236 vel
599 4181 663 4235 ad
692 4179 928 4235 honores
958 4177 1188 4231 transire
1225 4174 1345 4243 jura
1372 4182 1678 4239 vetuerunt,
1721 4189 1880 4243 quam
1920 4174 2072 4229 vide-

483 4282 567 4327 tur
591 4288 710 4328 esse
730 4270 1083 4335 contrarium,
1110 4266 1369 4322 curialem
1399 4265 1544 4336 [mss
1578 4275 1625 4318 et
1645 4266 1725 4318 cd.
1752 4266 1865 4328 Ac.,
1899 4267 2075 4320 curio-

483 4365 627 4437 nem]
658 4364 862 4435 rcipub.
915 4362 1111 4416 amissa
1161 4360 1389 4429 turpiter
1436 4358 1684 4411 libertate
1736 4358 1970 4419 servire,
2021 4368 2076 4411 et

483 4474 650 4529 usque
681 4458 746 4511 ad
777 4455 1135 4512 conditionem
1168 4453 1477 4522 pervenisse
1519 4461 1880 4520 postremam,
1910 4466 2068 4518 quem

484 4548 698 4599 vocavit
755 4545 1048 4614 antiquitas
1099 4544 1360 4595 minorem
1412 4539 1668 4592 Senatum
1721 4538 1883 4609 (Vide
1931 4540 2071 4609 infra

481 4638 570 4692 lib.
605 4652 679 4700 γι,
710 4638 810 4706 for.
843 4634 911 4696 5;
946 4633 1034 4686 lib.
1077 4649 1148 4685 Ix.
1182 4647 1264 4699 ep.
1297 4631 1386 4700 7)?
1433 4629 1650 4683 Noverit
1690 4630 1871 4697 itaque
1916 4645 2071 4683 reve-

490 4729 662 4783 rentia
690 4733 862 4780 vestra
884 4767 899 4792 ,
938 4724 1257 4777 Sarsenatcs
1285 4720 1567 4791 lBrisson.,
1600 4718 1928 4789 Farcinates]
1962 4736 2078 4773 mu-

485 4821 691 4889 nicipes
730 4817 965 4884 collegas
999 4831 1124 4870 suos
1153 4813 1474 4873 asseruisse,
1511 4810 1803 4866 Eeclesiam
1846 4824 2074 4867 vestram

476 4910 926 4966 irrationabiliter
957 4906 1058 4960 sibi
1093 4906 1225 4960 velle
1253 4903 1566 4959 defendere.
1604 4901 1755 4958 Unde
1795 4905 2073 4973 prudentia

556 5079 579 5105 δ
612 5069 666 5121 Si
719 5082 905 5136 preces
945 5064 1179 5136 veritate
1218 5065 1481 5136 nitantur,
1533 5060 1760 5136 mendax
1818 5070 2066 5136 precator

482 5147 667 5196 careat
709 5131 1041 5204 impetratis,
1101 5135 1134 5190 Ι.
1165 5135 1198 5188 5
1239 5135 1298 5188 D.
1346 5134 1397 5185 in
1428 5131 1804 5204 intcg._restit.
1855 5132 1889 5184 ι.
1937 5148 2060 5201 pen.

476 5209 519 5262 1.
555 5210 653 5275 ult,
683 5224 731 5263 c.
765 5200 807 5260 si
839 5216 1017 5275 contra
1040 5206 1146 5274 jus,
1183 5204 1263 5259 vel
1298 5204 1454 5258 utilite.
1488 5201 1634 5271 publ.
1676 5200 1712 5253 l.
1754 5201 1874 5266 ult.,
1913 5200 1961 5257 cf.
2004 5204 2067 5256 de

483 5274 645 5333 dicer.
680 5276 889 5345 rescrip.
925 5274 1163 5329 FORNER.

548 5348 579 5384 rb
609 5341 853 5412 Ejusdem
896 5346 1195 5410 argumenti
1237 5344 1461 5414 epistola
1504 5342 1862 5414 exstatapud
1912 5341 2068 5394 Sido-

487 5410 893 5484 niuiirApollitt.
929 5415 1019 5469 lib.
1051 5431 1158 5477 vtu,
1195 5410 1283 5483 ep.
1331 5414 1387 5465 ll
1415 5420 1526 5484 act
1576 5410 1802 5484 Plinium
1848 5413 1939 5467 lib.
1989 5430 2065 5479 ιιι,

484 5504 568 5557 ep.
604 5486 689 5557 [ᾧ.
710 5480 811 5539 Ea:
841 5485 1011 5557 lucem
1037 5486 1145 5557 sibi
1167 5480 1349 5557 mutuo
1380 5482 1629 5536 alle'runt.
1661 5480 1782 5536 Jun.
1861 5554 1871 5557 _
1914 5506 1917 5513 τ

558 5569 579 5594 ε
616 5554 825 5624 Ulpian.
867 5555 999 5609 Cum
1042 5555 1183 5607 nulla
1217 5554 1405 5607 domus
1438 5561 1697 5624 tutaesse
1729 5554 1916 5619 possit.
1968 5553 2068 5606 nisi

484 5621 720 5696 periculo
749 5624 941 5692 capitis
973 5625 1062 5696 sui
1093 5625 1390 5696 custodiam
1432 5621 1663 5675 dominis
1707 5629 1814 5696 tam
1862 5626 1927 5675 ab
1969 5624 2065 5675 do-

484 5691 718 5753 mesticis
745 5691 906 5762 quam
938 5694 1004 5746 ab
1027 5694 1295 5749 extraneis
1321 5701 1572 5761 [mustare
1595 5691 1736 5762 servi
1759 5702 2021 5762 cogantur
2050 5702 2063 5745 :‘

484 5767 610 5825 ideo
639 5759 1103 5823 senatusconsulta
1129 5759 1431 5821 introducta
1456 5770 1579 5819 sunt
1600 5759 1665 5814 de
1697 5759 1904 5830 publica
1930 5778 2066 5831 ψω-

2107 257 2500 314 CASSIODORI
2907 278 2919 287 '
3608 268 3695 326 555

2099 377 2145 435 Α
2176 374 2303 447 [ed.,
2340 371 2696 445 providentia]
2727 381 2923 441 vestra,
2954 388 3050 444 pro
3074 374 3382 443 integritatis
3407 392 3508 434 sum
3530 395 3699 454 propo-

2178 466 2304 530 sito,
2343 465 2647 520 examinata
2692 466 2939 531 veritate,
2987 466 3238 522 discutiat
3274 482 3386 537 quae
3430 473 3626 529 veniunt
3659 478 3703 534 in

2177 556 2487 626 querelam;
2513 566 2568 612 et
2596 558 2641 612 si
2681 557 2945 613 desideria
2966 559 3257 629 petitorum
3281 567 3303 595 "
3327 562 3532 620 veritate
3554 568 3705 623 subsi-

2175 660 2353 716 stunt,
2392 665 2494 719 pro
2531 650 2816 720 implendis
2860 650 3057 705 muniis
3106 665 3202 705 eos
3248 649 3313 705 ad
3348 653 3535 708 curiam
3578 671 3710 713 suam

2175 756 2423 795 remeare
2450 741 2743 811 permittat.
2777 740 2834 795 Si
2875 756 3002 797 vero
3044 741 3190 796 clero
3230 751 3404 799 vestro
3439 748 3573 802 credi
3593 748 3632 804 is
3666 751 3713 807 in

2176 835 2255 891 eis
2284 834 2484 904 aliquid
2512 834 2904 895 rationabiliter
2938 833 3220 902 suffragari
3238 875 3252 900 ,
3283 834 3349 889 ad
3382 846 3605 893 nostrum
3629 855 3720 896 co-

2176 928 2426 982 mitatum
2455 926 2770 982 instructam
2799 941 3089 997 personam
3115 925 3288 981 modis
3320 927 3552 985 omnibus
3575 930 3719 987 desti-

2176 1025 2322 1085 nate,
2353 1033 2473 1088 quaa
2498 1016 2929 1072 adversariorum
2950 1017 3145 1072 debeat
3173 1017 3549 1077 intentionibus
3570 1023 3640 1095 lid
3661 1037 3727 1080 est

2176 1109 2636 1181 contentionibus]
2661 1109 2901 1165 obviare.
2936 1108 3094 1177 Quod
3127 1110 3171 1166 si
3192 1109 3260 1166 de
3280 1114 3473 1181 negotii
3498 1117 3727 1184 qualitate

2176 1201 2459 1270 dubitatis,
2490 1201 2745 1257 convenit
2774 1200 3195 1257 sacerdotalibus
3236 1201 3517 1272 institutis,
3543 1214 3599 1259 ut
3622 1217 3731 1264 ante

2176 1292 2602 1349 controversiam
2621 1291 2884 1362 justitiam
2908 1292 3079 1361 magis
3111 1292 3226 1361 ipse
3254 1306 3561 1363 cognoscas,
3589 1311 3731 1366 quam

2176 1385 2244 1441 de
2295 1384 2501 1455 judicio
2550 1385 2725 1440 vietus
2773 1384 3048 1439 abscedas.
3110 1383 3298 1438 Talem
3349 1386 3596 1455 siquidem
3640 1404 3733 1441 non

2178 1485 2395 1547 oportet
2422 1476 2637 1547 publice
2665 1477 2928 1547 superari,
2960 1492 3120 1547 quem
3158 1485 3456 1532 amatorem
3496 1480 3739 1550 aequitatis

2177 1570 2433 1624 convenit
2463 1570 2713 1623 inveniri.

2692 1679 3021 1737 EPISTOLA
3057 1679 3180 1734 XIX
3208 1681 3261 1734 ιι.

2178 1788 2448 1828 υκινειιειε
2472 1787 2692 1838 ῦοτιιιε,
2726 1788 2795 1827 ΕΤ
2827 1786 3081 1836 ROMANIS,
3115 1788 3186 1826 ΕΤ
3234 1787 3319 1827 HIS
3354 1788 3442 1836 QUI
3496 1790 3741 1830 POB1‘l'BI‘S

2251 1882 2349 1920 ver.
2379 1881 2628 1921 cws'rnls
2656 1865 2802 1939 [mss.
2834 1863 3138 1935 CLAUSTIUS]
3180 1881 3437 1921 exussum
3476 1883 3748 1922 THEODURI-

2254 1974 2347 2013 CUS
2376 1974 2501 2013 REX.

2175 2049 2327 2104 Jubet
2366 2058 2421 2103 ut
2464 2049 2645 2118 faniuli
2683 2050 2769 2120 qui
2809 2047 3135 2120 Stephanum
3173 2049 3448 2104 dominum
3497 2050 3754 2104 trucidare-

2249 2129 2469 2244 rantret-
2494 2119 2819 2174 inhumatum
2846 2119 3196 2191 projecerant,
3231 2131 3463 2175 extremo
3487 2123 3751 2191 plectantur

2249 2208 2377 2246 sum)
2402 2208 2521 2245 tcto.

2310 2210 2521 2263 ppucw.

2249 2282 2453 2337 Cuncta
2483 2280 2699 2352 quidem
2733 2279 2856 2351 jure
2884 2280 3222 2338 detestamur
3250 2283 3490 2349 scelera,
3535 2293 3589 2339 et
3614 2297 3757 2339 omne

2178 2374 2322 2446 quod
2352 2375 2592 2443 iniquum
2622 2381 2732 2437 est,
2765 2372 3003 2428 clemens
3032 2383 3359 2429 exsecratur
3400 2375 3639 2442 auditus;
3677 2374 3761 2431 sed

2180 2485 2242 2525 ea
2272 2469 2506 2523 maxime
2529 2483 2663 2538 qum,
2698 2468 2920 2523 humani
2945 2469 3224 2538 sanguinis
3256 2469 3521 2525 elfusione
3544 2472 3757 2542 polluta,

2181 2572 2419 2618 nostram
2459 2568 2647 2616 contra
2682 2576 2741 2615 se
2782 2560 3073 2616 incitavere
3103 2576 3428 2617 censuram.
3466 2560 3597 2629 Quis
3635 2561 3761 2617 enim

2178 2654 2319 2711 ferat
2341 2654 2395 2708 in
2420 2652 2732 2709 domesticis
2754 2653 3013 2723 prazsidiis
3047 2663 3067 2692 ο
3101 2653 3289 2709 locum
3323 2654 3491 2711 fuisse
3510 2656 3763 2726 periculis,

2179 2750 2234 2798 et
2261 2743 2333 2797 ibi
2363 2743 2637 2797 inventum
2666 2741 2839 2796 dulcis
2865 2743 2988 2797 vita:
3025 2743 3268 2812 exitum,
3315 2745 3464 2800 unde
3500 2745 3644 2800 nasci
3684 2746 3766 2800 dc-

2177 2836 2369 2891 buerat
2417 2832 2748 2891 defensionis
2789 2834 3086 2888 auxilium?
3122 2833 3197 2888 Et
3238 2835 3368 2891 ideo
3400 2837 3770 2906 prmsentijus-

2178 2928 2332 2983 sione
2379 2926 2697 2981 mandamus
2725 2932 2782 2979 ut
2813 2923 2864 2979 in
2899 2924 3129 2980 famulos
3166 2926 3265 2996 qui
3310 2925 3650 2997 Stephanum
3684 2926 3769 2980 do-

2179 3018 2384 3072 minum
2428 3031 2585 3071 suum
2622 3015 2876 3085 plectibili
2905 3015 3108 3070 scelere
3142 3017 3514 3081 trucidantes,
3545 3019 3774 3072 inhuma-

2099 3129 2145 3191 ρ
2178 3118 2290 3164 tam
2317 3122 2532 3178 quoque
2561 3108 2917 3161 reverentiam
2960 3107 3077 3175 ejus
3116 3106 3344 3164 funeris
3394 3110 3703 3178 abiecerunt
3728 3107 3774 3175 ά,

2170 3205 2349 3272 legum
2378 3199 2716 3255 districtione
2742 3199 3031 3264 resecetis;
3059 3207 3351 3268 quatenus
3393 3203 3487 3272 qui
3534 3200 3778 3271 exemplis

2169 3296 2536 3364 provocantur
2591 3288 2872 3358 pessimis,
2932 3290 3107 3358 paruis
3175 3300 3487 3346 arceantur
3540 3291 3775 3362 aspectis.

2170 3382 2317 3438 Proh
2343 3380 2525 3436 dolor!
2557 3381 2731 3449 pietas
2761 3380 2812 3433 in
2855 3381 3040 3436 avibus
3070 3381 3391 3449 invenitur,
3425 3400 3549 3454 quse
3588 3384 3656 3438 ab
3691 3383 3783 3438 lm-

2170 3487 2329 3527 mana
2359 3471 2668 3526 conditione
2698 3470 2980 3525 deseritur.
3012 3471 3222 3528 Vultur
3273 3475 3418 3545 ipse,
3449 3475 3535 3530 cui
3581 3475 3683 3529 vita
3710 3484 3782 3527 est

2172 3561 2406 3619 cadaver
2459 3562 2729 3630 alienum,
2774 3571 2934 3617 tantm
2988 3566 3402 3632 magnitudinis
3454 3584 3653 3638 corpus
3702 3580 3789 3619 nec

2174 3654 2383 3722 exiguis
2412 3654 2627 3708 alitibus
2658 3656 2918 3724 probatur
2946 3653 3180 3711 infestus
3204 3659 3352 3732 [alii,
3380 3657 3683 3730 infestum],
3704 3657 3785 3710 sel

2174 3746 2344 3814 magis
2373 3746 2704 3815 accipitrem,
2737 3747 2899 3801 vitam
2954 3748 3337 3818 plumigerum
3390 3753 3577 3807 avium
3626 3766 3793 3822 persc-

2173 3841 2429 3903 qnentem
2450 3876 2462 3900 ,
2497 3835 2595 3889 alis
2624 3835 2811 3903 caedit,
2843 3852 2939 3891 ore
2970 3837 3241 3901 dilaniat,
3280 3848 3522 3911 totoque
3547 3857 3644 3896 suo
3672 3856 3792 3910 pon-

2175 3926 2305 4001 dere
2346 3926 2775 3996 periclitantibus
2822 3928 3011 3981 nititur
3056 3931 3378 3987 subvenire
3414 3952 3427 3984 :
3464 3941 3523 3989 et
3565 3933 3796 3988 homines

2176 4032 2401 4086 parcere
2432 4026 2729 4087 nequeunt,
2763 4018 2915 4087 cujus
2953 4035 3011 4076 se
3050 4034 3238 4089 genus
3270 4039 3403 4079 esse
3442 4024 3790 4094 cognoscunt!

2176 4108 2271 4165 Ille
2302 4125 2412 4164 non
2442 4111 2557 4164 vult
2602 4112 2947 4180 exstinguere
2988 4127 3098 4181 quo
3154 4123 3404 4184 poterat
3450 4117 3643 4172 vesci:
3671 4114 3797 4170 servi

2178 4200 2485 4254 maluerunt
2515 4200 2766 4256 occidere
2807 4202 2897 4271 qui
2948 4218 3042 4258 eos
3093 4218 3409 4276 superstes
3459 4212 3800 4262 consueverat

2178 4291 2436 4345 enutrirc.
2487 4291 2603 4345 Fiat
2642 4306 2771 4358 ergo
2813 4301 2996 4361 pastus
3044 4294 3123 4363 pii
3170 4296 3450 4363 vulturis,
3494 4298 3591 4369 qui
3631 4310 3802 4351 necem

2180 4382 2353 4450 potuit
2390 4380 2679 4436 crudeliter
2709 4382 3014 4438 desiderare
3043 4388 3330 4453 pastoris.
3371 4389 3497 4444 Tali
3530 4391 3704 4460 potius
3730 4402 3805 4440 sc—

2179 4473 2364 4543 pulcro
2409 4474 2725 4542 recipiatur,
2776 4474 2867 4543 qui
2922 4475 3219 4532 dominum
3278 4479 3534 4536 reddidit
3584 4476 3805 4550 insepul-

2181 4580 2310 4625 tum.

2108 4525 2150 4580 ι)

2735 4706 3063 4764 EPISTOLA
3106 4711 3245 4770 XX.

2264 4813 2487 4852 Vl‘lLlGlS
2518 4800 2643 4871 [ed.,
2679 4802 2922 4873 UNILIGIS]
2953 4818 3137 4859 suam
3177 4823 3588 4864 TIIEODOBICUS
3618 4822 3738 4861 itm.

2185 4907 2423 4962 Derernit
2462 4922 2518 4963 ut
2556 4929 2684 4982 quas
2733 4930 2885 4969 naves
2924 4917 2978 4968 in
3024 4917 3165 4970 urbe
3224 4919 3509 4977 Ravenna
3558 4920 3816 4993 frumenti!

2174 5070 2349 5121 stione
2391 5082 2447 5143 a.
2471 5067 2668 5143 familia
2700 5080 3011 5143 necatorum
3057 5075 3381 5143 habenda,
3419 5081 3462 5136 1.
3495 5080 3522 5134 ὶ
3560 5082 3627 5138 de
3656 5079 3813 5136 Sena-

2176 5138 2484 5222 t’nseonsulL
2522 5137 2983 5222 S}:il:lrt‘l..SCl!C‘C‘a
3034 5146 3139 5200 lib.
3196 5165 3237 5212 ι,
3293 5137 3435 5222 cap.
3494 5137 3592 5218 16,
3649 5162 3811 5206 natur.

2120 5264 2123 5267 ἰ
2177 5212 2374 5279 Quiest.
2411 5207 2629 5262 l’lin.‘in
2662 5208 2884 5279 Epistol.
2919 5212 3087 5268 Fons.

2245 5277 2268 5315 ά
2302 5277 2470 5331 Porro
2499 5277 2744 5362 veterum
2773 5282 2838 5333 de
2862 5286 3175 5362 sepultura:
3210 5307 3358 5347 cura
3388 5293 3548 5362 leges
3569 5304 3625 5351 et
3645 5307 3819 5349 exem-

2177 5349 2259 5421 pla
2291 5363 2709 5421 commemorem
2723 5354 2745 5404 ἲν
2773 5353 2901 5406 satis
2930 5349 3001 5407 sit
3029 5358 3122 5411 vel
3164 5360 3367 5418 indice
3401 5349 3715 5421 oste—odisse
3741 5366 3817 5415 tit.

2177 5419 2244 5499 de
2285 5420 2549 5499 relig.met
2590 5431 2788 5490 sumpt.
2832 5423 3028 5499 fun._l.
3080 5433 3298 5494 penul.
3360 5434 3435 5490 de
3480 5419 3648 5493 cond.
3698 5435 3817 5489 inst.

2176 5489 2420 5570 innatant.
2574 5506 2643 5553 vn,
2677 5489 2913 5570 capia.
2944 5489 3238 5570 Agat’liius
3272 5505 3349 5559 de
3399 5489 3817 5562 Bello—Count?

2175 5560 2345 5643 liintt,
2380 5560 2686 5643 subditicii}.
2724 5560 3013 5643 Val.__.\lax.'
3036 5566 3147 5621 lib.
3188 5588 3279 5635 vi,
3312 5560 3545 5643 capgs.’
3581 5560 3819 5631 degere-

2174 5631 2350 5707 ritate.
2386 5629 2585 5707 ziilian.
2614 5631 2702 5707 lib.
2738 5649 2805 5686 xu
2840 5633 2972 5688 lliSt.
3008 5651 3136 5690 var.
3175 5629 3583 5705 ἀθλιέλςιῖίιι,
3616 5629 3816 5707 Stagna,

2174 5711 2227 5756 vl
2253 5701 2387 5755 mn“
2426 5705 2580 5773 [illius
2614 5704 2701 5758 Ill).
2735 5707 2945 5775 epistol.
2977 5689 3583 5772 εὶέριθᾶιξΝῗ³Μ⁵⁸¹¹⁸υ⁸
3616 5689 3733 5717 "'“n
