  <div class='ocr_page' id='page_1' title='image "/cluster/home/n/w/nwhite01/storage/ocr_20150623/69/hvd.32044054758727/306.png"; bbox 0 0 3988 6178; ppageno 0'>
   <div class='ocr_carea' id='block_1_1' title="bbox 291 148 394 202">
    <p class='ocr_par' dir='ltr' id='par_1_1' title="bbox 291 148 394 202">
     <span class='ocr_line' id='line_1_1' title="bbox 291 148 394 202; baseline 0.039 -3"><span class='ocrx_word' id='word_1_1' title='bbox 291 148 394 202; x_wconf 73' lang='lat'><strong>557</strong></span> 
     </span>
    </p>
   </div>
   <div class='ocr_carea' id='block_1_2' title="bbox 365 334 1888 410">
    <p class='ocr_par' dir='ltr' id='par_1_2' title="bbox 365 334 1888 410">
     <span class='ocr_line' id='line_1_2' title="bbox 365 334 1888 410; baseline 0.009 -24"><span class='ocrx_word' id='word_1_2' title='bbox 365 337 572 410; x_wconf 68' lang='lat' dir='ltr'><strong>tragum</strong></span> <span class='ocrx_word' id='word_1_3' title='bbox 601 334 954 406; x_wconf 68' lang='lat' dir='ltr'><strong>laborantem,</strong></span> <span class='ocrx_word' id='word_1_4' title='bbox 987 349 1034 393; x_wconf 84' lang='lat' dir='ltr'><strong>et</strong></span> <span class='ocrx_word' id='word_1_5' title='bbox 1064 340 1116 393; x_wconf 85' lang='lat' dir='ltr'><strong>in</strong></span> <span class='ocrx_word' id='word_1_6' title='bbox 1147 357 1249 410; x_wconf 79' lang='lat' dir='ltr'><strong>qua</strong></span> <span class='ocrx_word' id='word_1_7' title='bbox 1280 351 1400 395; x_wconf 86' lang='lat' dir='ltr'><strong>tunc</strong></span> <span class='ocrx_word' id='word_1_8' title='bbox 1426 334 1537 396; x_wconf 63' lang='lat' dir='ltr'><strong>erat</strong></span> <span class='ocrx_word' id='word_1_9' title='bbox 1587 361 1697 408; x_wconf 73' lang='lat' dir='ltr'><strong>rex,</strong></span> <span class='ocrx_word' id='word_1_10' title='bbox 1725 334 1888 399; x_wconf 76' lang='lat' dir='ltr'><strong>trans-</strong></span> 
     </span>
    </p>
   </div>
   <div class='ocr_carea' id='block_1_3' title="bbox 367 405 560 456">
    <p class='ocr_par' dir='ltr' id='par_1_3' title="bbox 367 405 560 456">
     <span class='ocr_line' id='line_1_3' title="bbox 367 405 560 456; baseline 0 0"><span class='ocrx_word' id='word_1_11' title='bbox 367 405 560 456; x_wconf 82' lang='lat' dir='ltr'><strong>mittat.</strong></span> 
     </span>
    </p>
   </div>
   <div class='ocr_carea' id='block_1_4' title="bbox 365 514 1890 598">
    <p class='ocr_par' dir='ltr' id='par_1_4' title="bbox 365 514 1890 598">
     <span class='ocr_line' id='line_1_4' title="bbox 365 514 1890 598; baseline 0.013 -31"><span class='ocrx_word' id='word_1_12' title='bbox 365 514 566 572; x_wconf 86' lang='lat' dir='ltr'><strong>Omnes</strong></span> <span class='ocrx_word' id='word_1_13' title='bbox 587 517 746 574; x_wconf 89' lang='lat' dir='ltr'><strong>decet</strong></span> <span class='ocrx_word' id='word_1_14' title='bbox 773 529 1054 588; x_wconf 76' lang='lat' dir='ltr'><strong>gratanter</strong></span> <span class='ocrx_word' id='word_1_15' title='bbox 1079 523 1421 594; x_wconf 87' lang='lat' dir='ltr'><strong>impendere,</strong></span> <span class='ocrx_word' id='word_1_16' title='bbox 1467 527 1611 596; x_wconf 90' lang='lat' dir='ltr'><strong>quod</strong></span> <span class='ocrx_word' id='word_1_17' title='bbox 1649 531 1890 598; x_wconf 82' lang='lat' dir='ltr'><strong>publicas</strong></span> 
     </span>
    </p>
   </div>
   <div class='ocr_carea' id='block_1_5' title="bbox 297 606 1891 686">
    <p class='ocr_par' dir='ltr' id='par_1_5' title="bbox 297 606 1891 686">
     <span class='ocr_line' id='line_1_5' title="bbox 297 606 1891 686; baseline 0.013 -30"><span class='ocrx_word' id='word_1_18' title='bbox 297 606 480 660; x_wconf 80' lang='lat' dir='ltr'><strong>vident</strong></span> <span class='ocrx_word' id='word_1_19' title='bbox 503 607 764 665; x_wconf 73' lang='lat' dir='ltr'><strong>utilitates</strong></span> <span class='ocrx_word' id='word_1_20' title='bbox 793 625 952 680; x_wconf 82' lang='lat' dir='ltr'><strong>posse</strong></span> <span class='ocrx_word' id='word_1_21' title='bbox 971 613 1243 684; x_wconf 82' lang='lat' dir='ltr'><strong>respicere</strong></span> <span class='ocrx_word' id='word_1_22' title='bbox 1267 632 1280 666; x_wconf 88' lang='lat'><strong>:</strong></span> <span class='ocrx_word' id='word_1_23' title='bbox 1304 615 1408 686; x_wconf 81' lang='lat'><strong>31</strong></span> <span class='ocrx_word' id='word_1_24' title='bbox 1430 617 1645 685; x_wconf 82' lang='lat' dir='ltr'><strong>quando</strong></span> <span class='ocrx_word' id='word_1_25' title='bbox 1667 635 1891 676; x_wconf 89' lang='lat' dir='ltr'><strong>necesse</strong></span> 
     </span>
    </p>
   </div>
   <div class='ocr_carea' id='block_1_6' title="bbox 297 696 1890 774">
    <p class='ocr_par' dir='ltr' id='par_1_6' title="bbox 297 696 1890 774">
     <span class='ocr_line' id='line_1_6' title="bbox 297 696 1890 774; baseline 0.011 -27"><span class='ocrx_word' id='word_1_26' title='bbox 297 706 380 748; x_wconf 83' lang='lat' dir='ltr'><strong>est</strong></span> <span class='ocrx_word' id='word_1_27' title='bbox 409 696 514 750; x_wconf 86' lang='lat' dir='ltr'><strong>hoc</strong></span> <span class='ocrx_word' id='word_1_28' title='bbox 542 698 788 753; x_wconf 87' lang='lat' dir='ltr'><strong>membra</strong></span> <span class='ocrx_word' id='word_1_29' title='bbox 815 703 1051 769; x_wconf 87' lang='lat' dir='ltr'><strong>sentire,</strong></span> <span class='ocrx_word' id='word_1_30' title='bbox 1083 704 1226 772; x_wconf 90' lang='lat' dir='ltr'><strong>quod</strong></span> <span class='ocrx_word' id='word_1_31' title='bbox 1255 707 1500 774; x_wconf 90' lang='lat' dir='ltr'><strong>corporis</strong></span> <span class='ocrx_word' id='word_1_32' title='bbox 1528 721 1736 763; x_wconf 87' lang='lat' dir='ltr'><strong>summa</strong></span> <span class='ocrx_word' id='word_1_33' title='bbox 1765 725 1890 764; x_wconf 91' lang='lat' dir='ltr'><strong>sen-</strong></span> 
     </span>
    </p>
   </div>
   <div class='ocr_carea' id='block_1_7' title="bbox 297 785 1894 866">
    <p class='ocr_par' dir='ltr' id='par_1_7' title="bbox 297 785 1894 866">
     <span class='ocr_line' id='line_1_7' title="bbox 297 785 1894 866; baseline 0.011 -29"><span class='ocrx_word' id='word_1_34' title='bbox 297 785 446 838; x_wconf 84' lang='lat' dir='ltr'><strong>titur.</strong></span> <span class='ocrx_word' id='word_1_35' title='bbox 476 785 657 855; x_wconf 82' lang='lat' dir='ltr'><strong>Atque</strong></span> <span class='ocrx_word' id='word_1_36' title='bbox 696 789 820 844; x_wconf 89' lang='lat' dir='ltr'><strong>ideo</strong></span> <span class='ocrx_word' id='word_1_37' title='bbox 859 793 1107 860; x_wconf 76' lang='lat' dir='ltr'><strong>prtesenti</strong></span> <span class='ocrx_word' id='word_1_38' title='bbox 1147 791 1489 850; x_wconf 83' lang='lat' dir='ltr'><strong>decernimus</strong></span> <span class='ocrx_word' id='word_1_39' title='bbox 1526 795 1789 866; x_wconf 82' lang='lat' dir='ltr'><strong>iussione,</strong></span> <span class='ocrx_word' id='word_1_40' title='bbox 1833 809 1894 855; x_wconf 87' lang='lat' dir='ltr'><strong>ut</strong></span> 
     </span>
    </p>
   </div>
   <div class='ocr_carea' id='block_1_8' title="bbox 295 877 1891 960">
    <p class='ocr_par' dir='ltr' id='par_1_8' title="bbox 295 877 1891 960">
     <span class='ocr_line' id='line_1_8' title="bbox 295 877 1891 960; baseline 0.011 -31"><span class='ocrx_word' id='word_1_41' title='bbox 295 885 529 944; x_wconf 89' lang='lat' dir='ltr'><strong>quantas</strong></span> <span class='ocrx_word' id='word_1_42' title='bbox 557 877 609 932; x_wconf 92' lang='lat' dir='ltr'><strong>in</strong></span> <span class='ocrx_word' id='word_1_43' title='bbox 642 877 945 936; x_wconf 81' lang='lat' dir='ltr'><strong>Ravennati</strong></span> <span class='ocrx_word' id='word_1_44' title='bbox 971 883 1103 939; x_wconf 84' lang='lat' dir='ltr'><strong>urbe</strong></span> <span class='ocrx_word' id='word_1_45' title='bbox 1129 885 1450 942; x_wconf 88' lang='lat' dir='ltr'><strong>sulcatorias</strong></span> <span class='ocrx_word' id='word_1_46' title='bbox 1473 889 1714 957; x_wconf 87' lang='lat' dir='ltr'><strong>potueris</strong></span> <span class='ocrx_word' id='word_1_47' title='bbox 1737 905 1891 960; x_wconf 88' lang='lat' dir='ltr'><strong>repe-</strong></span> 
     </span>
    </p>
   </div>
   <div class='ocr_carea' id='block_1_9' title="bbox 295 968 1893 1051">
    <p class='ocr_par' dir='ltr' id='par_1_9' title="bbox 295 968 1893 1051">
     <span class='ocr_line' id='line_1_9' title="bbox 295 968 1893 1051; baseline 0.011 -31"><span class='ocrx_word' id='word_1_48' title='bbox 295 969 432 1032; x_wconf 89' lang='lat' dir='ltr'><strong>rire,</strong></span> <span class='ocrx_word' id='word_1_49' title='bbox 484 968 768 1026; x_wconf 79' lang='lat' dir='ltr'><strong>frumentis</strong></span> <span class='ocrx_word' id='word_1_50' title='bbox 829 972 1100 1030; x_wconf 86' lang='lat' dir='ltr'><strong>liscalibus</strong></span> <span class='ocrx_word' id='word_1_51' title='bbox 1145 985 1399 1032; x_wconf 88' lang='lat' dir='ltr'><strong>oneratas</strong></span> <span class='ocrx_word' id='word_1_52' title='bbox 1462 979 1531 1034; x_wconf 88' lang='lat' dir='ltr'><strong>ad</strong></span> <span class='ocrx_word' id='word_1_53' title='bbox 1574 995 1676 1036; x_wconf 90' lang='lat' dir='ltr'><strong>nos</strong></span> <span class='ocrx_word' id='word_1_54' title='bbox 1724 997 1893 1051; x_wconf 89' lang='lat' dir='ltr'><strong>usque</strong></span> 
     </span>
    </p>
   </div>
   <div class='ocr_carea' id='block_1_10' title="bbox 295 1061 1892 1144">
    <p class='ocr_par' dir='ltr' id='par_1_10' title="bbox 295 1061 1892 1144">
     <span class='ocr_line' id='line_1_10' title="bbox 295 1061 1892 1144; baseline 0.013 -31"><span class='ocrx_word' id='word_1_55' title='bbox 295 1061 594 1129; x_wconf 76' lang='lat' dir='ltr'><strong>perducas;</strong></span> <span class='ocrx_word' id='word_1_56' title='bbox 623 1072 894 1133; x_wconf 80' lang='lat' dir='ltr'><strong>quatenus</strong></span> <span class='ocrx_word' id='word_1_57' title='bbox 918 1068 1174 1124; x_wconf 87' lang='lat' dir='ltr'><strong>alimonia</strong></span> <span class='ocrx_word' id='word_1_58' title='bbox 1211 1071 1421 1141; x_wconf 89' lang='lat' dir='ltr'><strong>publica</strong></span> <span class='ocrx_word' id='word_1_59' title='bbox 1454 1075 1546 1129; x_wconf 89' lang='lat' dir='ltr'><strong>tali</strong></span> <span class='ocrx_word' id='word_1_60' title='bbox 1584 1077 1892 1144; x_wconf 79' lang='lat' dir='ltr'><strong>provisione</strong></span> 
     </span>
    </p>
   </div>
   <div class='ocr_carea' id='block_1_11' title="bbox 295 1151 1886 1230">
    <p class='ocr_par' dir='ltr' id='par_1_11' title="bbox 295 1151 1886 1230">
     <span class='ocr_line' id='line_1_11' title="bbox 295 1151 1886 1230; baseline 0.013 -27"><span class='ocrx_word' id='word_1_61' title='bbox 295 1151 559 1218; x_wconf 82' lang='lat' dir='ltr'><strong>relevata,</strong></span> <span class='ocrx_word' id='word_1_62' title='bbox 589 1155 964 1212; x_wconf 79' lang='lat' dir='ltr'><strong>necessitatem</strong></span> <span class='ocrx_word' id='word_1_63' title='bbox 996 1159 1192 1230; x_wconf 68' lang='lat' dir='ltr'><strong>inopia:</strong></span> <span class='ocrx_word' id='word_1_64' title='bbox 1221 1177 1328 1218; x_wconf 94' lang='lat' dir='ltr'><strong>non</strong></span> <span class='ocrx_word' id='word_1_65' title='bbox 1365 1163 1560 1220; x_wconf 86' lang='lat' dir='ltr'><strong>debeat</strong></span> <span class='ocrx_word' id='word_1_66' title='bbox 1599 1169 1886 1224; x_wconf 89' lang='lat' dir='ltr'><strong>sustinere.</strong></span> 
     </span>
    </p>
   </div>
   <div class='ocr_carea' id='block_1_12' title="bbox 299 1241 1889 1329">
    <p class='ocr_par' dir='ltr' id='par_1_12' title="bbox 299 1241 1889 1329">
     <span class='ocr_line' id='line_1_12' title="bbox 299 1241 1889 1329; baseline 0.013 -35"><span class='ocrx_word' id='word_1_67' title='bbox 299 1241 509 1298; x_wconf 75' lang='lat' dir='ltr'><strong>Reddat</strong></span> <span class='ocrx_word' id='word_1_68' title='bbox 538 1244 794 1300; x_wconf 82' lang='lat' dir='ltr'><strong>Ravenna</strong></span> <span class='ocrx_word' id='word_1_69' title='bbox 819 1249 1032 1319; x_wconf 86' lang='lat' dir='ltr'><strong>copiam</strong></span> <span class='ocrx_word' id='word_1_70' title='bbox 1063 1251 1312 1320; x_wconf 58' lang='lat' dir='ltr'><strong>Liguria},</strong></span> <span class='ocrx_word' id='word_1_71' title='bbox 1339 1270 1501 1324; x_wconf 89' lang='lat' dir='ltr'><strong>quam</strong></span> <span class='ocrx_word' id='word_1_72' title='bbox 1521 1273 1588 1312; x_wconf 85' lang='lat' dir='ltr'><strong>ex</strong></span> <span class='ocrx_word' id='word_1_73' title='bbox 1621 1259 1734 1329; x_wconf 89' lang='lat' dir='ltr'><strong>ipsa</strong></span> <span class='ocrx_word' id='word_1_74' title='bbox 1755 1275 1889 1316; x_wconf 90' lang='lat' dir='ltr'><strong>con-</strong></span> 
     </span>
    </p>
   </div>
   <div class='ocr_carea' id='block_1_13' title="bbox 298 1335 1891 1412">
    <p class='ocr_par' dir='ltr' id='par_1_13' title="bbox 298 1335 1891 1412">
     <span class='ocr_line' id='line_1_13' title="bbox 298 1335 1891 1412; baseline 0.012 -26"><span class='ocrx_word' id='word_1_75' title='bbox 298 1335 479 1388; x_wconf 81' lang='lat' dir='ltr'><strong>suevit</strong></span> <span class='ocrx_word' id='word_1_76' title='bbox 497 1337 764 1406; x_wconf 88' lang='lat' dir='ltr'><strong>accipere.</strong></span> <span class='ocrx_word' id='word_1_77' title='bbox 796 1337 927 1393; x_wconf 89' lang='lat' dir='ltr'><strong>Nam</strong></span> <span class='ocrx_word' id='word_1_78' title='bbox 949 1354 1069 1410; x_wconf 65' lang='lat' dir='ltr'><strong>qum</strong></span> <span class='ocrx_word' id='word_1_79' title='bbox 1093 1346 1433 1412; x_wconf 62' lang='lat' dir='ltr'><strong>praesentiam</strong></span> <span class='ocrx_word' id='word_1_80' title='bbox 1457 1357 1696 1404; x_wconf 89' lang='lat' dir='ltr'><strong>nostram</strong></span> <span class='ocrx_word' id='word_1_81' title='bbox 1725 1351 1891 1406; x_wconf 91' lang='lat' dir='ltr'><strong>susti-</strong></span> 
     </span>
    </p>
   </div>
   <div class='ocr_carea' id='block_1_14' title="bbox 301 1425 1890 1506">
    <p class='ocr_par' dir='ltr' id='par_1_14' title="bbox 301 1425 1890 1506">
     <span class='ocr_line' id='line_1_14' title="bbox 301 1425 1890 1506; baseline 0.013 -32"><span class='ocrx_word' id='word_1_82' title='bbox 301 1431 419 1491; x_wconf 89' lang='lat' dir='ltr'><strong>net,</strong></span> <span class='ocrx_word' id='word_1_83' title='bbox 449 1425 740 1480; x_wconf 90' lang='lat' dir='ltr'><strong>multorum</strong></span> <span class='ocrx_word' id='word_1_84' title='bbox 779 1427 941 1484; x_wconf 86' lang='lat' dir='ltr'><strong>debet</strong></span> <span class='ocrx_word' id='word_1_85' title='bbox 975 1431 1168 1486; x_wconf 83' lang='lat' dir='ltr'><strong>solatia</strong></span> <span class='ocrx_word' id='word_1_86' title='bbox 1215 1437 1473 1506; x_wconf 90' lang='lat' dir='ltr'><strong>reperire.</strong></span> <span class='ocrx_word' id='word_1_87' title='bbox 1520 1437 1707 1493; x_wconf 86' lang='lat' dir='ltr'><strong>Trahit</strong></span> <span class='ocrx_word' id='word_1_88' title='bbox 1748 1442 1890 1495; x_wconf 88' lang='lat' dir='ltr'><strong>enim</strong></span> 
     </span>
    </p>
   </div>
   <div class='ocr_carea' id='block_1_15' title="bbox 295 1517 1891 1594">
    <p class='ocr_par' dir='ltr' id='par_1_15' title="bbox 295 1517 1891 1594">
     <span class='ocr_line' id='line_1_15' title="bbox 295 1517 1891 1594; baseline 0.014 -30"><span class='ocrx_word' id='word_1_89' title='bbox 295 1517 697 1573; x_wconf 87' lang='lat' dir='ltr'><strong>observantium</strong></span> <span class='ocrx_word' id='word_1_90' title='bbox 724 1528 971 1576; x_wconf 83' lang='lat' dir='ltr'><strong>catervas</strong></span> <span class='ocrx_word' id='word_1_91' title='bbox 1000 1525 1292 1581; x_wconf 86' lang='lat' dir='ltr'><strong>comitatus</strong></span> <span class='ocrx_word' id='word_1_92' title='bbox 1323 1538 1540 1594; x_wconf 90' lang='lat' dir='ltr'><strong>noster;</strong></span> <span class='ocrx_word' id='word_1_93' title='bbox 1572 1537 1628 1583; x_wconf 83' lang='lat' dir='ltr'><strong>et</strong></span> <span class='ocrx_word' id='word_1_94' title='bbox 1655 1530 1781 1586; x_wconf 90' lang='lat' dir='ltr'><strong>dum</strong></span> <span class='ocrx_word' id='word_1_95' title='bbox 1821 1532 1891 1586; x_wconf 90' lang='lat' dir='ltr'><strong>ad</strong></span> 
     </span>
    </p>
   </div>
   <div class='ocr_carea' id='block_1_16' title="bbox 295 1606 1888 1692">
    <p class='ocr_par' dir='ltr' id='par_1_16' title="bbox 295 1606 1888 1692">
     <span class='ocr_line' id='line_1_16' title="bbox 295 1606 1888 1692; baseline 0.011 -31"><span class='ocrx_word' id='word_1_96' title='bbox 295 1606 558 1664; x_wconf 80' lang='lat' dir='ltr'><strong>beneﬁcia</strong></span> <span class='ocrx_word' id='word_1_97' title='bbox 584 1613 885 1680; x_wconf 65' lang='lat' dir='ltr'><strong>praestanda</strong></span> <span class='ocrx_word' id='word_1_98' title='bbox 916 1615 1174 1681; x_wconf 84' lang='lat' dir='ltr'><strong>curritur,</strong></span> <span class='ocrx_word' id='word_1_99' title='bbox 1209 1621 1518 1676; x_wconf 88' lang='lat' dir='ltr'><strong>necessario</strong></span> <span class='ocrx_word' id='word_1_100' title='bbox 1550 1623 1761 1692; x_wconf 89' lang='lat' dir='ltr'><strong>p0pulis</strong></span> <span class='ocrx_word' id='word_1_101' title='bbox 1801 1640 1888 1679; x_wconf 87' lang='lat' dir='ltr'><strong>co-</strong></span> 
     </span>
    </p>
   </div>
   <div class='ocr_carea' id='block_1_17' title="bbox 295 1695 732 1766">
    <p class='ocr_par' dir='ltr' id='par_1_17' title="bbox 295 1695 732 1766">
     <span class='ocr_line' id='line_1_17' title="bbox 295 1695 732 1766; baseline 0.018 -19"><span class='ocrx_word' id='word_1_102' title='bbox 295 1695 384 1766; x_wconf 93' lang='lat' dir='ltr'><strong>pia</strong></span> <span class='ocrx_word' id='word_1_103' title='bbox 410 1699 732 1766; x_wconf 85' lang='lat' dir='ltr'><strong>postulatur.</strong></span> 
     </span>
    </p>
   </div>
   <div class='ocr_carea' id='block_1_18' title="bbox 835 1871 1334 1940">
    <p class='ocr_par' dir='ltr' id='par_1_18' title="bbox 835 1871 1334 1940">
     <span class='ocr_line' id='line_1_18' title="bbox 835 1871 1334 1940; baseline 0.012 -6"><span class='ocrx_word' id='word_1_104' title='bbox 835 1879 1165 1938; x_wconf 73' lang='lat' dir='ltr'><strong>EPISTULA</strong></span> <span class='ocrx_word' id='word_1_105' title='bbox 1183 1871 1334 1940; x_wconf 71' lang='lat' dir='ltr'><strong>XXI.</strong></span> 
     </span>
    </p>
   </div>
   <div class='ocr_carea' id='block_1_19' title="bbox 543 2004 1623 2055">
    <p class='ocr_par' dir='ltr' id='par_1_19' title="bbox 543 2004 1623 2055">
     <span class='ocr_line' id='line_1_19' title="bbox 543 2004 1623 2055; baseline 0.013 -14"><span class='ocrx_word' id='word_1_106' title='bbox 543 2004 726 2043; x_wconf 66' lang='lat' dir='ltr'><strong>JOANNI</strong></span> <span class='ocrx_word' id='word_1_107' title='bbox 755 2008 1072 2050; x_wconf 71' lang='lat' dir='ltr'><strong>APPABI&#39;I&#39;OIII</strong></span> <span class='ocrx_word' id='word_1_108' title='bbox 1104 2013 1469 2054; x_wconf 71' lang='lat' dir='ltr'><strong>TIIEODOBICUS</strong></span> <span class='ocrx_word' id='word_1_109' title='bbox 1497 2017 1623 2055; x_wconf 73' lang='lat' dir='ltr'><strong>REI.</strong></span> 
     </span>
    </p>
   </div>
   <div class='ocr_carea' id='block_1_20' title="bbox 297 2098 1888 2180">
    <p class='ocr_par' dir='ltr' id='par_1_20' title="bbox 297 2098 1888 2180">
     <span class='ocr_line' id='line_1_20' title="bbox 297 2098 1888 2180; baseline 0.014 -30"><span class='ocrx_word' id='word_1_110' title='bbox 297 2098 419 2166; x_wconf 66' lang='lat' dir='ltr'><strong>Spei</strong></span> <span class='ocrx_word' id='word_1_111' title='bbox 448 2109 499 2152; x_wconf 86' lang='lat' dir='ltr'><strong>et</strong></span> <span class='ocrx_word' id='word_1_112' title='bbox 529 2100 760 2158; x_wconf 85' lang='lat' dir='ltr'><strong>Domitio</strong></span> <span class='ocrx_word' id='word_1_113' title='bbox 787 2107 1002 2180; x_wconf 77' lang='lat' dir='ltr'><strong>paludes</strong></span> <span class='ocrx_word' id='word_1_114' title='bbox 1031 2109 1084 2162; x_wconf 84' lang='lat' dir='ltr'><strong>in</strong></span> <span class='ocrx_word' id='word_1_115' title='bbox 1119 2111 1388 2180; x_wconf 85' lang='lat' dir='ltr'><strong>Spoletina</strong></span> <span class='ocrx_word' id='word_1_116' title='bbox 1415 2115 1676 2170; x_wconf 77' lang='lat' dir='ltr'><strong>territorio</strong></span> <span class='ocrx_word' id='word_1_117' title='bbox 1708 2133 1769 2170; x_wconf 84' lang='lat' dir='ltr'><strong>ea</strong></span> <span class='ocrx_word' id='word_1_118' title='bbox 1797 2135 1888 2172; x_wconf 68' lang='lat' dir='ltr'><strong>rex</strong></span> 
     </span>
    </p>
   </div>
   <div class='ocr_carea' id='block_1_21' title="bbox 365 2177 1885 2252">
    <p class='ocr_par' dir='ltr' id='par_1_21' title="bbox 365 2177 1885 2252">
     <span class='ocr_line' id='line_1_21' title="bbox 365 2177 1885 2252; baseline 0.013 -31"><span class='ocrx_word' id='word_1_119' title='bbox 365 2184 698 2252; x_wconf 63' lang='lat' dir='ltr'><strong>concesserat</strong></span> <span class='ocrx_word' id='word_1_120' title='bbox 721 2177 1050 2252; x_wconf 66' lang='lat' dir='ltr'><strong>conditione,</strong></span> <span class='ocrx_word' id='word_1_121' title='bbox 1080 2191 1136 2231; x_wconf 88' lang='lat' dir='ltr'><strong>ut</strong></span> <span class='ocrx_word' id='word_1_122' title='bbox 1162 2177 1210 2234; x_wconf 71' lang='lat' dir='ltr'><strong>si</strong></span> <span class='ocrx_word' id='word_1_123' title='bbox 1240 2199 1416 2236; x_wconf 82' lang='lat' dir='ltr'><strong>eorum</strong></span> <span class='ocrx_word' id='word_1_124' title='bbox 1461 2201 1619 2252; x_wconf 79' lang='lat' dir='ltr'><strong>opera</strong></span> <span class='ocrx_word' id='word_1_125' title='bbox 1649 2188 1856 2240; x_wconf 61' lang='grc' dir='ltr'><strong>σπείρω</strong></span> <span class='ocrx_word' id='word_1_126' title='bbox 1880 2221 1885 2225; x_wconf 97' lang='grc'><strong>-</strong></span> 
     </span>
    </p>
   </div>
   <div class='ocr_carea' id='block_1_22' title="bbox 361 2243 1890 2322">
    <p class='ocr_par' dir='ltr' id='par_1_22' title="bbox 361 2243 1890 2322">
     <span class='ocr_line' id='line_1_22' title="bbox 361 2243 1890 2322; baseline 0.011 -29"><span class='ocrx_word' id='word_1_127' title='bbox 361 2243 1027 2322; x_wconf 49' lang='lat' dir='ltr'><strong>returhilluries,liberata</strong></span> <span class='ocrx_word' id='word_1_128' title='bbox 1055 2267 1178 2303; x_wconf 85' lang='lat' dir='ltr'><strong>rura</strong></span> <span class='ocrx_word' id='word_1_129' title='bbox 1226 2253 1352 2322; x_wconf 80' lang='lat' dir='ltr'><strong>ipsis</strong></span> <span class='ocrx_word' id='word_1_130' title='bbox 1403 2243 1750 2322; x_wconf 75' lang='lat' dir='ltr'><strong>proﬁcerent;</strong></span> <span class='ocrx_word' id='word_1_131' title='bbox 1797 2259 1890 2311; x_wconf 78' lang='lat' dir='ltr'><strong>sed</strong></span> 
     </span>
    </p>
   </div>
   <div class='ocr_carea' id='block_1_23' title="bbox 364 2311 1887 2394">
    <p class='ocr_par' dir='ltr' id='par_1_23' title="bbox 364 2311 1887 2394">
     <span class='ocr_line' id='line_1_23' title="bbox 364 2311 1887 2394; baseline 0.012 -34"><span class='ocrx_word' id='word_1_132' title='bbox 364 2325 482 2394; x_wconf 60' lang='lat' dir='ltr'><strong>eum</strong></span> <span class='ocrx_word' id='word_1_133' title='bbox 502 2311 726 2394; x_wconf 66' lang='grc' dir='ltr'><strong>ροηιὶξῆ</strong></span> <span class='ocrx_word' id='word_1_134' title='bbox 754 2316 874 2394; x_wconf 56' lang='lat' dir='ltr'><strong>uitio</strong></span> <span class='ocrx_word' id='word_1_135' title='bbox 897 2317 1076 2371; x_wconf 77' lang='lat' dir='ltr'><strong>irritus</strong></span> <span class='ocrx_word' id='word_1_136' title='bbox 1101 2311 1412 2394; x_wconf 54' lang='lat' dir='ltr'><strong>[&#39;oret&#39;labor&#39;</strong></span> <span class='ocrx_word' id='word_1_137' title='bbox 1438 2311 1706 2394; x_wconf 50' lang='lat' dir='ltr'><strong>inemptas,</strong></span> <span class='ocrx_word' id='word_1_138' title='bbox 1733 2311 1887 2378; x_wconf 59' lang='lat' dir='ltr'><strong>rimu—</strong></span> 
     </span>
    </p>
   </div>
   <div class='ocr_carea' id='block_1_24' title="bbox 363 2380 1887 2464">
    <p class='ocr_par' dir='ltr' id='par_1_24' title="bbox 363 2380 1887 2464">
     <span class='ocr_line' id='line_1_24' title="bbox 363 2380 1887 2464; baseline 0.012 -32"><span class='ocrx_word' id='word_1_139' title='bbox 363 2381 454 2432; x_wconf 64' lang='grc' dir='ltr'><em>ἄξιε</em></span> <span class='ocrx_word' id='word_1_140' title='bbox 481 2380 707 2463; x_wconf 53' lang='lat' dir='ltr'><strong>domini,</strong></span> <span class='ocrx_word' id='word_1_141' title='bbox 756 2380 1241 2464; x_wconf 46' lang='lat' dir='ltr'><strong>ip‘sumrouvéniat,</strong></span> <span class='ocrx_word' id='word_1_142' title='bbox 1270 2402 1324 2464; x_wconf 81' lang='lat' dir='ltr'><strong>ut</strong></span> <span class='ocrx_word' id='word_1_143' title='bbox 1373 2402 1460 2445; x_wconf 81' lang='lat' dir='ltr'><strong>ant</strong></span> <span class='ocrx_word' id='word_1_144' title='bbox 1515 2380 1731 2464; x_wconf 57' lang='lat' dir='ltr'><strong>carptum</strong></span> <span class='ocrx_word' id='word_1_145' title='bbox 1782 2413 1887 2450; x_wconf 83' lang='lat' dir='ltr'><strong>rem</strong></span> 
     </span>
    </p>
   </div>
   <div class='ocr_carea' id='block_1_25' title="bbox 360 2452 1708 2533">
    <p class='ocr_par' dir='ltr' id='par_1_25' title="bbox 360 2452 1708 2533">
     <span class='ocr_line' id='line_1_25' title="bbox 360 2452 1708 2533; baseline 0.013 -31"><span class='ocrx_word' id='word_1_146' title='bbox 360 2452 624 2519; x_wconf 77' lang='lat' dir='ltr'><strong>perﬁciat,</strong></span> <span class='ocrx_word' id='word_1_147' title='bbox 658 2462 748 2506; x_wconf 90' lang='lat' dir='ltr'><strong>aut</strong></span> <span class='ocrx_word' id='word_1_148' title='bbox 776 2452 903 2525; x_wconf 76' lang='lat' dir='ltr'><strong>Spei</strong></span> <span class='ocrx_word' id='word_1_149' title='bbox 935 2461 1206 2528; x_wconf 81' lang='lat' dir='ltr'><strong>propriam</strong></span> <span class='ocrx_word' id='word_1_150' title='bbox 1229 2461 1376 2515; x_wconf 81' lang='lat' dir='ltr'><strong>cedat</strong></span> <span class='ocrx_word' id='word_1_151' title='bbox 1397 2452 1708 2533; x_wconf 68' lang='lat' dir='ltr'><strong>portionem.</strong></span> 
     </span>
    </p>
   </div>
   <div class='ocr_carea' id='block_1_26' title="bbox 365 2561 1891 2635">
    <p class='ocr_par' dir='ltr' id='par_1_26' title="bbox 365 2561 1891 2635">
     <span class='ocr_line' id='line_1_26' title="bbox 365 2561 1891 2635; baseline 0.012 -17"><span class='ocrx_word' id='word_1_152' title='bbox 365 2561 552 2619; x_wconf 85' lang='lat' dir='ltr'><strong>Grave</strong></span> <span class='ocrx_word' id='word_1_153' title='bbox 583 2565 742 2620; x_wconf 88' lang='lat' dir='ltr'><strong>nimis</strong></span> <span class='ocrx_word' id='word_1_154' title='bbox 771 2577 853 2622; x_wconf 89' lang='lat' dir='ltr'><strong>est</strong></span> <span class='ocrx_word' id='word_1_155' title='bbox 880 2577 938 2622; x_wconf 91' lang='lat' dir='ltr'><strong>ut</strong></span> <span class='ocrx_word' id='word_1_156' title='bbox 965 2568 1143 2625; x_wconf 90' lang='lat' dir='ltr'><strong>fructu</strong></span> <span class='ocrx_word' id='word_1_157' title='bbox 1171 2572 1368 2628; x_wconf 88' lang='lat' dir='ltr'><strong>laboris</strong></span> <span class='ocrx_word' id='word_1_158' title='bbox 1393 2575 1473 2629; x_wconf 90' lang='lat' dir='ltr'><strong>sui</strong></span> <span class='ocrx_word' id='word_1_159' title='bbox 1503 2577 1779 2634; x_wconf 84' lang='lat' dir='ltr'><strong>fraudetur</strong></span> <span class='ocrx_word' id='word_1_160' title='bbox 1809 2580 1891 2635; x_wconf 77' lang='lat' dir='ltr'><strong>in-</strong></span> 
     </span>
    </p>
   </div>
   <div class='ocr_carea' id='block_1_27' title="bbox 299 2653 1888 2740">
    <p class='ocr_par' dir='ltr' id='par_1_27' title="bbox 299 2653 1888 2740">
     <span class='ocr_line' id='line_1_27' title="bbox 299 2653 1888 2740; baseline 0.012 -33"><span class='ocrx_word' id='word_1_161' title='bbox 299 2653 566 2720; x_wconf 84' lang='lat' dir='ltr'><strong>dustrius;</strong></span> <span class='ocrx_word' id='word_1_162' title='bbox 597 2664 653 2710; x_wconf 88' lang='lat' dir='ltr'><strong>et</strong></span> <span class='ocrx_word' id='word_1_163' title='bbox 681 2657 769 2711; x_wconf 89' lang='lat' dir='ltr'><strong>cui</strong></span> <span class='ocrx_word' id='word_1_164' title='bbox 797 2656 960 2714; x_wconf 87' lang='lat' dir='ltr'><strong>debet</strong></span> <span class='ocrx_word' id='word_1_165' title='bbox 1007 2677 1105 2731; x_wconf 89' lang='lat' dir='ltr'><strong>pro</strong></span> <span class='ocrx_word' id='word_1_166' title='bbox 1134 2663 1420 2720; x_wconf 86' lang='lat' dir='ltr'><strong>sedulitate</strong></span> <span class='ocrx_word' id='word_1_167' title='bbox 1467 2667 1700 2723; x_wconf 88' lang='lat' dir='ltr'><strong>conferri</strong></span> <span class='ocrx_word' id='word_1_168' title='bbox 1751 2687 1888 2740; x_wconf 67' lang='grc' dir='ltr'><strong>νιτρ-</strong></span> 
     </span>
    </p>
   </div>
   <div class='ocr_carea' id='block_1_28' title="bbox 305 2745 1892 2833">
    <p class='ocr_par' dir='ltr' id='par_1_28' title="bbox 305 2745 1892 2833">
     <span class='ocr_line' id='line_1_28' title="bbox 305 2745 1892 2833; baseline 0.015 -36"><span class='ocrx_word' id='word_1_169' title='bbox 305 2745 496 2813; x_wconf 77' lang='lat' dir='ltr'><strong>nium,</strong></span> <span class='ocrx_word' id='word_1_170' title='bbox 529 2747 866 2819; x_wconf 82' lang='lat' dir='ltr'><strong>dispendium</strong></span> <span class='ocrx_word' id='word_1_171' title='bbox 891 2754 1126 2822; x_wconf 89' lang='lat' dir='ltr'><strong>patiatur</strong></span> <span class='ocrx_word' id='word_1_172' title='bbox 1157 2756 1409 2825; x_wconf 80' lang='lat' dir='ltr'><strong>injustam</strong></span> <span class='ocrx_word' id='word_1_173' title='bbox 1435 2776 1449 2824; x_wconf 92' lang='lat'><strong>;</strong></span> <span class='ocrx_word' id='word_1_174' title='bbox 1495 2760 1548 2814; x_wconf 90' lang='lat' dir='ltr'><strong>in</strong></span> <span class='ocrx_word' id='word_1_175' title='bbox 1578 2776 1641 2816; x_wconf 88' lang='lat' dir='ltr'><strong>ea</strong></span> <span class='ocrx_word' id='word_1_176' title='bbox 1669 2779 1892 2833; x_wconf 66' lang='lat' dir='ltr'><strong>praeser-</strong></span> 
     </span>
    </p>
   </div>
   <div class='ocr_carea' id='block_1_29' title="bbox 309 2842 1893 2920">
    <p class='ocr_par' dir='ltr' id='par_1_29' title="bbox 309 2842 1893 2920">
     <span class='ocr_line' id='line_1_29' title="bbox 309 2842 1893 2920; baseline 0.015 -29"><span class='ocrx_word' id='word_1_177' title='bbox 309 2842 398 2892; x_wconf 75' lang='lat' dir='ltr'><strong>tim</strong></span> <span class='ocrx_word' id='word_1_178' title='bbox 430 2854 512 2906; x_wconf 88' lang='lat' dir='ltr'><strong>re,</strong></span> <span class='ocrx_word' id='word_1_179' title='bbox 571 2855 692 2910; x_wconf 75' lang='lat' dir='ltr'><strong>qua:</strong></span> <span class='ocrx_word' id='word_1_180' title='bbox 736 2843 804 2898; x_wconf 89' lang='lat' dir='ltr'><strong>ad</strong></span> <span class='ocrx_word' id='word_1_181' title='bbox 860 2856 1100 2900; x_wconf 87' lang='lat' dir='ltr'><strong>nostram</strong></span> <span class='ocrx_word' id='word_1_182' title='bbox 1150 2850 1369 2918; x_wconf 85' lang='lat' dir='ltr'><strong>respicit</strong></span> <span class='ocrx_word' id='word_1_183' title='bbox 1407 2851 1704 2920; x_wconf 81' lang='lat' dir='ltr'><strong>largitatem</strong></span> <span class='ocrx_word' id='word_1_184' title='bbox 1748 2875 1760 2910; x_wconf 89' lang='lat'><strong>:</strong></span> <span class='ocrx_word' id='word_1_185' title='bbox 1801 2859 1893 2914; x_wconf 90' lang='lat' dir='ltr'><strong>ubi</strong></span> 
     </span>
    </p>
   </div>
   <div class='ocr_carea' id='block_1_30' title="bbox 303 2929 1892 3005">
    <p class='ocr_par' dir='ltr' id='par_1_30' title="bbox 303 2929 1892 3005">
     <span class='ocr_line' id='line_1_30' title="bbox 303 2929 1892 3005; baseline 0.014 -25"><span class='ocrx_word' id='word_1_186' title='bbox 303 2929 434 2983; x_wconf 86' lang='lat' dir='ltr'><strong>nihil</strong></span> <span class='ocrx_word' id='word_1_187' title='bbox 490 2929 654 2985; x_wconf 88' lang='lat' dir='ltr'><strong>debet</strong></span> <span class='ocrx_word' id='word_1_188' title='bbox 700 2931 866 2988; x_wconf 87' lang='lat' dir='ltr'><strong>licere</strong></span> <span class='ocrx_word' id='word_1_189' title='bbox 917 2937 1276 3005; x_wconf 56' lang='lat' dir='ltr'><strong>negligentiae,</strong></span> <span class='ocrx_word' id='word_1_190' title='bbox 1311 2956 1378 2995; x_wconf 91' lang='lat' dir='ltr'><strong>ne</strong></span> <span class='ocrx_word' id='word_1_191' title='bbox 1407 2942 1690 3000; x_wconf 85' lang='lat' dir='ltr'><strong>videamur</strong></span> <span class='ocrx_word' id='word_1_192' title='bbox 1717 2948 1892 3004; x_wconf 88' lang='lat' dir='ltr'><strong>minus</strong></span> 
     </span>
    </p>
   </div>
   <div class='ocr_carea' id='block_1_31' title="bbox 301 3018 1967 3111">
    <p class='ocr_par' dir='ltr' id='par_1_31' title="bbox 301 3018 1967 3111">
     <span class='ocr_line' id='line_1_31' title="bbox 301 3018 1967 3111; baseline 0.013 -36"><span class='ocrx_word' id='word_1_193' title='bbox 301 3018 578 3089; x_wconf 81' lang='lat' dir='ltr'><strong>profutura</strong></span> <span class='ocrx_word' id='word_1_194' title='bbox 611 3025 872 3079; x_wconf 78' lang='lat' dir='ltr'><strong>sanxisse.</strong></span> <span class='ocrx_word' id='word_1_195' title='bbox 907 3025 1112 3082; x_wconf 88' lang='lat' dir='ltr'><strong>Dudum</strong></span> <span class='ocrx_word' id='word_1_196' title='bbox 1134 3030 1398 3099; x_wconf 78' lang='lat' dir='ltr'><strong>siquidem</strong></span> <span class='ocrx_word' id='word_1_197' title='bbox 1429 3033 1555 3104; x_wconf 87' lang='lat' dir='ltr'><strong>Spei</strong></span> <span class='ocrx_word' id='word_1_198' title='bbox 1583 3047 1637 3090; x_wconf 90' lang='lat' dir='ltr'><strong>et</strong></span> <span class='ocrx_word' id='word_1_199' title='bbox 1659 3035 1892 3095; x_wconf 88' lang='lat' dir='ltr'><strong>Domitio</strong></span> <span class='ocrx_word' id='word_1_200' title='bbox 1921 3051 1967 3111; x_wconf 70' lang='grc' dir='ltr'>α</span> 
     </span>
    </p>
   </div>
   <div class='ocr_carea' id='block_1_32' title="bbox 304 3110 1897 3192">
    <p class='ocr_par' dir='ltr' id='par_1_32' title="bbox 304 3110 1897 3192">
     <span class='ocr_line' id='line_1_32' title="bbox 304 3110 1897 3192; baseline 0.014 -29"><span class='ocrx_word' id='word_1_201' title='bbox 304 3110 691 3179; x_wconf 76' lang='lat' dir='ltr'><strong>spectabilibus</strong></span> <span class='ocrx_word' id='word_1_202' title='bbox 720 3114 848 3170; x_wconf 80' lang='lat' dir='ltr'><strong>viris</strong></span> <span class='ocrx_word' id='word_1_203' title='bbox 878 3116 998 3171; x_wconf 89' lang='lat' dir='ltr'><strong>loca</strong></span> <span class='ocrx_word' id='word_1_204' title='bbox 1048 3120 1101 3172; x_wconf 91' lang='lat' dir='ltr'><strong>in</strong></span> <span class='ocrx_word' id='word_1_205' title='bbox 1131 3121 1413 3189; x_wconf 54' lang='lat' dir='ltr'><strong>Spoletino</strong></span> <span class='ocrx_word' id='word_1_206' title='bbox 1464 3126 1754 3192; x_wconf 86' lang='lat' dir='ltr'><strong>territorio,</strong></span> <span class='ocrx_word' id='word_1_207' title='bbox 1787 3144 1897 3186; x_wconf 73' lang='lat' dir='ltr'><strong>cm-</strong></span> 
     </span>
    </p>
   </div>
   <div class='ocr_carea' id='block_1_33' title="bbox 302 3200 1895 3285">
    <p class='ocr_par' dir='ltr' id='par_1_33' title="bbox 302 3200 1895 3285">
     <span class='ocr_line' id='line_1_33' title="bbox 302 3200 1895 3285; baseline 0.013 -30"><span class='ocrx_word' id='word_1_208' title='bbox 302 3203 451 3256; x_wconf 86' lang='lat' dir='ltr'><strong>nosis</strong></span> <span class='ocrx_word' id='word_1_209' title='bbox 501 3200 792 3261; x_wconf 83' lang='lat' dir='ltr'><strong>ﬂuentibus</strong></span> <span class='ocrx_word' id='word_1_210' title='bbox 820 3207 1080 3262; x_wconf 77' lang='lat' dir='ltr'><strong>inutiliter</strong></span> <span class='ocrx_word' id='word_1_211' title='bbox 1119 3222 1378 3282; x_wconf 84' lang='lat' dir='ltr'><strong>occupata</strong></span> <span class='ocrx_word' id='word_1_212' title='bbox 1403 3255 1418 3280; x_wconf 92' lang='lat'><strong>,</strong></span> <span class='ocrx_word' id='word_1_213' title='bbox 1467 3215 1681 3285; x_wconf 80' lang='lat' dir='ltr'><strong>largitas</strong></span> <span class='ocrx_word' id='word_1_214' title='bbox 1711 3229 1895 3276; x_wconf 87' lang='lat' dir='ltr'><strong>nostra</strong></span> 
     </span>
    </p>
   </div>
   <div class='ocr_carea' id='block_1_34' title="bbox 299 3297 1894 3372">
    <p class='ocr_par' dir='ltr' id='par_1_34' title="bbox 299 3297 1894 3372">
     <span class='ocr_line' id='line_1_34' title="bbox 299 3297 1894 3372; baseline 0.011 -25"><span class='ocrx_word' id='word_1_215' title='bbox 299 3303 672 3348; x_wconf 80' lang='lat' dir='ltr'><strong>concesserat:</strong></span> <span class='ocrx_word' id='word_1_216' title='bbox 705 3297 793 3350; x_wconf 89' lang='lat' dir='ltr'><strong>ubi</strong></span> <span class='ocrx_word' id='word_1_217' title='bbox 816 3313 1077 3366; x_wconf 87' lang='lat' dir='ltr'><strong>aquarum</strong></span> <span class='ocrx_word' id='word_1_218' title='bbox 1108 3312 1255 3357; x_wconf 87' lang='lat' dir='ltr'><strong>vasta</strong></span> <span class='ocrx_word' id='word_1_219' title='bbox 1282 3305 1894 3372; x_wconf 71' lang='lat' dir='ltr'><strong>profunditastcrrcnam</strong></span> 
     </span>
    </p>
   </div>
   <div class='ocr_carea' id='block_1_35' title="bbox 300 3384 1896 3472">
    <p class='ocr_par' dir='ltr' id='par_1_35' title="bbox 300 3384 1896 3472">
     <span class='ocr_line' id='line_1_35' title="bbox 300 3384 1896 3472; baseline 0.014 -37"><span class='ocrx_word' id='word_1_220' title='bbox 300 3385 528 3451; x_wconf 79' lang='lat' dir='ltr'><strong>gratiam</strong></span> <span class='ocrx_word' id='word_1_221' title='bbox 561 3384 613 3437; x_wconf 92' lang='lat' dir='ltr'><strong>in</strong></span> <span class='ocrx_word' id='word_1_222' title='bbox 655 3387 830 3442; x_wconf 90' lang='lat' dir='ltr'><strong>nullos</strong></span> <span class='ocrx_word' id='word_1_223' title='bbox 862 3405 988 3443; x_wconf 87' lang='lat' dir='ltr'><strong>usus</strong></span> <span class='ocrx_word' id='word_1_224' title='bbox 1026 3393 1359 3460; x_wconf 81' lang='lat' dir='ltr'><strong>profuturam</strong></span> <span class='ocrx_word' id='word_1_225' title='bbox 1394 3395 1530 3467; x_wconf 56' lang='grc' dir='ltr'><strong>(οτι,</strong></span> <span class='ocrx_word' id='word_1_226' title='bbox 1563 3399 1896 3472; x_wconf 83' lang='lat' dir='ltr'><strong>profuturos)</strong></span> 
     </span>
    </p>
   </div>
   <div class='ocr_carea' id='block_1_36' title="bbox 304 3472 1898 3562">
    <p class='ocr_par' dir='ltr' id='par_1_36' title="bbox 304 3472 1898 3562">
     <span class='ocr_line' id='line_1_36' title="bbox 304 3472 1898 3562; baseline 0.018 -41"><span class='ocrx_word' id='word_1_227' title='bbox 304 3472 679 3529; x_wconf 82' lang='lat' dir='ltr'><strong>absorbucrat.</strong></span> <span class='ocrx_word' id='word_1_228' title='bbox 709 3475 935 3532; x_wconf 73' lang='lat' dir='ltr'><strong>Iacebat</strong></span> <span class='ocrx_word' id='word_1_229' title='bbox 955 3481 1110 3537; x_wconf 88' lang='lat' dir='ltr'><strong>tellus</strong></span> <span class='ocrx_word' id='word_1_230' title='bbox 1136 3483 1410 3553; x_wconf 76' lang='lat' dir='ltr'><strong>naufraga,</strong></span> <span class='ocrx_word' id='word_1_231' title='bbox 1439 3488 1662 3556; x_wconf 88' lang='lat' dir='ltr'><strong>palustri</strong></span> <span class='ocrx_word' id='word_1_232' title='bbox 1679 3499 1898 3562; x_wconf 89' lang='lat' dir='ltr'><strong>torpore</strong></span> 
     </span>
    </p>
   </div>
   <div class='ocr_carea' id='block_1_37' title="bbox 302 3565 1898 3652">
    <p class='ocr_par' dir='ltr' id='par_1_37' title="bbox 302 3565 1898 3652">
     <span class='ocr_line' id='line_1_37' title="bbox 302 3565 1898 3652; baseline 0.015 -37"><span class='ocrx_word' id='word_1_233' title='bbox 302 3565 549 3629; x_wconf 86' lang='lat' dir='ltr'><strong>confusa,</strong></span> <span class='ocrx_word' id='word_1_234' title='bbox 579 3573 634 3620; x_wconf 89' lang='lat' dir='ltr'><strong>et</strong></span> <span class='ocrx_word' id='word_1_235' title='bbox 662 3567 762 3622; x_wconf 89' lang='lat' dir='ltr'><strong>sub</strong></span> <span class='ocrx_word' id='word_1_236' title='bbox 792 3576 1020 3639; x_wconf 87' lang='lat' dir='ltr'><strong>utroque</strong></span> <span class='ocrx_word' id='word_1_237' title='bbox 1045 3571 1248 3640; x_wconf 85' lang='lat' dir='ltr'><strong>jactata</strong></span> <span class='ocrx_word' id='word_1_238' title='bbox 1278 3575 1578 3645; x_wconf 89' lang='lat' dir='ltr'><strong>dispendio,</strong></span> <span class='ocrx_word' id='word_1_239' title='bbox 1606 3596 1703 3636; x_wconf 88' lang='lat' dir='ltr'><strong>nec</strong></span> <span class='ocrx_word' id='word_1_240' title='bbox 1730 3598 1898 3652; x_wconf 86' lang='lat' dir='ltr'><strong>aqua-</strong></span> 
     </span>
    </p>
   </div>
   <div class='ocr_carea' id='block_1_38' title="bbox 301 3655 1896 3728">
    <p class='ocr_par' dir='ltr' id='par_1_38' title="bbox 301 3655 1896 3728">
     <span class='ocr_line' id='line_1_38' title="bbox 301 3655 1896 3728; baseline 0.016 -25"><span class='ocrx_word' id='word_1_241' title='bbox 301 3667 418 3705; x_wconf 89' lang='lat' dir='ltr'><strong>rum</strong></span> <span class='ocrx_word' id='word_1_242' title='bbox 449 3669 618 3722; x_wconf 88' lang='lat' dir='ltr'><strong>puros</strong></span> <span class='ocrx_word' id='word_1_243' title='bbox 649 3655 886 3726; x_wconf 83' lang='lat' dir='ltr'><strong>liquores</strong></span> <span class='ocrx_word' id='word_1_244' title='bbox 917 3671 1206 3728; x_wconf 83' lang='lat' dir='ltr'><strong>meruerat,</strong></span> <span class='ocrx_word' id='word_1_245' title='bbox 1240 3673 1295 3719; x_wconf 92' lang='lat' dir='ltr'><strong>et</strong></span> <span class='ocrx_word' id='word_1_246' title='bbox 1319 3667 1482 3722; x_wconf 88' lang='lat' dir='ltr'><strong>decus</strong></span> <span class='ocrx_word' id='word_1_247' title='bbox 1513 3677 1736 3726; x_wconf 78' lang='lat' dir='ltr'><strong>terrena:</strong></span> <span class='ocrx_word' id='word_1_248' title='bbox 1763 3674 1896 3728; x_wconf 88' lang='lat' dir='ltr'><strong>soli-</strong></span> 
     </span>
    </p>
   </div>
   <div class='ocr_carea' id='block_1_39' title="bbox 301 3743 1896 3825">
    <p class='ocr_par' dir='ltr' id='par_1_39' title="bbox 301 3743 1896 3825">
     <span class='ocr_line' id='line_1_39' title="bbox 301 3743 1896 3825; baseline 0.016 -29"><span class='ocrx_word' id='word_1_249' title='bbox 301 3743 486 3800; x_wconf 84' lang='lat' dir='ltr'><strong>ditatis</strong></span> <span class='ocrx_word' id='word_1_250' title='bbox 511 3747 786 3802; x_wconf 82' lang='lat' dir='ltr'><strong>amiserat.</strong></span> <span class='ocrx_word' id='word_1_251' title='bbox 815 3749 929 3806; x_wconf 86' lang='lat' dir='ltr'><strong>Hoc</strong></span> <span class='ocrx_word' id='word_1_252' title='bbox 957 3767 1078 3821; x_wconf 87' lang='lat' dir='ltr'><strong>nos,</strong></span> <span class='ocrx_word' id='word_1_253' title='bbox 1109 3756 1306 3825; x_wconf 88' lang='lat' dir='ltr'><strong>quibus</strong></span> <span class='ocrx_word' id='word_1_254' title='bbox 1335 3761 1484 3814; x_wconf 81' lang='lat' dir='ltr'><strong>cordi</strong></span> <span class='ocrx_word' id='word_1_255' title='bbox 1515 3772 1596 3816; x_wconf 90' lang='lat' dir='ltr'><strong>est</strong></span> <span class='ocrx_word' id='word_1_256' title='bbox 1628 3764 1679 3818; x_wconf 92' lang='lat' dir='ltr'><strong>in</strong></span> <span class='ocrx_word' id='word_1_257' title='bbox 1705 3767 1896 3823; x_wconf 86' lang='lat' dir='ltr'><strong>melius</strong></span> 
     </span>
    </p>
   </div>
   <div class='ocr_carea' id='block_1_40' title="bbox 300 3846 1895 3916">
    <p class='ocr_par' dir='ltr' id='par_1_40' title="bbox 300 3846 1895 3916">
     <span class='ocr_line' id='line_1_40' title="bbox 300 3846 1895 3916; baseline 0.016 -28"><span class='ocrx_word' id='word_1_258' title='bbox 300 3846 494 3892; x_wconf 80' lang='lat' dir='ltr'><strong>cuncta</strong></span> <span class='ocrx_word' id='word_1_259' title='bbox 544 3849 775 3906; x_wconf 88' lang='lat' dir='ltr'><strong>mutare,</strong></span> <span class='ocrx_word' id='word_1_260' title='bbox 826 3857 988 3914; x_wconf 88' lang='lat' dir='ltr'><strong>supra</strong></span> <span class='ocrx_word' id='word_1_261' title='bbox 1049 3852 1362 3906; x_wconf 86' lang='lat' dir='ltr'><strong>memoratis</strong></span> <span class='ocrx_word' id='word_1_262' title='bbox 1410 3855 1502 3908; x_wconf 88' lang='lat' dir='ltr'><strong>tali</strong></span> <span class='ocrx_word' id='word_1_263' title='bbox 1583 3858 1895 3916; x_wconf 88' lang='lat' dir='ltr'><strong>conditione</strong></span> 
     </span>
    </p>
   </div>
   <div class='ocr_carea' id='block_1_41' title="bbox 301 3929 1894 4019">
    <p class='ocr_par' dir='ltr' id='par_1_41' title="bbox 301 3929 1894 4019">
     <span class='ocr_line' id='line_1_41' title="bbox 301 3929 1894 4019; baseline 0.019 -41"><span class='ocrx_word' id='word_1_264' title='bbox 301 3929 698 3996; x_wconf 74' lang='lat' dir='ltr'><strong>concessimus;</strong></span> <span class='ocrx_word' id='word_1_265' title='bbox 731 3941 790 3987; x_wconf 92' lang='lat' dir='ltr'><strong>ut</strong></span> <span class='ocrx_word' id='word_1_266' title='bbox 809 3936 851 3988; x_wconf 90' lang='lat' dir='ltr'><strong>si</strong></span> <span class='ocrx_word' id='word_1_267' title='bbox 880 3953 1067 3991; x_wconf 89' lang='lat' dir='ltr'><strong>eorum</strong></span> <span class='ocrx_word' id='word_1_268' title='bbox 1099 3956 1262 4009; x_wconf 65' lang='lat' dir='ltr'><strong>opera</strong></span> <span class='ocrx_word' id='word_1_269' title='bbox 1297 3945 1376 3999; x_wconf 82' lang='lat' dir='ltr'><strong>vel</strong></span> <span class='ocrx_word' id='word_1_270' title='bbox 1404 3945 1774 4019; x_wconf 88' lang='lat' dir='ltr'><strong>Iaboreturpis</strong></span> <span class='ocrx_word' id='word_1_271' title='bbox 1795 3952 1894 4007; x_wconf 84' lang='lat' dir='ltr'><strong>de-</strong></span> 
     </span>
    </p>
   </div>
   <div class='ocr_carea' id='block_1_42' title="bbox 302 4019 1890 4108">
    <p class='ocr_par' dir='ltr' id='par_1_42' title="bbox 302 4019 1890 4108">
     <span class='ocr_line' id='line_1_42' title="bbox 302 4019 1890 4108; baseline 0.016 -37"><span class='ocrx_word' id='word_1_272' title='bbox 302 4019 604 4074; x_wconf 83' lang='lat' dir='ltr'><strong>siccaretur</strong></span> <span class='ocrx_word' id='word_1_273' title='bbox 659 4023 887 4090; x_wconf 84' lang='lat' dir='ltr'><strong>illuvies,</strong></span> <span class='ocrx_word' id='word_1_274' title='bbox 939 4027 1070 4097; x_wconf 87' lang='lat' dir='ltr'><strong>ipsis</strong></span> <span class='ocrx_word' id='word_1_275' title='bbox 1121 4031 1344 4088; x_wconf 87' lang='lat' dir='ltr'><strong>liberata</strong></span> <span class='ocrx_word' id='word_1_276' title='bbox 1392 4052 1515 4090; x_wconf 91' lang='lat' dir='ltr'><strong>rura</strong></span> <span class='ocrx_word' id='word_1_277' title='bbox 1548 4039 1890 4108; x_wconf 47' lang='lat' dir='ltr'><strong>proﬁcerent.</strong></span> 
     </span>
    </p>
   </div>
   <div class='ocr_carea' id='block_1_43' title="bbox 299 4106 1893 4199">
    <p class='ocr_par' dir='ltr' id='par_1_43' title="bbox 299 4106 1893 4199">
     <span class='ocr_line' id='line_1_43' title="bbox 299 4106 1893 4199; baseline 0.017 -39"><span class='ocrx_word' id='word_1_278' title='bbox 299 4106 405 4162; x_wconf 84' lang='lat' dir='ltr'><strong>Sed</strong></span> <span class='ocrx_word' id='word_1_279' title='bbox 425 4120 688 4178; x_wconf 86' lang='lat' dir='ltr'><strong>quantum</strong></span> <span class='ocrx_word' id='word_1_280' title='bbox 718 4123 960 4170; x_wconf 90' lang='lat' dir='ltr'><strong>actorum</strong></span> <span class='ocrx_word' id='word_1_281' title='bbox 988 4121 1479 4196; x_wconf 73' lang='lat' dir='ltr'><strong>(niss.,auctorum)</strong></span> <span class='ocrx_word' id='word_1_282' title='bbox 1505 4106 1631 4198; x_wconf 76' lang='lat' dir='ltr'><strong>spei</strong></span> <span class='ocrx_word' id='word_1_283' title='bbox 1655 4129 1893 4199; x_wconf 89' lang='lat' dir='ltr'><strong>loquitur</strong></span> 
     </span>
    </p>
   </div>
   <div class='ocr_carea' id='block_1_44' title="bbox 301 4196 1889 4285">
    <p class='ocr_par' dir='ltr' id='par_1_44' title="bbox 301 4196 1889 4285">
     <span class='ocr_line' id='line_1_44' title="bbox 301 4196 1889 4285; baseline 0.019 -37"><span class='ocrx_word' id='word_1_284' title='bbox 301 4196 510 4266; x_wconf 77' lang='lat' dir='ltr'><strong>ingesta</strong></span> <span class='ocrx_word' id='word_1_285' title='bbox 542 4203 754 4271; x_wconf 85' lang='lat' dir='ltr'><strong>petitio,</strong></span> <span class='ocrx_word' id='word_1_286' title='bbox 790 4206 1007 4262; x_wconf 81' lang='lat' dir='ltr'><strong>Domitii</strong></span> <span class='ocrx_word' id='word_1_287' title='bbox 1055 4211 1152 4265; x_wconf 88' lang='lat' dir='ltr'><strong>viri</strong></span> <span class='ocrx_word' id='word_1_288' title='bbox 1201 4217 1507 4282; x_wconf 83' lang='lat' dir='ltr'><strong>spectabilis</strong></span> <span class='ocrx_word' id='word_1_289' title='bbox 1549 4196 1889 4285; x_wconf 44' lang='lat' dir='ltr'><strong>vitim—dum</strong></span> 
     </span>
    </p>
   </div>
   <div class='ocr_carea' id='block_1_45' title="bbox 300 4289 1888 4376">
    <p class='ocr_par' dir='ltr' id='par_1_45' title="bbox 300 4289 1888 4376">
     <span class='ocr_line' id='line_1_45' title="bbox 300 4289 1888 4376; baseline 0.018 -37"><span class='ocrx_word' id='word_1_290' title='bbox 300 4289 590 4346; x_wconf 84' lang='lat' dir='ltr'><strong>immemor</strong></span> <span class='ocrx_word' id='word_1_291' title='bbox 610 4293 867 4360; x_wconf 77' lang='lat' dir='ltr'><strong>jussionis</strong></span> <span class='ocrx_word' id='word_1_292' title='bbox 898 4301 1158 4355; x_wconf 84' lang='lat' dir='ltr'><strong>tenaciter</strong></span> <span class='ocrx_word' id='word_1_293' title='bbox 1179 4306 1351 4372; x_wconf 86' lang='lat' dir='ltr'><strong>parcit</strong></span> <span class='ocrx_word' id='word_1_294' title='bbox 1372 4309 1645 4376; x_wconf 76' lang='lat' dir='ltr'><strong>expensis,</strong></span> <span class='ocrx_word' id='word_1_295' title='bbox 1679 4311 1745 4365; x_wconf 89' lang='lat' dir='ltr'><strong>ad</strong></span> <span class='ocrx_word' id='word_1_296' title='bbox 1789 4313 1888 4366; x_wconf 86' lang='lat' dir='ltr'><strong>ini-</strong></span> 
     </span>
    </p>
   </div>
   <div class='ocr_carea' id='block_1_46' title="bbox 299 4378 1963 4480">
    <p class='ocr_par' dir='ltr' id='par_1_46' title="bbox 299 4378 1963 4480">
     <span class='ocr_line' id='line_1_46' title="bbox 299 4378 1963 4480; baseline 0.02 -50"><span class='ocrx_word' id='word_1_297' title='bbox 299 4378 433 4433; x_wconf 84' lang='lat' dir='ltr'><strong>tium</strong></span> <span class='ocrx_word' id='word_1_298' title='bbox 475 4393 762 4439; x_wconf 86' lang='lat' dir='ltr'><strong>revocatus</strong></span> <span class='ocrx_word' id='word_1_299' title='bbox 805 4398 888 4441; x_wconf 89' lang='lat' dir='ltr'><strong>est</strong></span> <span class='ocrx_word' id='word_1_300' title='bbox 912 4390 1062 4445; x_wconf 85' lang='lat' dir='ltr'><strong>labor</strong></span> <span class='ocrx_word' id='word_1_301' title='bbox 1104 4399 1464 4463; x_wconf 85' lang='lat' dir='ltr'><strong>operantium,</strong></span> <span class='ocrx_word' id='word_1_302' title='bbox 1519 4417 1640 4456; x_wconf 91' lang='lat' dir='ltr'><strong>cum</strong></span> <span class='ocrx_word' id='word_1_303' title='bbox 1681 4403 1792 4473; x_wconf 89' lang='lat' dir='ltr'><strong>jam</strong></span> <span class='ocrx_word' id='word_1_304' title='bbox 1832 4407 1887 4461; x_wconf 91' lang='lat' dir='ltr'><strong>in</strong></span> <span class='ocrx_word' id='word_1_305' title='bbox 1916 4423 1963 4480; x_wconf 84' lang='grc' dir='ltr'><strong><em>υ</em></strong></span> 
     </span>
    </p>
   </div>
   <div class='ocr_carea' id='block_1_47' title="bbox 302 4471 1886 4566">
    <p class='ocr_par' dir='ltr' id='par_1_47' title="bbox 302 4471 1886 4566">
     <span class='ocr_line' id='line_1_47' title="bbox 302 4471 1886 4566; baseline 0.02 -44"><span class='ocrx_word' id='word_1_306' title='bbox 302 4471 400 4524; x_wconf 79' lang='lat' dir='ltr'><strong>soli</strong></span> <span class='ocrx_word' id='word_1_307' title='bbox 457 4471 648 4529; x_wconf 89' lang='lat' dir='ltr'><strong>faciem</strong></span> <span class='ocrx_word' id='word_1_308' title='bbox 703 4480 956 4546; x_wconf 86' lang='lat' dir='ltr'><strong>paulatim</strong></span> <span class='ocrx_word' id='word_1_309' title='bbox 988 4484 1240 4541; x_wconf 77' lang='lat' dir='ltr'><strong>mollities</strong></span> <span class='ocrx_word' id='word_1_310' title='bbox 1291 4491 1493 4545; x_wconf 80' lang='lat' dir='ltr'><strong>siccata</strong></span> <span class='ocrx_word' id='word_1_311' title='bbox 1546 4494 1886 4566; x_wconf 84' lang='lat' dir='ltr'><strong>durescerct,</strong></span> 
     </span>
    </p>
   </div>
   <div class='ocr_carea' id='block_1_48' title="bbox 295 4559 1889 4646">
    <p class='ocr_par' dir='ltr' id='par_1_48' title="bbox 295 4559 1889 4646">
     <span class='ocr_line' id='line_1_48' title="bbox 295 4559 1889 4646; baseline 0.021 -36"><span class='ocrx_word' id='word_1_312' title='bbox 295 4559 639 4632; x_wconf 71' lang='lat' dir='ltr'><strong>relatamque</strong></span> <span class='ocrx_word' id='word_1_313' title='bbox 696 4566 850 4636; x_wconf 81' lang='lat' dir='ltr'><strong>longa</strong></span> <span class='ocrx_word' id='word_1_314' title='bbox 882 4576 1176 4630; x_wconf 88' lang='lat' dir='ltr'><strong>voracitate</strong></span> <span class='ocrx_word' id='word_1_315' title='bbox 1228 4579 1476 4637; x_wconf 88' lang='lat' dir='ltr'><strong>tellurem</strong></span> <span class='ocrx_word' id='word_1_316' title='bbox 1511 4562 1591 4640; x_wconf 89' lang='lat' dir='ltr'><strong>sol</strong></span> <span class='ocrx_word' id='word_1_317' title='bbox 1646 4587 1889 4646; x_wconf 89' lang='lat' dir='ltr'><strong>insuetus</strong></span> 
     </span>
    </p>
   </div>
   <div class='ocr_carea' id='block_1_49' title="bbox 295 4650 1886 4746">
    <p class='ocr_par' dir='ltr' id='par_1_49' title="bbox 295 4650 1886 4746">
     <span class='ocr_line' id='line_1_49' title="bbox 295 4650 1886 4746; baseline 0.022 -46"><span class='ocrx_word' id='word_1_318' title='bbox 295 4650 526 4708; x_wconf 75' lang='lat' dir='ltr'><strong>alllaret.</strong></span> <span class='ocrx_word' id='word_1_319' title='bbox 562 4654 718 4721; x_wconf 81' lang='lat' dir='ltr'><strong>Quod</strong></span> <span class='ocrx_word' id='word_1_320' title='bbox 743 4675 841 4714; x_wconf 89' lang='lat' dir='ltr'><strong>nos</strong></span> <span class='ocrx_word' id='word_1_321' title='bbox 858 4677 1194 4734; x_wconf 84' lang='lat' dir='ltr'><strong>nequaquam</strong></span> <span class='ocrx_word' id='word_1_322' title='bbox 1213 4670 1406 4739; x_wconf 75' lang='lat' dir='ltr'><strong>negligi</strong></span> <span class='ocrx_word' id='word_1_323' title='bbox 1430 4688 1590 4741; x_wconf 88' lang='lat' dir='ltr'><strong>posse</strong></span> <span class='ocrx_word' id='word_1_324' title='bbox 1601 4680 1886 4746; x_wconf 89' lang='lat' dir='ltr'><strong>patiemur,</strong></span> 
     </span>
    </p>
   </div>
   <div class='ocr_carea' id='block_1_50' title="bbox 292 4743 1890 4832">
    <p class='ocr_par' dir='ltr' id='par_1_50' title="bbox 292 4743 1890 4832">
     <span class='ocr_line' id='line_1_50' title="bbox 292 4743 1890 4832; baseline 0.023 -40"><span class='ocrx_word' id='word_1_325' title='bbox 292 4750 352 4793; x_wconf 86' lang='lat' dir='ltr'><strong>ut</strong></span> <span class='ocrx_word' id='word_1_326' title='bbox 375 4743 515 4800; x_wconf 85' lang='lat' dir='ltr'><strong>bene</strong></span> <span class='ocrx_word' id='word_1_327' title='bbox 553 4757 734 4818; x_wconf 72' lang='lat' dir='ltr'><strong>coepta</strong></span> <span class='ocrx_word' id='word_1_328' title='bbox 767 4751 944 4808; x_wconf 63' lang='lat' dir='ltr'><strong>invida</strong></span> <span class='ocrx_word' id='word_1_329' title='bbox 986 4757 1336 4816; x_wconf 86' lang='lat' dir='ltr'><strong>destruantur</strong></span> <span class='ocrx_word' id='word_1_330' title='bbox 1375 4743 1618 4832; x_wconf 46' lang='lat' dir='ltr'><strong>ignavia:</strong></span> <span class='ocrx_word' id='word_1_331' title='bbox 1659 4743 1890 4828; x_wconf 83' lang='lat' dir='ltr'><strong>Proinde</strong></span> 
     </span>
    </p>
   </div>
   <div class='ocr_carea' id='block_1_51' title="bbox 288 4831 1890 4917">
    <p class='ocr_par' dir='ltr' id='par_1_51' title="bbox 288 4831 1890 4917">
     <span class='ocr_line' id='line_1_51' title="bbox 288 4831 1890 4917; baseline 0.022 -33"><span class='ocrx_word' id='word_1_332' title='bbox 288 4831 514 4891; x_wconf 79' lang='lat' dir='ltr'><strong>devotio</strong></span> <span class='ocrx_word' id='word_1_333' title='bbox 543 4847 635 4892; x_wconf 90' lang='lat' dir='ltr'><strong>tua</strong></span> <span class='ocrx_word' id='word_1_334' title='bbox 687 4841 968 4909; x_wconf 72' lang='lat' dir='ltr'><strong>prmfatum</strong></span> <span class='ocrx_word' id='word_1_335' title='bbox 995 4845 1286 4906; x_wconf 89' lang='lat' dir='ltr'><strong>Domitium</strong></span> <span class='ocrx_word' id='word_1_336' title='bbox 1339 4831 1615 4913; x_wconf 83' lang='lat' dir='ltr'><strong>moderata</strong></span> <span class='ocrx_word' id='word_1_337' title='bbox 1661 4876 1890 4917; x_wconf 82' lang='lat' dir='ltr'><strong>exsecu-</strong></span> 
     </span>
    </p>
   </div>
   <div class='ocr_carea' id='block_1_52' title="bbox 289 4923 1888 5021">
    <p class='ocr_par' dir='ltr' id='par_1_52' title="bbox 289 4923 1888 5021">
     <span class='ocr_line' id='line_1_52' title="bbox 289 4923 1888 5021; baseline 0.021 -46"><span class='ocrx_word' id='word_1_338' title='bbox 289 4923 445 4980; x_wconf 87' lang='lat' dir='ltr'><strong>tione</strong></span> <span class='ocrx_word' id='word_1_339' title='bbox 469 4932 775 4996; x_wconf 84' lang='lat' dir='ltr'><strong>conveniat,</strong></span> <span class='ocrx_word' id='word_1_340' title='bbox 809 4943 868 4988; x_wconf 93' lang='lat' dir='ltr'><strong>ut</strong></span> <span class='ocrx_word' id='word_1_341' title='bbox 911 4946 1003 4991; x_wconf 86' lang='lat' dir='ltr'><strong>aut</strong></span> <span class='ocrx_word' id='word_1_342' title='bbox 1031 4949 1220 5010; x_wconf 68' lang='lat' dir='ltr'><strong>clnptzc</strong></span> <span class='ocrx_word' id='word_1_343' title='bbox 1251 4945 1328 4998; x_wconf 89' lang='lat' dir='ltr'><strong>rei</strong></span> <span class='ocrx_word' id='word_1_344' title='bbox 1366 4947 1583 5004; x_wconf 87' lang='lat' dir='ltr'><strong>sedulus</strong></span> <span class='ocrx_word' id='word_1_345' title='bbox 1633 4963 1888 5021; x_wconf 83' lang='lat' dir='ltr'><strong>operator</strong></span> 
     </span>
    </p>
   </div>
   <div class='ocr_carea' id='block_1_53' title="bbox 286 5015 1881 5104">
    <p class='ocr_par' dir='ltr' id='par_1_53' title="bbox 286 5015 1881 5104">
     <span class='ocr_line' id='line_1_53' title="bbox 286 5015 1881 5104; baseline 0.021 -36"><span class='ocrx_word' id='word_1_346' title='bbox 286 5015 593 5082; x_wconf 80' lang='lat' dir='ltr'><strong>immineat,</strong></span> <span class='ocrx_word' id='word_1_347' title='bbox 624 5033 718 5076; x_wconf 89' lang='lat' dir='ltr'><strong>aut</strong></span> <span class='ocrx_word' id='word_1_348' title='bbox 757 5026 800 5080; x_wconf 88' lang='lat' dir='ltr'><strong>si</strong></span> <span class='ocrx_word' id='word_1_349' title='bbox 825 5027 928 5082; x_wconf 85' lang='lat' dir='ltr'><strong>hoc</strong></span> <span class='ocrx_word' id='word_1_350' title='bbox 953 5030 1052 5084; x_wconf 86' lang='lat' dir='ltr'><strong>sibi</strong></span> <span class='ocrx_word' id='word_1_351' title='bbox 1085 5043 1457 5104; x_wconf 87' lang='lat' dir='ltr'><strong>sumptuosum</strong></span> <span class='ocrx_word' id='word_1_352' title='bbox 1489 5056 1608 5097; x_wconf 88' lang='lat' dir='ltr'><strong>esse</strong></span> <span class='ocrx_word' id='word_1_353' title='bbox 1635 5044 1881 5101; x_wconf 83' lang='lat' dir='ltr'><strong>credide-</strong></span> 
     </span>
    </p>
   </div>
   <div class='ocr_carea' id='block_1_54' title="bbox 287 5106 1882 5204">
    <p class='ocr_par' dir='ltr' id='par_1_54' title="bbox 287 5106 1882 5204">
     <span class='ocr_line' id='line_1_54' title="bbox 287 5106 1882 5204; baseline 0.021 -46"><span class='ocrx_word' id='word_1_354' title='bbox 287 5106 388 5173; x_wconf 86' lang='lat' dir='ltr'><strong>rit,</strong></span> <span class='ocrx_word' id='word_1_355' title='bbox 423 5113 697 5180; x_wconf 88' lang='lat' dir='ltr'><strong>propriam</strong></span> <span class='ocrx_word' id='word_1_356' title='bbox 739 5118 900 5171; x_wconf 82' lang='lat' dir='ltr'><strong>cedat</strong></span> <span class='ocrx_word' id='word_1_357' title='bbox 937 5122 1260 5190; x_wconf 83' lang='lat' dir='ltr'><strong>supplicanti</strong></span> <span class='ocrx_word' id='word_1_358' title='bbox 1295 5130 1619 5197; x_wconf 88' lang='lat' dir='ltr'><strong>portionem.</strong></span> <span class='ocrx_word' id='word_1_359' title='bbox 1653 5133 1882 5204; x_wconf 87' lang='lat' dir='ltr'><strong>Oportet</strong></span> 
     </span>
    </p>
   </div>
   <div class='ocr_carea' id='block_1_55' title="bbox 281 5197 1874 5292">
    <p class='ocr_par' dir='ltr' id='par_1_55' title="bbox 281 5197 1874 5292">
     <span class='ocr_line' id='line_1_55' title="bbox 281 5197 1874 5292; baseline 0.021 -43"><span class='ocrx_word' id='word_1_360' title='bbox 281 5197 463 5265; x_wconf 85' lang='lat' dir='ltr'><strong>enim,</strong></span> <span class='ocrx_word' id='word_1_361' title='bbox 519 5211 580 5256; x_wconf 89' lang='lat' dir='ltr'><strong>ut</strong></span> <span class='ocrx_word' id='word_1_362' title='bbox 616 5202 664 5256; x_wconf 89' lang='lat' dir='ltr'><strong>si</strong></span> <span class='ocrx_word' id='word_1_363' title='bbox 713 5203 830 5274; x_wconf 90' lang='lat' dir='ltr'><strong>ipse</strong></span> <span class='ocrx_word' id='word_1_364' title='bbox 875 5224 1041 5279; x_wconf 87' lang='lat' dir='ltr'><strong>opera</strong></span> <span class='ocrx_word' id='word_1_365' title='bbox 1084 5216 1354 5280; x_wconf 88' lang='lat' dir='ltr'><strong>postulata</strong></span> <span class='ocrx_word' id='word_1_366' title='bbox 1393 5222 1579 5290; x_wconf 88' lang='lat' dir='ltr'><strong>nequit</strong></span> <span class='ocrx_word' id='word_1_367' title='bbox 1625 5197 1874 5292; x_wconf 82' lang='lat' dir='ltr'><strong>et&#39;ticere,</strong></span> 
     </span>
    </p>
   </div>
   <div class='ocr_carea' id='block_1_56' title="bbox 286 5545 1933 5641">
    <p class='ocr_par' dir='ltr' id='par_1_56' title="bbox 286 5545 1933 5641">
     <span class='ocr_line' id='line_1_56' title="bbox 286 5545 1933 5641; baseline 0.021 -43"><span class='ocrx_word' id='word_1_368' title='bbox 286 5545 554 5641; x_wconf 50' lang='lat' dir='ltr'><strong>Eandem,</strong></span> <span class='ocrx_word' id='word_1_369' title='bbox 587 5551 667 5603; x_wconf 89' lang='lat' dir='ltr'><strong>tit.</strong></span> <span class='ocrx_word' id='word_1_370' title='bbox 691 5545 1056 5641; x_wconf 38' lang='lat' dir='ltr'><strong>‘ulthrianus</strong></span> <span class='ocrx_word' id='word_1_371' title='bbox 1078 5545 1582 5641; x_wconf 37' lang='lat' dir='ltr'><strong>iit-Epicadumlib.</strong></span> <span class='ocrx_word' id='word_1_372' title='bbox 1611 5545 1643 5633; x_wconf 43' lang='grc' dir='ltr'><strong>ιζ</strong></span> <span class='ocrx_word' id='word_1_373' title='bbox 1669 5545 1785 5641; x_wconf 47' lang='lat' dir='ltr'><strong>cap:</strong></span> <span class='ocrx_word' id='word_1_374' title='bbox 1926 5579 1933 5588; x_wconf 88' lang='grc'><em>’</em></span> 
     </span>
    </p>
   </div>
   <div class='ocr_carea' id='block_1_57' title="bbox 283 5615 1782 5709">
    <p class='ocr_par' dir='ltr' id='par_1_57' title="bbox 283 5615 1782 5709">
     <span class='ocr_line' id='line_1_57' title="bbox 283 5615 1782 5709; baseline 0.017 -37"><span class='ocrx_word' id='word_1_375' title='bbox 283 5615 364 5673; x_wconf 79' lang='lat' dir='ltr'><strong>De</strong></span> <span class='ocrx_word' id='word_1_376' title='bbox 392 5634 527 5674; x_wconf 73' lang='lat' dir='ltr'><strong>cura</strong></span> <span class='ocrx_word' id='word_1_377' title='bbox 555 5621 843 5689; x_wconf 65' lang='lat' dir='ltr'><strong>sepultura;</strong></span> <span class='ocrx_word' id='word_1_378' title='bbox 873 5630 1090 5692; x_wconf 81' lang='lat' dir='ltr'><strong>huiusce</strong></span> <span class='ocrx_word' id='word_1_379' title='bbox 1113 5615 1513 5709; x_wconf 43' lang='lat' dir='ltr'><strong>libfull).</strong></span> <span class='ocrx_word' id='word_1_380' title='bbox 1549 5615 1782 5698; x_wconf 54' lang='grc' dir='ltr'><strong>νὐέιέάρ</strong></span> 
     </span>
    </p>
   </div>
   <div class='ocr_carea' id='block_1_58' title="bbox 1594 161 2293 223">
    <p class='ocr_par' dir='ltr' id='par_1_58' title="bbox 1594 161 2293 223">
     <span class='ocr_line' id='line_1_58' title="bbox 1594 161 2293 223; baseline 0.013 -8"><span class='ocrx_word' id='word_1_381' title='bbox 1594 161 1952 220; x_wconf 69' lang='lat' dir='ltr'><strong>V&#39;AItIAIII&#39;M</strong></span> <span class='ocrx_word' id='word_1_382' title='bbox 1997 165 2193 223; x_wconf 69' lang='lat' dir='ltr'><strong>LIBER</strong></span> <span class='ocrx_word' id='word_1_383' title='bbox 2231 167 2293 223; x_wconf 91' lang='lat' dir='ltr'><strong>II.</strong></span> 
     </span>
    </p>
   </div>
   <div class='ocr_carea' id='block_1_59' title="bbox 362 262 2615 348">
    <p class='ocr_par' dir='ltr' id='par_1_59' title="bbox 362 262 2615 348">
     <span class='ocr_line' id='line_1_59' title="bbox 362 262 2615 348; baseline 0.01 -33"><span class='ocrx_word' id='word_1_384' title='bbox 362 262 634 348; x_wconf 56' lang='lat' dir='ltr'><strong>ﬁat-alitur:</strong></span> <span class='ocrx_word' id='word_1_385' title='bbox 662 279 925 348; x_wconf 36' lang='lat' dir='ltr'><strong>noueratas</strong></span> <span class='ocrx_word' id='word_1_386' title='bbox 971 268 1241 348; x_wconf 72' lang='lat' dir='ltr'><strong>invenerit,</strong></span> <span class='ocrx_word' id='word_1_387' title='bbox 1283 271 1352 324; x_wconf 78' lang='lat' dir='ltr'><strong>ad</strong></span> <span class='ocrx_word' id='word_1_388' title='bbox 1395 270 1658 343; x_wconf 81' lang='lat' dir='ltr'><strong>Liguriam</strong></span> <span class='ocrx_word' id='word_1_389' title='bbox 1711 275 1886 340; x_wconf 68' lang='lat' dir='ltr'><strong>inania</strong></span> <span class='ocrx_word' id='word_1_390' title='bbox 1919 296 1958 345; x_wconf 72' lang='grc' dir='ltr'><strong>Α</strong></span> <span class='ocrx_word' id='word_1_391' title='bbox 1991 289 2295 334; x_wconf 78' lang='lat' dir='ltr'><strong>consortem</strong></span> <span class='ocrx_word' id='word_1_392' title='bbox 2349 281 2615 348; x_wconf 81' lang='lat' dir='ltr'><strong>bcnclicii,</strong></span> 
     </span>
    </p>
   </div>
   <div class='ocr_carea' id='block_1_60' title="bbox 3465 171 3570 234">
    <p class='ocr_par' dir='ltr' id='par_1_60' title="bbox 3465 171 3570 234">
     <span class='ocr_line' id='line_1_60' title="bbox 3465 171 3570 234; baseline 0 0"><span class='ocrx_word' id='word_1_393' title='bbox 3465 171 3570 234; x_wconf 70' lang='lat'><strong>558</strong></span> 
     </span>
    </p>
   </div>
   <div class='ocr_carea' id='block_1_61' title="bbox 2669 285 3576 360">
    <p class='ocr_par' dir='ltr' id='par_1_61' title="bbox 2669 285 3576 360">
     <span class='ocr_line' id='line_1_61' title="bbox 2669 285 3576 360; baseline 0.008 -22"><span class='ocrx_word' id='word_1_394' title='bbox 2669 285 2894 354; x_wconf 76' lang='lat' dir='ltr'><strong>gloriam</strong></span> <span class='ocrx_word' id='word_1_395' title='bbox 2923 288 3092 342; x_wconf 83' lang='lat' dir='ltr'><strong>nostri</strong></span> <span class='ocrx_word' id='word_1_396' title='bbox 3143 287 3399 360; x_wconf 88' lang='lat' dir='ltr'><strong>temporis</strong></span> <span class='ocrx_word' id='word_1_397' title='bbox 3444 303 3576 360; x_wconf 68' lang='lat' dir='ltr'><strong>per-</strong></span> 
     </span>
    </p>
   </div>
   <div class='ocr_carea' id='block_1_62' title="bbox 1995 371 2440 442">
    <p class='ocr_par' dir='ltr' id='par_1_62' title="bbox 1995 371 2440 442">
     <span class='ocr_line' id='line_1_62' title="bbox 1995 371 2440 442; baseline 0.011 -19"><span class='ocrx_word' id='word_1_398' title='bbox 1995 371 2171 424; x_wconf 82' lang='lat' dir='ltr'><strong>mittat</strong></span> <span class='ocrx_word' id='word_1_399' title='bbox 2197 372 2440 442; x_wconf 75' lang='lat' dir='ltr'><strong>implere.</strong></span> 
     </span>
    </p>
   </div>
   <div class='ocr_carea' id='block_1_63' title="bbox 2517 487 3047 544">
    <p class='ocr_par' dir='ltr' id='par_1_63' title="bbox 2517 487 3047 544">
     <span class='ocr_line' id='line_1_63' title="bbox 2517 487 3047 544; baseline 0.008 -4"><span class='ocrx_word' id='word_1_400' title='bbox 2517 487 2847 544; x_wconf 82' lang='lat' dir='ltr'><strong>EPISTOLA</strong></span> <span class='ocrx_word' id='word_1_401' title='bbox 2883 489 3047 544; x_wconf 80' lang='lat' dir='ltr'><strong>XXII.</strong></span> 
     </span>
    </p>
   </div>
   <div class='ocr_carea' id='block_1_64' title="bbox 2063 559 3504 638">
    <p class='ocr_par' dir='ltr' id='par_1_64' title="bbox 2063 559 3504 638">
     <span class='ocr_line' id='line_1_64' title="bbox 2063 559 3504 638; baseline 0.005 -8"><span class='ocrx_word' id='word_1_402' title='bbox 2063 593 2232 632; x_wconf 77' lang='lat' dir='ltr'><strong>FES&#39;I&#39;O</strong></span> <span class='ocrx_word' id='word_1_403' title='bbox 2259 593 2381 633; x_wconf 69' lang='grc' dir='ltr'><strong>νιῐιο</strong></span> <span class='ocrx_word' id='word_1_404' title='bbox 2411 559 2652 636; x_wconf 39' lang='grc' dir='ltr'><strong>ιἰιυδτιιι</strong></span> <span class='ocrx_word' id='word_1_405' title='bbox 2693 599 2938 638; x_wconf 74' lang='lat' dir='ltr'><strong>PATRICIO</strong></span> <span class='ocrx_word' id='word_1_406' title='bbox 2975 595 3337 638; x_wconf 75' lang='lat' dir='ltr'><strong>TIIEODORICUS</strong></span> <span class='ocrx_word' id='word_1_407' title='bbox 3377 595 3504 637; x_wconf 71' lang='lat' dir='ltr'><strong>REX.</strong></span> 
     </span>
    </p>
   </div>
   <div class='ocr_carea' id='block_1_65' title="bbox 1997 665 3576 744">
    <p class='ocr_par' dir='ltr' id='par_1_65' title="bbox 1997 665 3576 744">
     <span class='ocr_line' id='line_1_65' title="bbox 1997 665 3576 744; baseline 0.006 -25"><span class='ocrx_word' id='word_1_408' title='bbox 1997 665 2240 738; x_wconf 81' lang='lat' dir='ltr'><strong>Prwcipit</strong></span> <span class='ocrx_word' id='word_1_409' title='bbox 2267 677 2322 722; x_wconf 82' lang='lat' dir='ltr'><strong>at</strong></span> <span class='ocrx_word' id='word_1_410' title='bbox 2345 667 2544 744; x_wconf 71' lang='lat' dir='ltr'><strong>Ecdicii</strong></span> <span class='ocrx_word' id='word_1_411' title='bbox 2566 673 2708 744; x_wconf 74' lang='lat' dir='ltr'><strong>ﬁlios</strong></span> <span class='ocrx_word' id='word_1_412' title='bbox 2730 690 2794 727; x_wconf 75' lang='lat' dir='ltr'><strong>ex</strong></span> <span class='ocrx_word' id='word_1_413' title='bbox 2829 672 2963 726; x_wconf 82' lang='lat' dir='ltr'><strong>Urbe</strong></span> <span class='ocrx_word' id='word_1_414' title='bbox 2991 676 3061 726; x_wconf 85' lang='lat' dir='ltr'><strong>ad</strong></span> <span class='ocrx_word' id='word_1_415' title='bbox 3090 674 3314 744; x_wconf 83' lang='lat' dir='ltr'><strong>patriam</strong></span> <span class='ocrx_word' id='word_1_416' title='bbox 3329 673 3576 744; x_wconf 68' lang='lat' dir='ltr'><strong>genitori:</strong></span> 
     </span>
    </p>
   </div>
   <div class='ocr_carea' id='block_1_66' title="bbox 2311 741 3246 814">
    <p class='ocr_par' dir='ltr' id='par_1_66' title="bbox 2311 741 3246 814">
     <span class='ocr_line' id='line_1_66' title="bbox 2311 741 3246 814; baseline 0.004 -22"><span class='ocrx_word' id='word_1_417' title='bbox 2311 741 2590 810; x_wconf 73' lang='lat' dir='ltr'><strong>sepeliendi</strong></span> <span class='ocrx_word' id='word_1_418' title='bbox 2619 759 2778 798; x_wconf 75' lang='lat' dir='ltr'><strong>causa</strong></span> <span class='ocrx_word' id='word_1_419' title='bbox 2800 757 3028 796; x_wconf 85' lang='lat' dir='ltr'><strong>remeare</strong></span> <span class='ocrx_word' id='word_1_420' title='bbox 3047 741 3246 814; x_wconf 74' lang='lat' dir='ltr'><strong>jubeat.</strong></span> 
     </span>
    </p>
   </div>
   <div class='ocr_carea' id='block_1_67' title="bbox 2069 825 3580 906">
    <p class='ocr_par' dir='ltr' id='par_1_67' title="bbox 2069 825 3580 906">
     <span class='ocr_line' id='line_1_67' title="bbox 2069 825 3580 906; baseline 0.007 -26"><span class='ocrx_word' id='word_1_421' title='bbox 2069 825 2304 897; x_wconf 66' lang='lat' dir='ltr'><strong>Equum</strong></span> <span class='ocrx_word' id='word_1_422' title='bbox 2319 839 2404 884; x_wconf 88' lang='lat' dir='ltr'><strong>est</strong></span> <span class='ocrx_word' id='word_1_423' title='bbox 2432 839 2491 884; x_wconf 90' lang='lat' dir='ltr'><strong>ut</strong></span> <span class='ocrx_word' id='word_1_424' title='bbox 2506 833 2814 889; x_wconf 89' lang='lat' dir='ltr'><strong>commodet</strong></span> <span class='ocrx_word' id='word_1_425' title='bbox 2841 849 2902 890; x_wconf 89' lang='lat' dir='ltr'><strong>se</strong></span> <span class='ocrx_word' id='word_1_426' title='bbox 2918 836 3111 904; x_wconf 82' lang='lat' dir='ltr'><strong>regalis</strong></span> <span class='ocrx_word' id='word_1_427' title='bbox 3127 837 3301 906; x_wconf 86' lang='lat' dir='ltr'><strong>pietas</strong></span> <span class='ocrx_word' id='word_1_428' title='bbox 3315 845 3339 873; x_wconf 86' lang='grc'><strong>¹¹</strong></span> <span class='ocrx_word' id='word_1_429' title='bbox 3356 835 3450 892; x_wconf 87' lang='lat' dir='ltr'><strong>fati</strong></span> <span class='ocrx_word' id='word_1_430' title='bbox 3465 837 3580 892; x_wconf 82' lang='lat' dir='ltr'><strong>vul-</strong></span> 
     </span>
    </p>
   </div>
   <div class='ocr_carea' id='block_1_68' title="bbox 1991 920 3578 998">
    <p class='ocr_par' dir='ltr' id='par_1_68' title="bbox 1991 920 3578 998">
     <span class='ocr_line' id='line_1_68' title="bbox 1991 920 3578 998; baseline 0.008 -27"><span class='ocrx_word' id='word_1_431' title='bbox 1991 933 2120 972; x_wconf 89' lang='lat' dir='ltr'><strong>nere</strong></span> <span class='ocrx_word' id='word_1_432' title='bbox 2151 920 2404 977; x_wconf 89' lang='lat' dir='ltr'><strong>sauciatis</strong></span> <span class='ocrx_word' id='word_1_433' title='bbox 2429 938 2442 972; x_wconf 89' lang='lat'><strong>:</strong></span> <span class='ocrx_word' id='word_1_434' title='bbox 2471 922 2595 990; x_wconf 87' lang='lat' dir='ltr'><strong>quia</strong></span> <span class='ocrx_word' id='word_1_435' title='bbox 2623 923 2754 992; x_wconf 81' lang='lat' dir='ltr'><strong>erigi</strong></span> <span class='ocrx_word' id='word_1_436' title='bbox 2779 924 2898 994; x_wconf 91' lang='lat' dir='ltr'><strong>plus</strong></span> <span class='ocrx_word' id='word_1_437' title='bbox 2919 937 3214 994; x_wconf 90' lang='lat' dir='ltr'><strong>merentur,</strong></span> <span class='ocrx_word' id='word_1_438' title='bbox 3247 941 3384 998; x_wconf 90' lang='lat' dir='ltr'><strong>quos</strong></span> <span class='ocrx_word' id='word_1_439' title='bbox 3411 929 3578 984; x_wconf 81' lang='lat' dir='ltr'><strong>sortis</strong></span> 
     </span>
    </p>
   </div>
   <div class='ocr_carea' id='block_1_69' title="bbox 1991 1009 3576 1086">
    <p class='ocr_par' dir='ltr' id='par_1_69' title="bbox 1991 1009 3576 1086">
     <span class='ocr_line' id='line_1_69' title="bbox 1991 1009 3576 1086; baseline 0.007 -25"><span class='ocrx_word' id='word_1_440' title='bbox 1991 1023 2102 1062; x_wconf 72' lang='lat' dir='ltr'><strong>sua:</strong></span> <span class='ocrx_word' id='word_1_441' title='bbox 2150 1009 2374 1065; x_wconf 90' lang='lat' dir='ltr'><strong>adversa</strong></span> <span class='ocrx_word' id='word_1_442' title='bbox 2420 1021 2754 1081; x_wconf 89' lang='lat' dir='ltr'><strong>presserunt.</strong></span> <span class='ocrx_word' id='word_1_443' title='bbox 2801 1016 2975 1086; x_wconf 83' lang='lat' dir='ltr'><strong>Atque</strong></span> <span class='ocrx_word' id='word_1_444' title='bbox 3003 1016 3125 1073; x_wconf 83' lang='lat' dir='ltr'><strong>ideo</strong></span> <span class='ocrx_word' id='word_1_445' title='bbox 3166 1011 3576 1086; x_wconf 56' lang='lat' dir='ltr'><strong>magnificentia!</strong></span> 
     </span>
    </p>
   </div>
   <div class='ocr_carea' id='block_1_70' title="bbox 1995 1102 3572 1176">
    <p class='ocr_par' dir='ltr' id='par_1_70' title="bbox 1995 1102 3572 1176">
     <span class='ocr_line' id='line_1_70' title="bbox 1995 1102 3572 1176; baseline 0.009 -24"><span class='ocrx_word' id='word_1_446' title='bbox 1995 1109 2098 1154; x_wconf 70' lang='lat' dir='ltr'><strong>tum</strong></span> <span class='ocrx_word' id='word_1_447' title='bbox 2126 1102 2373 1170; x_wconf 63' lang='lat' dir='ltr'><strong>praesenti</strong></span> <span class='ocrx_word' id='word_1_448' title='bbox 2399 1104 2723 1160; x_wconf 88' lang='lat' dir='ltr'><strong>auctoritate</strong></span> <span class='ocrx_word' id='word_1_449' title='bbox 2744 1105 3103 1176; x_wconf 88' lang='lat' dir='ltr'><strong>declaramus,</strong></span> <span class='ocrx_word' id='word_1_450' title='bbox 3119 1117 3177 1163; x_wconf 92' lang='lat' dir='ltr'><strong>ut</strong></span> <span class='ocrx_word' id='word_1_451' title='bbox 3192 1108 3392 1165; x_wconf 91' lang='lat' dir='ltr'><strong>Ecdicii</strong></span> <span class='ocrx_word' id='word_1_452' title='bbox 3417 1109 3572 1175; x_wconf 87' lang='lat' dir='ltr'><strong>Iilios,</strong></span> 
     </span>
    </p>
   </div>
   <div class='ocr_carea' id='block_1_71' title="bbox 1991 1191 3574 1273">
    <p class='ocr_par' dir='ltr' id='par_1_71' title="bbox 1991 1191 3574 1273">
     <span class='ocr_line' id='line_1_71' title="bbox 1991 1191 3574 1273; baseline 0.009 -31"><span class='ocrx_word' id='word_1_453' title='bbox 1991 1206 2127 1260; x_wconf 87' lang='lat' dir='ltr'><strong>quos</strong></span> <span class='ocrx_word' id='word_1_454' title='bbox 2152 1193 2204 1246; x_wconf 92' lang='lat' dir='ltr'><strong>iu</strong></span> <span class='ocrx_word' id='word_1_455' title='bbox 2233 1191 2376 1248; x_wconf 91' lang='lat' dir='ltr'><strong>Urbe</strong></span> <span class='ocrx_word' id='word_1_456' title='bbox 2395 1194 2640 1264; x_wconf 90' lang='lat' dir='ltr'><strong>primitus</strong></span> <span class='ocrx_word' id='word_1_457' title='bbox 2662 1197 2898 1254; x_wconf 88' lang='lat' dir='ltr'><strong>residere</strong></span> <span class='ocrx_word' id='word_1_458' title='bbox 2919 1200 3242 1268; x_wconf 87' lang='lat' dir='ltr'><strong>censuimus,</strong></span> <span class='ocrx_word' id='word_1_459' title='bbox 3265 1201 3333 1256; x_wconf 91' lang='lat' dir='ltr'><strong>ad</strong></span> <span class='ocrx_word' id='word_1_460' title='bbox 3347 1201 3574 1273; x_wconf 90' lang='lat' dir='ltr'><strong>patriam</strong></span> 
     </span>
    </p>
   </div>
   <div class='ocr_carea' id='block_1_72' title="bbox 1991 1283 3577 1362">
    <p class='ocr_par' dir='ltr' id='par_1_72' title="bbox 1991 1283 3577 1362">
     <span class='ocr_line' id='line_1_72' title="bbox 1991 1283 3577 1362; baseline 0.01 -28"><span class='ocrx_word' id='word_1_461' title='bbox 1991 1295 2112 1334; x_wconf 81' lang='lat' dir='ltr'><strong>cuin</strong></span> <span class='ocrx_word' id='word_1_462' title='bbox 2133 1283 2392 1351; x_wconf 79' lang='lat' dir='ltr'><strong>genitoris</strong></span> <span class='ocrx_word' id='word_1_463' title='bbox 2419 1286 2500 1339; x_wconf 91' lang='lat' dir='ltr'><strong>sui</strong></span> <span class='ocrx_word' id='word_1_464' title='bbox 2530 1283 2736 1352; x_wconf 85' lang='lat' dir='ltr'><strong>funere,</strong></span> <span class='ocrx_word' id='word_1_465' title='bbox 2771 1291 2954 1346; x_wconf 89' lang='lat' dir='ltr'><strong>votivo</strong></span> <span class='ocrx_word' id='word_1_466' title='bbox 2987 1292 3204 1362; x_wconf 87' lang='lat' dir='ltr'><strong>quidem</strong></span> <span class='ocrx_word' id='word_1_467' title='bbox 3240 1293 3450 1358; x_wconf 84' lang='lat' dir='ltr'><strong>reditu,</strong></span> <span class='ocrx_word' id='word_1_468' title='bbox 3478 1295 3577 1350; x_wconf 86' lang='lat' dir='ltr'><strong>sed</strong></span> 
     </span>
    </p>
   </div>
   <div class='ocr_carea' id='block_1_73' title="bbox 1991 1371 3575 1446">
    <p class='ocr_par' dir='ltr' id='par_1_73' title="bbox 1991 1371 3575 1446">
     <span class='ocr_line' id='line_1_73' title="bbox 1991 1371 3575 1446; baseline 0.011 -24"><span class='ocrx_word' id='word_1_469' title='bbox 1991 1371 2185 1424; x_wconf 68' lang='lat' dir='ltr'><strong>acerbo</strong></span> <span class='ocrx_word' id='word_1_470' title='bbox 2207 1386 2332 1426; x_wconf 89' lang='lat' dir='ltr'><strong>casu</strong></span> <span class='ocrx_word' id='word_1_471' title='bbox 2358 1415 2372 1438; x_wconf 93' lang='lat'><strong>,</strong></span> <span class='ocrx_word' id='word_1_472' title='bbox 2405 1390 2650 1432; x_wconf 89' lang='lat' dir='ltr'><strong>remeare</strong></span> <span class='ocrx_word' id='word_1_473' title='bbox 2671 1378 2939 1446; x_wconf 90' lang='lat' dir='ltr'><strong>jubeatis:</strong></span> <span class='ocrx_word' id='word_1_474' title='bbox 2971 1396 3039 1435; x_wconf 90' lang='lat' dir='ltr'><strong>ne</strong></span> <span class='ocrx_word' id='word_1_475' title='bbox 3068 1396 3254 1437; x_wconf 90' lang='lat' dir='ltr'><strong>eorum</strong></span> <span class='ocrx_word' id='word_1_476' title='bbox 3293 1382 3575 1439; x_wconf 84' lang='lat' dir='ltr'><strong>desideriis</strong></span> 
     </span>
    </p>
   </div>
   <div class='ocr_carea' id='block_1_74' title="bbox 1991 1461 3574 1544">
    <p class='ocr_par' dir='ltr' id='par_1_74' title="bbox 1991 1461 3574 1544">
     <span class='ocr_line' id='line_1_74' title="bbox 1991 1461 3574 1544; baseline 0.01 -32"><span class='ocrx_word' id='word_1_477' title='bbox 1991 1461 2498 1529; x_wconf 82' lang='lat' dir='ltr'><strong>abnegatis,vulnus</strong></span> <span class='ocrx_word' id='word_1_478' title='bbox 2527 1469 2830 1535; x_wconf 79' lang='lat' dir='ltr'><strong>geminctur</strong></span> <span class='ocrx_word' id='word_1_479' title='bbox 2859 1470 3131 1538; x_wconf 59' lang='lat' dir='ltr'><strong>afﬂictis”;</strong></span> <span class='ocrx_word' id='word_1_480' title='bbox 3158 1481 3232 1538; x_wconf 89' lang='lat' dir='ltr'><strong>et,</strong></span> <span class='ocrx_word' id='word_1_481' title='bbox 3259 1475 3402 1544; x_wconf 87' lang='lat' dir='ltr'><strong>quod</strong></span> <span class='ocrx_word' id='word_1_482' title='bbox 3423 1473 3574 1530; x_wconf 87' lang='lat' dir='ltr'><strong>nefas</strong></span> 
     </span>
    </p>
   </div>
   <div class='ocr_carea' id='block_1_75' title="bbox 1989 1551 3573 1635">
    <p class='ocr_par' dir='ltr' id='par_1_75' title="bbox 1989 1551 3573 1635">
     <span class='ocr_line' id='line_1_75' title="bbox 1989 1551 3573 1635; baseline 0.012 -33"><span class='ocrx_word' id='word_1_483' title='bbox 1989 1551 2138 1605; x_wconf 88' lang='lat' dir='ltr'><strong>dictu</strong></span> <span class='ocrx_word' id='word_1_484' title='bbox 2167 1562 2267 1615; x_wconf 90' lang='lat' dir='ltr'><strong>est,</strong></span> <span class='ocrx_word' id='word_1_485' title='bbox 2298 1555 2390 1623; x_wconf 90' lang='lat' dir='ltr'><strong>qui</strong></span> <span class='ocrx_word' id='word_1_486' title='bbox 2421 1555 2668 1612; x_wconf 89' lang='lat' dir='ltr'><strong>dolorum</strong></span> <span class='ocrx_word' id='word_1_487' title='bbox 2698 1559 2878 1614; x_wconf 88' lang='lat' dir='ltr'><strong>nubila</strong></span> <span class='ocrx_word' id='word_1_488' title='bbox 2911 1572 3092 1617; x_wconf 89' lang='lat' dir='ltr'><strong>nostra</strong></span> <span class='ocrx_word' id='word_1_489' title='bbox 3117 1579 3331 1635; x_wconf 87' lang='lat' dir='ltr'><strong>semper</strong></span> <span class='ocrx_word' id='word_1_490' title='bbox 3368 1567 3573 1620; x_wconf 84' lang='lat' dir='ltr'><strong>sereni-</strong></span> 
     </span>
    </p>
   </div>
   <div class='ocr_carea' id='block_1_76' title="bbox 1919 1643 3574 1731">
    <p class='ocr_par' dir='ltr' id='par_1_76' title="bbox 1919 1643 3574 1731">
     <span class='ocr_line' id='line_1_76' title="bbox 1919 1643 3574 1731; baseline 0.012 -38"><span class='ocrx_word' id='word_1_491' title='bbox 1919 1673 1964 1731; x_wconf 69' lang='grc' dir='ltr'><strong>Β</strong></span> <span class='ocrx_word' id='word_1_492' title='bbox 1993 1651 2102 1697; x_wconf 78' lang='lat' dir='ltr'><strong>tate</strong></span> <span class='ocrx_word' id='word_1_493' title='bbox 2124 1643 2470 1713; x_wconf 79' lang='lat' dir='ltr'><strong>detergiinus,</strong></span> <span class='ocrx_word' id='word_1_494' title='bbox 2501 1665 2644 1706; x_wconf 92' lang='lat' dir='ltr'><strong>nunc</strong></span> <span class='ocrx_word' id='word_1_495' title='bbox 2665 1653 2872 1709; x_wconf 88' lang='lat' dir='ltr'><strong>miseris</strong></span> <span class='ocrx_word' id='word_1_496' title='bbox 2895 1654 3009 1724; x_wconf 88' lang='lat' dir='ltr'><strong>pias</strong></span> <span class='ocrx_word' id='word_1_497' title='bbox 3034 1655 3574 1727; x_wconf 78' lang='lat' dir='ltr'><strong>Iacrymasdenegare</strong></span> 
     </span>
    </p>
   </div>
   <div class='ocr_carea' id='block_1_77' title="bbox 1994 1737 3573 1818">
    <p class='ocr_par' dir='ltr' id='par_1_77' title="bbox 1994 1737 3573 1818">
     <span class='ocr_line' id='line_1_77' title="bbox 1994 1737 3573 1818; baseline 0.013 -34"><span class='ocrx_word' id='word_1_498' title='bbox 1994 1737 2290 1792; x_wconf 76' lang='lat' dir='ltr'><strong>videamur.</strong></span> <span class='ocrx_word' id='word_1_499' title='bbox 2322 1737 2642 1796; x_wconf 89' lang='lat' dir='ltr'><strong>Insatiabilis</strong></span> <span class='ocrx_word' id='word_1_500' title='bbox 2657 1745 2856 1815; x_wconf 90' lang='lat' dir='ltr'><strong>quippe</strong></span> <span class='ocrx_word' id='word_1_501' title='bbox 2877 1746 3032 1803; x_wconf 85' lang='lat' dir='ltr'><strong>ﬂetus</strong></span> <span class='ocrx_word' id='word_1_502' title='bbox 3051 1756 3155 1816; x_wconf 88' lang='lat' dir='ltr'><strong>est,</strong></span> <span class='ocrx_word' id='word_1_503' title='bbox 3179 1749 3267 1818; x_wconf 93' lang='lat' dir='ltr'><strong>qui</strong></span> <span class='ocrx_word' id='word_1_504' title='bbox 3291 1749 3573 1805; x_wconf 82' lang='lat' dir='ltr'><strong>humandis</strong></span> 
     </span>
    </p>
   </div>
   <div class='ocr_carea' id='block_1_78' title="bbox 1993 1827 3572 1908">
    <p class='ocr_par' dir='ltr' id='par_1_78' title="bbox 1993 1827 3572 1908">
     <span class='ocr_line' id='line_1_78' title="bbox 1993 1827 3572 1908; baseline 0.011 -31"><span class='ocrx_word' id='word_1_505' title='bbox 1993 1840 2102 1878; x_wconf 94' lang='lat' dir='ltr'><strong>non</strong></span> <span class='ocrx_word' id='word_1_506' title='bbox 2131 1827 2326 1880; x_wconf 90' lang='lat' dir='ltr'><strong>sinitur</strong></span> <span class='ocrx_word' id='word_1_507' title='bbox 2355 1831 2674 1898; x_wconf 90' lang='lat' dir='ltr'><strong>corporibus</strong></span> <span class='ocrx_word' id='word_1_508' title='bbox 2729 1833 3028 1890; x_wconf 90' lang='lat' dir='ltr'><strong>interesse:</strong></span> <span class='ocrx_word' id='word_1_509' title='bbox 3066 1835 3190 1890; x_wconf 86' lang='lat' dir='ltr'><strong>dum</strong></span> <span class='ocrx_word' id='word_1_510' title='bbox 3244 1853 3457 1908; x_wconf 89' lang='lat' dir='ltr'><strong>semper</strong></span> <span class='ocrx_word' id='word_1_511' title='bbox 3509 1854 3572 1894; x_wconf 86' lang='lat' dir='ltr'><strong>se</strong></span> 
     </span>
    </p>
   </div>
   <div class='ocr_carea' id='block_1_79' title="bbox 1991 1917 3570 1997">
    <p class='ocr_par' dir='ltr' id='par_1_79' title="bbox 1991 1917 3570 1997">
     <span class='ocr_line' id='line_1_79' title="bbox 1991 1917 3570 1997; baseline 0.009 -28"><span class='ocrx_word' id='word_1_512' title='bbox 1991 1931 2142 1970; x_wconf 90' lang='lat' dir='ltr'><strong>reum</strong></span> <span class='ocrx_word' id='word_1_513' title='bbox 2169 1917 2398 1986; x_wconf 86' lang='lat' dir='ltr'><strong>judicat,</strong></span> <span class='ocrx_word' id='word_1_514' title='bbox 2420 1921 2511 1989; x_wconf 87' lang='lat' dir='ltr'><strong>qui</strong></span> <span class='ocrx_word' id='word_1_515' title='bbox 2531 1922 2802 1979; x_wconf 90' lang='lat' dir='ltr'><strong>cineribus</strong></span> <span class='ocrx_word' id='word_1_516' title='bbox 2825 1923 2969 1992; x_wconf 88' lang='lat' dir='ltr'><strong>justa</strong></span> <span class='ocrx_word' id='word_1_517' title='bbox 3004 1942 3110 1981; x_wconf 90' lang='lat' dir='ltr'><strong>non</strong></span> <span class='ocrx_word' id='word_1_518' title='bbox 3149 1936 3384 1997; x_wconf 72' lang='lat' dir='ltr'><strong>prtestat.</strong></span> <span class='ocrx_word' id='word_1_519' title='bbox 3419 1927 3570 1983; x_wconf 84' lang='lat' dir='ltr'><strong>Pria-</strong></span> 
     </span>
    </p>
   </div>
   <div class='ocr_carea' id='block_1_80' title="bbox 1991 2011 3569 2082">
    <p class='ocr_par' dir='ltr' id='par_1_80' title="bbox 1991 2011 3569 2082">
     <span class='ocr_line' id='line_1_80' title="bbox 1991 2011 3569 2082; baseline 0.008 -24"><span class='ocrx_word' id='word_1_520' title='bbox 1991 2021 2112 2060; x_wconf 89' lang='lat' dir='ltr'><strong>mus</strong></span> <span class='ocrx_word' id='word_1_521' title='bbox 2130 2017 2332 2075; x_wconf 89' lang='lat' dir='ltr'><strong>quanto</strong></span> <span class='ocrx_word' id='word_1_522' title='bbox 2357 2011 2533 2078; x_wconf 88' lang='lat' dir='ltr'><strong>pretio</strong></span> <span class='ocrx_word' id='word_1_523' title='bbox 2561 2013 2927 2082; x_wconf 90' lang='lat' dir='ltr'><strong>sepeliendum</strong></span> <span class='ocrx_word' id='word_1_524' title='bbox 2967 2013 3254 2072; x_wconf 79' lang='lat' dir='ltr'><strong>Hectorem</strong></span> <span class='ocrx_word' id='word_1_525' title='bbox 3299 2017 3569 2073; x_wconf 82' lang='lat' dir='ltr'><strong>redemit?</strong></span> 
     </span>
    </p>
   </div>
   <div class='ocr_carea' id='block_1_81' title="bbox 1993 2097 3568 2180">
    <p class='ocr_par' dir='ltr' id='par_1_81' title="bbox 1993 2097 3568 2180">
     <span class='ocr_line' id='line_1_81' title="bbox 1993 2097 3568 2180; baseline 0.008 -28"><span class='ocrx_word' id='word_1_526' title='bbox 1993 2097 2220 2168; x_wconf 73' lang='lat' dir='ltr'><strong>Rogavit</strong></span> <span class='ocrx_word' id='word_1_527' title='bbox 2265 2099 2562 2167; x_wconf 90' lang='lat' dir='ltr'><strong>furentem,</strong></span> <span class='ocrx_word' id='word_1_528' title='bbox 2620 2105 2942 2174; x_wconf 88' lang='lat' dir='ltr'><strong>supplicavit</strong></span> <span class='ocrx_word' id='word_1_529' title='bbox 2985 2117 3221 2176; x_wconf 89' lang='lat' dir='ltr'><strong>armato,</strong></span> <span class='ocrx_word' id='word_1_530' title='bbox 3292 2110 3568 2180; x_wconf 87' lang='lat' dir='ltr'><strong>vitamque</strong></span> 
     </span>
    </p>
   </div>
   <div class='ocr_carea' id='block_1_82' title="bbox 1990 2192 3564 2270">
    <p class='ocr_par' dir='ltr' id='par_1_82' title="bbox 1990 2192 3564 2270">
     <span class='ocr_line' id='line_1_82' title="bbox 1990 2192 3564 2270; baseline 0.01 -30"><span class='ocrx_word' id='word_1_531' title='bbox 1990 2203 2141 2241; x_wconf 91' lang='lat' dir='ltr'><strong>suam</strong></span> <span class='ocrx_word' id='word_1_532' title='bbox 2163 2203 2436 2258; x_wconf 82' lang='lat' dir='ltr'><strong>exponere</strong></span> <span class='ocrx_word' id='word_1_533' title='bbox 2457 2192 2660 2262; x_wconf 88' lang='lat' dir='ltr'><strong>maluit,</strong></span> <span class='ocrx_word' id='word_1_534' title='bbox 2692 2205 2749 2250; x_wconf 90' lang='lat' dir='ltr'><strong>ut</strong></span> <span class='ocrx_word' id='word_1_535' title='bbox 2771 2197 3020 2252; x_wconf 83' lang='lat' dir='ltr'><strong>cadaveri</strong></span> <span class='ocrx_word' id='word_1_536' title='bbox 3047 2199 3226 2254; x_wconf 58' lang='lat' dir='ltr'><strong>debtta</strong></span> <span class='ocrx_word' id='word_1_537' title='bbox 3254 2217 3360 2255; x_wconf 91' lang='lat' dir='ltr'><strong>non</strong></span> <span class='ocrx_word' id='word_1_538' title='bbox 3393 2215 3564 2270; x_wconf 81' lang='lat' dir='ltr'><strong>nega-</strong></span> 
     </span>
    </p>
   </div>
   <div class='ocr_carea' id='block_1_83' title="bbox 1990 2279 3568 2358">
    <p class='ocr_par' dir='ltr' id='par_1_83' title="bbox 1990 2279 3568 2358">
     <span class='ocr_line' id='line_1_83' title="bbox 1990 2279 3568 2358; baseline 0.011 -24"><span class='ocrx_word' id='word_1_539' title='bbox 1990 2289 2092 2334; x_wconf 84' lang='lat' dir='ltr'><strong>ret.</strong></span> <span class='ocrx_word' id='word_1_540' title='bbox 2136 2279 2203 2335; x_wconf 86' lang='lat' dir='ltr'><strong>Et</strong></span> <span class='ocrx_word' id='word_1_541' title='bbox 2249 2285 2505 2351; x_wconf 88' lang='lat' dir='ltr'><strong>quoniam</strong></span> <span class='ocrx_word' id='word_1_542' title='bbox 2554 2286 2606 2340; x_wconf 92' lang='lat' dir='ltr'><strong>in</strong></span> <span class='ocrx_word' id='word_1_543' title='bbox 2637 2287 2717 2341; x_wconf 90' lang='lat' dir='ltr'><strong>his</strong></span> <span class='ocrx_word' id='word_1_544' title='bbox 2747 2291 2990 2358; x_wconf 86' lang='lat' dir='ltr'><strong>personis</strong></span> <span class='ocrx_word' id='word_1_545' title='bbox 3017 2301 3202 2348; x_wconf 70' lang='lat' dir='ltr'><strong>mutua</strong></span> <span class='ocrx_word' id='word_1_546' title='bbox 3241 2302 3365 2348; x_wconf 91' lang='lat' dir='ltr'><strong>sunt</strong></span> <span class='ocrx_word' id='word_1_547' title='bbox 3392 2296 3568 2351; x_wconf 82' lang='lat' dir='ltr'><strong>ollleia</strong></span> 
     </span>
    </p>
   </div>
   <div class='ocr_carea' id='block_1_84' title="bbox 1996 2374 3571 2453">
    <p class='ocr_par' dir='ltr' id='par_1_84' title="bbox 1996 2374 3571 2453">
     <span class='ocr_line' id='line_1_84' title="bbox 1996 2374 3571 2453; baseline 0.01 -26"><span class='ocrx_word' id='word_1_548' title='bbox 1996 2374 2232 2443; x_wconf 84' lang='lat' dir='ltr'><strong>pietatis,</strong></span> <span class='ocrx_word' id='word_1_549' title='bbox 2263 2374 2502 2446; x_wconf 91' lang='lat' dir='ltr'><strong>iniquum</strong></span> <span class='ocrx_word' id='word_1_550' title='bbox 2527 2387 2610 2432; x_wconf 90' lang='lat' dir='ltr'><strong>est</strong></span> <span class='ocrx_word' id='word_1_551' title='bbox 2637 2379 2798 2434; x_wconf 90' lang='lat' dir='ltr'><strong>tilium</strong></span> <span class='ocrx_word' id='word_1_552' title='bbox 2825 2383 3054 2450; x_wconf 80' lang='lat' dir='ltr'><strong>genitori</strong></span> <span class='ocrx_word' id='word_1_553' title='bbox 3077 2385 3310 2453; x_wconf 79' lang='lat' dir='ltr'><strong>gratuito</strong></span> <span class='ocrx_word' id='word_1_554' title='bbox 3335 2402 3439 2442; x_wconf 92' lang='lat' dir='ltr'><strong>non</strong></span> <span class='ocrx_word' id='word_1_555' title='bbox 3470 2387 3571 2442; x_wconf 84' lang='lat' dir='ltr'><strong>im-</strong></span> 
     </span>
    </p>
   </div>
   <div class='ocr_carea' id='block_1_85' title="bbox 1994 2463 3580 2538">
    <p class='ocr_par' dir='ltr' id='par_1_85' title="bbox 1994 2463 3580 2538">
     <span class='ocr_line' id='line_1_85' title="bbox 1994 2463 3580 2538; baseline 0.01 -22"><span class='ocrx_word' id='word_1_556' title='bbox 1994 2463 2246 2532; x_wconf 89' lang='lat' dir='ltr'><strong>pendere,</strong></span> <span class='ocrx_word' id='word_1_557' title='bbox 2272 2465 2416 2534; x_wconf 85' lang='lat' dir='ltr'><strong>quod</strong></span> <span class='ocrx_word' id='word_1_558' title='bbox 2448 2475 2652 2536; x_wconf 87' lang='lat' dir='ltr'><strong>patrem</strong></span> <span class='ocrx_word' id='word_1_559' title='bbox 2695 2472 2900 2538; x_wconf 82' lang='lat' dir='ltr'><strong>magnis</strong></span> <span class='ocrx_word' id='word_1_560' title='bbox 2931 2473 3148 2529; x_wconf 86' lang='lat' dir='ltr'><strong>talentis</strong></span> <span class='ocrx_word' id='word_1_561' title='bbox 3174 2472 3416 2531; x_wconf 71' lang='lat' dir='ltr'><strong>clinstitit</strong></span> <span class='ocrx_word' id='word_1_562' title='bbox 3442 2475 3580 2531; x_wconf 77' lang='lat' dir='ltr'><strong>etle-</strong></span> 
     </span>
    </p>
   </div>
   <div class='ocr_carea' id='block_1_86' title="bbox 1993 2569 2624 2608">
    <p class='ocr_par' dir='ltr' id='par_1_86' title="bbox 1993 2569 2624 2608">
     <span class='ocr_line' id='line_1_86' title="bbox 1993 2569 2624 2608; baseline 0.013 -2"><span class='ocrx_word' id='word_1_563' title='bbox 1993 2569 2151 2608; x_wconf 71' lang='lat' dir='ltr'><strong>(‘ISSC.</strong></span> <span class='ocrx_word' id='word_1_564' title='bbox 2618 2581 2624 2588; x_wconf 86' lang='lat'>&#39;</span> 
     </span>
    </p>
   </div>
   <div class='ocr_carea' id='block_1_87' title="bbox 2504 2670 3047 2730">
    <p class='ocr_par' dir='ltr' id='par_1_87' title="bbox 2504 2670 3047 2730">
     <span class='ocr_line' id='line_1_87' title="bbox 2504 2670 3047 2730; baseline 0.013 -7"><span class='ocrx_word' id='word_1_565' title='bbox 2504 2670 2833 2728; x_wconf 72' lang='lat' dir='ltr'><strong>EPISTULA</strong></span> <span class='ocrx_word' id='word_1_566' title='bbox 2863 2671 3047 2730; x_wconf 78' lang='lat' dir='ltr'><strong>XXIII.</strong></span> 
     </span>
    </p>
   </div>
   <div class='ocr_carea' id='block_1_88' title="bbox 1993 2775 3574 2831">
    <p class='ocr_par' dir='ltr' id='par_1_88' title="bbox 1993 2775 3574 2831">
     <span class='ocr_line' id='line_1_88' title="bbox 1993 2775 3574 2831; baseline 0.011 -18"><span class='ocrx_word' id='word_1_567' title='bbox 1993 2775 2245 2828; x_wconf 68' lang='grc' dir='ltr'><strong>Αιιῐνειιο,</strong></span> <span class='ocrx_word' id='word_1_568' title='bbox 2285 2779 2542 2820; x_wconf 78' lang='lat' dir='ltr'><strong>DESPOTIO</strong></span> <span class='ocrx_word' id='word_1_569' title='bbox 2596 2783 2663 2821; x_wconf 79' lang='grc' dir='ltr'><strong>ΕΤ</strong></span> <span class='ocrx_word' id='word_1_570' title='bbox 2711 2784 2993 2825; x_wconf 76' lang='grc' dir='ltr'><strong>τιιεουυιο</strong></span> <span class='ocrx_word' id='word_1_571' title='bbox 3043 2787 3178 2827; x_wconf 66' lang='grc' dir='ltr'><strong>νιιιιε</strong></span> <span class='ocrx_word' id='word_1_572' title='bbox 3214 2787 3574 2831; x_wconf 72' lang='lat' dir='ltr'><strong>SENATOIIIBUS</strong></span> 
     </span>
    </p>
   </div>
   <div class='ocr_carea' id='block_1_89' title="bbox 2520 2873 3026 2915">
    <p class='ocr_par' dir='ltr' id='par_1_89' title="bbox 2520 2873 3026 2915">
     <span class='ocr_line' id='line_1_89' title="bbox 2520 2873 3026 2915; baseline 0.006 -4"><span class='ocrx_word' id='word_1_573' title='bbox 2520 2873 2882 2914; x_wconf 72' lang='grc' dir='ltr'><strong>τιιιζουοιιιευς</strong></span> <span class='ocrx_word' id='word_1_574' title='bbox 2903 2877 3026 2915; x_wconf 74' lang='lat' dir='ltr'><strong>REX.</strong></span> 
     </span>
    </p>
   </div>
   <div class='ocr_carea' id='block_1_90' title="bbox 1997 2958 3576 3046">
    <p class='ocr_par' dir='ltr' id='par_1_90' title="bbox 1997 2958 3576 3046">
     <span class='ocr_line' id='line_1_90' title="bbox 1997 2958 3576 3046; baseline 0.014 -33"><span class='ocrx_word' id='word_1_575' title='bbox 1997 2958 2258 3032; x_wconf 69' lang='lat' dir='ltr'><strong>Figttlinaa</strong></span> <span class='ocrx_word' id='word_1_576' title='bbox 2297 2983 2328 3018; x_wconf 84' lang='grc' dir='ltr'><em>α</em></span> <span class='ocrx_word' id='word_1_577' title='bbox 2359 2982 2474 3046; x_wconf 75' lang='lat' dir='ltr'><strong>rege</strong></span> <span class='ocrx_word' id='word_1_578' title='bbox 2517 2969 2644 3046; x_wconf 74' lang='lat' dir='ltr'><strong>ipsis</strong></span> <span class='ocrx_word' id='word_1_579' title='bbox 2671 2971 3036 3046; x_wconf 75' lang='lat' dir='ltr'><strong>conceduntur,</strong></span> <span class='ocrx_word' id='word_1_580' title='bbox 3065 2983 3115 3027; x_wconf 83' lang='lat' dir='ltr'><strong>et</strong></span> <span class='ocrx_word' id='word_1_581' title='bbox 3155 2976 3298 3044; x_wconf 81' lang='lat' dir='ltr'><strong>regia</strong></span> <span class='ocrx_word' id='word_1_582' title='bbox 3324 2979 3576 3046; x_wconf 80' lang='lat' dir='ltr'><strong>protectio</strong></span> 
     </span>
    </p>
   </div>
   <div class='ocr_carea' id='block_1_91' title="bbox 2214 3038 3354 3114">
    <p class='ocr_par' dir='ltr' id='par_1_91' title="bbox 2214 3038 3354 3114">
     <span class='ocr_line' id='line_1_91' title="bbox 2214 3038 3354 3114; baseline 0.011 -26"><span class='ocrx_word' id='word_1_583' title='bbox 2214 3046 2395 3089; x_wconf 87' lang='lat' dir='ltr'><strong>contra</strong></span> <span class='ocrx_word' id='word_1_584' title='bbox 2415 3038 2672 3108; x_wconf 77' lang='lat' dir='ltr'><strong>improbos</strong></span> <span class='ocrx_word' id='word_1_585' title='bbox 2701 3050 2751 3093; x_wconf 86' lang='lat' dir='ltr'><strong>et</strong></span> <span class='ocrx_word' id='word_1_586' title='bbox 2783 3041 2990 3096; x_wconf 81' lang='lat' dir='ltr'><strong>dolosas</strong></span> <span class='ocrx_word' id='word_1_587' title='bbox 3020 3038 3354 3114; x_wconf 73' lang='lat' dir='ltr'><strong>promittitur.</strong></span> 
     </span>
    </p>
   </div>
   <div class='ocr_carea' id='block_1_92' title="bbox 2072 3141 3576 3228">
    <p class='ocr_par' dir='ltr' id='par_1_92' title="bbox 2072 3141 3576 3228">
     <span class='ocr_line' id='line_1_92' title="bbox 2072 3141 3576 3228; baseline 0.014 -33"><span class='ocrx_word' id='word_1_588' title='bbox 2072 3141 2238 3198; x_wconf 89' lang='lat' dir='ltr'><strong>Decet</strong></span> <span class='ocrx_word' id='word_1_589' title='bbox 2263 3146 2433 3200; x_wconf 89' lang='lat' dir='ltr'><strong>nostri</strong></span> <span class='ocrx_word' id='word_1_590' title='bbox 2460 3149 2716 3217; x_wconf 87' lang='lat' dir='ltr'><strong>temporis</strong></span> <span class='ocrx_word' id='word_1_591' title='bbox 2745 3151 3078 3222; x_wconf 90' lang='lat' dir='ltr'><strong>disciplinam</strong></span> <span class='ocrx_word' id='word_1_592' title='bbox 3097 3195 3113 3220; x_wconf 93' lang='lat'><strong>,</strong></span> <span class='ocrx_word' id='word_1_593' title='bbox 3143 3165 3202 3210; x_wconf 92' lang='lat' dir='ltr'><strong>ut</strong></span> <span class='ocrx_word' id='word_1_594' title='bbox 3225 3158 3316 3226; x_wconf 87' lang='lat' dir='ltr'><strong>qui</strong></span> <span class='ocrx_word' id='word_1_595' title='bbox 3345 3161 3576 3228; x_wconf 84' lang='lat' dir='ltr'><strong>publicis</strong></span> 
     </span>
    </p>
   </div>
   <div class='ocr_carea' id='block_1_93' title="bbox 2001 3235 3575 3323">
    <p class='ocr_par' dir='ltr' id='par_1_93' title="bbox 2001 3235 3575 3323">
     <span class='ocr_line' id='line_1_93' title="bbox 2001 3235 3575 3323; baseline 0.014 -36"><span class='ocrx_word' id='word_1_596' title='bbox 2001 3235 2319 3291; x_wconf 81' lang='lat' dir='ltr'><strong>utilitatibus</strong></span> <span class='ocrx_word' id='word_1_597' title='bbox 2350 3240 2627 3306; x_wconf 80' lang='lat' dir='ltr'><strong>serviunt,</strong></span> <span class='ocrx_word' id='word_1_598' title='bbox 2685 3245 2968 3311; x_wconf 84' lang='lat' dir='ltr'><strong>superﬂuis</strong></span> <span class='ocrx_word' id='word_1_599' title='bbox 3017 3250 3272 3306; x_wconf 90' lang='lat' dir='ltr'><strong>oneribus</strong></span> <span class='ocrx_word' id='word_1_600' title='bbox 3317 3268 3424 3308; x_wconf 86' lang='lat' dir='ltr'><strong>non</strong></span> <span class='ocrx_word' id='word_1_601' title='bbox 3453 3268 3575 3323; x_wconf 80' lang='lat' dir='ltr'><strong>gra-</strong></span> 
     </span>
    </p>
   </div>
   <div class='ocr_carea' id='block_1_94' title="bbox 1999 3326 3576 3408">
    <p class='ocr_par' dir='ltr' id='par_1_94' title="bbox 1999 3326 3576 3408">
     <span class='ocr_line' id='line_1_94' title="bbox 1999 3326 3576 3408; baseline 0.014 -29"><span class='ocrx_word' id='word_1_602' title='bbox 1999 3334 2208 3388; x_wconf 73' lang='lat' dir='ltr'><strong>ventur.</strong></span> <span class='ocrx_word' id='word_1_603' title='bbox 2243 3326 2354 3383; x_wconf 85' lang='lat' dir='ltr'><strong>Nec</strong></span> <span class='ocrx_word' id='word_1_604' title='bbox 2381 3329 2597 3398; x_wconf 84' lang='lat' dir='ltr'><strong>dignum</strong></span> <span class='ocrx_word' id='word_1_605' title='bbox 2622 3342 2705 3387; x_wconf 90' lang='lat' dir='ltr'><strong>est</strong></span> <span class='ocrx_word' id='word_1_606' title='bbox 2735 3342 2792 3388; x_wconf 91' lang='lat' dir='ltr'><strong>ut</strong></span> <span class='ocrx_word' id='word_1_607' title='bbox 2837 3337 3151 3408; x_wconf 71' lang='lat' dir='ltr'><strong>cujusquam</strong></span> <span class='ocrx_word' id='word_1_608' title='bbox 3182 3341 3341 3398; x_wconf 61' lang='lat' dir='ltr'><strong>laedat</strong></span> <span class='ocrx_word' id='word_1_609' title='bbox 3380 3345 3576 3401; x_wconf 80' lang='lat' dir='ltr'><strong>invilia</strong></span> 
     </span>
    </p>
   </div>
   <div class='ocr_carea' id='block_1_95' title="bbox 1998 3416 3578 3504">
    <p class='ocr_par' dir='ltr' id='par_1_95' title="bbox 1998 3416 3578 3504">
     <span class='ocr_line' id='line_1_95' title="bbox 1998 3416 3578 3504; baseline 0.015 -36"><span class='ocrx_word' id='word_1_610' title='bbox 1998 3416 2198 3470; x_wconf 88' lang='lat' dir='ltr'><strong>nostris</strong></span> <span class='ocrx_word' id='word_1_611' title='bbox 2225 3419 2464 3475; x_wconf 87' lang='lat' dir='ltr'><strong>moribus</strong></span> <span class='ocrx_word' id='word_1_612' title='bbox 2484 3422 2746 3478; x_wconf 89' lang='lat' dir='ltr'><strong>ordinata.</strong></span> <span class='ocrx_word' id='word_1_613' title='bbox 2777 3425 3116 3498; x_wconf 83' lang='lat' dir='ltr'><strong>Quapmptcr</strong></span> <span class='ocrx_word' id='word_1_614' title='bbox 3146 3429 3376 3499; x_wconf 79' lang='lat' dir='ltr'><strong>ﬁgulinis</strong></span> <span class='ocrx_word' id='word_1_615' title='bbox 3411 3435 3578 3504; x_wconf 79' lang='lat' dir='ltr'><strong>Regia</strong></span> 
     </span>
    </p>
   </div>
   <div class='ocr_carea' id='block_1_96' title="bbox 1999 3507 3577 3597">
    <p class='ocr_par' dir='ltr' id='par_1_96' title="bbox 1999 3507 3577 3597">
     <span class='ocr_line' id='line_1_96' title="bbox 1999 3507 3577 3597; baseline 0.015 -37"><span class='ocrx_word' id='word_1_616' title='bbox 1999 3507 2150 3560; x_wconf 86' lang='lat' dir='ltr'><strong>vobis</strong></span> <span class='ocrx_word' id='word_1_617' title='bbox 2171 3511 2501 3567; x_wconf 89' lang='lat' dir='ltr'><strong>auctoritate</strong></span> <span class='ocrx_word' id='word_1_618' title='bbox 2527 3516 2799 3570; x_wconf 86' lang='lat' dir='ltr'><strong>concessis</strong></span> <span class='ocrx_word' id='word_1_619' title='bbox 2835 3532 3055 3588; x_wconf 89' lang='lat' dir='ltr'><strong>operam</strong></span> <span class='ocrx_word' id='word_1_620' title='bbox 3087 3533 3348 3579; x_wconf 87' lang='lat' dir='ltr'><strong>navanter</strong></span> <span class='ocrx_word' id='word_1_621' title='bbox 3368 3525 3577 3597; x_wconf 80' lang='lat' dir='ltr'><strong>impen-</strong></span> 
     </span>
    </p>
   </div>
   <div class='ocr_carea' id='block_1_97' title="bbox 1999 3595 3574 3684">
    <p class='ocr_par' dir='ltr' id='par_1_97' title="bbox 1999 3595 3574 3684">
     <span class='ocr_line' id='line_1_97' title="bbox 1999 3595 3574 3684; baseline 0.015 -35"><span class='ocrx_word' id='word_1_622' title='bbox 1999 3595 2139 3661; x_wconf 89' lang='lat' dir='ltr'><strong>dite;</strong></span> <span class='ocrx_word' id='word_1_623' title='bbox 2168 3612 2271 3652; x_wconf 88' lang='lat' dir='ltr'><strong>nec</strong></span> <span class='ocrx_word' id='word_1_624' title='bbox 2301 3602 2590 3656; x_wconf 86' lang='lat' dir='ltr'><strong>vereamini</strong></span> <span class='ocrx_word' id='word_1_625' title='bbox 2622 3604 2689 3658; x_wconf 89' lang='lat' dir='ltr'><strong>ad</strong></span> <span class='ocrx_word' id='word_1_626' title='bbox 2712 3605 2844 3660; x_wconf 89' lang='lat' dir='ltr'><strong>alias</strong></span> <span class='ocrx_word' id='word_1_627' title='bbox 2872 3624 2964 3664; x_wconf 88' lang='lat' dir='ltr'><strong>vos</strong></span> <span class='ocrx_word' id='word_1_628' title='bbox 2992 3611 3231 3668; x_wconf 88' lang='lat' dir='ltr'><strong>actiones</strong></span> <span class='ocrx_word' id='word_1_629' title='bbox 3272 3630 3430 3684; x_wconf 88' lang='lat' dir='ltr'><strong>posse</strong></span> <span class='ocrx_word' id='word_1_630' title='bbox 3444 3595 3574 3672; x_wconf 25' lang='lat' dir='ltr'><strong>“tra-</strong></span> 
     </span>
    </p>
   </div>
   <div class='ocr_carea' id='block_1_98' title="bbox 1997 3683 3576 3764">
    <p class='ocr_par' dir='ltr' id='par_1_98' title="bbox 1997 3683 3576 3764">
     <span class='ocr_line' id='line_1_98' title="bbox 1997 3683 3576 3764; baseline 0.016 -26"><span class='ocrx_word' id='word_1_631' title='bbox 1997 3683 2140 3752; x_wconf 90' lang='lat' dir='ltr'><strong>duci,</strong></span> <span class='ocrx_word' id='word_1_632' title='bbox 2169 3702 2198 3740; x_wconf 92' lang='lat' dir='ltr'><strong>a</strong></span> <span class='ocrx_word' id='word_1_633' title='bbox 2223 3688 2418 3756; x_wconf 89' lang='lat' dir='ltr'><strong>quibus</strong></span> <span class='ocrx_word' id='word_1_634' title='bbox 2465 3691 2702 3760; x_wconf 84' lang='lat' dir='ltr'><strong>injuncta</strong></span> <span class='ocrx_word' id='word_1_635' title='bbox 2731 3700 3015 3764; x_wconf 71' lang='lat' dir='ltr'><strong>prmseutia</strong></span> <span class='ocrx_word' id='word_1_636' title='bbox 3045 3702 3132 3755; x_wconf 81' lang='lat' dir='ltr'><strong>vix</strong></span> <span class='ocrx_word' id='word_1_637' title='bbox 3181 3683 3448 3761; x_wconf 88' lang='lat' dir='ltr'><strong>credimus</strong></span> <span class='ocrx_word' id='word_1_638' title='bbox 3474 3723 3576 3762; x_wconf 81' lang='lat' dir='ltr'><strong>ex-</strong></span> 
     </span>
    </p>
   </div>
   <div class='ocr_carea' id='block_1_99' title="bbox 1998 3775 3575 3862">
    <p class='ocr_par' dir='ltr' id='par_1_99' title="bbox 1998 3775 3575 3862">
     <span class='ocr_line' id='line_1_99' title="bbox 1998 3775 3575 3862; baseline 0.017 -35"><span class='ocrx_word' id='word_1_639' title='bbox 1998 3775 2207 3846; x_wconf 86' lang='lat' dir='ltr'><strong>plicari.</strong></span> <span class='ocrx_word' id='word_1_640' title='bbox 2237 3779 2484 3836; x_wconf 84' lang='lat' dir='ltr'><strong>Cessabit</strong></span> <span class='ocrx_word' id='word_1_641' title='bbox 2509 3798 2640 3854; x_wconf 79' lang='lat' dir='ltr'><strong>ergo</strong></span> <span class='ocrx_word' id='word_1_642' title='bbox 2668 3787 2812 3842; x_wconf 90' lang='lat' dir='ltr'><strong>circa</strong></span> <span class='ocrx_word' id='word_1_643' title='bbox 2841 3805 2935 3846; x_wconf 80' lang='lat' dir='ltr'><strong>vos</strong></span> <span class='ocrx_word' id='word_1_644' title='bbox 2959 3793 3324 3862; x_wconf 88' lang='lat' dir='ltr'><strong>improborum</strong></span> <span class='ocrx_word' id='word_1_645' title='bbox 3349 3796 3575 3853; x_wconf 73' lang='lat' dir='ltr'><strong>uetantia</strong></span> 
     </span>
    </p>
   </div>
   <div class='ocr_carea' id='block_1_100' title="bbox 1997 3877 3577 3948">
    <p class='ocr_par' dir='ltr' id='par_1_100' title="bbox 1997 3877 3577 3948">
     <span class='ocr_line' id='line_1_100' title="bbox 1997 3877 3577 3948; baseline 0.015 -24"><span class='ocrx_word' id='word_1_646' title='bbox 1997 3877 2360 3944; x_wconf 70' lang='lat' dir='ltr'><strong>prmsumptio,</strong></span> <span class='ocrx_word' id='word_1_647' title='bbox 2393 3886 2450 3931; x_wconf 89' lang='lat' dir='ltr'><strong>et</strong></span> <span class='ocrx_word' id='word_1_648' title='bbox 2491 3879 2733 3936; x_wconf 90' lang='lat' dir='ltr'><strong>obscuris</strong></span> <span class='ocrx_word' id='word_1_649' title='bbox 2764 3883 2902 3942; x_wconf 92' lang='lat' dir='ltr'><strong>dolis</strong></span> <span class='ocrx_word' id='word_1_650' title='bbox 2933 3886 3182 3942; x_wconf 70' lang='lat' dir='ltr'><strong>effectum</strong></span> <span class='ocrx_word' id='word_1_651' title='bbox 3221 3899 3402 3947; x_wconf 84' lang='lat' dir='ltr'><strong>nostra</strong></span> <span class='ocrx_word' id='word_1_652' title='bbox 3435 3893 3577 3948; x_wconf 90' lang='lat' dir='ltr'><strong>tollit</strong></span> 
     </span>
    </p>
   </div>
   <div class='ocr_carea' id='block_1_101' title="bbox 1998 3965 3576 4053">
    <p class='ocr_par' dir='ltr' id='par_1_101' title="bbox 1998 3965 3576 4053">
     <span class='ocr_line' id='line_1_101' title="bbox 1998 3965 3576 4053; baseline 0.015 -38"><span class='ocrx_word' id='word_1_653' title='bbox 1998 3965 2313 4020; x_wconf 84' lang='lat' dir='ltr'><strong>auctoritas.</strong></span> <span class='ocrx_word' id='word_1_654' title='bbox 2345 3965 2618 4024; x_wconf 88' lang='lat' dir='ltr'><strong>Incassum</strong></span> <span class='ocrx_word' id='word_1_655' title='bbox 2649 3974 2790 4027; x_wconf 90' lang='lat' dir='ltr'><strong>enim</strong></span> <span class='ocrx_word' id='word_1_656' title='bbox 2821 3977 2952 4039; x_wconf 79' lang='lat' dir='ltr'><strong>odit,</strong></span> <span class='ocrx_word' id='word_1_657' title='bbox 3013 3979 3098 4032; x_wconf 92' lang='lat' dir='ltr'><strong>cui</strong></span> <span class='ocrx_word' id='word_1_658' title='bbox 3154 3993 3214 4034; x_wconf 89' lang='lat' dir='ltr'><strong>se</strong></span> <span class='ocrx_word' id='word_1_659' title='bbox 3268 3981 3576 4053; x_wconf 86' lang='lat' dir='ltr'><strong>principalis</strong></span> 
     </span>
    </p>
   </div>
   <div class='ocr_carea' id='block_1_102' title="bbox 1997 4053 2588 4128">
    <p class='ocr_par' dir='ltr' id='par_1_102' title="bbox 1997 4053 2588 4128">
     <span class='ocr_line' id='line_1_102' title="bbox 1997 4053 2588 4128; baseline 0.014 -20"><span class='ocrx_word' id='word_1_660' title='bbox 1997 4053 2283 4112; x_wconf 83' lang='lat' dir='ltr'><strong>clementia</strong></span> <span class='ocrx_word' id='word_1_661' title='bbox 2309 4059 2588 4128; x_wconf 69' lang='lat' dir='ltr'><strong>obiecerit.</strong></span> 
     </span>
    </p>
   </div>
   <div class='ocr_carea' id='block_1_103' title="bbox 2503 4197 3060 4261">
    <p class='ocr_par' dir='ltr' id='par_1_103' title="bbox 2503 4197 3060 4261">
     <span class='ocr_line' id='line_1_103' title="bbox 2503 4197 3060 4261; baseline 0.02 -11"><span class='ocrx_word' id='word_1_662' title='bbox 2503 4197 2835 4256; x_wconf 78' lang='lat' dir='ltr'><strong>EPISTULA</strong></span> <span class='ocrx_word' id='word_1_663' title='bbox 2873 4203 3060 4261; x_wconf 78' lang='lat' dir='ltr'><strong>XXIV.</strong></span> 
     </span>
    </p>
   </div>
   <div class='ocr_carea' id='block_1_104' title="bbox 2218 4299 3349 4355">
    <p class='ocr_par' dir='ltr' id='par_1_104' title="bbox 2218 4299 3349 4355">
     <span class='ocr_line' id='line_1_104' title="bbox 2218 4299 3349 4355; baseline 0.017 -19"><span class='ocrx_word' id='word_1_664' title='bbox 2218 4299 2442 4340; x_wconf 72' lang='lat' dir='ltr'><strong>SENATUI</strong></span> <span class='ocrx_word' id='word_1_665' title='bbox 2469 4304 2615 4343; x_wconf 79' lang='lat' dir='ltr'><strong>URBIS</strong></span> <span class='ocrx_word' id='word_1_666' title='bbox 2641 4305 2798 4346; x_wconf 67' lang='grc' dir='ltr'><strong>κοκιε</strong></span> <span class='ocrx_word' id='word_1_667' title='bbox 2830 4309 3192 4353; x_wconf 74' lang='grc' dir='ltr'><strong>τηεουοιιιευε</strong></span> <span class='ocrx_word' id='word_1_668' title='bbox 3221 4314 3349 4355; x_wconf 72' lang='lat' dir='ltr'><strong><em>REX.</em></strong></span> 
     </span>
    </p>
   </div>
   <div class='ocr_carea' id='block_1_105' title="bbox 1994 4371 3576 4464">
    <p class='ocr_par' dir='ltr' id='par_1_105' title="bbox 1994 4371 3576 4464">
     <span class='ocr_line' id='line_1_105' title="bbox 1994 4371 3576 4464; baseline 0.015 -39"><span class='ocrx_word' id='word_1_669' title='bbox 1994 4371 2135 4427; x_wconf 87' lang='lat' dir='ltr'><strong>Dicit</strong></span> <span class='ocrx_word' id='word_1_670' title='bbox 2163 4391 2219 4428; x_wconf 76' lang='lat' dir='ltr'><strong>se</strong></span> <span class='ocrx_word' id='word_1_671' title='bbox 2243 4380 2632 4464; x_wconf 59' lang='lat' dir='ltr'><strong>prorinrialiam</strong></span> <span class='ocrx_word' id='word_1_672' title='bbox 2648 4381 2881 4464; x_wconf 60' lang='lat' dir='ltr'><strong>judicum</strong></span> <span class='ocrx_word' id='word_1_673' title='bbox 2904 4389 3151 4464; x_wconf 70' lang='lat' dir='ltr'><strong>relatione</strong></span> <span class='ocrx_word' id='word_1_674' title='bbox 3179 4391 3248 4444; x_wconf 86' lang='lat' dir='ltr'><strong>ad</strong></span> <span class='ocrx_word' id='word_1_675' title='bbox 3273 4395 3576 4464; x_wconf 68' lang='lat' dir='ltr'><strong>praefectum</strong></span> 
     </span>
    </p>
   </div>
   <div class='ocr_carea' id='block_1_106' title="bbox 2059 4449 3574 4534">
    <p class='ocr_par' dir='ltr' id='par_1_106' title="bbox 2059 4449 3574 4534">
     <span class='ocr_line' id='line_1_106' title="bbox 2059 4449 3574 4534; baseline 0.016 -40"><span class='ocrx_word' id='word_1_676' title='bbox 2059 4449 2301 4534; x_wconf 47' lang='lat' dir='ltr'><strong>pna&#39;torio</strong></span> <span class='ocrx_word' id='word_1_677' title='bbox 2332 4449 2527 4503; x_wconf 65' lang='grc' dir='ltr'><strong>αἰναί-ια</strong></span> <span class='ocrx_word' id='word_1_678' title='bbox 2557 4449 2864 4534; x_wconf 74' lang='lat' dir='ltr'><strong>comperisse</strong></span> <span class='ocrx_word' id='word_1_679' title='bbox 2882 4495 2894 4514; x_wconf 87' lang='lat'><em>.</em></span> <span class='ocrx_word' id='word_1_680' title='bbox 2938 4458 3016 4534; x_wconf 54' lang='lat' dir='ltr'><strong>si&quot;</strong></span> <span class='ocrx_word' id='word_1_681' title='bbox 3040 4460 3222 4534; x_wconf 70' lang='lat' dir='ltr'><strong>prima:</strong></span> <span class='ocrx_word' id='word_1_682' title='bbox 3250 4449 3574 4534; x_wconf 59' lang='grc' dir='ltr'><strong>υέειὶᾇηιὶωη</strong></span> 
     </span>
    </p>
   </div>
   <div class='ocr_carea' id='block_1_107' title="bbox 2063 4515 3574 4602">
    <p class='ocr_par' dir='ltr' id='par_1_107' title="bbox 2063 4515 3574 4602">
     <span class='ocr_line' id='line_1_107' title="bbox 2063 4515 3574 4602; baseline 0.015 -36"><span class='ocrx_word' id='word_1_683' title='bbox 2063 4515 2314 4598; x_wconf 68' lang='lat' dir='ltr'><strong>illationis</strong></span> <span class='ocrx_word' id='word_1_684' title='bbox 2334 4530 2540 4602; x_wconf 53' lang='lat' dir='ltr'><strong>‘tcntpns</strong></span> <span class='ocrx_word' id='word_1_685' title='bbox 2565 4515 2823 4602; x_wconf 62' lang='lat' dir='ltr'><strong>elapsum,</strong></span> <span class='ocrx_word' id='word_1_686' title='bbox 2849 4536 2900 4578; x_wconf 84' lang='lat' dir='ltr'><strong>ut</strong></span> <span class='ocrx_word' id='word_1_687' title='bbox 2942 4515 3073 4582; x_wconf 77' lang='lat' dir='ltr'><strong>nihil</strong></span> <span class='ocrx_word' id='word_1_688' title='bbox 3103 4543 3189 4584; x_wconf 90' lang='lat' dir='ltr'><strong>aut</strong></span> <span class='ocrx_word' id='word_1_689' title='bbox 3218 4515 3405 4602; x_wconf 56' lang='lat' dir='ltr'><strong>parun;</strong></span> <span class='ocrx_word' id='word_1_690' title='bbox 3425 4552 3456 4587; x_wconf 88' lang='lat' dir='ltr'><strong>a</strong></span> <span class='ocrx_word' id='word_1_691' title='bbox 3486 4551 3574 4587; x_wconf 74' lang='lat' dir='ltr'><strong>se-</strong></span> 
     </span>
    </p>
   </div>
   <div class='ocr_carea' id='block_1_108' title="bbox 2063 4588 3576 4672">
    <p class='ocr_par' dir='ltr' id='par_1_108' title="bbox 2063 4588 3576 4672">
     <span class='ocr_line' id='line_1_108' title="bbox 2063 4588 3576 4672; baseline 0.015 -37"><span class='ocrx_word' id='word_1_692' title='bbox 2063 4589 2280 4640; x_wconf 74' lang='lat' dir='ltr'><strong>natoris</strong></span> <span class='ocrx_word' id='word_1_693' title='bbox 2312 4588 2761 4672; x_wconf 45' lang='lat' dir='ltr'><strong>domibusf&#39;onstct</strong></span> <span class='ocrx_word' id='word_1_694' title='bbox 2787 4597 3020 4672; x_wconf 47' lang='lat' dir='ltr'><strong>illatam;</strong></span> <span class='ocrx_word' id='word_1_695' title='bbox 3042 4671 3046 4672; x_wconf 17' lang='grc' dir='ltr'><em>ν</em></span> <span class='ocrx_word' id='word_1_696' title='bbox 3069 4588 3228 4672; x_wconf 57' lang='lat' dir='ltr'><strong>atque</strong></span> <span class='ocrx_word' id='word_1_697' title='bbox 3256 4603 3369 4656; x_wconf 82' lang='lat' dir='ltr'><strong>ideo</strong></span> <span class='ocrx_word' id='word_1_698' title='bbox 3401 4613 3576 4657; x_wconf 80' lang='lat' dir='ltr'><strong>tenues</strong></span> 
     </span>
    </p>
   </div>
   <div class='ocr_carea' id='block_1_109' title="bbox 2065 4662 3576 4743">
    <p class='ocr_par' dir='ltr' id='par_1_109' title="bbox 2065 4662 3576 4743">
     <span class='ocr_line' id='line_1_109' title="bbox 2065 4662 3576 4743; baseline 0.014 -37"><span class='ocrx_word' id='word_1_699' title='bbox 2065 4673 2354 4723; x_wconf 69' lang='lat' dir='ltr'><strong>oppressos.</strong></span> <span class='ocrx_word' id='word_1_700' title='bbox 2381 4679 2506 4732; x_wconf 79' lang='lat' dir='ltr'><strong>quos</strong></span> <span class='ocrx_word' id='word_1_701' title='bbox 2529 4662 2768 4743; x_wconf 68' lang='lat' dir='ltr'><strong>decuerat</strong></span> <span class='ocrx_word' id='word_1_702' title='bbox 2797 4667 3094 4743; x_wconf 63' lang='lat' dir='ltr'><strong>sublevari.</strong></span> <span class='ocrx_word' id='word_1_703' title='bbox 3132 4662 3434 4743; x_wconf 63' lang='grc' dir='ltr'><strong>υκαι-632</strong></span> <span class='ocrx_word' id='word_1_704' title='bbox 3464 4689 3576 4726; x_wconf 87' lang='lat' dir='ltr'><strong>mo-</strong></span> 
     </span>
    </p>
   </div>
   <div class='ocr_carea' id='block_1_110' title="bbox 2063 4734 3574 4807">
    <p class='ocr_par' dir='ltr' id='par_1_110' title="bbox 2063 4734 3574 4807">
     <span class='ocr_line' id='line_1_110' title="bbox 2063 4734 3574 4807; baseline 0.013 -30"><span class='ocrx_word' id='word_1_705' title='bbox 2063 4735 2147 4806; x_wconf 81' lang='lat' dir='ltr'><strong>net</strong></span> <span class='ocrx_word' id='word_1_706' title='bbox 2193 4743 2447 4807; x_wconf 62' lang='lat' dir='ltr'><strong>senatum,</strong></span> <span class='ocrx_word' id='word_1_707' title='bbox 2505 4734 2579 4784; x_wconf 82' lang='lat' dir='ltr'><strong>sic</strong></span> <span class='ocrx_word' id='word_1_708' title='bbox 2632 4738 2805 4807; x_wconf 77' lang='lat' dir='ltr'><strong>omnia</strong></span> <span class='ocrx_word' id='word_1_709' title='bbox 2858 4742 3176 4807; x_wconf 67' lang='lat' dir='ltr'><strong>arquabilitcr</strong></span> <span class='ocrx_word' id='word_1_710' title='bbox 3229 4734 3465 4807; x_wconf 68' lang='grc' dir='ltr'><strong>ονάῧιὲῖ,</strong></span> <span class='ocrx_word' id='word_1_711' title='bbox 3517 4749 3574 4796; x_wconf 75' lang='lat' dir='ltr'><strong>ut</strong></span> 
     </span>
    </p>
   </div>
   <div class='ocr_carea' id='block_1_111' title="bbox 2063 4798 3575 4880">
    <p class='ocr_par' dir='ltr' id='par_1_111' title="bbox 2063 4798 3575 4880">
     <span class='ocr_line' id='line_1_111' title="bbox 2063 4798 3575 4880; baseline 0.014 -34"><span class='ocrx_word' id='word_1_712' title='bbox 2063 4798 2307 4878; x_wconf 55' lang='lat' dir='ltr'><strong>quidquid</strong></span> <span class='ocrx_word' id='word_1_713' title='bbox 2327 4816 2644 4880; x_wconf 75' lang='lat' dir='ltr'><strong>unaqua‘que</strong></span> <span class='ocrx_word' id='word_1_714' title='bbox 2675 4804 2856 4859; x_wconf 78' lang='lat' dir='ltr'><strong>domus</strong></span> <span class='ocrx_word' id='word_1_715' title='bbox 2877 4798 3136 4864; x_wconf 72' lang='lat' dir='ltr'><strong>senatoria</strong></span> <span class='ocrx_word' id='word_1_716' title='bbox 3157 4798 3464 4880; x_wconf 43' lang='lat' dir='ltr'><strong>proﬁtetur;</strong></span> <span class='ocrx_word' id='word_1_717' title='bbox 3483 4813 3575 4866; x_wconf 83' lang='lat' dir='ltr'><strong>de-</strong></span> 
     </span>
    </p>
   </div>
   <div class='ocr_carea' id='block_1_112' title="bbox 2063 4868 3573 4947">
    <p class='ocr_par' dir='ltr' id='par_1_112' title="bbox 2063 4868 3573 4947">
     <span class='ocr_line' id='line_1_112' title="bbox 2063 4868 3573 4947; baseline 0.013 -30"><span class='ocrx_word' id='word_1_718' title='bbox 2063 4868 2270 4947; x_wconf 74' lang='lat' dir='ltr'><strong>stinatis</strong></span> <span class='ocrx_word' id='word_1_719' title='bbox 2301 4868 2717 4936; x_wconf 68' lang='lat' dir='ltr'><strong>procuratoribus</strong></span> <span class='ocrx_word' id='word_1_720' title='bbox 2739 4893 2830 4945; x_wconf 82' lang='lat' dir='ltr'><strong>per</strong></span> <span class='ocrx_word' id='word_1_721' title='bbox 2857 4868 3315 4947; x_wconf 54' lang='lat' dir='ltr'><strong>prot&#39;incias&#39;triua</strong></span> <span class='ocrx_word' id='word_1_722' title='bbox 3339 4868 3573 4936; x_wconf 76' lang='lat' dir='ltr'><strong>illationa</strong></span> 
     </span>
    </p>
   </div>
   <div class='ocr_carea' id='block_1_113' title="bbox 2062 4940 2337 5005">
    <p class='ocr_par' dir='ltr' id='par_1_113' title="bbox 2062 4940 2337 5005">
     <span class='ocr_line' id='line_1_113' title="bbox 2062 4940 2337 5005; baseline 0.007 -16"><span class='ocrx_word' id='word_1_723' title='bbox 2062 4940 2337 5005; x_wconf 70' lang='lat' dir='ltr'><strong>persolvat.</strong></span> 
     </span>
    </p>
   </div>
   <div class='ocr_carea' id='block_1_114' title="bbox 2065 5049 3573 5136">
    <p class='ocr_par' dir='ltr' id='par_1_114' title="bbox 2065 5049 3573 5136">
     <span class='ocr_line' id='line_1_114' title="bbox 2065 5049 3573 5136; baseline 0.011 -31"><span class='ocrx_word' id='word_1_724' title='bbox 2065 5049 2290 5105; x_wconf 77' lang='lat' dir='ltr'><strong>Constat</strong></span> <span class='ocrx_word' id='word_1_725' title='bbox 2336 5064 2578 5110; x_wconf 80' lang='lat' dir='ltr'><strong>senatum</strong></span> <span class='ocrx_word' id='word_1_726' title='bbox 2609 5060 2820 5129; x_wconf 89' lang='lat' dir='ltr'><strong>populis</strong></span> <span class='ocrx_word' id='word_1_727' title='bbox 2849 5061 3057 5116; x_wconf 89' lang='lat' dir='ltr'><strong>vivendi</strong></span> <span class='ocrx_word' id='word_1_728' title='bbox 3098 5063 3334 5132; x_wconf 75' lang='lat' dir='ltr'><strong>regulam</strong></span> <span class='ocrx_word' id='word_1_729' title='bbox 3363 5068 3573 5136; x_wconf 67' lang='lat' dir='ltr'><strong>praesti—</strong></span> 
     </span>
    </p>
   </div>
   <div class='ocr_carea' id='block_1_115' title="bbox 1992 5141 3572 5220">
    <p class='ocr_par' dir='ltr' id='par_1_115' title="bbox 1992 5141 3572 5220">
     <span class='ocr_line' id='line_1_115' title="bbox 1992 5141 3572 5220; baseline 0.013 -26"><span class='ocrx_word' id='word_1_730' title='bbox 1992 5141 2139 5196; x_wconf 80' lang='lat' dir='ltr'><strong>tisse.</strong></span> <span class='ocrx_word' id='word_1_731' title='bbox 2165 5141 2293 5198; x_wconf 79' lang='lat' dir='ltr'><strong>Nam</strong></span> <span class='ocrx_word' id='word_1_732' title='bbox 2322 5147 2462 5215; x_wconf 91' lang='lat' dir='ltr'><strong>quod</strong></span> <span class='ocrx_word' id='word_1_733' title='bbox 2488 5159 2647 5202; x_wconf 88' lang='lat' dir='ltr'><strong>ornat</strong></span> <span class='ocrx_word' id='word_1_734' title='bbox 2676 5166 2870 5205; x_wconf 86' lang='lat' dir='ltr'><strong>nomen</strong></span> <span class='ocrx_word' id='word_1_735' title='bbox 2901 5153 3222 5220; x_wconf 81' lang='lat' dir='ltr'><strong>Romanum,</strong></span> <span class='ocrx_word' id='word_1_736' title='bbox 3253 5171 3282 5211; x_wconf 86' lang='lat' dir='ltr'><strong>a</strong></span> <span class='ocrx_word' id='word_1_737' title='bbox 3309 5158 3462 5215; x_wconf 86' lang='lat' dir='ltr'><strong>vobis</strong></span> <span class='ocrx_word' id='word_1_738' title='bbox 3488 5159 3572 5214; x_wconf 74' lang='lat' dir='ltr'><strong>Ie-</strong></span> 
     </span>
    </p>
   </div>
   <div class='ocr_carea' id='block_1_116' title="bbox 1986 5231 3568 5324">
    <p class='ocr_par' dir='ltr' id='par_1_116' title="bbox 1986 5231 3568 5324">
     <span class='ocr_line' id='line_1_116' title="bbox 1986 5231 3568 5324; baseline 0.015 -40"><span class='ocrx_word' id='word_1_739' title='bbox 1986 5231 2129 5298; x_wconf 80' lang='lat' dir='ltr'><strong>gitur</strong></span> <span class='ocrx_word' id='word_1_740' title='bbox 2159 5234 2476 5290; x_wconf 79' lang='lat' dir='ltr'><strong>institutum.</strong></span> <span class='ocrx_word' id='word_1_741' title='bbox 2510 5237 2589 5292; x_wconf 78' lang='lat' dir='ltr'><strong>Ad</strong></span> <span class='ocrx_word' id='word_1_742' title='bbox 2627 5240 2730 5296; x_wconf 88' lang='lat' dir='ltr'><strong>hoc</strong></span> <span class='ocrx_word' id='word_1_743' title='bbox 2759 5241 2948 5298; x_wconf 87' lang='lat' dir='ltr'><strong>Patres</strong></span> <span class='ocrx_word' id='word_1_744' title='bbox 2974 5245 3027 5297; x_wconf 89' lang='lat' dir='ltr'><strong>in</strong></span> <span class='ocrx_word' id='word_1_745' title='bbox 3059 5245 3150 5301; x_wconf 87' lang='lat' dir='ltr'><strong>illo</strong></span> <span class='ocrx_word' id='word_1_746' title='bbox 3181 5252 3445 5324; x_wconf 88' lang='lat' dir='ltr'><strong>principio</strong></span> <span class='ocrx_word' id='word_1_747' title='bbox 3469 5266 3568 5306; x_wconf 82' lang='lat' dir='ltr'><strong>no-</strong></span> 
     </span>
    </p>
   </div>
   <div class='ocr_carea' id='block_1_117' title="bbox 2052 5438 3565 5522">
    <p class='ocr_par' dir='ltr' id='par_1_117' title="bbox 2052 5438 3565 5522">
     <span class='ocr_line' id='line_1_117' title="bbox 2052 5438 3565 5522; baseline 0.021 -31"><span class='ocrx_word' id='word_1_748' title='bbox 2052 5438 2078 5477; x_wconf 69' lang='grc' dir='ltr'>δ</span> <span class='ocrx_word' id='word_1_749' title='bbox 2105 5439 2356 5522; x_wconf 36' lang='lat' dir='ltr'><strong>Adversa</strong></span> <span class='ocrx_word' id='word_1_750' title='bbox 2382 5444 2598 5522; x_wconf 77' lang='lat' dir='ltr'><strong>fortuna</strong></span> <span class='ocrx_word' id='word_1_751' title='bbox 2618 5447 2892 5522; x_wconf 82' lang='lat' dir='ltr'><strong>utentibus</strong></span> <span class='ocrx_word' id='word_1_752' title='bbox 2921 5467 3028 5508; x_wconf 88' lang='lat' dir='ltr'><strong>non</strong></span> <span class='ocrx_word' id='word_1_753' title='bbox 3051 5464 3131 5510; x_wconf 84' lang='lat' dir='ltr'><strong>est</strong></span> <span class='ocrx_word' id='word_1_754' title='bbox 3157 5457 3435 5518; x_wconf 85' lang='lat' dir='ltr'><strong>calamitas</strong></span> <span class='ocrx_word' id='word_1_755' title='bbox 3465 5482 3565 5522; x_wconf 71' lang='grc' dir='ltr'><strong>ηο-</strong></span> 
     </span>
    </p>
   </div>
   <div class='ocr_carea' id='block_1_118' title="bbox 1986 5510 3562 5602">
    <p class='ocr_par' dir='ltr' id='par_1_118' title="bbox 1986 5510 3562 5602">
     <span class='ocr_line' id='line_1_118' title="bbox 1986 5510 3562 5602; baseline -0.019 27"><span class='ocrx_word' id='word_1_756' title='bbox 1986 5510 2274 5602; x_wconf 39' lang='grc' dir='ltr'><strong>ῩΉΙΜΟΓῩ</strong></span> <span class='ocrx_word' id='word_1_757' title='bbox 2313 5516 2654 5602; x_wconf 60' lang='grc' dir='ltr'><strong>⁰Ψ¹¹ἒ¹ξ²¹¹ῑ⁴¹.³·</strong></span> <span class='ocrx_word' id='word_1_758' title='bbox 2710 5517 3037 5602; x_wconf 65' lang='grc' dir='ltr'><strong>¹η.θ³¹ηέ¹είη</strong></span> <span class='ocrx_word' id='word_1_759' title='bbox 3065 5510 3562 5602; x_wconf 23' lang='grc' dir='ltr'><strong>ςριιὶεριίῑέιῖηἰῖῦ.</strong></span> 
     </span>
    </p>
   </div>
   <div class='ocr_carea' id='block_1_119' title="bbox 1984 5581 3463 5664">
    <p class='ocr_par' dir='ltr' id='par_1_119' title="bbox 1984 5581 3463 5664">
     <span class='ocr_line' id='line_1_119' title="bbox 1984 5581 3463 5664; baseline 0.02 -30"><span class='ocrx_word' id='word_1_760' title='bbox 1984 5583 2042 5634; x_wconf 77' lang='lat' dir='ltr'><strong>tIc</strong></span> <span class='ocrx_word' id='word_1_761' title='bbox 2072 5581 2191 5648; x_wconf 77' lang='lat' dir='ltr'><strong>jure</strong></span> <span class='ocrx_word' id='word_1_762' title='bbox 2223 5586 2332 5640; x_wconf 82' lang='lat' dir='ltr'><strong>dot.</strong></span> <span class='ocrx_word' id='word_1_763' title='bbox 2369 5586 2402 5638; x_wconf 88' lang='grc' dir='ltr'><strong>Ι.</strong></span> <span class='ocrx_word' id='word_1_764' title='bbox 2437 5585 2512 5639; x_wconf 82' lang='lat' dir='ltr'><strong>II.</strong></span> <span class='ocrx_word' id='word_1_765' title='bbox 2552 5586 2727 5643; x_wconf 81' lang='lat' dir='ltr'><strong>Divus.</strong></span> <span class='ocrx_word' id='word_1_766' title='bbox 2759 5589 2824 5646; x_wconf 85' lang='lat' dir='ltr'><strong>de</strong></span> <span class='ocrx_word' id='word_1_767' title='bbox 2856 5590 2943 5646; x_wconf 81' lang='lat' dir='ltr'><strong>oli.</strong></span> <span class='ocrx_word' id='word_1_768' title='bbox 2979 5581 3463 5664; x_wconf 49' lang='grc' dir='ltr'><strong>μιιωδὶὼῗδιῖξέεκζ</strong></span> 
     </span>
    </p>
   </div>
  </div>
