3988 6178
320 318 335 328 “
348 307 451 367 559

1592 305 1658 357 Μ.
1703 304 1977 359 Αἱῖῐῖἰίἰλι
2020 304 2413 360 CASSIODURI

3522 305 3633 364 5‘0

348 428 557 494 minati,
586 434 643 482 ut
667 422 820 494 quasi
840 420 1068 475 liiiornm
1101 435 1195 487 per
1218 433 1312 471 vos
1335 416 1503 488 possit
1528 418 1632 470 vita
1660 418 1932 487 componi.
1968 425 2012 478 Α
2045 432 2139 485 per
2165 416 2515 471 mediocrium
2548 418 2739 470 damna
2764 418 3038 472 sentimus.
3072 419 3250 490 Nuper
3282 416 3463 486 itaque
3502 434 3623 490 pro-

351 517 460 575 Vos
485 517 626 573 enim
648 512 988 569 devotionem
1018 507 1332 574 provinciis,
1353 522 1445 559 vos
1470 506 1825 575 privatisjura
1856 507 1944 560 de-

349 607 633 670 crevistis,
694 612 750 658 et
796 600 863 655 ad
921 614 1108 654 omnes
1162 596 1387 665 justitia:
1455 608 1640 665 partes
1701 595 1944 652 subditos

348 714 545 772 parere
610 682 840 749 libenter
896 689 1173 745 docuistis.
1266 686 1334 741 Et
1408 686 1531 741 ideo
1604 702 1711 740 non
1786 686 1946 741 decet

352 791 476 847 inde
505 789 713 856 signum
746 779 1115 838 rcsultationis
1142 777 1312 841 exire,
1340 776 1480 830 unde
1507 776 1811 845 exetnplum
1849 791 1945 844 po-

352 881 455 935 tuit
485 873 861 935 cxsultationis
882 871 998 945 [Cia
1018 880 1065 923 et
1090 868 1206 938 Cuj.
1229 864 1638 937 moderationis]
1667 865 1939 933 elTulgcrc.

355 970 510 1040 Quod
540 978 724 1025 nostra
755 964 1061 1026 clementia,
1087 963 1174 1016 cui
1203 960 1354 1015 cordi
1384 968 1467 1014 est
1498 974 1681 1013 rerum
1706 957 1944 1012 omnium

359 1071 541 1118 tenere
570 1072 901 1121 mensuram,
929 1056 981 1109 in
1015 1062 1250 1109 vestram
1286 1050 1530 1105 notitiam
1562 1050 1791 1105 credidit
1817 1066 1945 1119 pcr—

357 1152 640 1211 fercndum
672 1168 686 1204 :
720 1164 791 1204 ne
821 1147 991 1216 magis
1026 1143 1329 1213 ignorantia
1367 1143 1634 1197 nutriatur
1673 1156 1944 1207 excessus,

356 1246 457 1301 sub
477 1259 707 1315 quorum
731 1239 1241 1296 conscientiaerror
1266 1252 1372 1290 non
1401 1242 1582 1305 potest
1608 1249 1727 1288 esse
1757 1248 1937 1303 perpe-

367 1345 518 1392 tuus.
548 1334 718 1402 Igitur
755 1329 1162 1402 provincialium
1194 1326 1345 1400 (ms.
1372 1335 1421 1379 et
1458 1326 1542 1379 ed.
1582 1324 1675 1378 Ac.
1731 1324 1949 1395 provin-

360 1425 588 1498 ciarum]
632 1425 872 1497 judicum
927 1421 1219 1481 relatione,
1254 1418 1320 1472 ad
1377 1417 1718 1489 magniﬁcum
1775 1417 1949 1471 virum

356 1518 674 1591 pra-fectum
695 1512 938 1584 praetorii
968 1512 1204 1575 directa,
1236 1508 1628 1579 comperimus,
1655 1507 1734 1561 sic
1762 1508 1948 1577 primm

359 1606 782 1665 transmissionis
812 1613 1025 1673 tempus
1052 1606 1388 1670 exemptum,
1413 1597 1616 1652 utnibil
1643 1604 1735 1651 aut
1764 1612 1952 1666 parum

364 1724 394 1759 a
418 1700 705 1759 senatoriis
732 1697 979 1754 domibus
1006 1702 1217 1751 constet
1247 1693 1454 1748 illatum
1482 1710 1494 1746 :
1526 1692 1829 1761 allegantes
1857 1705 1953 1761 per

2046 506 2349 561 vinciatium
2375 506 2614 575 judicent
2644 507 2907 562 relatione
2934 512 3299 579 comperimus
3319 513 3509 565 domos
3531 511 3632 566 ali-
3695 504 3707 527 '

2045 610 2180 664 quas
2223 596 2637 665 przepotentium
2686 612 2809 651 suas
2837 612 2945 652 non
2991 599 3217 668 implere
3260 614 3359 668 per
3386 597 3630 653 ordinem
3696 624 3701 631 -

2046 686 2371 741 functiones.
2430 686 2568 742 Hine
2609 684 2745 752 ﬁeri,
2782 696 2843 741 ut
2881 686 3009 742 dum
3060 689 3316 743 illationis
3361 689 3636 758 quantitas

2051 776 2326 847 procurari
2356 777 2632 846 quaeritur,
2670 791 2699 830 a
2733 778 2982 833 tenuibus
3014 795 3221 833 summa
3250 778 3431 851 potior
3452 781 3638 851 exiga-

2049 879 2155 919 tur.
2189 865 2451 936 Superbia
2477 866 2670 921 deinde
2695 870 3088 923 conductorum
3120 871 3413 925 canonicos
3433 870 3640 925 solidos

2048 972 2157 1011 non
2181 958 2372 1013 ordine
2400 958 2649 1024 traditos,
2680 960 2775 1014 sed
2817 961 2918 1015 sub
2948 962 3133 1032 iniquo
3176 962 3416 1032 pondere
3462 963 3639 1017 inmi-

2047 1049 2301 1103 nentibus
2358 1048 2525 1104 fuisse
2555 1049 2847 1118 projeetos,
2881 1067 2982 1106 nec
3011 1052 3314 1107 universam
3362 1053 3635 1121 siliquam,

2049 1157 2210 1211 quam
2250 1142 2478 1197 reddere
2525 1152 2955 1206 consueverant,
3005 1145 3321 1199 solemniter
3370 1146 3635 1201 intulisse.

2054 1232 2288 1288 Proinde
2311 1233 2509 1289 factum
2557 1242 2640 1289 est
2664 1242 2721 1288 ut
2756 1235 3015 1302 curiales,
3045 1236 3239 1305 quibus
3266 1251 3365 1290 nos
3392 1236 3643 1291 volumus

2053 1338 2174 1379 esse
2214 1331 2593 1394 prospectum,
2622 1325 3019 1381 imminentium
3050 1326 3414 1381 sollicitudine
3440 1327 3645 1395 coacti,

2053 1417 2237 1486 gravia
2258 1418 2453 1471 damna
2480 1418 2777 1486 sentirent,
2799 1427 2881 1484 et,
2913 1419 2957 1473 si
2985 1419 3090 1473 dici
3124 1419 3203 1473 fas
3232 1429 3331 1483 est,
3360 1435 3480 1474 cum
3510 1419 3647 1474 alie-

2058 1511 2141 1564 nis
2164 1509 2359 1565 debitis
2380 1509 2480 1565 sub
2510 1510 2829 1565 truculentis
2849 1511 3281 1581 compulsoribus
3306 1511 3409 1584 [ed.
3445 1508 3497 1563 Ν
3504 1512 3569 1564 iv.
3592 1519 3649 1563 et

2055 1598 2184 1663 θα..
2228 1598 2710 1669 compulsionibus)
2736 1608 3071 1668 urgerentur,
3091 1601 3489 1670 possessionum
3505 1615 3647 1670 quo-

2054 1704 2164 1760 que
2192 1704 2411 1744 suarum
2455 1690 2745 1745 amissione
2796 1690 2987 1760 privati
3016 1700 3158 1746 sunt.
3193 1690 3351 1758 Quod
3380 1692 3555 1747 scelus
3584 1700 3655 1745 ut

365 1797 506 1850 hanc
533 1790 905 1847 diflicultatem
944 1798 1135 1843 tenues
1176 1785 1439 1856 deprimi,
1484 1798 1622 1852 quos
1665 1782 1835 1850 magis
1861 1781 1954 1837 de-
1983 1820 2032 1879 Β
2056 1783 2252 1838 debeat
2272 1783 2562 1853 amputari,
2595 1783 2661 1837 ad
2692 1784 3188 1839 reverentissimum
3227 1799 3445 1854 quoque
3484 1799 3653 1839 sena-

369 1891 551 1940 cuerat
572 1881 858 1939 sublevari.
924 1878 1043 1933 Fiet
1068 1877 1212 1933 enim
1241 1883 1299 1930 ut
1331 1884 1644 1931 exactorum
1681 1873 1948 1940 nimietas,

366 1982 491 2030 dum
522 1989 552 2027 a
583 1971 892 2044 potentibus
921 1967 1315 2034 contemnitur,
1350 1966 1403 2020 in
1454 1974 1644 2021 tenues
1691 1978 1953 2019 conversa

362 2072 658 2134 grassetur,
692 2069 747 2117 et
776 2061 863 2116 ille
892 2059 1071 2131 potius
1118 2058 1294 2114 solvat
1319 2056 1514 2119 aliena,
1546 2055 1635 2124 qui
1673 2061 1757 2109 est
1782 2054 1953 2109 devo-

370 2169 454 2213 tus
480 2157 546 2212 ad
573 2154 794 2227 propria
826 2170 840 2207 :
873 2161 1134 2222 przeterea
1164 2147 1624 2204 multoacerbiora
1646 2148 1951 2217 jungentes,

367 2247 515 2318 quod
543 2262 642 2317 pro
670 2260 767 2299 sua
796 2244 1027 2313 quisque
1072 2240 1352 2295 voluntate
1390 2236 1591 2307 aliquid
1619 2235 1956 2307 exigentibus

368 2342 619 2411 dignetur
656 2337 913 2407 objicere.
944 2334 1073 2403 Quae
1099 2342 1278 2387 tamen
1303 2331 1484 2387 omnia
1510 2330 1833 2386 detrimenta
1862 2343 1956 2382 cu-

372 2432 591 2488 rialibus
612 2430 862 2486 dicuntur
890 2425 1085 2497 inlligi;
1115 2434 1173 2480 ut
1202 2424 1292 2493 qui
1336 2423 1389 2477 in
1420 2438 1548 2477 usus
1576 2420 1820 2492 publicos
1842 2418 1957 2474 fue-

370 2530 494 2576 rant
520 2528 701 2575 nostra
717 2517 1025 2587 provisione
1054 2515 1287 2585 reparati
1309 2511 1434 2585 [Ed.
1452 2509 1807 2582 Ac.,reperti]
1832 2525 1959 2565 con-

367 2610 669 2666 tumacibus
713 2606 1079 2662 distrahantur
1125 2603 1351 2672 injuriis.
1382 2602 1556 2671 Atque
1585 2602 1728 2667 ideo,
1758 2599 1819 2654 P.
1851 2597 1914 2655 C.
1937 2642 1952 2665 ,

373 2704 465 2774 qui
496 2716 683 2773 parem
715 2698 996 2754 nobiscum
1028 2697 1237 2765 reipub.
1290 2695 1501 2750 debetis
1548 2694 1792 2748 adnisum
1818 2734 1835 2760 ,
1877 2694 1957 2748 sic

376 2792 711 2864 :equabilitcr
741 2789 1007 2855 ordinate,
1042 2795 1103 2842 ut
1126 2787 1383 2856 quidquid
1414 2801 1746 2856 unaqumque
1767 2786 1958 2840 domus

369 2883 644 2942 senatoria
674 2880 981 2952 proﬁtetur,
1031 2878 1315 2933 destinatis
1360 2876 1808 2947 procuratoribus
1861 2891 1959 2945 per

373 2971 681 3044 provincias
711 2969 851 3023 trina
877 2968 1119 3023 illatione
1150 2965 1445 3037 persolvat.
1478 2965 1587 3020 Aut
1614 2981 1695 3021 cet
1710 2974 1780 3031 te,
1812 2963 1956 3035 quod

371 3066 422 3117 in
472 3062 650 3116 locum
696 3058 943 3115 beneﬁcii
991 3058 1249 3113 solebatis
1296 3063 1586 3127 expetere,
1638 3071 1778 3111 arca:
1806 3055 1955 3110 vica-

371 3154 536 3209 riana:
564 3151 727 3216 sedis,
750 3151 796 3205 si
819 3149 871 3204 id
892 3150 1129 3218 diligitis,
1163 3148 1409 3203 universa
1439 3147 1727 3220 complete,
1765 3162 1832 3202 ne
1862 3161 1955 3202 ne-

370 3259 522 3301 cesse
542 3244 611 3298 sit
634 3242 823 3298 curiali
859 3256 955 3312 per
992 3240 1345 3309 multiplicem
1375 3246 1429 3294 et
1460 3239 1793 3294 inellicacem
1823 3253 1957 3293 con-

370 3335 643 3391 ventionis
676 3334 913 3389 laborem
942 3333 996 3386 in
1027 3331 1238 3400 exiguis
1279 3330 1478 3385 vestris
1506 3328 1837 3385 illationibus
1862 3343 1959 3385 sua

374 3424 559 3494 potius
583 3422 776 3478 damna
807 3420 1116 3490 suscipere;
1157 3419 1479 3488 eveniatque
1512 3417 1847 3473 detestabilis
1871 3432 1962 3473 ca-

378 3530 491 3579 sus,
524 3522 583 3568 ut
611 3512 703 3583 qui
743 3511 1074 3566 [unctionem
1103 3510 1382 3581 propriam
1412 3509 1500 3563 vix
1533 3516 1747 3579 poterat
1797 3507 1962 3562 susti-

376 3619 508 3659 nere
551 3603 800 3669 devotus,
851 3602 1044 3656 alienis
1092 3600 1349 3656 oneribus
1391 3607 1671 3670 prematur
1699 3596 1960 3653 inﬁrmus.

372 3695 528 3764 Quod
582 3710 701 3762 nos,
760 3694 908 3752 salva
939 3693 1200 3749 eivilitate
1224 3732 1238 3758 ,
1268 3691 1609 3747 dissimulare
1636 3706 1743 3747 non
1774 3706 1966 3761 possu-

371 3804 523 3857 mus;
555 3798 614 3844 ut
637 3788 754 3843 sine
776 3788 1070 3842 acerbitate
1094 3785 1221 3840 belli
1249 3786 1409 3840 rebus
1437 3784 1548 3839 suis
1576 3792 1846 3840 exuantur
1865 3799 1964 3854 op-

378 3880 574 3952 pressi,
606 3888 662 3934 et
690 3878 766 3933 illi
794 3878 964 3947 magis
990 3884 1216 3948 pereant
1243 3877 1333 3946 qui
1364 3877 1574 3947 reipub.
1600 3892 1788 3947 parere
1816 3876 1966 3933 festi-

376 3977 527 4023 nant.
554 3967 670 4023 Hoc
697 3968 861 4022 etiam
902 3983 1000 4022 nos
1028 3966 1241 4021 edictali
1270 3975 1669 4037 programmate
1700 3967 1752 4021 in
1798 3983 1963 4024 cunc-

372 4068 554 4114 torum
584 4058 844 4114 noveritis
863 4057 1270 4127 provincialium
1300 4057 1545 4111 notitiam
1575 4059 1878 4127 pertulisse,
1906 4068 1968 4114 ut

373 4148 545 4205 libere
566 4154 884 4219 prorumpat
912 4149 965 4202 in
996 4148 1287 4218 publicum,
1313 4148 1405 4218 qui
1433 4163 1493 4202 se
1515 4148 1703 4204 aliena:
1727 4150 1964 4205 functio-

373 4240 461 4298 nis
502 4239 744 4311 pondere
779 4240 930 4293 novit
958 4253 1272 4309 oppressum
1307 4257 1319 4291 :
1366 4239 1582 4293 relaturi
1611 4255 1639 4293 a
1671 4241 1825 4295 nobis
1848 4240 1965 4311 jus-

374 4329 504 4384 titire
533 4327 785 4396 fructum,
818 4329 906 4399 qui
936 4328 1089 4385 fessis
1112 4329 1362 4385 novimus
1383 4329 1512 4386 dare
1536 4332 1862 4401 przcsidium.

374 4461 709 4519 El’lSTOLA
767 4461 927 4517 XXV.
997 4463 1120 4517 Sive
1182 4459 1486 4517 EDICTUM
1556 4461 1965 4520 TllEODOIllCl

1064 4553 1284 4613 REGIS.

376 4648 718 4719 Conqueritur
744 4664 836 4720 rex
866 4648 1319 4720 possessoressive
1357 4649 1579 4702 curiales
1601 4665 1710 4703 esse
1745 4666 1960 4720 oppres-

448 4718 552 4781 ses,
582 4735 639 4771 eo
668 4718 801 4786 quod
829 4718 1076 4771 indicturi:
1107 4718 1204 4770 sibi
1256 4735 1509 4772 summum
1553 4736 1654 4771 non
1694 4718 1963 4773 solvissent

451 4791 700 4859 primates
723 4804 739 4841 :
789 4788 1051 4859 deindesi
1077 4789 1344 4858 quisquam
1372 4789 1467 4840 hac
1506 4787 1569 4841 de
1591 4805 1745 4859 causa
1773 4806 1963 4859 grava-

455 4857 558 4912 tum
580 4874 634 4913 se
654 4859 889 4921 senserit,
909 4857 1053 4928 jubet
1092 4857 1149 4910 ut
1179 4858 1245 4911 ad
1271 4874 1441 4929 regem
1477 4858 1709 4928 querelas
1743 4857 1960 4929 deferat.

448 4966 705 5037 Quamvis
732 4967 803 5022 sit
831 4966 1055 5037 querula
1078 4981 1185 5021 vox
1212 4965 1435 5030 doloris,
1470 4981 1568 5021 nec
1587 4968 1970 5023 secontineant

380 5062 673 5127 imminuti,
706 5069 762 5116 et
802 5060 961 5116 ltesus
1002 5061 1213 5115 animus
1266 5060 1655 5116 vociferatione
1692 5073 1965 5133 pascatur,

378 5161 556 5206 tamen
589 5151 810 5207 liberior
846 5166 1025 5206 sermo
1048 5152 1334 5224 promitur,
1371 5153 1461 5221 qui
1489 5151 1660 5223 [edit.,
1685 5154 1753 5227 si]
1786 5164 1967 5211 nostra

376 5240 701 5296 auctoritate
728 5242 958 5295 laxatur.
980 5241 1321 5297 Detestamur
1346 5244 1489 5297 enim
1522 5244 1749 5299 miseros
1775 5247 1963 5314 premi,

383 5346 792 5387 commovemur
819 5341 874 5387 et
903 5348 1009 5388 non
1040 5334 1380 5403 querentium
1404 5333 1557 5388 malis
1575 5376 1589 5401 ,
1620 5334 1966 5404 velociusque

379 5421 449 5477 ad
469 5438 570 5479 nos
599 5424 849 5493 pervenit
888 5424 1033 5493 quod
1062 5421 1418 5481 dissimmatio
1447 5427 1704 5496 patientis
1732 5427 1965 5481 abscon—

379 5512 481 5566 dit.
512 5511 727 5581 Merito,
760 5515 975 5584 quando
1004 5526 1319 5572 cunctorum
1351 5534 1450 5573 nos
1479 5519 1775 5589 respiciunt
1803 5519 1969 5574 hesio-

380 5619 502 5672 nes;
526 5604 653 5662 dum
678 5606 809 5663 illud
834 5608 1021 5678 pietati
1044 5618 1242 5665 nostra:
1268 5611 1444 5682 perire
1485 5612 1752 5667 credimus
1774 5652 1787 5679 ,
1821 5611 1966 5681 quod

1986 3197 2111 3261 CV

2058 1881 2172 1928 tum
2200 1884 2465 1944 prmeepta
2508 1874 2924 1939 transmisimus,
2954 1882 3010 1930 et
3062 1891 3205 1930 nunc
3254 1875 3465 1930 edictali
3512 1890 3652 1945 pro-

2056 1973 2356 2035 grammate
2394 1964 2699 2031 deﬁnimus,
2753 1974 2813 2020 ut
2848 1966 3091 2035 quisquis
3121 1981 3492 2036 possessorum
3532 1966 3659 2021 sive

2057 2058 2641 2129 eurialiumgravatum
2665 2074 2724 2115 se
2744 2060 2975 2115 senserit
2994 2060 3047 2114 in
3077 2059 3251 2114 aliena
3277 2059 3467 2114 calculi
3492 2058 3656 2114 func-

2060 2151 2222 2214 tione,
2256 2150 2324 2205 ad
2354 2160 2551 2207 nostra:
2604 2151 2911 2208 serenitatis
2952 2150 3279 2207 audientiam
3316 2151 3501 2207 venire
3553 2150 3660 2205 de-

2058 2252 2354 2314 properet:
2401 2244 2655 2308 sciturus,
2686 2245 2843 2300 nobis
2886 2244 3098 2314 priores
3136 2259 3387 2299 excessus
3427 2242 3663 2298 omnino

2059 2336 2416 2409 displicuisse,
2447 2354 2570 2393 eum
2591 2338 2789 2392 viderit
2815 2336 3097 2407 profutura
3125 2337 3436 2393 succedere.
3471 2333 3665 2389 Patuit

2059 2442 2190 2497 ergo
2216 2428 2370 2484 vobis
2391 2429 2673 2484 arbitrium
2694 2428 2824 2498 justi
2865 2428 3127 2499 principis
3150 2470 3165 2494 ,
3189 2428 3432 2496 quamvis
3468 2426 3668 2481 multis

2059 2536 2277 2591 semper
2296 2521 2603 2577 declaretur
2628 2521 2856 2575 indiciis.
2904 2519 3058 2574 Nunc
3088 2527 3267 2573 autem
3296 2517 3397 2574 sub
3428 2516 3663 2571 silentio

2056 2614 2373 2683 patientiam
2420 2613 2626 2669 doloris
2679 2612 2951 2678 obducite,
3008 2619 3102 2666 aut
3140 2610 3239 2665 sub
3280 2608 3487 2679 justitia
3537 2608 3656 2663 iter

2058 2705 2208 2760 vocis
2234 2705 2458 2774 aperite.
2491 2702 2609 2758 Jam
2638 2706 2690 2759 in
2722 2704 2876 2760 vobis
2900 2704 3005 2760 erit
3045 2702 3204 2771 hujus
3252 2716 3461 2756 summa
3508 2714 3652 2754 con-

2059 2797 2184 2862 silii,
2216 2797 2411 2868 quibus
2436 2797 2650 2867 adjaeet
2688 2797 2908 2866 eligere,
2960 2795 3107 2867 quod
3153 2794 3310 2851 vobis
3348 2791 3668 2863 prospicitis

2060 2888 2339 2960 expedire.

2558 3015 2890 3073 EPISTOLA
2937 3014 3121 3070 XXVI.

2152 3129 2355 3169 FAUSTO
2386 3127 2676 3167 PRAEFECTO
2707 3124 2989 3165 PB£TOBIO
3034 3119 3402 3162 TREODORICUS
3427 3118 3559 3157 REX.

2118 3211 2223 3259 etot
2265 3205 2532 3273 quominus
2562 3198 3122 3273 Apuliaaet‘Calabrio;
3151 3196 3494 3273 negotiatores
3528 3211 3668 3273 θρη-

2136 3265 2315 3330 rentiir
2344 3265 2679 3341 imposterum
2704 3311 2719 3335 ,
2749 3270 3049 3341 debilesque
3078 3268 3143 3321 iis
3281 3266 3375 3341 Ltus
3404 3265 3670 3341 principis

2128 3335 2746 3416 jussiouesinfregerint,
2783 3335 2974 3396 multas
3010 3335 3252 3408 imponit.
3279 3335 3410 3390 Tum'
3427 3336 3670 3406 sequitur

2134 3412 2357 3469 edictum
2378 3413 2443 3467 de
2462 3412 2713 3466 ouroriis.

2137 3524 2346 3580 Nullius
2368 3522 2701 3593 compendiis
2721 3521 3054 3575 delectamur
3083 3518 3309 3587 injustis,
3337 3531 3436 3571 nec
3458 3514 3522 3569 ad
3548 3514 3670 3571 ani-

2072 3630 2218 3670 mum
2249 3622 2446 3668 nostra:
2473 3610 2687 3683 pietatis
2709 3610 3029 3681 perveniunt
3055 3622 3176 3677 quze
3204 3605 3487 3677 probitatis
3533 3618 3672 3673 grao

2070 3707 2147 3760 tia
2202 3713 2548 3760 deseruntur.
2592 3701 2913 3772 Respublica
2965 3699 3228 3769 siquidem
3272 3698 3393 3767 jure
3437 3711 3669 3767 semper

2066 3798 2336 3868 aequitatis
2363 3807 2616 3864 augetur;
2647 3803 2703 3849 et
2742 3809 2864 3849 cum
2897 3792 3252 3864 temperantia
3279 3792 3538 3860 diligitur,
3576 3805 3673 3845 ve-

2068 3887 2263 3943 lociter
2314 3884 2593 3958 profutura
2643 3884 2959 3940 succedunt.
2991 3891 3166 3953 Atque
3215 3882 3336 3937 ideo
3389 3881 3668 3936 illustrem

2067 3972 2522 4050 magniﬁcentiam
2555 3986 2720 4044 tuam,
2749 3978 3143 4048 negotiatorum
3175 3976 3381 4048 Apulia:
3403 3977 3518 4030 sive
3552 3977 3668 4033 Ca-

2070 4070 2255 4125 labriae
2276 4070 2669 4141 supplicatione
2698 4070 2951 4139 permoti,
2980 4069 3229 4124 duximus
3257 4067 3659 4134 instruendam;

2069 4170 2126 4215 ut
2157 4159 2445 4228 ﬁunuenta,
2488 4174 2607 4229 quae
2653 4175 2750 4230 per
2791 4160 3129 4229 supradictus
3156 4160 3523 4226 negotiatores
3559 4176 3668 4230 pu-

2068 4252 2209 4308 blico
2240 4260 2644 4322 comparantur,
2671 4268 2777 4307 non
2794 4253 2986 4307 iterum
3006 4253 3071 4308 ab
3084 4252 3287 4308 eisdem
3317 4254 3667 4323 interpretiit

2068 4343 2290 4397 nomine
2321 4343 2616 4398 solidorum
2639 4344 2912 4414 quantitas
2940 4345 3204 4413 exigatur.
3235 4343 3368 4398 Nam
3393 4345 3438 4399 si
3467 4359 3668 4400 coem-

2070 4442 2215 4504 ptam
2266 4433 2502 4503 speciem
2548 4433 2800 4503 expensis
2847 4433 3076 4503 publicis
3132 4434 3491 4489 necessariam
3554 4451 3664 4489 non

2073 4524 2300 4587 habetis,
2333 4525 2401 4579 ab
2432 4523 2612 4580 ofﬁcio
2639 4534 2818 4581 vestro
2846 4535 3092 4595 suscepta
3123 4526 3499 4599 modiatio[ed.
3532 4525 3662 4579 Nir.

2067 4625 2116 4669 et
2147 4613 2273 4690 ϐω,
2353 4616 2677 4688 moderatio]
2719 4616 2944 4672 ﬁdeliter
2981 4619 3342 4673 distrahatur:
3394 4628 3658 4671 eventum

2068 4706 2145 4761 rei
2172 4708 2310 4761 ratio
2342 4707 2537 4762 ﬁscalis
2595 4709 2840 4763 habitura
2894 4718 3014 4774 est,
3064 4724 3182 4778 qua:
3212 4710 3406 4778 injuste
3446 4709 3669 4763 videtur

2072 4798 2388 4867 imposuisse
2409 4801 2550 4866 quoll
2582 4801 2800 4870 respuit.
2831 4800 2998 4855 Nimis
3027 4803 3170 4855 enim
3196 4803 3438 4871 iniquum
3469 4809 3580 4867 est,
3606 4810 3666 4855 ut

2073 4888 2162 4943 ilic
2193 4890 2429 4958 patiatur
2480 4890 2842 4961 dispendium,
2898 4895 2990 4962 qui
3047 4895 3329 4965 imperium
3376 4894 3665 4949 fecitalie—

2071 4996 2222 5035 num.
2261 4980 2378 5035 l'ari
2410 4981 2722 5037 conditione
2744 4992 3028 5039 censentes
3056 4984 3123 5040 de
3151 4986 3389 5039 sextario
3411 5000 3660 5054 quoque,

2071 5086 2231 5140 quem
2266 5073 2571 5141 negotiator
2597 5074 2714 5143 ejus
2741 5075 3031 5144 provincia:
3063 5076 3272 5130 videtur
3302 5075 3503 5129 inferre
3540 5094 3553 5128 :
3592 5092 3664 5130 ne

2069 5165 2190 5232 quis
2203 5164 2664 5220 audcatdamnda
2689 5183 2900 5237 semper
2923 5170 3094 5238 pretia
3117 5179 3400 5239 protervus
3412 5168 3659 5237 exigere.

2068 5256 2133 5309 Et
2162 5265 2220 5309 ut
2243 5256 2466 5310 validius
2492 5258 2840 5311 retundamus
2871 5274 3156 5327 excessus,
3188 5275 3398 5329 [mnam
3430 5260 3656 5327 triginta

2066 5344 2320 5397 librarum
2344 5346 2456 5398 altri
2486 5345 2626 5401 sedis
2643 5356 2828 5402 vestra:
2847 5350 2949 5419 33
2964 5348 3228 5417 prtcfectis
3250 5348 3600 5419 imponimus,
3614 5347 3661 5401 si

2070 5436 2187 5503 quis
2232 5446 2420 5489 contra
2451 5436 2565 5490 lnec
2604 5439 2953 5494 saluberrima
2978 5441 3269 5495 constituta
3301 5457 3432 5494 ausu
3481 5447 3658 5492 teme-

2068 5525 2211 5579 rario
2257 5526 2442 5581 venire
2471 5529 2776 5581 tentaverit.
2806 5527 3052 5585 Oﬁicium
3082 5546 3211 5584 vero
3259 5529 3445 5585 decem
3493 5528 3663 5581 libra-

2069 5629 2186 5669 rum
2226 5616 2342 5670 auri
2371 5617 2652 5687 dispendio
2681 5634 2738 5676 se.
2762 5621 2974 5675 noverit
3002 5637 3125 5678 esse
3150 5620 3465 5687 feriendum,
3489 5617 3538 5673 si
3572 5619 3662 5671 in-

452 5819 479 5851 ι
508 5807 582 5869 Ea
612 5810 773 5869 dictio
800 5823 977 5872 exstat
1003 5814 1241 5874 etiamin
1271 5816 1524 5896 Cornelio
1554 5816 1767 5874 Valenti
1791 5815 1858 5873 de
1886 5813 2127 5908 Sum-iis,
2142 5817 2282 5874 edita
2308 5832 2336 5874 a
2370 5817 2593 5885 Pithreo,
2628 5834 2748 5891 pag.
2783 5818 2869 5875 29.
2896 5818 3014 5875 Jun.

1971 5921 1999 5947 ο
