3988 6178
465 319 566 374 563

957 427 1288 484 EPISTULA
1310 427 1480 482 XXIX
1506 437 1551 482 η.

557 540 728 582 Αβιιηε
760 538 882 577 νιιιο
912 537 1190 583 SENATURI,
1225 536 1406 575 COIHTI
1437 535 1799 576 THEODORICUS
1831 538 1954 575 REX.
1980 546 1991 554 '

465 618 698 686 Imperat
726 623 781 668 ut
812 624 1023 686 tueatur
1052 612 1249 686 prldia
1304 623 1353 667 et
1393 614 1622 686 homines
1650 612 2058 686 Mediolaneusis

541 682 792 741 Ecclesia:
814 685 954 737 intra
987 682 1224 737 Siciliam
1261 685 1603 748 constitutos;
1640 684 1744 738 vult
1788 695 1956 737 tamen
2003 695 2060 737 ut

535 757 708 812 causis
729 753 945 825 publicis
964 765 1014 806 et
1034 756 1248 823 privatis
1266 765 1445 807 contra
1467 772 1553 809 eos
1579 756 1856 825 propositis
1878 772 2058 825 quam-

533 829 757 898 primum
782 825 1147 894 respondeant.

536 942 793 1010 Quamvis
822 941 998 995 nullos
1051 940 1276 993 velimus
1303 953 1592 1008 gravamen
1623 940 1837 1011 aliquod
1894 940 2056 996 susti-

463 1051 615 1101 nere,
639 1050 776 1104 quos
797 1034 1008 1089 videtur
1036 1033 1207 1103 pietas
1238 1042 1419 1088 nostra
1453 1043 1737 1102 protegere
1763 1034 1908 1104 (quia
1960 1049 2052 1089 re-

462 1124 675 1193 gnantis
701 1130 784 1179 est
812 1122 1001 1192 gloria,
1031 1121 1397 1190 subiectorum
1426 1122 1598 1175 otiosa
1650 1123 2054 1193 tranquillitas),

464 1224 644 1270 tamen
668 1214 979 1284 specialiter
1006 1204 1276 1268 Eccb-sias
1297 1214 1364 1267 ab
1395 1214 1541 1267 onmi
1565 1213 1756 1283 injuria
1779 1214 1933 1269 reddi
1961 1231 2060 1270 cu-

463 1307 642 1375 pimus
688 1307 921 1371 alienas;
972 1305 1167 1375 quibus
1223 1304 1349 1358 dum
1404 1305 1687 1374 :equabilia
1714 1314 2056 1375 pnestantur,

467 1397 837 1453 misericordia
888 1397 1189 1452 Divinitatis
1244 1398 1558 1466 acquiritur.
1611 1397 1677 1451 Et
1709 1399 1830 1452 ideo
1855 1400 2058 1454 beatis-

467 1490 590 1544 simi
621 1490 719 1544 viri
776 1488 1045 1557 Eustorgii
1095 1489 1336 1558 episcopi
1385 1498 1589 1543 sancta:
1644 1489 2059 1545 Mediolanensis

466 1578 724 1635 Ecclesia:
746 1579 1007 1648 petitione
1036 1578 1291 1648 permoti,
1343 1579 1697 1648 prazsentbus
1729 1587 1781 1634 te
1810 1579 2058 1635 affatibus

467 1672 840 1732 admonemus,
869 1679 926 1725 ut
953 1672 1167 1740 prmlliis
1195 1673 1276 1726 vel
1308 1671 1616 1727 hominibus
1660 1674 1773 1746 [εει.
1829 1672 1951 1727 Niv.
2009 1684 2057 1727 et

469 1760 591 1827 6a.,
624 1761 943 1834 honoribus]
967 1762 1110 1817 illius
1136 1762 1389 1817 Ecclesize
1417 1764 1553 1817 intra
1584 1764 1821 1819 Siciliam
1852 1767 2059 1821 consti-

468 1854 619 1922 tutis,
673 1854 957 1909 tuitionem
1011 1854 1228 1910 studeas
1283 1855 1431 1908 salva
1483 1856 1738 1910 civilitate
1766 1867 2054 1926 prazstare;

467 1959 569 1999 nec
596 1960 625 1999 a
650 1960 919 2015 quoquam
949 1944 1231 2014 cujuslibet
1260 1946 1491 1999 nationis
1516 1946 1733 2001 homine
1755 1956 1943 2001 contra
1981 1948 2060 2001 fas

468 2036 690 2105 patiaris
738 2037 992 2106 opprimi,
1033 2053 1169 2107 quos
1194 2036 1351 2091 decet
1381 2037 1680 2093 Divinitatis
1721 2039 1915 2093 intuitu
1969 2055 2061 2094 su-

469 2125 695 2180 blevari.
724 2125 800 2181 ιω
825 2134 1026 2191 tamen,
1053 2135 1110 2180 ut
1130 2126 1307 2181 causis
1338 2127 1566 2195 publicis
1596 2135 1651 2181 et
1677 2128 1919 2196 privatis,
1940 2144 2061 2197 qua:

474 2225 666 2273 contra
708 2234 804 2274 eos
851 2219 1246 2274 rationabiliter
1295 2227 1700 2288 pmponuntur,
1730 2220 2062 2290 respondere

472 2323 583 2364 non
628 2308 924 2365 diﬂ'erant:
968 2310 1091 2379 quia
1124 2310 1262 2363 sicut
1317 2310 1568 2366 nolumus
1622 2325 1718 2365 eos
1767 2311 1834 2365 ab
1881 2312 2060 2380 aliquo

471 2400 830 2468 przegravari;
880 2399 953 2453 ita
983 2409 1242 2469 exceptos
1284 2414 1313 2453 a
1347 2401 1560 2455 tramite
1584 2400 1806 2469 justitize
1836 2417 1938 2457 non
1969 2417 2060 2471 pa-

468 2492 635 2548 timur
663 2494 912 2548 inveniri.

998 2650 1332 2705 EPISTOLA
1370 2651 1537 2706 XXX.

577 2775 783 2817 FAUS'I'O
812 2777 1105 2817 PR£FECTO
1130 2777 1409 2818 PRETORIO
1433 2777 1797 2819 THEODOBICUS
1824 2780 1950 2819 REX.

470 2868 738 2943 Eximitur
776 2869 840 2943 ab
878 2870 1455 2943 illationentributorum
1481 2888 1612 2925 unus
1634 2888 1701 2925 ex
1731 2874 2061 2943 negotiatori-

543 2941 635 2996 bus
664 2939 1075 2995 Mediolanensis
1106 2940 1358 2996 Ecclesia:
1380 2982 1395 3005 ,
1427 2943 1513 3012 qui
1540 2939 1823 3012 pauperum
1854 2946 2060 2998 seruitio

542 3012 869 3082 deputanda:
916 3022 1070 3076 erat;
1111 3028 1225 3082 qua:
1268 3010 1449 3084 gratia
1487 3010 1778 3068 Ravennati
1810 3012 2059 3069 Ecclesia:

542 3092 697 3136 antea
725 3099 970 3163 concessa
997 3084 1187 3153 fuerat.

1687 314 1756 369 Μ.
1803 315 2055 371 AUBELI

2166 314 2522 370 ASSIODORI
3605 322 3694 375 36’.

2685 428 3009 484 EPlSTOLA
3049 429 3236 485 XXXI.

2508 541 2859 580 DBOHONABIIS
2892 541 3253 580 THEODORICUS
3280 544 3399 581 REX.

2164 614 2405 693 Insiuuat
2434 634 2491 693 se
2517 619 2689 693 comiti
2709 635 2975 693 sacrarum
3005 620 3330 693 largitionum
3360 625 3633 693 prccepitse
3656 638 3702 681 ut

2234 690 2288 765 i_n
2317 687 2362 739 Η
2371 689 2626 765 ςιδήιὶεηεὶ
2654 690 2764 765 loco
2786 687 3106 765 dromonorii
3137 687 3523 765 constituantur,
3546 696 3708 765 quibus

2232 759 2463 827 ﬁscalem
2507 761 2776 826 pecuniam
2819 760 3052 813 attribuit
3088 776 3181 827 pro
3210 763 3497 816 excursibus
3520 759 3622 819 cum
3641 786 3713 822 ve-

2234 828 2454 881 redariis
2477 845 2569 897 per
2593 830 2788 882 alveum
2811 827 2947 882 Padi
2968 846 3110 883 more
3145 831 3296 884 solito
3326 833 3581 901 faciendis.

2234 939 2467 995 Publicis
2512 942 2712 997 debent
2758 942 3080 999 utilitatibus
3126 944 3375 999 insudare
3419 948 3506 1017 qui
3535 964 3707 1005 nomen

2162 1033 2360 1088 dedere
2386 1035 2606 1089 ‘militize.
2670 1035 2807 1101 Quid
2856 1037 2999 1090 enim
3031 1046 3155 1103 agat
3204 1038 3393 1102 homo,
3424 1040 3465 1095 si
3492 1040 3712 1108 professo

2162 1122 2297 1176 desit
2329 1124 2589 1192 obsequio
2615 1167 2630 1192 ,
2679 1133 2737 1178 ut
2776 1140 2875 1179 nec
2903 1125 3186 1180 commoda
3227 1128 3433 1195 privata
3470 1132 3710 1199 reperiat,

2164 1228 2263 1267 nec
2289 1212 2514 1281 gloriam
2536 1215 2871 1269 strenuitatis
2898 1216 3177 1283 acquirat?
3198 1214 3265 1270 Et
3302 1217 3419 1273 ideo
3445 1222 3615 1275 comiti
3640 1239 3714 1277 sa-

2163 1317 2375 1357 crarum
2428 1303 2773 1372 largitionum
2805 1313 2990 1360 nostra
3033 1307 3291 1377 prtecepit
3326 1311 3638 1376 auctoritas,
3667 1324 3713 1367 nt

2163 1392 2217 1446 in
2266 1392 2577 1449 Hostiliensi
2641 1396 2762 1450 loco
2826 1398 3079 1451 constitui
3137 1397 3423 1461 debeatis;
3478 1410 3717 1468 quatenus

2164 1481 2332 1536 liscali
2362 1481 2696 1539 humanitate
2720 1485 2977 1550 recreati,
3012 1502 3277 1541 excursus
3306 1503 3424 1541 cum
3454 1490 3719 1544 veredariis

2164 1588 2261 1641 per
2282 1573 2491 1627 alveum
2518 1574 2649 1629 Padi
2675 1592 2825 1631 more
2847 1577 3007 1632 solito
3032 1576 3261 1643 faciatis,
3293 1587 3351 1633 ut
3373 1579 3532 1635 diviso
3557 1581 3720 1638 labore

2162 1663 2315 1731 equis
2337 1665 2563 1732 publicis
2583 1664 2776 1720 debeat
2796 1667 3086 1730 subveniri,
3119 1668 3339 1736 quando
3368 1685 3545 1725 cursus
3566 1670 3722 1727 vester

2162 1770 2268 1807 non
2290 1757 2538 1810 atteritur
2572 1768 2591 1794 ο
2610 1798 2624 1824 ,
2649 1759 2738 1827 qui
2768 1774 2863 1827 per
2892 1760 3004 1814 vias
3034 1759 3267 1830 liquidas
3299 1763 3588 1830 expeditur.
3618 1762 3721 1818 Non

2163 1849 2305 1902 enim
2360 1850 2513 1904 vobis
2563 1852 2727 1905 nimio
2778 1852 2963 1906 labore
3004 1852 3312 1907 claudicare
3340 1855 3616 1923 contingit,
3643 1858 3721 1925 qui

2163 1940 2410 1995 manibus
2455 1940 2761 1995 ambulatis.
2787 1942 3104 1998 Vehiculum
3147 1955 3390 1998 vestrum
3438 1962 3540 2000 non
3579 1950 3718 2000 sentit

2162 2032 2438 2102 i:-.juriam,
2471 2050 2571 2089 nec
2599 2035 2867 2091 defectum
2900 2038 3101 2107 patitur
3125 2076 3140 2101 ,
3193 2038 3341 2107 quod
3384 2038 3519 2093 unda
3567 2039 3723 2109 ροιὶιιε

2162 2134 2414 2180 currente
2452 2134 2718 2196 portatur.

2665 2261 2993 2317 EPISTULA
3034 2262 3254 2318 XXXII.

2394 2391 2614 2430 SENATIII
2645 2394 2789 2431 L'RBIS
2814 2394 2970 2432 ΒΟᾺΙΑΞ
3001 2395 3373 2435 τιιευυοιιιευε
3402 2396 3521 2434 REX.

2164 2485 2407 2562 Decernit
2451 2497 2509 2541 ut
2548 2489 2623 2562 ad
2653 2490 2896 2562 paludem
2925 2490 3252 2562 Decenitonii
3278 2534 3294 2559 ,
3325 2509 3477 2561 quam
3503 2494 3727 2562 patricius

2234 2557 2422 2613 Decius
2444 2560 2809 2613 exsiccandam
2839 2561 3129 2630 postulabat
3150 2604 3166 2627 ,
3212 2557 3314 2614 duo
3337 2557 3598 2617 senatores
3621 2565 3726 2616 mit-

2236 2631 2559 2710 tantu_r,.qu.i
2601 2631 3067 2712 spatiumnpaludis
3096 2632 3223 2702 ﬁxis
3252 2632 3550 2688 adnotatum
3571 2633 3727 2687 termi-

2181 2748 2197 2765 ,
2236 2699 2335 2763 nis,
2357 2699 2495 2769 juris
2524 2700 2684 2769 ipsius
2712 2699 3098 2772 Decii‘faciant.

2236 2813 2400 2869 Grata
2424 2815 2579 2869 nobis
2614 2825 2715 2879 est,
2747 2814 2933 2871 Patres
2960 2817 3293 2889 Conscripti,
3329 2821 3470 2877 circa
3498 2821 3729 2875 utilitates

2164 2907 2405 2975 publicas
2433 2908 2671 2977 impensa
2703 2910 2919 2965 devotio
2952 2929 2965 2965 :
2997 2913 3122 2981 quia
3168 2914 3298 2968 dum
3340 2914 3533 2969 civium
3560 2911 3724 2967 lauda-

2162 3001 2297 3055 biles
2326 3002 2536 3056 animos
2580 3002 2992 3073 comprobamus
3016 3045 3029 3068 ,
3059 3004 3240 3059 locum
3279 3006 3443 3075 justis
3478 3002 3728 3060 beneficiis

2162 3094 2479 3165 reperimus.
2527 3093 2662 3159 Qllill
2690 3103 2771 3147 est
2809 3095 2951 3147 enim
2978 3103 3082 3148 tam
3108 3098 3449 3151 senatorium
3473 3137 3488 3161 ,
3518 3110 3662 3164 quam
3687 3093 3724 3147 si

542 3192 660 3249 Non
710 3193 1025 3263 praejudicat
1042 3192 1152 3262 juri
1197 3192 1416 3263 publico
1446 3193 1751 3261 personalis
1781 3195 2051 3264 exceptio,
2084 3186 2132 3249 C
2163 3186 2482 3242 utilitatibus
2507 3185 2732 3255 publicis
2754 3184 3330 3255 impendatall‘eetum,
3363 3196 3421 3240 ut
3447 3185 3609 3256 possit
3632 3197 3731 3252 pro-

471 3282 598 3354 quia
620 3282 990 3339 beneﬁcia!em
1022 3298 1143 3339 esse
1180 3282 1478 3354 principem
1504 3283 1649 3349 licet,
1680 3300 1779 3339 nec
1810 3286 1946 3339 intra
1972 3301 2057 3340 re-

472 3374 630 3443 gulas
658 3375 935 3431 constituti
983 3381 1163 3446 potest
1191 3372 1556 3429 muniﬁcentia
1603 3376 1798 3442 regalis
1834 3376 2051 3430 arctari.

467 3464 553 3522 Ira
581 3466 721 3522 levia
749 3475 1066 3523 coerceatur
1094 3467 1424 3536 gravissimis
1454 3467 1738 3533 institutis;
1773 3468 2059 3538 impatiens

468 3560 695 3616 ambitio
706 3559 829 3629 jure
856 3559 1201 3616 refrenetur:
1227 3560 1514 3615 clementia
1546 3576 1651 3614 non
1682 3560 1842 3614 habet
1861 3561 2053 3628 legem;

468 3666 572 3706 nec
600 3650 764 3707 debet
784 3652 885 3707 sub
913 3651 1154 3720 angustis
1170 3650 1413 3705 terminis
1442 3650 1671 3716 benigna
1714 3651 1863 3719 sequi
1895 3667 2055 3719 quam

469 3741 801 3815 [ed.,quem]
830 3743 989 3798 decet
1013 3743 1130 3798 sine
1152 3740 1257 3797 ﬁne
1281 3741 1504 3796 laudari.
1529 3740 1850 3797 Defensores
1880 3742 2059 3810 itaque

467 3841 832 3889 sacrosancta:
847 3832 1266 3888 Mediolanensis
1280 3831 1533 3888 Ecclesia:
1546 3848 1643 3901 pro
1661 3834 1910 3902 expensis
1927 3848 2059 3902 pau-

470 3935 696 3991 perum,
747 3937 867 3992 qua:
911 3922 1012 3977 sub
1064 3922 1200 3977 lucri
1256 3922 1674 3989 exaggeratione
1720 3921 2053 3987 funduntur,

474 4022 636 4066 unum
689 4013 793 4067 sibi
840 4027 908 4068 ex
961 4012 1395 4082 negotiatoribus
1421 4012 1568 4067 urbis
1594 4028 1703 4066 sua:
1742 4011 2058 4069 desiderant

469 4111 724 4172 oportere
752 4103 996 4173 pmstari
1024 4120 1038 4155 :
1066 4103 1157 4174 qui
1200 4102 1463 4171 emptoris
1491 4102 1708 4157 functus
1728 4102 1925 4169 oﬂicio,
1955 4118 2056 4157 ex-

468 4194 642 4266 ceptis
688 4194 1071 4262 negotiationis
1112 4193 1369 4248 oneribus
1418 4191 1612 4248 debeat
1661 4192 1885 4263 implere
1912 4192 2056 4263 quod

468 4288 714 4359 suscipit.
758 4286 886 4342 llaec
917 4286 1058 4341 enim
1091 4300 1191 4340 nos
1217 4292 1272 4339 et
1303 4284 1601 4340 Ravennati
1623 4284 1880 4340 Ecclesia:
1908 4301 2058 4341 com-

469 4388 794 4445 memorant,
831 4387 1012 4435 motos
1039 4377 1347 4433 rationabili
1376 4377 1719 4446 allegatione,
1755 4377 2007 4432 tribuisse
2039 4396 2051 4431 :

378 4491 389 4501 ·
471 4470 616 4539 quod
645 4469 862 4539 pietatis
892 4469 1196 4539 exemplum
1222 4508 1237 4534 ,
1271 4468 1339 4522 ad
1387 4484 1544 4522 suum
1573 4482 1786 4537 quoque
1813 4482 2056 4522 commo-

2162 3278 2316 3335 desse
2341 3278 2527 3348 patria:
2549 3317 2563 3338 ,
2596 3278 2679 3331 cui
2712 3284 2868 3330 natus
2916 3279 3041 3330 est?
3068 3276 3165 3331 Vir
3206 3279 3391 3347 itaque
3443 3275 3728 3344 magniﬁcus

2161 3379 2322 3439 atque
2373 3369 2632 3439 patricius
2700 3368 2931 3435 Decius,
2983 3370 3229 3437 glorioso
3295 3371 3441 3424 circa
3506 3366 3728 3436 rempub.

2160 3476 2346 3516 amore
2375 3461 2669 3523 devinctus,
2688 3459 2827 3512 ultro
2851 3460 3145 3529 postulavit
3175 3471 3311 3515 voto
3342 3459 3585 3522 mirabili,
3604 3454 3727 3526 quod

2160 3555 2248 3609 vix
2298 3553 2560 3623 potuisset
2608 3552 2706 3606 sub
2736 3552 2961 3607 consilio
3019 3561 3225 3608 nostra:
3263 3552 3485 3622 pietatis
3531 3548 3728 3619 imponi.

2166 3646 2418 3702 Paludem
2453 3645 2798 3709 Decennonii,
2833 3645 2882 3698 in
2940 3645 3114 3699 hostis
3167 3645 3399 3699 modum
3431 3643 3598 3697 vicina
3624 3655 3731 3694 vas-

2161 3748 2384 3803 tantem,
2420 3738 2692 3793 fovearum
2716 3751 2811 3790 ore
2842 3735 3113 3805 patefacto
3140 3736 3401 3806 promisit
3422 3732 3690 3789 absorbere
3717 3747 3729 3781 :

2161 3832 2306 3886 illam
2337 3829 2596 3885 famosam
2627 3828 2805 3883 smculi
2850 3829 3190 3893 vastitatem,
3223 3843 3391 3897 quam
3428 3828 3525 3882 sub
3551 3826 3733 3880 diutur-

2163 3925 2329 3978 nitate
2370 3923 2602 3977 licentia:
2649 3921 2919 3991 quondam
2959 3938 3110 3976 mare
3152 3922 3470 3993 paludestre
3515 3915 3733 3991 possedit

2164 4016 2284 4088 [ηιδ.
2330 4014 2547 4069 Rem.ct
2585 4015 2668 4068 ed.
2718 4013 2837 4080 Λα,
2864 4014 3160 4086 consedit],
3196 4016 3474 4084 cultisque
3499 4014 3623 4069 loris
3648 4010 3733 4064 ini-

2161 4105 2356 4160 micum
2386 4104 2778 4174 superfundens
2810 4104 2948 4158 unda
2997 4104 3103 4175 35
3135 4104 3409 4159 diluvium
3429 4146 3444 4170 ,
3490 4113 3733 4158 terrenam

2159 4196 2385 4264 gratiam
2416 4194 2644 4249 silvestri
2666 4194 2869 4264 pariter
2891 4194 3121 4249 horrore
3166 4193 3599 4250 confuditznihil
3626 4190 3734 4244 uti'e

2159 4287 2435 4352 nutriens,
2469 4286 2567 4340 sub
2600 4285 2811 4355 liquore
2845 4286 3136 4355 spoliatum
3165 4286 3439 4341 fructibus
3460 4293 3540 4342 est
3563 4281 3732 4341 solum.

2161 4390 2447 4452 postquam
2495 4380 2785 4433 obnoxium
2834 4379 2999 4449 cmpit
3039 4394 3163 4433 esse
3194 4379 3507 4448 paludibus.
3550 4374 3610 4427 Et
3635 4370 3735 4425 ideo

2158 4473 2416 4527 miramur
2446 4472 2633 4542 prisca:
2667 4468 3003 4524 confidentia:
3032 4470 3215 4523 virum
3239 4511 3257 4537 ,
3293 4478 3353 4523 ut
3381 4466 3525 4538 quod
3543 4465 3626 4519 diu
3646 4462 3735 4515 vir-

469 4561 597 4616 dum
627 4559 935 4631 supplicant
964 4559 1411 4615 transferendum.
1442 4560 1569 4614 Ideo
1594 4560 1814 4615 illustris
1841 4570 1895 4615 et
1920 4575 2057 4630 pra:-
2084 4562 2133 4623 D
2161 4575 2247 4621 tus
2276 4565 2488 4636 publica
2523 4562 2755 4631 refugit,
2789 4577 2978 4615 manus
3007 4562 3225 4630 privata
3261 4558 3581 4630 susceperit.
3608 4553 3736 4607 Hunc

466 4651 614 4708 celsa
641 4650 1036 4719 magniﬁcentia
1065 4659 1153 4704 tua
1179 4650 1346 4721 (salva
1371 4652 1424 4704 in
1452 4651 1570 4705 aliis
1600 4652 2055 4720 negotiationibus

468 4743 855 4801 commoditate
877 4742 1090 4813 publica
1107 4785 1122 4809 ,
1148 4758 1269 4812 qua:
1290 4743 1358 4797 ab
1387 4744 1637 4798 universo
1669 4758 1898 4813 corpore
1919 4759 2053 4799 con-

469 4834 648 4893 suevit
671 4831 880 4903 inferri)
904 4848 1069 4888 unum
1091 4835 1189 4899 eis,
1208 4848 1367 4904 quem
1382 4833 1483 4887 sibi
1499 4833 1596 4886 visi
1612 4832 1808 4887 fuerint
1828 4834 2052 4904 eligere,

469 4928 779 5000 deputabit;
810 4927 903 4997 qui
942 4927 1016 4982 ita
1062 4928 1444 4983 commercium
1495 4926 1875 4995 negotiationis
1900 4943 2055 4982 exer-

469 5029 597 5078 ceat
618 5063 633 5089 ,
665 5028 933 5092 quatenus
961 5035 1061 5074 nec
1090 5018 1385 5088 monopolii
1415 5032 1514 5073 nec
1541 5017 1829 5087 siliquatici
1858 5017 1903 5084 b,
1957 5033 2057 5074 nec

475 5111 703 5166 auraria:
716 5109 918 5180 aliquid
938 5109 1215 5183 pensionis
1234 5107 1526 5178 impendat,
1556 5108 1640 5162 vel
1656 5108 1935 5177 quodlibet
1950 5122 2062 5176 gra-

472 5220 668 5260 vamen
696 5219 763 5259 ex
792 5204 1053 5275 permissa
1077 5201 1464 5257 nundinatione
1484 5202 1762 5255 sustineat.
1782 5198 1892 5254 Cur
1914 5200 2058 5254 enim

471 5296 607 5354 illud
632 5295 905 5351 tardemus
933 5309 1191 5359 annuere,
1217 5294 1357 5350 unde
1386 5292 1529 5351 nulla
1551 5306 1836 5363 possumus
1864 5291 2059 5351 damna

472 5389 675 5447 sentire
690 5391 715 5443 Y
806 5430 849 5474 ,

507 5523 531 5548 ⁸
546 5561 571 5589 ι
596 5551 737 5624 Qitat
759 5551 905 5624 lianc
926 5552 1208 5624 epistolam
1232 5549 1494 5605 Baronius
1514 5548 1719 5605 tom.Vl
1748 5547 1964 5611 Annal.,
1985 5546 2053 5601 ad

478 5638 564 5678 an.
594 5620 722 5676 Chr.
756 5619 879 5676 504.

547 5691 573 5729 ι’
603 5690 970 5758 Siliqnaticum
1019 5702 1072 5746 et
1115 5697 1483 5758 monopolium
1534 5698 1649 5742 crat
1689 5696 2049 5743 mercatorum

475 5776 659 5813 onera.
685 5761 1054 5829 Siliqnaticum
1079 5761 1129 5813 in
1161 5762 1410 5813 nundinis
1433 5761 1665 5825 exigitur
1689 5759 1757 5811 ob
1786 5759 2051 5829 venditio:

474 5845 597 5890 ηοω
641 5827 1073 5904 proponendum,
1108 5831 1473 5900 mOtlttpttllllm
1508 5831 1573 5883 ab
1605 5846 1670 5883 eo
1700 5829 1929 5899 exigitur
1959 5827 2050 5899 qui

2161 4668 2289 4722 ergo
2340 4654 2599 4708 audacem
2652 4652 2889 4707 laborem
2951 4664 3349 4718 aggressurum
3408 4666 3468 4704 se
3514 4641 3733 4701 laudabili

2160 4747 2492 4819 perfectione
2515 4745 2783 4814 pollicitus
2812 4752 2921 4809 est;
2954 4752 3011 4796 ut
3041 4752 3322 4811 pereunte
3355 4743 3611 4798 damnoso
3635 4750 3739 4803 gnr-

2159 4842 2290 4910 gite,
2313 4854 2433 4909 qua:
2463 4837 2674 4891 fuerant
2695 4836 2908 4901 amissa,
2928 4834 3167 4898 ulterius
3195 4853 3308 4890 non
3339 4834 3587 4905 perirent.
3610 4827 3736 4882 Unde

2161 4939 2360 4988 nostra:
2389 4946 2551 5000 super
2571 4929 2675 4983 hac
2696 4936 2845 4999 parte
2865 4928 3182 4982 serenitatis
3212 4929 3462 5002 postulat
3478 4925 3735 4996 jussioncs,

2164 5033 2225 5079 ut
2252 5023 2572 5078 auctoritate
2627 5020 2835 5090 publica
2868 5019 3059 5073 subeat
3100 5035 3251 5087 opus
3295 5019 3549 5073 eximium
3575 5057 3589 5077 ,
3616 5011 3734 5081 quol

2163 5117 2267 5171 erit
2314 5114 2521 5170 cunctis
2570 5112 2836 5167 viantibus
2859 5111 3234 5181 profuturum.
3283 5111 3394 5166 Sed
3428 5127 3553 5173 nos,
3586 5106 3638 5159 P.
3664 5102 3734 5159 (3..

2163 5206 2355 5277 quibus
2395 5203 2541 5259 cordi
2570 5211 2651 5255 est
2678 5202 2872 5256 bonum
2901 5201 3241 5255 desiderium
3269 5202 3466 5269 juvare
3493 5191 3733 5253 auxiliari-

2163 5296 2261 5351 bus
2282 5294 2611 5357 constitutis,
2633 5291 2983 5361 praescntibus
3005 5289 3254 5344 decretis
3279 5291 3586 5345 annuimus.
3618 5291 3667 5336 ut
3685 5277 3739 5332 al

2163 5387 2279 5443 loca
2306 5387 2418 5457 ipsa
2470 5382 2796 5439 Decennonii
2827 5382 2963 5436 duos
2992 5396 3059 5435 ex
3088 5390 3289 5437 vestro
3318 5395 3547 5451 corpore
3573 5374 3741 5437 diriga-
3832 5394 3833 5403 ι

2166 5547 2529 5617 tnonopolinm
2578 5543 2836 5600 beneficio
2864 5544 3125 5614 principis
3157 5553 3389 5600 exercet
3415 5556 3557 5617 ,_quo
3588 5545 3741 5587 tam?"

2109 5664 2114 5670 .
2163 5620 2235 5672 nti
2269 5614 2425 5673 hodie
2457 5635 2560 5671 non
2594 5618 2718 5672 licet
2746 5633 2808 5670 ex
2835 5616 2868 5670 I.
2904 5617 2952 5677 1,
2986 5632 3029 5668 c.
3066 5616 3138 5668 de
3164 5633 3383 5684 mouop.
3422 5614 3599 5684 Πιξοςῆ.

2236 5670 2483 5741 edurat.
2522 5670 2674 5756 putat
2704 5670 2828 5741 hoc
2885 5670 3000 5741 esse
3044 5687 3203 5754 quod
3263 5670 3489 5741 vui-ator
3536 5679 3598 5731 ab
3646 5670 3740 5725 aliis

2163 5761 2366 5818 cvcclio
2400 5759 2619 5812 navalis.
