3988 6178
280 155 384 212 5‘63

1552 170 1916 230 VARIARUM
1963 169 2161 225 LIBER
2200 171 2259 225 Il.

3418 183 3539 240 56b"

250 281 342 348 tis,
373 280 569 351 quibus
592 284 1011 354 arbitrantibus,
1044 299 1304 359 quantum
1340 291 1501 362 spatii
1524 291 1847 361 restagnatis
1878 290 1924 347 Α
1953 285 2170 355 dignum
2201 282 2481 354 pncsulem
2504 290 2555 338 te
2582 283 2836 339 Romanis
2862 283 3077 339 arcibus
3118 283 3409 354 exstitisse,
3435 287 3528 357 qui

251 372 381 443 (Ed.
414 377 531 440 Ac,
564 376 796 450 negatis]
830 380 1131 440 incursibus
1159 383 1483 454 paludestris
1511 384 1723 440 illuvies
1751 401 1843 440 oc-

250 466 489 536 cupavit,
524 464 644 523 ﬁxis
686 469 931 526 terminis
958 471 1277 540 adnotetur;
1308 482 1368 529 ut
1398 490 1521 530 cum
1549 475 1616 530 ad
1645 476 1845 545 perfec-

252 557 455 612 tionem
482 558 806 628 promissam
837 564 1163 631 pervenerit,
1196 563 1475 619 liberatori
1507 580 1606 619 suo
1637 565 1843 621 reddita

253 655 397 703 terra
426 646 705 717 prolieiat;
739 665 841 704 nec
871 651 1154 721 quisquam
1179 652 1301 708 inde
1331 654 1533 723 aliquid
1557 662 1847 725 prxusumat

253 740 541 809 attingere,
564 740 707 811 quod
729 740 915 797 tandiu
943 742 1319 799 invadentibus
1350 745 1507 815 aquis
1539 760 1645 800 non
1672 745 1847 815 potuit

251 829 549 886 vindicare.

747 962 1079 1020 EPISTOLA
1117 966 1352 1022 XXXIII.

306 1068 469 1110 DECIO
495 1069 623 1108 VIBO
649 1070 898 1110 ILLUSTRI
917 1099 933 1122 ,
964 1074 1209 1114 PATRICIO
1226 1101 1241 1128 ,
1273 1075 1636 1117 THEODORICUS
1665 1076 1792 1115 REX.

258 1145 511 1200 Concedit
558 1144 719 1200 Decio
764 1148 970 1216 paludis
1021 1148 1338 1205 Decennonii
1380 1153 1702 1215 dominium;
1742 1162 1850 1206 tum

332 1215 584 1287 decernit,
612 1225 669 1268 ut
710 1215 892 1287 siquis
923 1219 1055 1271 hunc
1101 1220 1330 1275 laborem
1360 1239 1465 1275 una
1492 1240 1604 1276 cum
1646 1240 1704 1277 eo
1727 1223 1852 1277 sub-

333 1286 556 1367 eundum
584 1287 846 1367 delegerit,
876 1288 1053 1342 habita
1075 1292 1245 1359 operis
1276 1293 1633 1367 mstimatione,
1669 1294 1854 1347 habeat

325 1359 466 1425 juris
486 1359 683 1427 proprii
702 1360 874 1428 spatia
901 1376 993 1429 pro
1024 1372 1169 1431 parte
1196 1378 1349 1434 quam
1370 1365 1671 1434 susceperit.

286 1528 303 1542 .
333 1461 563 1517 Iustitia:
592 1464 729 1519 ratio
750 1474 852 1531 est,
883 1475 944 1520 ut
965 1467 1231 1525 laudabile
1251 1470 1576 1527 desiderium
1601 1482 1857 1545 sequatur

263 1557 600 1626 prosperitas
635 1556 972 1626 jussionum;
1023 1568 1077 1614 et
1102 1562 1246 1631 quod
1274 1562 1417 1618 bona
1438 1565 1714 1622 voluntate
1739 1583 1861 1622 sus-

1948 376 2226 445 generosis
2264 375 2455 429 animis
2504 375 2732 429 amicum
2778 373 3052 430 fraudibus
3099 391 3205 430 non
3253 392 3443 446 passus
3470 391 3531 431 es

1943 469 2124 523 velare
2154 476 2416 523 secretum
2444 486 2456 521 :
2490 483 2557 521 ne
2582 483 2678 522 vos
2709 477 2800 522 aut
2848 467 3042 523 delicta
3070 469 3359 540 complices
3389 471 3534 527 face-

1946 566 2087 626 rent,
2111 566 2205 612 aut
2240 558 2501 613 securitas
2522 558 2588 612 ad
2620 557 2821 627 majora
2850 559 3031 628 potius
3053 559 3325 616 incitaret.
3357 560 3533 629 Atque

1946 650 2069 705 ideo
2100 650 2351 705 universa
2389 650 2640 721 pecunia,
2665 667 2785 720 qua:
2833 651 3007 706 fuerat
3036 650 3250 707 fabricis
3278 652 3525 723 deputata

1947 741 2233 809 Romanis,
2278 751 2332 799 et
2373 759 2517 797 nunc
2572 744 2950 814 magnitudinis
2989 751 3092 798 tum
3136 744 3470 803 discussione
3504 754 3526 781 ε

1946 834 2190 889 constitit
2243 832 2541 903 abjuratam
2586 834 2765 907 [mss.,
2798 833 3126 904 adjuratam:
3159 835 3272 900 alii,
3306 834 3533 889 abdica-

1950 921 2102 993 tam],
2134 939 2256 979 cum
2286 939 2386 979 nec
2413 924 2618 979 reddita
2648 940 2747 979 suo
2776 932 3037 994 tempore,
3064 940 3163 980 nec
3189 924 3414 980 docetur
3434 941 3538 980 ex—

1950 1031 2137 1087 pensa,
2180 1015 2297 1070 sine
2332 1015 2508 1082 aliqua
2538 1015 2794 1070 dilatione
2820 1025 3145 1082 resumatur,
3176 1025 3232 1071 et
3258 1016 3413 1071 vobis
3444 1033 3533 1070 or-

1951 1106 2256 1160 dinantibus
2285 1105 2476 1158 iterum
2508 1104 2763 1160 Romanis
2792 1105 3059 1161 menibus
3083 1105 3403 1175 applicetur.
3434 1105 3531 1161 Ne-

1952 1198 2032 1255 fas
2058 1207 2140 1254 est
2168 1199 2307 1253 enim
2335 1206 2391 1252 ut
2414 1198 2466 1251 in
2497 1199 2632 1253 alios
2653 1214 2780 1253 usus
2810 1205 3087 1254 transeant
3115 1213 3235 1267 qua:
3275 1199 3379 1254 sibi
3402 1198 3538 1253 sub-

1953 1297 2126 1344 tracta
2157 1304 2267 1343 non
2294 1288 2564 1343 immerito
2596 1288 2767 1342 Roma
2798 1289 3050 1358 suspirat.
3081 1288 3415 1345 Deberemus
3440 1290 3540 1343 ita-

1955 1394 2061 1449 que
2086 1380 2349 1436 celatores
2373 1379 2640 1450 deputata:
2662 1380 2901 1450 pecunia:
2926 1379 3213 1436 immodica
3235 1395 3394 1451 pmna
3421 1397 3554 1451 per-

1957 1472 2189 1540 cellere,
2242 1470 2334 1540 qui
2384 1472 2438 1525 in
2478 1471 2568 1525 tali
2619 1485 2780 1525 causa
2833 1480 3068 1527 nostram
3118 1469 3541 1527 muniﬁcentiam

1962 1562 2353 1617 fraudaverunt
2379 1561 2482 1616 Sed
2507 1559 2674 1615 adfuit
2694 1561 3041 1628 moderatrix,
3070 1576 3282 1632 semper
3306 1577 3423 1632 qua:
3449 1577 3545 1617 no-

264 1645 485 1715 cipitur,
538 1647 808 1714 regalibus
833 1663 1050 1718 quoque
1079 1650 1504 1707 ordinationibus
1549 1653 1851 1726 impleatur.
1890 1652 1933 1711 B
1959 1654 2042 1709 bis
2081 1663 2165 1709 est
2200 1653 2407 1723 juncta,
2441 1652 2751 1718 clementia,
2786 1667 2852 1707 ne
2882 1653 3131 1707 indecore
3160 1652 3299 1708 facta
3337 1651 3538 1721 plecta-

267 1737 436 1793 Vobis
481 1740 666 1809 itaque
695 1739 962 1795 desideria
1010 1740 1156 1811 justa
1195 1745 1560 1812 poscentibus,
1611 1749 1859 1817 prmsenti

268 1831 594 1886 auctoritate
621 1832 988 1898 concedimus,
1035 1843 1092 1888 ut
1119 1836 1320 1904 stagnis
1349 1836 1679 1893 Decennonii
1706 1840 1862 1909 palu-

272 1922 541 1992 dibusque
569 1923 809 1991 siccatis,
838 1924 955 1980 sine
984 1923 1113 1991 fiscp
1144 1926 1422 1995 possideas
1451 1928 1506 1983 in
1534 1929 1707 1985 solum
1737 1946 1861 1985 rura

271 2022 560 2078 revocata;
590 2029 692 2068 nec
722 2013 884 2068 ullam
910 2022 1122 2070 metuas
1152 2016 1390 2072 liberatis
1414 2019 1576 2073 rebus
1604 2019 1862 2075 exhibere

268 2105 565 2171 culturam,
588 2120 721 2175 quas
748 2107 846 2162 sub
873 2108 1239 2175 generalitatis
1287 2109 1598 2166 testimonio
1628 2111 1862 2166 absolvi-

273 2211 407 2250 mus.
440 2194 583 2250 llinc
617 2196 777 2251 etiam
809 2196 873 2251 ad
900 2198 1285 2268 amplissimum
1307 2208 1555 2256 senatum
1592 2210 1862 2271 prtecepta

273 2286 551 2340 transmisi
574 2300 694 2351 nus,
728 2294 788 2340 ut
813 2285 1034 2343 definito
1083 2304 1226 2344 nunc
1267 2290 1444 2359 spatio
1473 2290 1541 2344 ad
1564 2298 1714 2345 tuum
1744 2291 1864 2360 pul-

272 2377 401 2432 chre
429 2385 678 2431 transeat
723 2377 1042 2447 dominium,
1098 2378 1244 2448 quod
1273 2389 1356 2436 est
1392 2396 1421 2435 a
1464 2379 1619 2437 fmdis
1642 2382 1865 2451 gurgiti-

277 2466 372 2521 bus
399 2466 759 2523 vindicatum.
791 2467 1029 2537 A'Iquum
1051 2477 1134 2524 est
1162 2471 1303 2525 enim
1326 2479 1387 2525 ut
1426 2471 1712 2541 unicuique
1735 2488 1863 2542 pro-

279 2558 419 2612 liciat
448 2557 608 2612 labor
634 2573 761 2612 suus
785 2567 831 2624 ll;
862 2568 919 2613 et
940 2560 1079 2614 sicut
1105 2560 1458 2630 expendendo
1479 2563 1755 2631 cognoscit
1786 2562 1865 2617 in-

276 2648 589 2717 commoda,
620 2649 692 2704 ita
717 2649 877 2705 rebus
902 2650 1154 2721 perfectis
1176 2662 1539 2723 consequatur
1560 2665 1865 2723 augmenta.

278 2738 414 2796 Illud
444 2741 635 2807 etiam,
664 2742 757 2810 qui
801 2743 979 2797 studio
1024 2744 1232 2814 reipub.
1266 2760 1481 2816 semper
1509 2747 1866 2815 invigilamus,

281 2832 626 2901 aspeximus;
659 2841 717 2886 ut
745 2833 787 2887 si
827 2834 949 2902 quis
989 2834 1133 2891 hunc
1181 2836 1421 2891 laborem
1465 2837 1648 2905 juncta
1694 2846 1868 2893 tecum

276 2923 546 2978 societate
574 2925 755 2980 subire
783 2925 1058 2995 delegerit,
1082 2926 1268 2981 habita
1296 2929 1474 2997 operis
1492 2928 1866 2995 aestimatione,

1961 1760 2080 1800 mus
2101 1745 2335 1814 graviter
2361 1746 2617 1800 incitante
2641 1742 2868 1814 justitia.
2899 1741 3141 1798 Sufficiat
3170 1743 3325 1798 nobis
3347 1741 3553 1813 cupidi-

1965 1844 2128 1891 tatem
2168 1852 2272 1890 non
2325 1837 2603 1906 implesse,
2636 1835 2780 1905 quod
2812 1835 2996 1890 voluit.
3030 1834 3141 1889 Nec
3167 1837 3343 1905 major
3368 1841 3544 1908 potest

1962 1927 2249 1999 provenire
2302 1913 2539 1981 vindicta
2567 1968 2585 1994 ,
2632 1926 2847 1997 quando
2896 1926 3040 1981 velut
3082 1926 3301 1996 propria
3338 1925 3539 1980 videtur

1963 2017 2209 2088 perdere,
2242 2017 2334 2087 qui
2372 2032 2431 2073 se
2472 2030 2755 2087 suppressa
2787 2016 3015 2085 turpiter
3053 2015 3388 2085 judicaverat
3417 2015 3542 2088 [ed.,

1962 2104 2349 2179 vindicaverat]
2377 2108 2673 2178 possidere.

2464 2239 2798 2297 EPISTOLA
2836 2240 3053 2298 XXXV.

2139 2353 2378 2393 TANCILE
2409 2351 2532 2391 VIRO
2559 2349 2820 2391 SBNATORI
2849 2347 3211 2388 TRBODORICUS
3236 2349 3362 2387 REX.

1965 2431 2220 2485 Admonet
2257 2437 2313 2482 ut
2356 2429 2618 2499 perquirat
2645 2435 2880 2499 statuam,
2900 2441 3099 2479 teneam
3127 2424 3191 2478 de
3231 2426 3434 2479 civitate
3458 2423 3567 2499 Cof

2035 2501 2200 2555 mensi
2246 2502 2384 2571 furto
2420 2497 2663 2571 ereptam,
2713 2497 3017 2564 promittens
3060 2505 3260 2549 centum
3290 2510 3477 2550 aureos
3502 2497 3560 2549 ei

2040 2573 2126 2642 qui
2158 2567 2297 2641 furta
2322 2567 2628 2639 prodiderit.

2040 2661 2306 2717 Acerbum
2337 2658 2493 2713 nimis
2521 2665 2604 2712 est
2631 2656 2826 2711 nostris
2855 2656 3186 2725 temporibus
3211 2657 3552 2727 antiquorum

1969 2753 2109 2808 facta
2136 2751 2447 2806 decrescere
2466 2790 2478 2811 ,
2511 2748 2599 2815 qui
2630 2756 2877 2802 ornatum
2909 2746 3118 2799 urbium
3148 2747 3386 2816 quotidie
3414 2747 3556 2802 desi-

1970 2844 2221 2897 deramus
2251 2853 2465 2906 augere.
2493 2838 2755 2904 Quocirca
2784 2837 3136 2906 prmsentibus
3158 2845 3212 2890 te
3228 2836 3557 2905 jussionibus

1972 2931 2343 2992 admonemus,
2372 2936 2432 2982 ut
2456 2928 2523 2982 de
2545 2926 2797 2981 Comensi
2827 2926 3045 2981 civitate
3072 2941 3275 2981 aeneam
3303 2935 3555 2993 statuam,

279 3014 482 3071 habeat
507 3015 644 3084 juris
669 3017 874 3086 proprii
905 3019 1079 3087 spatia
1106 3034 1206 3088 pro
1233 3027 1387 3089 parte
1418 3034 1577 3088 quam
1603 3020 1824 3089 suscipit
1854 3038 1867 3071 :
1899 3012 1946 3075 C
1976 3035 2096 3090 qua:
2114 3018 2339 3088 periisse
2360 3017 2683 3086 suggeritur,
2711 3016 2857 3070 omni
2881 3016 3223 3071 animositate
3251 3018 3555 3089 perquiras:

282 3113 339 3160 ut
378 3121 483 3161 nec
508 3106 655 3162 solus
677 3107 955 3162 immensis
977 3108 1232 3164 oneribus
1261 3111 1627 3178 praegraveris,
1659 3121 1714 3164 et
1757 3111 1877 3163 ani-

281 3197 493 3251 mosius
541 3206 851 3265 peragatur,
905 3198 1047 3268 quod
1088 3200 1187 3254 sub
1217 3200 1427 3268 collegii
1473 3200 1814 3268 adjuvatione
1846 3199 1871 3238 δ

281 3286 600 3356 suscipitur.
627 3284 704 3341 Ita
729 3287 822 3343 tiet
848 3298 906 3342 ut
931 3297 1004 3353 et,
1029 3305 1148 3360 qua:
1171 3290 1331 3345 rebus
1358 3290 1603 3346 maximis
1627 3300 1712 3346 est
1735 3294 1873 3346 ami-

284 3394 372 3448 ca,
414 3379 640 3434 molesta
686 3390 934 3435 careatur
970 3383 1187 3437 invidia.
1235 3382 1575 3453 QuaprOpter
1628 3384 1875 3453 gloriosis

280 3469 572 3526 desideriis
616 3480 891 3540 gratanter
933 3473 1063 3546 (ed.,
1094 3476 1376 3546 navanter)
1409 3475 1625 3542 insiste,
1660 3490 1728 3530 ne
1758 3476 1875 3546 opi-

282 3562 435 3617 nioni
465 3571 571 3617 tua:
598 3577 760 3631 grave
803 3565 874 3619 sit
911 3565 963 3619 in
993 3567 1282 3636 assumptis
1311 3567 1591 3622 conatibus
1614 3568 1874 3623 marcuis-

281 3668 365 3709 se.
398 3653 615 3709 Intuere
666 3655 865 3725 quippe
894 3656 1130 3710 omnium
1161 3672 1276 3719 ora,
1331 3664 1493 3726 atque
1523 3657 1709 3711 oculos
1740 3657 1792 3711 in
1824 3665 1876 3713 te

284 3761 411 3802 esse
438 3763 771 3813 conversos;
816 3749 1022 3819 respice
1052 3749 1360 3804 serenitatis
1390 3757 1587 3803 nostra:
1617 3764 1877 3820 suspensa

278 3836 485 3907 judicia
537 3838 607 3891 ad
657 3838 908 3894 effectum
957 3841 1137 3909 operis
1185 3840 1435 3895 instituti.
1467 3842 1678 3904 Quanta
1729 3841 1877 3894 vales

285 3928 637 3983 animositate
666 3929 881 3994 festina,
925 3940 982 3983 ut
1011 3929 1200 3998 dignus
1231 3938 1377 3983 tanta
1405 3945 1460 3983 re
1481 3930 1767 3984 emersisse
1791 3929 1881 3998 ju-

286 4020 527 4090 diceris,
574 4023 668 4092 qui
703 4024 814 4091 jam
869 4037 1015 4079 nunc
1062 4023 1300 4078 omnium
1356 4021 1715 4076 admiratione
1763 4021 1879 4075 lau-

286 4111 458 4169 daris.

779 4245 1112 4303 EPISTULA
1149 4197 1386 4299 XXIEIV.

399 4354 740 4395 Δκτειιυοιιο
762 4350 1053 4394 ΡΒΕΓΕΕΤΟ
1082 4354 1227 4393 URBIS
1256 4351 1617 4391 THEODORICUS
1645 4354 1769 4393 REX.

286 4448 491 4505 Statuit
535 4460 592 4504 ut
650 4453 867 4522 pecunia
909 4452 1121 4522 fabricis
1163 4449 1416 4505 Romanis
1464 4447 1739 4522 deputata,
1790 4468 1881 4505 nec

364 4537 615 4593 expensa,
651 4520 755 4577 'sed
781 4520 1079 4593 subtracta,
1103 4531 1410 4593 resumatur.
1439 4527 1488 4573 et
1519 4520 1767 4593 iuuenibus
1796 4538 1876 4575 re-

362 4591 599 4659 ﬁciendis
655 4595 958 4662 applicetur.
992 4591 1254 4646 Celatores
1303 4591 1457 4661 hujus
1494 4591 1724 4661 pecunia:
1772 4592 1883 4662 ple-

363 4663 577 4804 πειρίας
606 4663 813 4735 quidem
849 4666 1059 4735 fatetur,
1113 4664 1241 4732 ipsis
1273 4672 1443 4716 tamen
1482 4664 1757 4719 clementer
1794 4663 1880 4716 iu-

490 4747 562 4788 et.

490 4747 562 4788 et.

363 4829 677 4886 Gaudemus
702 4827 755 4883 in
786 4836 840 4883 te
890 4836 1073 4885 nostra
1103 4827 1350 4886 ﬂoruisse
1372 4830 1604 4901 judicia;
1636 4829 1883 4885 laetamur

368 5019 393 5047 ι
418 5009 781 5079 Augmentum
834 5008 1144 5079 patrimonii
1175 5024 1280 5065 non
1310 5008 1427 5063 sine
1477 5006 1663 5079 labore
1689 5007 1884 5079 quatri-

286 5092 403 5136 tur.
432 5079 491 5133 L.
512 5076 568 5134 si
600 5076 904 5147 defunctus,
934 5095 985 5135 c.
1016 5079 1172 5134 arbit.
1233 5081 1316 5133 tit.
1347 5076 1799 5148 quemadmodum
1830 5083 1886 5131 et

400 5151 544 5204 unia.
572 5149 633 5203 L.
664 5148 807 5217 quod
836 5146 895 5205 si
916 5152 1105 5215 urinor,
1137 5166 1182 5206 s.
1208 5146 1469 5212 Saevela,
1494 5146 1556 5201 D.
1587 5146 1654 5201 de
1684 5146 1880 5200 minor.

400 5166 544 5204 unia.
572 5166 633 5203 ι..
664 5166 807 5217 quoa
836 5166 880 5205 SI
916 5166 1105 5215 unnor,
1137 5166 1182 5206 s.
1208 5166 1469 5212 baevera,
1495 5166 1556 5201 υ.
1587 5166 1654 5201 ue
1684 5166 1880 5200 mmor.

284 5166 561 5277 biturum
591 5220 974 5290 ecclesiastica.
991 5236 1108 5289 cap.
1124 5236 1305 5290 super.
1322 5220 1389 5274 de
1418 5225 1632 5274 reuunt.
1647 5217 1886 5290 bonoris

284 5299 608 5359 augmenta.
670 5288 729 5346 L.
761 5300 952 5345 contra
992 5287 1282 5360 publicam,
1323 5306 1371 5360 cf.
1403 5290 1470 5344 de
1498 5305 1558 5343 re
1588 5287 1741 5342 milit.
1782 5288 1888 5360 _sti-

328 5357 494 5414 endia
548 5360 711 5432 longo
748 5360 962 5415 sudore.
993 5357 1074 5415 'L.
1114 5361 1207 5415 lin.
1249 5377 1298 5416 c.
1329 5359 1397 5415 de
1440 5374 1588 5415 omn.
1620 5371 1735 5426 agr.
1764 5357 1879 5413 des.

336 5448 487 5488 805$.

372 5500 404 5539 ιν
432 5499 604 5555 Juret.
639 5500 770 5570 legit
796 5499 1126 5555 adunatione.
1158 5499 1232 5555 Ea
1263 5518 1368 5557 vox
1400 5500 1649 5570 frequens
1674 5497 1888 5570 Cassio-

287 5570 459 5634 doro,
489 5578 554 5642 ut
576 5568 777 5642 lib.giv,
808 5588 892 5640 cp.
918 5571 990 5624 '55
1026 5580 1080 5626 et
1104 5571 1192 5635 '56,
1223 5582 1275 5629 ct
1301 5574 1392 5630 lib.
1424 5590 1477 5641 ν,
1498 5568 1589 5642 ep.
1622 5570 1675 5633 ‘5,
1707 5577 1761 5625 et
1793 5568 1883 5626 lib.

288 5654 383 5710 In,
414 5657 501 5714 ep.
534 5640 587 5697 l.
614 5640 859 5697 Adunate
888 5641 1194 5699 sententias.

1909 4381 1959 4439 ι)

1975 3109 2247 3181 spondens
2290 3109 2451 3163 etiam
2482 3115 2694 3162 centum
2724 3122 2918 3163 aureos
2958 3105 3009 3174 ά,
3037 3107 3081 3163 si
3110 3108 3229 3179 quis
3256 3110 3371 3164 bace
3390 3110 3559 3165 sacri-

1975 3204 2092 3271 lega
2113 3200 2345 3272 prodere
2375 3199 2513 3255 furta
2543 3199 2821 3266 maluerit;
2854 3208 3119 3268 quatenus
3146 3201 3427 3270 promissio
3458 3217 3556 3256 no-

1974 3300 2100 3347 strae
2135 3289 2441 3345 serenitatis
2470 3289 2708 3358 trepidos
2735 3289 2801 3342 ad
2851 3305 2998 3359 spem
3030 3289 3387 3345 confessionis
3413 3291 3556 3346 invi-

1975 3390 2072 3444 tet,
2098 3380 2242 3449 quod
2275 3378 2536 3434 etiam'ad
2567 3387 2621 3434 te
2647 3379 2912 3434 destinata
2944 3380 3117 3434 edicta
3141 3382 3557 3452 proloquuntur.

1976 3473 2080 3528 Sed
2102 3488 2222 3528 cum
2268 3472 2383 3528 haec
2409 3480 2587 3526 tamen
2630 3471 2778 3541 jussa
2810 3470 3254 3541 promulgaveris,
3288 3471 3331 3526 si
3384 3470 3563 3526 adhuc

1977 3566 2185 3623 facinus
2222 3572 2431 3619 secreta
2473 3562 2802 3629 velaverint,
2860 3571 2983 3633 post
3030 3564 3171 3618 diem
3202 3562 3562 3618 venerabilem

1977 3659 2219 3714 locorum
2262 3655 2496 3712 artifices
2540 3655 2705 3711 facias
2751 3657 3067 3726 congregari
3102 3674 3116 3711 :
3163 3671 3193 3710 a
3242 3657 3436 3725 quibus
3464 3656 3564 3710 sub

1982 3758 2191 3805 terrore
2212 3748 2465 3820 perquire
2484 3762 2591 3816 quo
2614 3748 2860 3802 ministro
2888 3749 3047 3803 fuerit
3068 3755 3457 3817 perpetratum.
3482 3747 3563 3801 Ah

1980 3840 2242 3910 imperitis
2271 3840 2414 3894 enim
2445 3840 2634 3893 harum
2686 3853 2865 3893 rerum
2915 3847 3107 3894 statum
3154 3838 3322 3895 facilis
3349 3839 3562 3894 eversio

1980 3947 2088 3987 non
2118 3930 2322 3995 fuisset,
2353 3930 2454 3985 nisi
2484 3944 2606 3985 eam
2631 3936 2889 3985 tentasset
2915 3943 3134 3984 movere
3162 3928 3284 3986 loco
3313 3928 3565 3998 magistra

1981 4022 2349 4092 praasumptio.

2391 4155 2501 4225 36
2530 4151 2867 4208 EPISTOLA
2903 4151 3143 4217 xxxvr,

2295 4260 2410 4300 εινε
2449 4261 2681 4300 EDICTUM
2715 4259 3035 4299 THEODOBICI
3069 4258 3241 4298 REGIS.

1990 4340 2252 4418 Promittit
2271 4356 2373 4418 rea:
2402 4350 2603 4394 centum
2633 4354 2818 4391 aureos
2838 4346 2887 4391 et
2928 4338 3162 4418 criminis
3188 4336 3569 4418 indulgentiam

2057 4413 2106 4465 ei
2145 4412 2231 4483 qui
2262 4412 2453 4481 furtum
2496 4418 2685 4483 stature
2730 4422 2888 4483 amem
2920 4415 3101 4483 sponte
3141 4405 3405 4483 retexerit.
3440 4405 3572 4483 Tum

2056 4477 2325 4535 minitatur
2360 4488 2572 4533 mortem
2617 4480 2663 4532 ei
2692 4480 2776 4550 qui
2806 4477 3043 4531 celaverit
3070 4478 3294 4549 culpam,
3327 4488 3377 4531 et
3399 4477 3570 4531 alieno

2055 4552 2249 4607 indicio
2274 4550 2501 4605 detectus
2531 4550 2703 4622 fuerit.

2054 4642 2311 4710 Quamvis
2354 4642 2420 4697 ad
2450 4640 2808 4711 proditionem
2861 4640 3083 4696 sceleris
3127 4640 3370 4696 relaxata
3409 4637 3570 4693 nimis

1985 4751 2144 4808 paena
2165 4735 2416 4801 suﬂiciat,
2450 4749 2551 4789 nec
2572 4749 2795 4804 parvum
2837 4733 2905 4787 sit
2935 4749 3129 4788 munus
3178 4731 3411 4788 audacia:
3437 4745 3570 4799 sup-

1984 4828 2129 4899 plicii
2152 4827 2453 4883 declinasse
2479 4834 2763 4894 terrorem,
2785 4823 3033 4881 addimus
3054 4833 3235 4879 tamen
3266 4822 3567 4893 praemium,

2066 5020 2088 5049 ε
2122 5009 2197 5064 De
2218 5012 2370 5076 cujus
2398 5009 2609 5062 ratione
2645 5008 3004 5076 praescribitur
3029 5004 3366 5076 imperatoris
3396 5003 3575 5061 Zeno-

1993 5081 2075 5201 gis
2102 5074 2436 5201 col‘ustitutio,
2467 5078 2561 5133 lib.
2611 5074 2681 5133 vn
2728 5077 2852 5133 cod.
2884 5077 2951 5132 de
3001 5074 3249 5131 ratiocin.
3291 5090 3443 5146 oper.
3477 5091 3576 5146 pu-

2052 5166 2116 5201 ιε.
2194 5166 2316 5201 ORN.

1990 5151 2116 5206 blic.
2153 5151 2316 5204 Fons.

2062 5219 2087 5257 ά
2121 5219 2341 5273 Furtum
2388 5216 2644 5272 iudicanti
2693 5218 2971 5286 prmmimn
3017 5214 3376 5286 proponitur,
3431 5212 3577 5286 quod

1993 5300 2050 5346 et
2092 5289 2213 5357 jure
2254 5289 2328 5341 lit.
2360 5287 2417 5341 L.
2464 5288 2537 5350 .6,
2571 5283 2765 5349 solent,
2811 5287 2877 5341 de
2907 5283 3090 5357 prmSc.
3125 5283 3299 5357 verb;
3329 5284 3366 5339 I.
3416 5283 3503 5357 {3,
3531 5283 3578 5357 si

1993 5355 2346 5415 Balsatoram.
2380 5375 2428 5412 c.
2457 5358 2520 5410 de
2549 5358 2805 5426 ﬁdcjuss.;
2840 5357 2874 5410 Ι.
2898 5355 2951 5420 lt,
2975 5356 3010 5410 I.
3044 5358 3098 5426 ξι,
3128 5357 3191 5411 D.
3222 5355 3290 5409 de
3316 5355 3476 5410 cond.
3507 5355 3579 5426 ob

1997 5440 2101 5485 tur.
2131 5445 2279 5484 caus.
2312 5426 2377 5480 Et
2403 5422 2627 5481 Athenis
2648 5422 2910 5483 usitatum
2941 5443 3005 5482 ex
3036 5422 3213 5482 suum
3233 5422 3579 5481 collcetaneia

1998 5501 2050 5556 in
2086 5500 2331 5572 Diagora.
2362 5496 2521 5552 Melie
2550 5496 2953 5572 et_Ammonio,
2987 5496 3038 5552 in
3060 5497 3296 5554 dictione
3332 5495 3569 5572 ἐπικηρύ-

1998 5575 2080 5630 Eat
2108 5570 2450 5626 manifestum
2480 5576 2579 5624 est.
2615 5567 2849 5624 FORNER.
