3988 6178
428 306 530 365 567

1650 288 1722 343 Μ.
1765 283 2034 342 ΑΕΚΕΗΙ
2074 277 2465 339 CASSIODORI

3564 261 3696 324 568‘s

427 419 571 489 quod
596 415 795 471 habere
848 412 1149 467 innocentia
1205 407 1341 463 solet
1372 425 1383 457 :
1429 421 1533 458 non
1564 403 1686 473 quia
1716 399 2000 456 commissa
2033 405 2076 463 Α
2105 395 2387 450 solutionis
2409 390 2642 447 accedit:
2674 388 2763 460 qui
2793 386 3102 443 memoratis
3134 381 3560 455 negotiatoribus
3587 395 3687 436 no-

429 507 768 579 placuerunt,
795 500 885 555 sed
909 499 1144 554 delectat
1166 512 1265 552 nos
1295 494 1574 549 muniﬁcos
1599 506 1719 547 esse
1740 490 1792 545 in
1822 501 2005 542 amore

429 578 697 654 vindictae.
731 597 1069 663 QuaprOpter
1120 586 1398 658 praesentis
1445 582 1604 638 edicti
1643 578 2009 648 unusquisque

429 687 753 743 auctoritate
801 688 1111 753 cognoscat,
1160 687 1372 732 centum
1425 690 1484 729 se
1535 686 1729 727 aureos
1759 669 2008 737 largitate

432 786 616 833 nostra
645 773 962 847 promereri,
993 772 1036 826 si
1074 769 1267 840 prodat
1292 768 1380 836 qui
1404 776 1635 821 statuam
1665 763 1731 818 de
1759 760 2007 816 Comensi

434 869 657 924 civitate
686 867 954 938 rapuerit;
985 872 1041 919 et
1069 864 1134 917 de
1160 877 1257 916 suo
1286 860 1427 915 facto
1458 858 1625 931 (quod
1654 856 1886 911 maxime
1909 871 2009 911 no-

433 977 562 1016 cens
602 958 848 1028 requirit)
901 953 1286 1024 indulgentiam
1342 967 1400 1007 se
1448 950 1658 1006 noverit
1685 950 2008 1004 habiturum.

437 1050 634 1105 Damus
664 1050 716 1103 in
744 1062 896 1102 aeneo
924 1043 1241 1115 compendio
1264 1056 1482 1096 aureum
1505 1055 1725 1097 munus:
1750 1048 1805 1093 et
1825 1036 2014 1091 metal—

435 1142 511 1207 la,
540 1155 658 1211 qum
688 1137 928 1193 invenire
947 1148 1231 1205 possumus
1261 1132 1596 1202 pretiosiora,
1624 1129 1878 1197 largimur
1902 1144 1913 1177 :
1952 1125 2014 1179 il-

442 1231 530 1285 lud
570 1230 747 1299 potius
794 1228 897 1282 bac
948 1224 1267 1282 liberalitate
1297 1222 1640 1285 rcdimentes,
1670 1234 1737 1272 ne
1777 1223 2015 1271 transeat

439 1324 491 1376 in
523 1336 698 1383 usum,
731 1318 874 1388 quod
920 1323 1135 1372 constat
1189 1329 1306 1368 esse
1344 1311 1693 1383 prohibitum.
1724 1306 1854 1375 Quis
1882 1319 2015 1374 ergo

442 1423 587 1468 tanta
619 1412 857 1467 stultitia:
912 1409 1150 1464 czecitate
1179 1407 1480 1467 damnetur,
1506 1409 1563 1457 ut
1610 1401 1817 1456 dubitet
1845 1412 2018 1451 erum-

440 1520 590 1576 pere,
637 1503 850 1572 quando
906 1508 961 1555 et
1000 1499 1342 1554 securitatem
1398 1495 1617 1566 reperit,
1646 1503 1701 1547 et
1740 1491 2014 1562 praemium

440 1590 793 1649 confessionis
839 1589 1102 1658 acquirit?
1141 1587 1197 1642 Si
1225 1587 1344 1655 quis
1370 1594 1548 1639 autem
1576 1579 2015 1638 dissimulandum

442 1689 581 1741 torte
604 1683 909 1745 crediderit,
940 1694 1167 1748 eumque
1188 1678 1368 1746 aliquo
1389 1675 1630 1729 veritatis
1655 1673 1853 1727 indicio
1873 1684 2019 1725 sere-

445 1783 584 1837 nitas
613 1787 798 1834 nostra
827 1775 1109 1838 detexerit,
1142 1772 1329 1826 ultimo
1371 1786 1430 1826 se
1479 1769 1690 1824 noverit
1716 1764 2018 1821 discrimine
2049 1756 2096 1819 Β

448 1882 471 1911 ⁸
506 1870 839 1942 rapiendum.
869 1867 1147 1935 Indignum
1176 1872 1256 1918 est
1275 1863 1416 1919 enim
1448 1872 1507 1916 ut
1533 1862 1622 1932 qui
1664 1868 1919 1927 respuunt
1941 1857 2022 1910 in-

447 1962 773 2031 dulgentiam
800 1966 1061 2024 nostram,
1091 1954 1315 2010 detectis
1349 1962 1535 2024 p0stea
1576 1949 1891 2018 sum-agetur
1920 1948 2022 2002 bu-

453 2052 704 2109 tnanitas.

916 2177 1251 2237 EPISTOLA
1286 2172 1553 2230 XXXVII.

550 2290 750 2332 ηυξ»το
778 2287 1067 2328 PRA'ZFECTO
1096 2282 1376 2325 Ριιιετοιιιο
1406 2276 1767 2320 ταεοῡοιιιευδ
1792 2274 1916 2315 REX.

450 2368 693 2425 Consedit
721 2382 813 2420 rea:
844 2363 1124 2433 Spoletinis
1171 2360 1361 2433 civibus
1408 2355 1865 2433 adem/tibitionem
1900 2352 2030 2404 ther-

552 2452 752 2494 marum
780 2425 936 2504 supra
974 2430 1409 2491 consuetudinem,
1443 2428 1599 2480 aliam
1631 2425 1915 2478 milienam.

526 2548 841 2603 Proveetum
864 2545 968 2617 led.
987 2586 1000 2608 ,
1026 2538 1375 2609 Proventum]
1420 2538 1566 2605 regni
1589 2538 1758 2590 nostri
1788 2532 2031 2599 benigni-

451 2645 535 2691 tas
563 2635 721 2691 debet
746 2633 1006 2696 aemulari,
1042 2638 1100 2684 ut
1130 2637 1334 2683 tantum
1363 2626 1666 2680 humanitas
1701 2624 1903 2678 relaxet
1933 2622 2031 2676 do—

452 2742 522 2780 na
560 2732 817 2793 quantum
870 2720 1084 2790 respub.
1127 2717 1365 2786 suscepit
1409 2722 1714 2783 augmenta.
1746 2712 1862 2766 Non
1890 2713 2032 2766 enim

453 2815 611 2870 aliter
635 2813 905 2867 laudatum
935 2808 1151 2865 modum
1201 2822 1485 2875 possumus
1514 2804 1805 2871 custodire,
1836 2803 1935 2857 nisi
1966 2805 2031 2855 ad

454 2902 945 2962 considerationem
972 2914 1149 2954 rerum
1199 2905 1441 2952 nostrum
1471 2895 1760 2950 debeamus
1800 2895 2035 2949 excitare

452 2997 806 3071 propositum.
835 2994 980 3048 Inter
1000 3000 1080 3047 tot
1104 2991 1246 3046 enim
1276 2988 1533 3060 quotidie,
1557 2987 1665 3041 Deo
1688 2987 2034 3058 propitiante,

454 3101 751 3151 Successus,
785 3082 1085 3138 tenacitatis
1133 3090 1275 3136 esset
1305 3079 1489 3134 vitium
1536 3087 1760 3147 angusta
1792 3078 2033 3143 largitate
2061 3113 2105 3174 Ο

455 3180 786 3230 contentum.
826 3172 1001 3241 Atque
1047 3171 1166 3225 ideo
1219 3166 1442 3223 illustris
1495 3167 1886 3235 magniﬁcentia
1948 3178 2032 3220 tua

456 3264 706 3336 ιιι-ωεξηιί
736 3264 1058 3319 auctoritate
1078 3269 1386 3330 cognoscat,
1419 3258 1709 3329 Spoletinis
1736 3257 1939 3313 civibus
1968 3256 2035 3310 ad

459 3356 843 3412 exhibitionem
891 3355 1216 3408 thermarum
1269 3351 1497 3423 [Accur.,
1547 3346 1846 3417 tertiarum]
1874 3362 2035 3417 supra

458 3446 923 3513 consuetudinem,
971 3445 1128 3498 aliam
1158 3442 1428 3497 millenam
1483 3456 1604 3496 esse
1655 3440 2033 3510 deputandum.

461 3539 719 3609 Cupimus
752 3539 893 3592 enim
923 3537 1152 3591 libenter
1180 3533 1486 3602 impendere
1513 3545 1631 3600 quae
1660 3530 1725 3583 ad
1754 3528 2038 3584 salubrita-

467 3640 575 3687 tem
620 3631 814 3687 civium
855 3630 1103 3685 novimus
1148 3627 1461 3698 pertinere:
1507 3624 1631 3692 quia
1686 3621 1870 3675 laudes
1914 3629 2039 3673 sunt

464 3732 775 3781 nostrorum
800 3729 1125 3793 temporum,
1148 3718 1416 3774 celebrata
1440 3713 1631 3782 gaudia
1660 3709 1999 3781 populorum.

920 3847 1254 3905 EPISTOLA
1289 3842 1571 3901 XXXVIII.

567 3979 773 4020 ιελυετο
801 3977 1091 4018 ΡΒᾹΞΡΕΟΤΟ
1121 3973 1400 4015 ΡΜΤΟΜΟ
1430 3971 1796 4012 τηεουοιυειιε
1824 3972 1949 4011 REX.

466 4055 718 4112 Prohibet
752 4070 816 4107 ne
844 4053 1109 4124 Sipontini
1137 4051 1481 4172 negotiatores
1511 4047 1729 4101 hostium
1761 4046 2042 4116 depopula-

535 4128 673 4172 tione
700 4123 906 4172 vastati-
933 4140 1022 4172 per
1054 4123 1166 4172 inae
1225 4121 1450 4172 ienninm
1481 4118 1542 4171 ob
1565 4117 1869 4171 solutionem
1900 4118 2034 4172 ﬁsci.

535 4128 673 4180 tione
700 4117 918 4189 vastati,
932 4140 1022 4192 per
1043 4123 1166 4192 jnge
1193 4117 1450 4173 Eienninm
1481 4118 1542 4171 ob
1565 4117 1869 4171 solutionem
1897 4118 2034 4187 ﬁsci,

452 4210 455 4229 έ
534 4204 585 4249 et
613 4194 676 4249 ob
704 4210 763 4248 ea
784 4208 897 4265 ante
922 4202 1096 4245 mutuo
1126 4199 1428 4258 acceperant
1460 4198 1721 4241 vexentur.

537 4287 679 4358 Opes
699 4293 909 4341 nostras
937 4283 1179 4353 cupimus
1211 4281 1462 4335 thesauro
1481 4279 1698 4348 pietatis
1722 4278 1932 4347 augeri:
1958 4294 2043 4331 ox-

468 4383 743 4434 secrantes
789 4373 1091 4439 commoda,
1142 4386 1261 4441 quae
1292 4369 1444 4423 nobis
1484 4379 1799 4423 vexatorum
1847 4367 2044 4421 fuerint

2106 493 2327 541 scuntur
2357 492 2626 537 mutuasse
2654 480 2959 550 pecuniam,
2991 474 3252 531 celsitudo
3283 484 3371 526 tua
3400 472 3561 525 faciat
3589 470 3690 525 ad-

2108 573 2313 629 moneti
2343 587 2409 627 ne
2427 569 2481 621 in
2509 572 2613 625 hoc
2639 567 2839 623 biennii
2868 567 3041 637 spatio
3068 562 3357 634 quidquam
3388 557 3456 615 de
3484 559 3691 614 credita

2107 677 2312 717 summa
2369 660 2635 715 :estiment
2681 653 3089 727 postulandum,
3144 659 3409 720 quatenus
3447 648 3547 701 sub
3592 648 3679 701 in-

2109 753 2281 808 duciis
2335 750 2656 822 supradictis
2706 757 2761 801 et
2798 746 2977 801 datam
3009 742 3217 813 possint
3244 755 3495 810 reparare
3524 754 3692 808 pecu-

2110 845 2274 910 niam,
2299 852 2356 898 et
2379 843 2713 911 aliquatenus
2731 838 3034 893 debitorum
3058 833 3236 889 valeat
3275 831 3539 900 respirare
3567 829 3696 884 sub-

2110 937 2329 991 stantia.
2377 934 2512 1001 Quid
2556 933 2697 988 enim
2743 928 2956 1000 prolicit
3000 923 3321 981 creditorem
3374 938 3433 977 se
3482 936 3692 988 urgere,

2110 1027 2326 1097 quando
2373 1028 2645 1082 incassum
2696 1023 2884 1076 nititur
2926 1018 3156 1074 nudatos
3199 1016 3453 1083 exigere?
3489 1013 3695 1079 Quibus

2112 1121 2279 1188 magis
2300 1119 2672 1189 prospicimus,
2700 1115 2745 1170 si
2775 1113 2840 1167 ad
2871 1119 3109 1166 mutuata
3131 1106 3444 1163 sustinendo
3492 1120 3691 1174 perve.

2114 1212 2230 1267 nire
2257 1210 2539 1265 faciamus.

2596 1332 2924 1391 EPISTOLA
2965 1327 3201 1384 XXXIX.

2319 1443 2524 1485 Αιοιειο
2559 1437 2897 1482 Διιοιιιτεοτο
2947 1430 3310 1475 THEODOBICUS
3349 1430 3477 1470 REX.

2118 1524 2395 1597 Signiﬁcat
2423 1538 2515 1577 rex
2542 1538 2604 1597 se
2625 1533 2804 1597 cupere
2834 1517 3077 1597 raporum:
3100 1514 3326 1597 (autem.
3346 1511 3492 1580 cujus
3519 1509 3701 1563 varias

2188 1580 2396 1650 Itiriutes
2421 1592 2665 1663 graphice
2689 1580 3326 1663 describ'it,_re(ici..Qnut->d
3362 1591 3418 1631 ut
3454 1595 3706 1663 prospere

2190 1649 2450 1726 succedat",
2495 1649 2637 1733 jubet
2668 1658 2933 1733 antiquam
2958 1649 3062 1706 illic
3095 1651 3434 1733 aediﬁciorum
3465 1649 3709 1701 solidita-

2193 1744 2294 1788 tem
2322 1722 2579 1792 innovtiri,
2609 1722 2858 1799 palatium
2880 1739 3074 1796 quoque
3100 1722 3254 1791 longa
3276 1729 3534 1773 senectute
3553 1732 3704 1788 quas-

2192 1814 2359 1859 satum
2386 1801 2641 1872 reparari.
2664 1846 2668 1850 .

2190 1916 2247 1971 Si
2277 1913 2456 1969 audita
2483 1919 2726 1966 veterum
2752 1906 3005 1960 miracula
3039 1901 3101 1957 ad
3119 1901 3330 1954 laudem
3359 1908 3554 1952 nostra:
3585 1898 3706 1952 cle-

2121 2004 2340 2061 mentiae
2366 2001 2615 2057 volumus
2652 1999 2933 2053 continere
2976 1991 3251 2064 (quoniam
3298 1995 3583 2056 augmenta
3614 2002 3712 2042 re—

2123 2093 2255 2162 galis
2281 2090 2475 2160 glori)
2488 2094 2631 2151 sunt,
2684 2100 2807 2140 cum
2862 2082 2960 2137 sub
2990 2080 3144 2135 nobis
3175 2079 3316 2132 nulla
3343 2074 3715 2145 decrescunt),

2124 2197 2232 2249 quo
2259 2179 2433 2235 studio
2460 2174 2715 2231 convenit
2761 2170 2998 2240 reparari
3044 2167 3192 2237 quod
3222 2175 3276 2221 et
3304 2166 3506 2221 nostris
3536 2164 3718 2218 oculis

2126 2271 2438 2339 frequenter
2462 2273 2675 2322 constat
2721 2261 2947 2317 ollerri?
2977 2260 3219 2314 Delectat
3259 2257 3399 2312 enim
3444 2254 3719 2309 salutiferi

2128 2362 2304 2431 Aponi
2333 2359 2641 2415 meminisse
2693 2352 3012 2422 potentiam,
3044 2358 3101 2404 ut
3134 2349 3400 2416 intelligas
3427 2362 3538 2417 quo
3567 2346 3719 2400 desi-

2129 2454 2281 2511 derio
2304 2450 2549 2521 cupimus
2576 2442 2817 2508 reficere,
2841 2440 2984 2511 quod
3013 2439 3082 2493 de
3113 2437 3370 2493 memoria
3401 2444 3584 2490 nostra
3616 2451 3723 2489 ne-

2131 2545 2234 2600 scit
2253 2542 2418 2595 exire.
2443 2535 2741 2591 Cteruleum
2769 2532 2971 2585 iontem
2996 2529 3224 2583 vidimus
3245 2527 3299 2580 in
3329 2525 3555 2580 formam
3580 2524 3722 2578 dolii

2132 2629 2386 2689 concavis
2440 2624 2670 2680 hiatibus
2721 2627 3057 2682 :estuantem,
3088 2626 3143 2669 et
3171 2615 3420 2669 fornaces
3446 2612 3721 2667 anhelan-

2136 2727 2265 2779 tium
2297 2733 2553 2789 aquarum
2601 2714 2968 2770 circumducto
3018 2708 3175 2763 tereti
3226 2707 3365 2761 labio
3389 2710 3515 2784 [ms.
3550 2704 3719 2769 And.,

2135 2813 2434 2871 tentilabio.
2457 2809 2559 2863 Ed.
2595 2805 2717 2860 Niv.
2741 2814 2789 2857 et
2811 2802 2985 2869 Gam.,
3014 2795 3322 2869 tentilatioj,
3353 2807 3561 2851 naturae
3589 2812 3725 2866 pro-

2135 2905 2297 2962 babili
2326 2900 2673 2971 dispositione
2721 2898 3050 2955 coronatas}
3081 2906 3199 2958 qua:
3230 2890 3373 2953 licet,
3405 2903 3557 2941 more
3579 2887 3724 2942 cali-

2135 2996 2235 3059 dae,
2267 2993 2554 3048 nebulosos
2578 3001 2805 3057 vapores
2842 2982 3111 3043 exhalent,
3143 2981 3279 3034 hanc
3310 2987 3486 3033 tamen
3509 2977 3717 3046 jueuno

2137 3084 2259 3137 dam
2291 3079 2721 3152 perspicuitatem
2751 3072 3054 3145 aspectibus
3084 3068 3327 3122 humanis
3356 3067 3626 3135 aperiunt,
3659 3076 3724 3120 ut

2137 3175 2311 3246 quivis
2338 3173 2610 3227 hominum
2640 3170 2781 3222 illam
2824 3165 3048 3234 gratiam
3079 3160 3347 3216 desideret
3375 3161 3727 3229 contingere,

2139 3270 2305 3361 etiam?
2331 3281 2450 3321 cum
2480 3279 2586 3317 non
2632 3261 2840 3329 ignoret
2865 3257 3074 3311 ardere.
3107 3253 3210 3308 Ore
3240 3253 3548 3324 plenissimo
3579 3258 3629 3318 δ’,
3673 3255 3729 3308 in

2136 3345 2357 3429 sphaerae
2401 3351 2767 3413 similitudine,
2808 3361 2966 3417 supra
2999 3345 3256 3399 terminos
3291 3357 3417 3396 suos
3454 3357 3730 3411 aquarum

2136 3450 2295 3504 dorsa
2318 3452 2645 3514 turgescunt.
2671 3438 2823 3494 Unde
2858 3448 2878 3474 ο
2922 3438 3061 3490 latex
3106 3442 3253 3487 tanta
3282 3433 3460 3501 quiete
3509 3432 3729 3495 dellu't,

2139 3548 2287 3594 tanta
2312 3535 2463 3606 quasi
2483 3531 2769 3588 stabilitate
2784 3527 3043 3590 decurrit;
3081 3534 3274 3578 uteum
3302 3538 3404 3577 non
3426 3531 3581 3591 putes
3607 3538 3737 3578 rre-

2136 3644 2309 3694 scere,
2321 3627 2423 3683 nisi
2438 3626 2559 3696 quia
2572 3623 2694 3678 inde
2708 3618 2899 3689 aliquid
2916 3633 3076 3671 rauco
3094 3630 3361 3669 murmure
3371 3615 3614 3667 scntisex
3627 3615 3734 3668 ire.

2140 3723 2243 3793 37
2276 3718 2511 3774 Veniunt
2539 3728 2691 3784 aqme
2718 3726 2815 3781 per
2857 3709 3095 3775 algentes
3123 3714 3330 3760 meatus
3375 3704 3467 3757 tali
3510 3703 3738 3759 fervore

2139 3823 2434 3875 succensa,
2484 3815 2542 3861 ut
2590 3813 2712 3875 post
2756 3816 2977 3856 recurva
3021 3798 3212 3866 Spatia,
3258 3811 3376 3864 quze
3422 3804 3541 3848 arte
3580 3793 3735 3849 facta

2140 3911 2265 3961 sunt
2293 3901 2556 3968 longiora,
2604 3895 2812 3950 calores
2840 3892 2943 3945 sint
2973 3888 3236 3943 maximos
3274 3884 3560 3940 redditura:
3590 3884 3738 3956 ἴδει,

2140 3995 2195 4050 in
2225 3992 2431 4047 calores
2459 3987 2691 4042 maxime
2718 3991 2842 4037 sunt
2865 3976 3156 4046 reditum].
3180 3975 3223 4029 Ο
3251 3974 3484 4037 magistri
3516 3974 3734 4027 miran-

2141 4083 2268 4137 dum
2297 4092 2510 4146 semper
2557 4071 2852 4141 ingenium,
2896 4075 2956 4121 ut
2986 4075 3192 4120 natura:
3234 4063 3457 4116 iurentis
3503 4060 3742 4116 ardores

2142 4173 2215 4227 ita
2264 4169 2328 4223 ad
2378 4167 2662 4222 utilitatem
2712 4158 2930 4215 humani
2973 4155 3214 4223 corporis
3262 4162 3617 4221 temperaret,
3684 4161 3743 4206 ut

2143 4260 2286 4332 quod
2321 4260 2373 4313 in
2395 4256 2602 4323 origine
2633 4254 2759 4307 dare
2782 4257 2992 4320 poterat
3015 4254 3264 4309 mortem,
3286 4243 3599 4297 doctissime
3625 4259 3745 4298 mo-

2144 4357 2387 4410 deratum
2411 4345 2896 4404 etdelectaﬁonem
2929 4339 3258 4392 tribueretet
3278 4335 3534 4390 salutem!
3568 4333 3745 4389 Juvat

469 4467 860 4525 calamitatibus
912 4465 1191 4535 acquisia.
1226 4462 1443 4516 Molesta
1501 4470 1585 4516 est
1637 4460 1805 4514 illatio
1846 4469 2047 4529 nostra;
2073 4472 2117 4529 ο
2146 4448 2325 4503 videre
2354 4451 2642 4499 δουτθῑυηιν
2677 4435 2860 4488 “ilices
2891 4445 3116 4500 vaP0?es
3162 4428 3347 4495 ῖὲἔιιθοδ
3387 4425 3741 4487 “halantes,

471 4559 785 4624 clementiae,
844 4572 962 4627 qua:
988 4553 1244 4620 deﬂetur,
1285 4553 1407 4621 quia
1459 4551 1714 4620 quidquid
1745 4550 1843 4605 sub
1865 4549 2044 4602 laetitia

478 4649 744 4720 penditur,
771 4647 1081 4715 accipientis
1133 4644 1375 4698 laudibus
1403 4643 1717 4712 applicatur.
1760 4638 1915 4694 Urbis
1944 4639 2046 4691 ita-

396 4796 403 4799 .
472 4756 577 4812 que
603 4739 898 4810 Sipontinae
938 4737 1297 4804 negotiatores
1337 4735 1567 4787 hostimn
1598 4748 1655 4786 se
1684 4741 1927 4785 asserunt
1954 4729 2049 4784 de-

475 4830 821 4902 populatione
851 4835 1103 4881 vastatus.
1132 4826 1196 4878 Et
1215 4826 1336 4893 quia
1369 4823 1637 4890 egentium
1667 4819 1927 4874 levamina
1952 4835 2042 4873 no-

474 4932 614 4978 stras
640 4921 820 4991 potius
849 4918 1057 4972 divitias
1083 4918 1425 4979 aestimamus,
1460 4913 1674 4968 illustris
1705 4911 2046 4981 magniﬁcen-

475 5016 546 5069 tia
578 5023 669 5068 tua
709 5029 807 5083 per
856 5015 957 5069 hoc
988 5012 1115 5080 jngc
1144 5010 1414 5063 biennium
1442 5014 1776 5076 nuncupatos
1805 5005 1943 5059 nulla
1971 5002 2045 5057 fa-

475 5106 583 5160 ciat
624 5104 963 5172 coemptione
1014 5101 1117 5173 [ed.
1150 5102 1267 5163 Am,
1301 5092 1684 5165 commotione]
1716 5096 1915 5148 vexari.
1943 5093 2045 5149 Sed

474 5195 728 5262 quoniam
759 5195 938 5263 lapsos
967 5190 1093 5244 nihil
1118 5190 1381 5243 relevasse
1408 5185 1637 5256 prolicit,
1666 5184 1710 5238 si
1741 5198 1876 5237 onus
1906 5181 2049 5236 aliud

555 5427 581 5456 ι
615 5416 657 5470 I.
689 5423 882 5476 morte,
910 5398 1052 5479 quod
1084 5407 1324 5479 ultimum
1356 5403 1700 5479 supplicium._
1726 5396 2052 5479 etapium!-

475 5489 653 5544 Versio
678 5470 879 5537 ultima.
901 5470 1168 5541 delinitur,
1203 5477 1239 5530 Ι.
1267 5476 1361 5529 υΙι.
1394 5470 1655 5540 ἀθήρωηά
1687 5470 1953 5544 ΙηιιΙῐκειφ
1974 5484 2056 5519 se-

478 5536 810 5628 rvitilq
853 5552 886 5628 l_.
924 5536 1245 5628 5_l,_-omties.
1281 5562 1329 5598 ('.
1361 5546 1424 5598 de
1448 5536 1602 5612 episc.
1627 5553 1677 5628 (:tI
1699 5541 1820 5593 cier.
1858 5536 2052 5590 Uliill‘l‘l

478 5610 654 5699 pinna,
686 5610 834 5699 S_I_tf_t.
866 5622 916 5699 ἦξε
938 5610 1097 5699 Juliq,
1131 5619 1334 5686 ἐσχάτη
1364 5610 1604 5699 τςμώξξα,
1641 5610 2056 5699 ΗίηΊῌθιιρξμΓτει

487 5676 678 5749 {Bt-iiii.
702 5676 821 5744 7155.
874 5676 1168 5742 Novissima
1195 5676 1461 5753 'e'xempla,
1497 5676 1726 5737 'Corncl.
1761 5677 1927 5731 Taciti
1962 5676 2051 5728 lib.

484 5781 557 5824 ιιι
585 5778 637 5819 et
665 5779 748 5817 xv.
776 5760 1014 5816 Formati.

2152 4538 2377 4591 amicum
2410 4531 2563 4586 undis
2592 4526 2954 4580 indesinenter
2984 4519 3253 4582 ardorem,
3293 4525 3346 4570 et
3373 4515 3618 4569 calorem
3647 4531 3744 4569 ve-

2151 4627 2265 4680 nire
2295 4624 2520 4676 decursu
2571 4617 2687 4675 rivi,
2721 4614 2859 4667 unde
2905 4610 3160 4665 usualiter
3187 4606 3396 4661 solebat
3438 4605 3743 4674 exstingui.

2151 4717 2341 4772 Merito
2368 4712 2552 4765 dicunt
2579 4704 2880 4778 pltilo.~ophi
2927 4701 3187 4754 elementa
3217 4697 3316 4750 sibi
3357 4696 3559 4749 mutuis
3588 4711 3748 4748 cont-

2150 4804 2399 4877 plexibus
2429 4797 2640 4866 illigari,
2690 4803 2745 4849 et
2784 4791 3011 4846 mirabili
3058 4787 3309 4855 conjungi
3357 4784 3746 4846 ftcderatiOue,

2152 4913 2269 4967 qua:
2300 4897 2437 4950 inter
2453 4908 2511 4945 se
2528 4887 2793 4944 contraria
2814 4884 3177 4951 intelliguntur
3198 4879 3454 4933 varietate
3472 4892 3744 4946 pugnare.

2155 4991 2295 5045 Ecce
2324 4985 2629 5041 madentem
2653 4978 3005 5033 substantiam
3034 4988 3261 5044 vapores
3285 4970 3586 5041 producere
3612 4986 3749 5023 cun-

2153 5089 2261 5135 stat
2291 5077 2507 5147 ignitus,
2554 5072 2643 5139 qui
2676 5084 2798 5123 mox
2825 5066 2890 5120 ad
2922 5065 3246 5118 thermarum
3277 5059 3503 5114 (editieia
3541 5059 3745 5111 decora

2157 5176 2534 5247 pervenerunt,
2590 5164 2695 5219 illis
2736 5177 2765 5215 a
2805 5160 3047 5215 cautibus
3091 5155 3230 5209 unda
3274 5151 3645 5232 descendens,
3694 5158 3750 5202 ct

2232 5392 2257 5430 δ
2284 5401 2360 5455 0s
2405 5388 2582 5441 fontis.
2619 5382 2740 5437 infr.
2782 5382 2999 5455 lih.___ut_,
3048 5379 3202 5455 epist.
3250 5377 3344 5455 ult.
3372 5374 3549 5455 _Panlo
3596 5381 3750 5442 post,

2163 5445 2322 5532 caput
2365 5460 2527 5532 fontis
2551 5463 2709 5532 vocnt
2741 5493 2753 5504 .
2783 5463 2837 5505 et
2866 5450 3075 5519 Ulpian.
3110 5450 3143 5501 Ι.
3178 5451 3230 5515 l,
3260 5446 3322 5499 Ι).
3354 5445 3422 5498 de
3450 5460 3575 5513 aqu.
3610 5454 3753 5512 quot

2166 5526 2243 5588 id:
2267 5539 2320 5582 et
2345 5529 2511 5581 :nstiv.
2550 5526 2708 5577 Fons.

2236 5615 2257 5644 ο
2294 5599 2606 5651 Perennitas
2656 5607 2839 5659 aquar.
2889 5589 3092 5656 Ulpian.
3131 5589 3163 5640 Ι.
3202 5588 3249 5659 l,
3285 5586 3663 5659 §qnnnqnam,
3689 5584 3757 5634 de

2164 5690 2282 5731 (tan.
2316 5667 2507 5739 qitotitl.
2560 5675 2609 5717 et
2659 5655 2816 5717 a'ativ.
2864 5655 3130 5725 'l‘hanpltr.
3184 5658 3249 5709 de
3291 5655 3469 5710 rerum
3501 5655 3667 5709 dius.
3700 5656 3757 5713 τὸ

2165 5745 2301 5817 ὕδωρ
2329 5731 2388 5796 is
2413 5743 2606 5794 eam...
2635 5734 2904 5803 ρλιιιςεηιι.
2940 5731 3097 5784 νοω.
