3988 6178
260 177 371 235 569

1584 183 1945 239 V’AlellUll
1990 184 2187 239 LIBER
2229 185 2290 241 ll.

3456 162 3563 251 ttae

259 314 390 354 aera
446 313 545 352 sua
588 296 1199 373 qualitatesuccendit,
1251 307 1306 352 et
1358 307 1502 353 tactu
1553 296 1610 350 ﬁt.
1656 298 1868 361 habilis,
1902 304 1944 360 Α
1974 302 2208 367 graviter
2234 300 2285 354 in
2333 300 2491 369 longa
2517 310 2676 357 :etate
2702 316 2949 372 peccare.
2980 301 3320 376 Quapropter
3344 310 3563 379 antiqua

258 407 384 448 cum
433 396 653 459 recepta
700 387 863 443 fuerit
909 390 962 443 in
1011 389 1242 444 lavacris
1278 407 1290 442 :
1322 388 1463 443 unde
1494 403 1599 443 non
1647 396 1861 442 tantum

259 481 523 537 deliciosa
555 478 804 547 voluptas
831 479 1148 547 acquiritur,
1178 488 1439 549 quantum
1470 478 1664 532 blanda
1690 477 1863 532 medi—

259 569 387 624 cina
433 564 726 623 confertur.
781 566 1000 622 Scilicet
1046 568 1163 622 sine
1214 576 1485 622 tormento
1534 583 1703 632 cura,
1747 567 1864 623 sine

261 662 492 716 horrore
536 658 798 727 remedia,
846 658 1052 714 sanitas
1099 659 1385 728 impunita,
1433 658 1624 712 balnea
1673 666 1864 714 contra

262 754 513 807 diversos
540 750 758 805 dolores
789 750 1034 819 corporis
1055 750 1310 803 attributa
1339 762 1385 803 α.
1417 748 1547 815 Qua:
1578 748 1697 802 ideo
1724 747 1866 819 Apo-

259 858 396 899 num
445 841 635 898 Graeca
683 840 864 908 lingua
914 840 1240 896 beneficialis
1282 839 1578 895 nominavit
1625 839 1863 908 antiqui-

262 944 350 988 tas
376 931 441 997 l>;
493 941 553 986 ut
593 946 816 986 causam
862 930 994 984 tanti
1035 930 1260 984 remedii
1305 945 1447 999 teger
1491 937 1861 998 cognosceret,

260 1042 390 1083 cum
418 1025 487 1080 de
518 1023 612 1078 tali
643 1023 863 1078 nomine
891 1020 1113 1076 dubium
1153 1038 1260 1077 non
1308 1022 1553 1076 haberet.
1585 1019 1693 1076 Sed
1724 1020 1867 1074 inter

260 1115 373 1171 alia
419 1115 527 1170 loci
568 1115 737 1184 ipsius
764 1113 929 1177 bona,
971 1111 1103 1167 illud
1131 1126 1349 1181 quoque
1377 1110 1699 1182 stupendum
1744 1125 1867 1166 esse

260 1208 580 1271 didicimus,
609 1205 754 1277 quod
784 1221 889 1259 una
935 1204 1262 1259 lluentorum
1292 1212 1485 1258 natura
1515 1201 1739 1256 diversis
1767 1201 1867 1254 mi-

261 1296 506 1352 nisteriis
548 1294 796 1349 videatur
842 1291 1215 1348 accommoda.
1262 1292 1397 1347 Nam
1443 1292 1690 1361 protinus
1732 1304 1865 1344 saxo

262 1387 599 1457 suscipiente
627 1385 811 1441 collisa
861 1383 1063 1438 inhalat
1092 1384 1278 1453 prima:
1305 1382 1514 1438 cellulas
1534 1380 1863 1438 sudatoriam

262 1482 623 1552 qualitatem;
674 1476 872 1532 deinde
919 1478 971 1531 in
1016 1477 1192 1533 solum
1238 1476 1480 1545 mitigata
1511 1474 1865 1536 descendens,

266 1573 467 1630 minaci
496 1569 694 1624 ardore
723 1569 997 1639 deposito,
1039 1567 1192 1622 suavi
1239 1566 1631 1637 temperatione
1679 1564 1870 1619 molle-

1969 392 2077 446 illie
2100 392 2448 448 mitificiorum
2479 395 2722 450 soliditas
2747 396 3052 462 innovatur,
3106 406 3165 452 ut
3196 400 3308 454 sive
3334 400 3386 454 in
3418 401 3564 456 ther-

1967 483 2087 545 mis,
2121 485 2234 538 sive
2263 484 2314 537 in
2346 484 2608 539 cuniculis
2658 484 2818 540 fuerit
2862 487 3061 555 aliquid
3094 490 3473 559 reparandum,
3510 500 3563 548 te

1966 573 2165 628 debeat
2189 576 2501 631 imminente
2525 578 2845 633 reconstrui.
2869 578 3109 647 Virgulta
3123 596 3338 650 quoque
3353 585 3513 637 noxia
3533 582 3561 622 ἀ

1967 664 2374 733 importunitate
2407 668 2701 731 nascentia,
2753 668 2952 723 evulsis
2989 670 3283 738 cespitibus
3311 671 3559 727 aaleran-

1969 762 2056 808 tur
2083 774 2094 808 :
2127 771 2197 811 ne
2221 757 2458 811 radicum
2504 758 2720 827 quidam
2752 760 2929 829 capilli
2973 762 3229 829 paulatim
3263 772 3561 833 turgentes,

1966 846 2287 901 fabricarum
2337 850 2631 905 visceribus
2680 850 3000 918 inserantur,
3056 861 3109 907 et
3156 869 3311 910 more
3342 855 3559 925 vipereo

1969 939 2173 1009 prolem
2204 940 2304 995 sibi
2346 940 2671 996 fecunditate
2698 944 2970 997 contraria
3023 948 3281 1011 nutriant,
3332 947 3473 1001 unde
3501 962 3561 1001 se

1967 1045 2228 1099 compago
2275 1047 2466 1086 casura
2495 1032 2811 1102 disrumpat.
2865 1033 3124 1089 Palatium
3157 1052 3373 1106 quoque
3402 1037 3560 1106 longa

1967 1130 2247 1176 senectute
2273 1130 2580 1190 quassatum
2622 1125 2961 1192 reparatione
3002 1126 3212 1181 assidua
3242 1128 3555 1182 corrobora.

1969 1212 2210 1281 Spatium
2241 1213 2386 1282 quod
2433 1217 2575 1268 inter
2598 1230 2643 1269 te
2664 1215 2766 1269 lem
2797 1216 3082 1284 publicam,
3126 1225 3180 1270 et
3208 1226 3371 1287 caput
3399 1218 3555 1286 igniti

1967 1301 2131 1357 fontis
2161 1304 2465 1371 interjacet,
2499 1305 2730 1359 silvestri
2764 1307 3056 1375 asperitate
3080 1308 3337 1377 deputga.
3368 1310 3562 1365 Rideat

1969 1391 2180 1448 florenti
2211 1395 2452 1463 gramine
2482 1395 2647 1451 facies
2671 1396 2865 1451 decora
2893 1399 3230 1467 campestris,
3259 1416 3377 1468 quae
3397 1403 3563 1457 etiam

1971 1485 2211 1541 ardentis
2240 1501 2395 1555 aqum
2420 1486 2696 1543 fertilitate
2716 1488 2954 1556 laetatur;
2987 1493 3232 1560 miroque
3254 1494 3414 1548 modo
3435 1495 3563 1548 dum

1973 1577 2219 1645 proxime
2245 1577 2413 1631 salem
2455 1588 2677 1647 generet
2716 1581 2975 1645 sterilem,
3031 1583 3233 1637 nutriat
3276 1586 3480 1653 pariter
3508 1593 3565 1639 rt

266 1664 410 1728 scit;
441 1677 568 1717 mox
592 1661 647 1716 in
676 1660 909 1715 vicinum
938 1660 1224 1729 producta,
1253 1673 1374 1713 cum
1406 1658 1581 1728 aliqua
1610 1657 1865 1712 dilatione

1976 1672 2192 1726 virores.
2244 1671 2350 1726 Sed
2396 1688 2504 1727 non
2546 1673 2629 1727 his
2679 1681 2885 1728 tantum
2936 1674 3208 1731 beneficiis
3257 1676 3563 1734 Antenorea

266 1752 566 1822 torpuerit,
595 1750 764 1805 multo
808 1750 1055 1804 blandius
1082 1749 1400 1819 intepescit;
1448 1757 1721 1819 postremo
1750 1748 1868 1819 ipso

267 1855 491 1911 quoque
542 1848 732 1909 tepore
776 1839 1064 1907 derelicto,
1115 1840 1168 1894 in
1216 1838 1476 1908 piscinam
1506 1837 1870 1893 Neronianam

265 1929 460 2000 frigida
494 1936 706 1984 tantum
733 1929 986 1997 ellicitur,
1008 1937 1269 1998 quantum
1292 1929 1438 1999 prius
1470 1928 1730 1984 ferbuisse
1749 1944 1873 1984 sen-

268 2021 420 2075 titur.
452 2018 573 2075 Non
627 2020 895 2075 immerito
923 2021 1161 2076 auctoris
1186 2021 1268 2076 sui
1299 2021 1625 2091 participans
1650 2038 1869 2086 nomen,

269 2111 482 2181 collega
515 2118 599 2165 est
626 2125 746 2166 cum
780 2110 1049 2165 viriditate
1094 2124 1466 2180 gemmarum;
1500 2119 1558 2165 ut
1590 2112 1703 2182 ipsa
1732 2127 1866 2181 quo.

266 2216 374 2272 que
419 2200 580 2255 vitrei
610 2200 862 2255 elementi
894 2202 1077 2256 colore
1107 2202 1406 2271 perspicua,
1456 2202 1714 2271 quasdam
1757 2212 1870 2258 tre-

268 2298 486 2347 mentes
517 2291 689 2347 nudas
716 2292 897 2361 quieta
928 2301 1291 2348 commoveat.
1315 2291 1422 2363 sed
1454 2301 1510 2348 ut
1540 2293 1714 2362 ipsum
1736 2308 1874 2362 quo-

267 2400 374 2455 que
404 2385 684 2439 lavacrum
713 2386 964 2441 mundius
993 2386 1328 2452 redderetur,
1355 2388 1615 2457 stupenda
1638 2387 1869 2457 quadam

264 2475 624 2531 continentia:
651 2475 952 2546 disciplina,
982 2477 1036 2530 in
1068 2476 1286 2546 undam,
1312 2524 1317 2532 .
1341 2493 1448 2547 qua
1492 2477 1592 2531 viri
1619 2492 1869 2532 recrean-

265 2575 376 2635 tur,
427 2566 474 2621 si
526 2564 720 2620 mulier
764 2565 1057 2621 descendat
1088 2576 1135 2633 ε,
1187 2564 1491 2621 incenditur
1536 2574 1870 2636 :propterea

262 2652 414 2726 quod
443 2661 502 2708 et
530 2653 661 2725 ipsis
679 2654 849 2709 altera
880 2655 1141 2710 exhibitio
1166 2654 1365 2710 decora
1393 2640 1731 2721 collata'est;
1762 2656 1870 2710 sci-

264 2746 423 2814 licet,
474 2761 543 2800 ne
571 2744 881 2800 ardentium
911 2754 1171 2816 aquarum
1207 2745 1644 2803 fecundissimum
1692 2746 1870 2801 locum

263 2852 375 2892 non
408 2836 699 2891 crederent
750 2836 1022 2901 habuisse,
1066 2835 1207 2891 unde
1235 2836 1465 2906 plurima
1497 2837 1802 2905 largiretur,
1825 2836 1870 2891 si

265 2940 506 2998 uterque
552 2942 716 2983 SCXUS
762 2942 872 2981 llllO
921 2942 1146 2982 munere
1194 2927 1553 2983 communiter
1605 2934 1866 2981 uteretur.

1973 1772 2116 1817 terra
2150 1762 2376 1818 fecunda
2405 1773 2487 1820 est
2505 1774 2529 1830 ;‘
2551 1765 2713 1819 infert
2741 1773 2794 1821 et
2823 1766 2949 1832 alia,
2972 1783 3089 1835 qua:
3112 1768 3280 1823 multo
3309 1771 3565 1837 grandius

1972 1853 2345 1924 obstupescas.
2375 1854 2553 1909 Corda
2585 1855 2673 1910 illa
2705 1858 2785 1927 (ut
2816 1857 2886 1911 ita
2910 1857 3161 1925 dixerim)
3191 1861 3474 1922 montium,
3509 1863 3562 1916 in

1971 1945 2144 2002 vicem
2165 1945 2462 2011 secretarii,
2479 1946 2694 2014 negotia
2707 1947 3043 2002 contentiosa
3060 1949 3410 2018 distinguunt.
3427 1951 3561 2005 Nam

1970 2037 2015 2091 si
2037 2037 2158 2106 quis
2184 2036 2324 2091 forte
2351 2052 2520 2107 pecus
2548 2036 2781 2092 furatum
2810 2039 2934 2108 pilis
2971 2040 3167 2094 nativis
3217 2043 3379 2096 solito
3411 2059 3564 2097 more

1970 2127 2204 2197 spoliare
2233 2127 2653 2197 prtesumpserit,
2706 2128 2860 2182 undis
2889 2127 3205 2182 ardentibus
3252 2131 3562 2199 frequenter

1971 2218 2306 2283 immersam,
2356 2232 2579 2273 necesse
2635 2226 2718 2274 est
2770 2226 2830 2273 ut
2876 2228 3037 2273 antea
3088 2219 3354 2288 decoquat
3399 2238 3559 2291 quam

1972 2308 2265 2363 emundare
2298 2309 2605 2378 prrevaleat.
2638 2307 2680 2363 Ο
2708 2326 2833 2365 vere
2862 2313 3210 2367 secretarium
3237 2314 3357 2382 jure
3402 2332 3558 2369 reve-

1970 2398 2217 2467 rendum,
2246 2398 2462 2470 quando
2493 2399 2545 2454 in
2575 2400 2659 2456 his
2688 2401 2840 2469 aquis
2870 2417 2975 2456 non
3008 2402 3180 2457 solum
3203 2419 3438 2471 sensum,
3466 2405 3559 2461 sed

1971 2490 2132 2545 etiam
2166 2506 2349 2544 verum
2378 2502 2591 2549 constat
2620 2506 2739 2546 esse
2757 2490 3050 2560 judicium;
3077 2505 3132 2548 et
3158 2495 3302 2564 quod
3327 2496 3561 2552 humana

1973 2581 2157 2650 nequit
2184 2581 2534 2637 altercatione
2564 2581 2801 2648 dissolvi,
2828 2583 3055 2638 fontium
3085 2584 3268 2640 datum
3299 2596 3382 2640 est
3402 2588 3562 2656 aequi.

1973 2681 2083 2728 tate
2111 2673 2341 2729 definiri.
2372 2673 2633 2745 Loquitur
2661 2676 2771 2730 illic
2812 2677 2971 2731 tacita
3006 2687 3219 2746 natura,
3267 2679 3391 2734 du-n
3419 2679 3563 2747 judi—
3635 2679 3650 2697 '

1970 2774 2077 2833 cat,
2108 2775 2165 2821 et
2184 2769 2506 2823 sententiam
2534 2769 2932 2837 quodammodo
2961 2770 3106 2832 dicit,
3138 2787 3258 2839 qua:
3284 2772 3561 2843 perﬁdiam

1973 2858 2217 2927 negantis
2243 2858 2496 2913 excludit.
2530 2857 2637 2921 Sed
2665 2860 2788 2928 quis
2816 2859 2916 2917 ista
2945 2875 3268 2917 conservare
3306 2863 3559 2932 negligat,

1968 2949 2216 3017 quamvis
2243 2949 2471 3018 plurima
2501 2950 2792 3006 tenacitate
2820 2951 3133 3005 sordescat?
3160 2951 3434 3021 Siquidem
3472 2970 3564 3008 or-

266 3017 400 3074 llaac
428 3018 742 3088 perennitas
781 3032 1042 3086 aquarum
1091 3017 1420 3086 intelligendi
1466 3025 1686 3087 prtestat
1728 3017 1865 3071 indi-

1976 3048 2067 3093 nat
2089 3017 2333 3108 regnum,
2359 3039 2505 3109 quod
2531 3037 2694 3094 fuerit
2721 3040 3066 3109 singulariter
3092 3049 3207 3097 toto
3235 3017 3368 3097 orbe
3394 3044 3564 3098 nomin

263 3112 438 3177 cium,
486 3126 587 3181 per
614 3110 797 3178 igneas
823 3119 979 3165 terra:
1007 3126 1174 3165 venas
1203 3110 1429 3165 occultis
1474 3110 1741 3165 meatibus
1781 3111 1865 3164 in-

266 3197 535 3256 fluentem
582 3198 817 3266 deintus,
867 3200 919 3254 in
950 3215 1109 3254 auras
1138 3214 1423 3270 erumpere
1464 3200 1675 3254 excocti
1705 3200 1869 3256 fontis

271 3290 534 3358 irriguam
566 3290 873 3360 puritatem.
908 3287 1041 3342 Nam
1088 3288 1135 3343 si
1180 3296 1387 3342 naturae
1414 3287 1601 3343 fuisset
1632 3289 1759 3344 illud
1787 3289 1869 3345 in-

271 3380 546 3446 cendium,
587 3380 705 3434 sine
733 3380 950 3434 interitu
992 3380 1305 3434 substantia:
1347 3395 1455 3434 non
1485 3378 1674 3435 fuisset
1702 3382 1867 3435 aruis-

273 3488 392 3530 sum
420 3471 530 3545 [ed.
558 3473 652 3526 Ac.
683 3483 733 3526 et
760 3468 913 3536 For.,
943 3468 1275 3541 admissum].
1329 3470 1433 3525 Sed
1465 3486 1615 3540 aqua:
1644 3471 1869 3527 materia

273 3564 562 3630 sensibilis,
596 3564 735 3618 sicut
764 3563 1106 3634 peregrinum
1135 3562 1405 3618 contraxit
1434 3564 1633 3631 ignem,
1663 3564 1741 3619 sic
1768 3563 1871 3619 ite-

277 3670 394 3710 rum
417 3655 659 3710 nativum
691 3654 847 3709 facile
876 3653 1068 3724 recipit
1089 3652 1193 3727 [δά.
1219 3655 1338 3719 Ac.,
1363 3653 1581 3726 repetit]
1604 3655 1863 3723 algorem.

278 3742 505 3801 Prtestat
529 3752 588 3800 et
612 3744 758 3800 aliud
787 3743 1043 3813 adjutorii
1069 3758 1240 3815 genus
1275 3745 1354 3800 vis
1381 3745 1471 3799 illa
1499 3746 1866 3815 medicabilis;

280 3852 399 3891 nam
419 3836 581 3907 juxta
610 3846 774 3910 caput
800 3838 961 3893 fontis
988 3839 1265 3895 scintillosi
1286 3838 1570 3910 quemdam
1591 3840 1693 3895 sibi
1721 3856 1868 3896 mea-

281 3935 389 3982 tum
435 3926 664 3999 provida
712 3938 905 3983 natura
948 3926 1224 3984 formavit.
1282 3928 1417 3984 Hinc
1462 3930 1696 4000 desuper
1732 3932 1868 3988 sella

273 4019 573 4090 composita
600 4062 618 4090 ,
668 4036 787 4092 qua:
824 4021 1077 4078 humanis
1117 4022 1532 4080 necessitatibus
1570 4024 1624 4078 in
1670 4024 1867 4080 absidis

271 4112 512 4181 speciem
542 4111 867 4183 perforatur,
916 4128 1093 4184 aagros
1131 4114 1356 4186 suscipit
1400 4114 1614 4171 interno
1640 4115 1869 4172 humore

273 4202 576 4261 detinentes
614 4222 628 4257 :
678 4204 767 4259 ubi
811 4204 939 4260 dum
985 4205 1114 4262 fessi
1158 4206 1326 4262 nimio
1371 4206 1629 4276 languore
1675 4223 1867 4265 conse-

272 4292 472 4360 derint,
498 4296 719 4365 vaporis
748 4296 887 4352 illius
934 4296 1296 4353 delectatione
1341 4298 1592 4366 recreati,
1642 4308 1699 4353 et
1726 4299 1867 4356 lassa

273 4385 481 4440 viscera
510 4384 776 4453 reﬁciunt,
820 4395 876 4442 et
904 4387 1157 4443 humores
1192 4387 1353 4443 noxia
1384 4387 1650 4445 infusione
1690 4389 1865 4461 larga-

274 4484 360 4532 los
388 4477 491 4549 [αι.
525 4475 651 4530 Nm.
683 4487 734 4531 et
764 4476 940 4544 Gam.,
962 4477 1217 4550 laxatos],
1248 4479 1398 4533 vitali
1445 4480 1693 4536 ariditate
1732 4496 1864 4535 con-

271 4567 574 4637 stringunt;
624 4577 685 4623 ut
712 4570 865 4638 quasi
906 4569 1086 4639 aliquo
1114 4569 1457 4625 desiderabili
1486 4570 1607 4625 cibo
1655 4568 1861 4634 refecti,

272 4658 605 4715 valentiores
631 4669 831 4727 queant
859 4661 1106 4730 protinus
1146 4659 1393 4714 inveniri.
1443 4659 1535 4714 Sic
1560 4660 1863 4715 medicabili

206 4764 223 4775 ‘
271 4751 588 4806 substantia:
616 4753 763 4806 venit
789 4769 819 4806 a
849 4753 1127 4824 sulphure,
1157 4753 1302 4823 quod
1323 4753 1489 4820 calet;
1522 4770 1553 4808 a
1573 4755 1859 4821 salsediue,

272 4842 415 4910 quod
444 4843 705 4900 desiocat.
759 4843 906 4900 Talia
937 4846 1169 4917 posteris
1195 4862 1305 4902 non
1352 4847 1584 4916 tradere,
1631 4847 1736 4904 hoc
1780 4856 1864 4902 est

346 5080 371 5109 ι
396 5068 611 5123 Savaro
656 5065 723 5120 ad
770 5064 956 5138 Sidon.
998 5066 1231 5138 Apollin.
1279 5065 1373 5120 lib.
1407 5083 1457 5133 v,
1505 5081 1592 5136 ep.
1621 5064 1674 5129 5,
1699 5081 1858 5135 repo-

271 5142 352 5195 nit
373 5157 442 5195 ει
473 5140 578 5192 lide
606 5146 776 5193 veter.
809 5136 936 5192 cod.
982 5136 1156 5202 dolos,
1207 5144 1263 5193 et
1309 5138 1502 5207 probat
1544 5146 1755 5192 veteres
1782 5138 1860 5192 sic

272 5213 507 5266 locutos.
540 5207 662 5263 Jun.

348 5287 369 5317 ιι
395 5281 452 5336 Si
506 5296 690 5333 verum
743 5294 1003 5343 amamus,
1036 5279 1237 5332 nullum
1267 5277 1469 5332 homini
1494 5276 1664 5343 majus
1694 5293 1721 5329 a
1748 5276 1857 5331 Deo

267 5351 475 5405 donum
505 5350 731 5403 concedi
762 5357 941 5417 potest
969 5349 1204 5403 secunda
1238 5349 1481 5417 corporis
1510 5348 1814 5401 valetudine
1840 5364 1853 5401 :

266 5437 341 5476 ex
373 5436 483 5490 qua
535 5435 746 5490 morum
786 5418 1023 5473 conditio
1067 5420 1461 5490 quadamtenus
1509 5426 1857 5490 temperatur,

271 5488 525 5546 Allienus
553 5489 621 5544 de
646 5488 890 5544 Socrate.
940 5489 1075 5543 Hinc
1100 5489 1305 5552 ἄπονος,
1339 5490 1390 5542 id
1431 5496 1514 5543 est
1543 5488 1725 5542 labore
1763 5503 1856 5540 ca-

270 5577 421 5625 rens,
471 5577 503 5614 a
551 5558 694 5613 Julio
735 5558 953 5613 Polluce
1002 5555 1374 5615 Onomasticoﬁ
1430 5559 1518 5612 lib.
1552 5559 1735 5617 ἄνοσος
1778 5562 1861 5612 καὶ

268 5634 527 5689 ἁνόσητος
558 5630 865 5698 exponitur.
912 5629 1135 5683 r‘ontem
1178 5630 1335 5698 igitur
1366 5629 1610 5699 Aponum
1643 5627 1862 5699 morbo—

271 5716 401 5760 rum
442 5707 747 5774 expertem,
793 5698 938 5770 quod
965 5700 1156 5755 summi
1200 5701 1447 5759 beneﬁcii
1500 5715 1561 5756 ac
1590 5698 1860 5759 felicitatis

1973 3136 2175 3183 natum.
2207 3126 2276 3182 Et
2311 3127 2434 3183 ideo
2460 3128 2711 3198 pecunia,
2755 3144 2875 3198 quze
2904 3130 2999 3185 tibi
3029 3130 3152 3186 data
3182 3142 3286 3198 est,
3333 3132 3378 3186 si
3423 3148 3562 3203 opus

1972 3236 2079 3275 non
2106 3219 2308 3289 poterit
2330 3219 2557 3289 implere
2593 3230 2926 3291 susceptum,
2971 3232 3233 3292 quantum
3264 3224 3433 3280 adhuc
3466 3241 3536 3279 ex

1969 3307 2312 3380 pendendum
2334 3324 2455 3363 esse
2476 3310 2789 3373 credideris,
2811 3311 2989 3366 missis
3012 3312 3167 3368 nobis
3188 3313 3456 3378 brevibus,
3483 3316 3563 3369 in-

1968 3401 2175 3455 dicabis
2193 3422 2196 3449 ;
2216 3400 2467 3468 quianon
2488 3414 2772 3468 gravamur
2787 3400 3118 3470 expendere,
3136 3411 3196 3455 ut
3216 3410 3362 3455 tanta
3385 3403 3565 3458 videa-

1969 3508 2090 3548 mur
2114 3491 2254 3546 ruris
2272 3506 2484 3547 ammna
2513 3490 2634 3564 [ηις.
2665 3488 2834 3559 R.m.,
2856 3491 2993 3546 ruris
3018 3488 3241 3562 omnia]
3265 3491 3561 3549 custodire.

2449 3622 2560 3692 33
2595 3619 2927 3676 EPISTOLA
2965 3618 3079 3674 XL.

2259 3727 2451 3770 ΒΟΕΤΙΟ
2481 3729 2724 3769 PATRICIO
2754 3727 3122 3769 TEEODOBICUS
3147 3727 3274 3767 REX.

1968 3806 2111 3862 Dim
2147 3823 2318 3879 regem
2344 3804 2673 3879 Francorum
2703 3805 3044 3879 citharwilum
3085 3805 3291 3879 magnis
3323 3803 3561 3874 precibus

2037 3874 2331 3949 expedisse.
2363 3874 2550 3949 Rogat
2574 3875 2807 3949 Boetium
2835 3876 3045 3949 musicae
3073 3877 3313 3949 peritum,
3348 3884 3417 3949 με
3442 3892 3563 3930 curn

2038 3946 2224 4072 fingat.
2258 3946 2428 4000 Multa
2457 3947 2520 4000 de
2561 3947 2771 4001 musica:
2797 3948 2973 4015 laude,
3014 3947 3173 4013 tonis,
3218 3946 3405 4012 modis,
3436 3956 3562 4013 etc.,

2077 4028 2266 4072 metu.

2038 4110 2171 4168 Cum
2199 4128 2295 4168 rex
2320 4111 2673 4178 Francorum,
2715 4109 2948 4166 convivii
2988 4109 3159 4164 nostri
3208 4108 3349 4164 fama
3392 4108 3563 4179 pelle-

1967 4216 2103 4275 ctus,
2132 4223 2165 4262 a
2190 4205 2345 4262 nobis
2373 4202 2729 4260 citharmdum
2770 4201 2980 4272 magnis
3027 4200 3276 4273 precibus
3304 4200 3562 4271 expellis-

1966 4311 2068 4366 set,
2101 4299 2216 4355 sola
2236 4297 2448 4352 ratione
2476 4294 2857 4366 complendum
2881 4309 3004 4351 esse
3024 4293 3393 4364 promisimus,
3415 4293 3561 4362 quod

1898 4430 1945 4488 Β
1968 4402 2024 4450 te
2052 4390 2370 4449 eruditionis
2396 4389 2616 4445 musicae
2645 4387 2876 4458 peritum
2923 4402 3041 4442 esse
3072 4401 3417 4442 noveramus.
3454 4384 3563 4439 Ad-

1967 4485 2112 4555 jacet
2158 4483 2302 4540 enim
2344 4481 2499 4538 vobis
2546 4480 2765 4535 doctum
2812 4480 3031 4548 eligere,
3080 4478 3174 4547 qui
3219 4477 3563 4549 disciplinam

1973 4578 2141 4648 ipsam
2176 4576 2227 4631 in
2272 4574 2440 4629 arduo
2465 4572 2783 4628 collocatam
2808 4572 3059 4642 potuistis
3087 4572 3371 4641 attingere.
3420 4567 3557 4636 Quid

1971 4670 2116 4725 enim
2162 4667 2252 4723 illa
2280 4664 2641 4738 prmstantius,
2684 4678 2801 4731 quae
2848 4662 2969 4717 cceli
3008 4662 3311 4716 machinam
3357 4672 3557 4714 sonora

1968 4759 2273 4827 dulcedine,
2292 4765 2347 4812 et
2368 4764 2573 4811 natura:
2595 4754 3022 4810 convenientiam
3048 4754 3242 4823 ubique
3261 4751 3554 4821 dispersam

1968 4849 2181 4904 virtutis
2208 4863 2316 4904 suae
2342 4846 2511 4917 gratia
2543 4843 2987 4915 comprehendit?
3016 4843 3284 4915 Quidquid
3310 4841 3454 4898 enim
3499 4839 3554 4894 in

1966 5067 2089 5123 loco
2117 5067 2358 5133 ponitur,
2383 5062 2652 5133 signiﬁcat
2677 5060 3048 5133 Cassiodorus.
3074 5059 3240 5133 ans.

2041 5150 2062 5177 ο
2098 5129 2248 5192 Unde
2274 5129 2453 5190 llartf
2478 5134 2511 5187 6
2538 5153 2550 5186 :
2576 5131 2776 5187 Fontes
2805 5132 2979 5202 Aponi
3017 5130 3177 5186 rudes
3217 5129 3432 5202 puellis,
3481 5131 3547 5188 Ι).

1966 5207 2117 5264 Grul.
2150 5218 2201 5260 et
2233 5208 2417 5273 Cujac.

2036 5278 2057 5315 λ
2091 5269 2354 5330 Arborum
2408 5272 2619 5327 radices
2674 5270 2888 5325 fabricis
2920 5269 3158 5325 inferunt
3186 5271 3419 5338 ruinam,
3449 5271 3547 5330 inf.

1966 5348 2059 5403 lib.
2089 5364 2181 5410 vn,
2232 5346 2385 5399 form.
2419 5343 2487 5404 6;
2522 5344 2554 5395 Ι.
2591 5345 2640 5405 t,
2689 5358 2737 5395 c.
2788 5343 2852 5395 de
2880 5341 3204 5411 aquwduct.;
3236 5342 3273 5395 l.
3303 5341 3358 5406 l,
3404 5361 3452 5400 ο.
3493 5351 3559 5405 ἀι

1967 5420 2157 5473 interd.
2194 5416 2519 5482 llarmenop.
2554 5413 2624 5466 lib
2678 5428 2734 5477 ll,
2786 5414 2867 5466 til.
2899 5411 2951 5467 4.
3000 5416 3111 5471 πειί
3134 5420 3299 5485 φυτῶν
3331 5431 3345 5468 :
3373 5422 3423 5464 'u
3449 5422 3552 5473 τῶν

1968 5498 2136 5561 φυτῶν
2184 5485 2547 5555 καταφξὶτευσις
2599 5486 2654 5561 od
2705 5488 2796 5542 τάς
2872 5486 3148 5553 τυχούσας
3218 5492 3328 5543 ταῖς
3376 5486 3550 5561 eiiciat:

1968 5552 2191 5633 έπςγέρςι
2223 5552 2459 5633 βλάϐας.-
2485 5555 2840 5633 primm/16211
2871 5552 2978 5633 11p
3020 5556 3172 5626 cura},
3220 5563 3326 5608 etc.
3378 5552 3554 5609 Locus

1969 5623 2091 5685 huic
2114 5623 2310 5685 'siunlis
2340 5642 2402 5680 ac
2437 5623 2546 5681 fe'rc
2576 5623 2839 5694 geminus.
2871 5623 3034 5679 Folia.
