3988 6178
415 242 483 297 57
499 210 523 295 ι’

1636 244 1703 299 Μ.
1749 243 2026 300 AL‘RELH
2063 244 2461 302 CASSIODURI

3595 250 3703 305 57’!

416 368 741 430 conceptum
770 357 995 428 alicujus
1022 353 1433 411 modificationis
1464 356 1667 422 existit,
1692 359 1758 411 ab
1787 359 2004 412 harmo-
2034 361 2077 417 Α
2108 373 2213 427 que
2236 359 2490 426 Dirczcus,
2521 358 2761 413 canendo
2786 358 3017 423 chordis,
3053 358 3339 413 Thebanos
3362 375 3544 416 muros
3567 361 3702 416 dici-

418 451 520 505 nize
547 452 878 506 continentia
909 466 1018 504 non
1048 450 1271 505 recedit.
1326 451 1429 505 l‘er
1449 452 1595 506 hanc
1636 463 2010 524 competenter

415 545 735 613 cogitamus,
784 543 1006 613 pulchre
1052 543 1339 613 loquimur,
1390 545 1779 599 convenienter
1821 562 2006 601 move-

394 652 566 699 .mur;
604 649 723 702 quae
751 634 965 702 quoties
1009 633 1076 687 ad
1113 650 1272 689 aures
1313 643 1526 689 nostras
1573 634 1870 704 disciplina:
1899 651 2009 690 suae

413 726 532 792 lege
582 724 919 792 pervenerit,
971 723 1196 792 imperat
1246 732 1484 786 cantmn,
1536 731 1708 779 mutat
1757 724 2007 780 animos:

412 815 608 870 artifex
648 813 881 879 auditus,
933 821 988 869 et
1014 829 1246 885 Operosa
1277 814 1584 870 delectatio.
1639 814 1764 869 Haec
1792 831 1914 869 cum
1942 818 2008 870 de

410 916 627 963 secreto
658 918 882 969 naturae,
911 916 1168 978 tanquam
1198 922 1450 963 sensuum
1478 909 1684 978 regina,
1707 909 1877 979 tropis
1897 909 2008 963 suis

411 1008 603 1054 ornata
654 999 1016 1069 processerit,
1065 999 1285 1068 reliquae
1330 1000 1686 1067 cogitationes
1732 1001 2003 1064 exsiliunt,

408 1092 699 1160 omniaque
739 1092 864 1147 facit
890 1091 1031 1162 ejiei,
1085 1104 1142 1147 ut
1184 1093 1353 1162 ipsam
1385 1093 1730 1147 solummodo
1773 1093 2008 1147 delectet

407 1182 602 1236 audiri.
634 1181 930 1238 Tristitiam
974 1183 1191 1238 noxiam
1215 1183 1497 1253 jucundat,
1543 1182 1775 1237 tumidos
1801 1182 2007 1238 furores

410 1283 677 1342 attenuat,
709 1284 987 1331 cruentam
1018 1276 1279 1330 smvitiam
1308 1275 1469 1330 eﬂicit
1500 1275 1770 1339 blandam,
1805 1275 2007 1328 excitat

408 1366 677 1436 ignaviam
705 1373 1165 1437 soporantemque
1187 1367 1500 1435 languorem
1535 1365 1652 1439 [ηδε.
1674 1365 1811 1418 Aud.
1836 1374 1883 1418 et
1912 1364 2003 1430 ιλ,

408 1461 500 1516 Gr.
526 1472 574 1515 et
588 1460 729 1533 Cuj.,
758 1461 964 1529 ignavia
995 1467 1340 1529 superantem
1368 1460 1680 1524 humorem;
1706 1457 1809 1511 Ms.
1832 1457 2003 1525 Rem,

406 1558 627 1621 saporat
669 1546 1039 1621 languorem],
1092 1550 1436 1618 vigilantibus
1486 1549 1662 1611 reddit
1715 1550 2008 1605 saluberri-

406 1661 549 1700 mam
579 1646 836 1715 quietem,
866 1645 1108 1698 vitiatam
1146 1644 1268 1717 [ms.
1302 1644 1460 1707 Aud.,
1514 1643 1812 1715 humatam]
1863 1644 2005 1712 turpi

2114 459 2199 502 tor
2226 450 2561 515 condidisse;
2591 457 2650 503 ut
2694 465 2813 504 cum
2841 450 3085 504 homines
3115 450 3301 504 labore
3336 449 3604 507 marcidos
3633 451 3704 507 ad

2109 539 2344 592 studium
2375 539 2720 609 perfectionis
2747 540 2996 607 erigeret,
3037 554 3165 593 saxa
3210 539 3323 609 ipsa
3351 541 3706 597 crederentur

2111 630 2312 685 relictis
2346 631 2573 700 rupibus
2616 631 2916 686 advenisse.
2962 630 3214 685 Musaeum
3262 632 3424 685 etiam
3465 640 3523 687 et
3570 634 3704 689 artis

2110 720 2305 792 Orphei
2339 724 2523 788 tilium,
2572 733 2628 779 et
2666 733 2893 792 natura),
2925 724 3159 780 Maronis
3188 735 3492 797 praepotens
3518 728 3703 798 lingua

2110 815 2452 869 concelebrat
2479 834 2491 868 :
2524 816 2709 871 dicens
2734 817 2875 886 apud
2906 816 3106 871 inferos
3135 818 3186 872 in
3215 834 3425 874 summa
3467 822 3704 876 beatituo

2109 904 2233 959 dine
2264 906 2637 974 constitutum,
2685 907 2827 975 quod
2875 923 2972 977 per
2994 906 3205 980 Elysios
3245 925 3465 982 campos
3516 912 3705 971 felices

2109 1001 2314 1057 animas
2335 1011 2540 1072 septem
2570 1002 2894 1058 chordarum
2918 1003 3158 1073 pulsibus
3181 1007 3508 1072 ama-nabat,
3537 1008 3706 1077 signi-

2110 1094 2277 1150 ficans
2298 1110 2508 1149 summo
2535 1095 2757 1164 praemio
2800 1095 3018 1165 perfrui,
3067 1095 3151 1150 cni
3202 1092 3496 1167 dist-iplina:
3542 1097 3704 1168 hujus

2107 1186 2396 1254 contigerit
2445 1186 2799 1241 suavitatibus
2828 1185 3054 1256 epulari.
3103 1185 3208 1240 Sed
3249 1186 3365 1242 haec
3393 1188 3572 1242 omnia
3601 1188 3705 1244 hu-

2112 1291 2274 1331 mano
2304 1277 2484 1332 studio
2531 1293 2629 1348 per
2654 1278 2960 1333 manualem
2992 1279 3253 1333 musicam
3284 1280 3530 1334 videntur
3570 1280 3705 1338 eﬂ'e-

2108 1374 2215 1422 cta.
2243 1367 2512 1422 Naturalis
2542 1376 2722 1422 autem
2754 1368 3035 1438 rhythmos
3067 1367 3316 1422 animata:
3347 1369 3464 1424 voci
3495 1384 3706 1439 cogno-

2108 1458 2280 1512 scitur
2308 1459 2599 1513 attributus
2629 1475 2642 1511 :
2671 1458 2761 1528 qui
2794 1465 2921 1513 tunc
2948 1458 3175 1528 pulchre
3223 1460 3392 1515 melos
3437 1461 3703 1531 custodit,

2108 1548 2153 1601 si
2184 1557 2309 1617 apte
2341 1557 2537 1613 taceat,
2570 1556 2936 1616 congruenter
2982 1552 3256 1618 loquatur,
3300 1559 3356 1604 et
3381 1565 3479 1620 per
3506 1567 3707 1607 accen-

2110 1649 2196 1693 tus
2225 1640 2365 1693 viam
2405 1639 2624 1695 musicis
2653 1639 2878 1709 pedibus
2924 1641 3225 1709 composita
3248 1656 3380 1695 voce
3399 1641 3701 1709 gradiatur.

405 1752 593 1791 amore
614 1736 680 1789 ad
722 1736 1009 1790 honestum
1036 1734 1269 1790 studium
1310 1744 1530 1790 revocat
1566 1736 1888 1800 castitatem,
1922 1751 2005 1787 sa-
2042 1728 2083 1788 Β
2113 1733 2332 1787 Inventa
2373 1742 2456 1787 est
2494 1747 2710 1802 quoque
2738 1732 2805 1786 ad
2834 1732 3228 1801 permovendos
3271 1733 3481 1788 animos
3516 1743 3706 1790 orato-

407 1835 501 1882 nat
528 1827 725 1881 mentis
766 1825 979 1880 tzcdiom
1008 1826 1165 1879 bonis
1209 1826 1626 1894 cogitatidnibus
1669 1841 1883 1895 semper
1910 1826 2004 1879 ad-

408 1934 641 1983 versum,
686 1916 990 1988 perniciosa
1037 1917 1159 1970 odia
1191 1919 1458 1972 convertit
1501 1916 1566 1971 ad
1611 1918 2000 1971 auxiliatrieem

405 2008 668 2078 gratiam;
721 2018 776 2063 et
819 2007 966 2077 quod
1017 2008 1236 2063 beatum
1264 2022 1434 2077 genus
1458 2009 1750 2063 curationis
1776 2018 1876 2075 est,
1907 2025 2005 2079 per

404 2101 743 2157 tlulcissimas
768 2099 1073 2171 voluptates
1102 2101 1326 2170 expellit
1373 2102 1537 2155 animi
1588 2103 1886 2171 passiones.
1917 2101 2003 2155 ln-

404 2208 722 2266 corpoream
753 2193 989 2248 animam
1017 2193 1378 2263 corporaliter
1405 2193 1624 2258 mulcet,
1682 2201 1738 2248 et
1765 2193 1883 2248 solo
1907 2208 2004 2247 au-

404 2284 516 2339 ditu
546 2285 613 2340 ad
628 2285 771 2354 quod
795 2285 908 2340 vult
934 2284 1156 2340 deducit
1179 2302 1193 2337 :
1217 2299 1377 2354 quam
1400 2293 1588 2339 tenere
1618 2300 1723 2338 non
1749 2285 2004 2356 prtcvalet

405 2374 568 2429 verbo
599 2374 765 2429 tacito
794 2374 1045 2429 manibus
1073 2374 1295 2442 clamat,
1345 2373 1463 2428 sine
1494 2389 1590 2429 ore
1637 2373 1894 2444 loquitur,
1947 2383 2003 2428 et

405 2479 504 2534 per
531 2464 920 2519 insensibilium
946 2465 1261 2533 obsequium
1286 2464 1540 2535 pnevalet
1565 2480 1817 2519 sensuum
1840 2480 2000 2520 exer-

403 2572 527 2612 cere
552 2555 906 2611 dominatum.
960 2554 1077 2611 Hoc
1105 2564 1277 2611 totum
1324 2556 1465 2611 inter
1489 2557 1735 2611 homines
1762 2556 2000 2625 quinque

405 2645 548 2701 tonis
591 2645 786 2714 agitur,
837 2646 928 2715 qui
976 2644 1171 2713 singuli
1218 2646 1614 2715 provinciarum
1665 2646 1754 2701 ubi
1797 2646 1999 2715 reperti

405 2746 527 2793 sunt
572 2738 883 2793 nominibus
913 2738 1239 2794 vocitantur.
1273 2736 1546 2793 Miseratio
1587 2739 1786 2809 quippe
1816 2738 1999 2792 divina

398 2829 647 2885 localiter
669 2830 866 2901 sparsit
893 2831 1143 2897 gratiam,
1171 2830 1299 2885 dum
1333 2831 1514 2886 omnia
1559 2844 1654 2883 sua
1684 2829 1841 2883 valde
1872 2827 1999 2884 fecit

402 2936 521 2978 esse
547 2921 830 2976 laudanda.
856 2920 1048 2977 Dorius
1077 2923 1347 2993 pudicitia:
1375 2922 1622 2991 largitor,
1652 2930 1707 2977 et
1734 2922 1997 2977 castitatis

402 3010 623 3067 eﬂ‘eetor
650 3021 752 3066 est.
804 3009 1066 3084 Phrygius
1094 3028 1302 3084 pugnas
1328 3014 1545 3077 excitat,
1598 3021 1654 3068 et
1695 3021 1878 3068 votum
1911 3013 1995 3066 fo-

2112 1841 2229 1880 rum
2254 1823 2408 1881 fortis
2437 1841 2501 1880 ac
2528 1825 2707 1881 suavis
2746 1825 2944 1893 oratio,
2985 1834 3044 1879 ut
3072 1826 3374 1880 criminosis
3403 1826 3705 1882 irascantur

2103 1914 2334 1984 judices,
2367 1915 2726 1970 misereantur
2756 1915 3097 1982 errantibus;
3151 1923 3205 1972 et
3235 1916 3493 1987 quidquid
3521 1926 3706 1988 potest

2109 2006 2370 2075 eloquens
2400 2005 2635 2073 efficere,
2681 2006 2751 2061 ad
2797 2007 2955 2077 hujus
2995 2006 3292 2078 disciplina:
3339 2024 3448 2063 non
3487 2018 3571 2065 est
3599 2009 3705 2064 du-

2108 2097 2253 2151 bium
2299 2098 2572 2167 pertinere
2619 2098 2869 2167 gloriam.
2912 2097 3097 2155 Poetis
3143 2100 3328 2168 etiam,
3372 2099 3704 2159 Terentiano

2106 2197 2357 2255 testante,
2402 2189 2510 2245 duo
2539 2191 2767 2260 primum
2813 2197 2984 2246 metra
3015 2192 3333 2262 principalia
3362 2201 3486 2249 sunt
3532 2197 3698 2251 attri-

2106 2278 2254 2343 buta,
2306 2279 2360 2334 id
2403 2288 2505 2345 est,
2556 2279 2848 2335 Heroicum
2880 2289 2934 2335 et
2967 2281 3262 2337 lambicum
3296 2302 3311 2337 :
3344 2300 3510 2339 unum
3551 2287 3700 2354 quod

2105 2370 2357 2440 erigeret,
2391 2370 2615 2425 alterum
2642 2372 2786 2441 quod
2816 2372 3073 2443 placaret.
3104 2373 3184 2429 Ex
3208 2376 3404 2444 quibus
3445 2375 3516 2430 ad
3545 2377 3699 2433 ohleo

2104 2463 2359 2519 ctandum
2388 2463 2599 2519 animos
2627 2465 2955 2519 audientium
2999 2464 3208 2521 diversa
3234 2466 3518 2537 progenita
3548 2477 3696 2525 sunt.

2106 2554 2173 2609 Et
2203 2563 2260 2610 ut
2285 2556 2339 2609 in
2370 2556 2587 2624 organis
2620 2556 2750 2622 toni,
2777 2557 2848 2611 ita
2882 2558 2935 2611 in
2956 2558 3192 2614 humana
3216 2576 3350 2616 voce
3373 2563 3552 2617 varias
3579 2564 3696 2617 ani-

2105 2646 2176 2698 mi
2206 2644 2522 2702 affectiones
2551 2646 2769 2715 gravida
2810 2655 2983 2702 metra
3010 2660 3361 2718 pepererunt.
3393 2651 3616 2708 Sirenas
3641 2653 3700 2708 in

2103 2736 2417 2790 miraculum
2446 2746 2693 2792 cantasse
2737 2738 2948 2793 curiosa
2980 2749 3003 2775 α
3054 2740 3232 2810 prodit
3272 2742 3599 2810 antiquitas;
3649 2753 3711 2801 et

2101 2829 2347 2899 quamvis
2372 2828 2684 2896 navigantes
2708 2828 2903 2884 fluctus
2923 2830 3237 2900 abduceret,
3255 2832 3477 2887 carbasa
3500 2843 3709 2891 ventos

2102 2919 2338 2991 inﬂaret,
2387 2921 2657 2991 eligebant
2702 2923 2941 2978 suaviter
2968 2924 3179 2995 decepti
3217 2926 3470 2995 Scopulos
3512 2928 3707 2982 incur-

2103 3026 2244 3074 rere,
2291 3027 2360 3067 ne
2409 3020 2612 3067 tantam
2660 3021 2975 3083 paterentur
3002 3012 3338 3069 dulcedinem
3390 3018 3704 3086 praeterire.

401 3102 538 3158 roris
568 3101 883 3160 inﬂammat.
916 3102 1127 3159 IEolios
1156 3105 1325 3159 animi
1350 3112 1706 3177 tempestates
1737 3106 1999 3175 trauquil-
2027 3105 2072 3169 C
2105 3103 2308 3172 Quibus
2333 3105 2479 3160 solus
2508 3105 2723 3160 Ithacus
2745 3105 2934 3170 evasit,
2959 3105 3049 3174 qui
3080 3106 3255 3159 nautis
3282 3107 3705 3165 sollicitatorem

398 3192 498 3262 lat,
525 3209 883 3264 somnumque
903 3194 1015 3264 jam
1046 3196 1272 3265 placatis
1309 3196 1572 3250 attribuit.
1604 3195 1805 3251 Jastios
1834 3197 1996 3252 intel-

399 3282 599 3339 lectum
629 3284 836 3341 obtusis
881 3285 1047 3351 acuit,
1101 3294 1156 3339 et
1203 3295 1421 3341 terreno
1452 3286 1719 3343 desiderio
1762 3288 1998 3356 gravatis

400 3379 701 3435 ccelestium
730 3382 1094 3450 appetentiam
1134 3381 1399 3436 bonorum
1431 3391 1686 3453 operator
1729 3382 1990 3452 indulget.

399 3468 598 3541 Lydius
614 3479 803 3526 contra
826 3472 1018 3528 nimias
1038 3488 1197 3533 curas
1213 3473 1513 3543 animmque
1542 3474 1698 3528 taedia
1723 3484 1990 3546 repertus,

399 3563 716 3618 remissione
744 3574 982 3634 reparat,
1013 3573 1069 3618 et
1097 3564 1464 3620 oblectatione
1505 3566 1842 3634 corroborat,
1869 3564 1996 3621 Haec

399 3653 467 3708 ad
506 3654 807 3710 solutiones
834 3655 1186 3725 corruptibile
1223 3655 1475 3709 smeulum
1526 3653 1772 3721 ﬂectens,
1820 3656 1993 3711 hone-

398 3754 539 3802 stum
581 3748 881 3803 remedium
931 3758 1088 3817 turpe
1130 3747 1258 3803 fecit
1301 3762 1420 3803 esse
1466 3754 1853 3802 commentum.
1896 3746 1996 3805 llic

399 3853 525 3893 vero
572 3854 830 3894 numerus
877 3839 1155 3910 quinarios
1203 3839 1342 3893 trina
1400 3837 1663 3894 divisione
1720 3839 1990 3895 consistit.

398 3927 585 3986 Omnis
613 3930 756 3985 enim
788 3938 949 3985 tonus
978 3931 1142 3984 habet
1187 3946 1479 3997 summum,
1529 3937 1584 3984 et
1630 3930 1830 3996 imum;
1878 3930 1993 3986 haec

395 4027 576 4074 autem
604 4019 857 4075 dicuntur
885 4019 954 4074 ad
983 4020 1237 4074 medium.
1266 4018 1332 4074 Et
1359 4019 1615 4089 quoniam
1645 4020 1761 4075 sine
1790 4035 1850 4075 se
1869 4035 1992 4077 esse

394 4125 503 4165 non
535 4118 785 4181 possunt,
826 4124 944 4179 qua:
972 4111 1179 4166 alterna
1209 4111 1312 4166 sibi
1339 4110 1712 4166 vicissitudine
1743 4109 1991 4166 referun-

395 4211 502 4269 tur,
531 4203 736 4258 utiliter
764 4204 1042 4259 inventum
1073 4211 1176 4271 est,
1226 4201 1562 4259 artiﬁcialem
1608 4203 1894 4271 musicam,
1938 4203 1994 4259 id

395 4303 480 4352 est
507 4304 791 4350 auctorum
818 4296 1225 4367 operationibus
1254 4295 1480 4351 diversis
1509 4295 1727 4363 organis
1754 4295 1993 4365 exquisi-

396 4395 529 4454 tam,
579 4384 757 4441 modis
804 4386 1110 4457 quindecim
1139 4386 1427 4443 contineri.
1475 4385 1569 4440 llis
1600 4386 1760 4441 rebus
1788 4386 1989 4456 aliquid

2100 3198 2348 3268 protinus
2387 3197 2655 3253 obstruxit
2683 3197 2924 3251 auditum
2954 3206 3144 3252 contra
3190 3198 3407 3253 noxiam
3452 3199 3709 3257 dulcedi-

2099 3304 2244 3343 nem.
2277 3287 2547 3358 Cogitavit
2592 3288 2674 3343 vir
2698 3287 3148 3359 prudentissimus
3178 3287 3540 3344 felicissimam
3571 3308 3713 3347 sur—

2096 3379 2341 3447 ditatem,
2387 3386 2443 3433 et
2481 3393 2642 3448 quam
2677 3379 2898 3434 vincere
2929 3379 3279 3449 intelligendo
3308 3396 3414 3435 non
3444 3391 3701 3452 poterat,

2098 3469 2290 3523 melius
2336 3484 2442 3524 non
2474 3469 2803 3524 advertendo
2850 3469 3159 3540 superabat.
3202 3468 3273 3523 Se
3320 3485 3449 3525 vero
3496 3471 3703 3527 solidi-

2098 3562 2195 3615 tati
2227 3561 2436 3617 arboris
2465 3562 2776 3617 constrictis
2825 3562 3050 3618 nexibus
3090 3563 3342 3631 illigavit,
3393 3574 3452 3618 ut
3500 3576 3559 3620 et
3610 3565 3706 3620 fa—

2095 3666 2279 3707 mosos
2323 3659 2512 3707 cantus
2559 3652 2741 3707 liberis
2769 3653 2989 3708 auribus
3038 3653 3269 3723 probare
3297 3654 3582 3724 potuisset,
3644 3665 3707 3712 et

2095 3740 2333 3814 pericula
2362 3742 2654 3798 dulcisonaa
2679 3744 2826 3798 vocis
2856 3744 2998 3798 unda
3042 3744 3290 3813 rapiente
3319 3744 3531 3800 vinctus
3558 3760 3705 3801 eva-

2093 3833 2266 3888 deret.
2300 3831 2498 3888 Verom
2528 3842 2586 3887 ut
2614 3841 2671 3888 et
2697 3847 2796 3888 nos
2817 3832 2942 3913 talia
2964 3833 3218 3903 exemplo
3239 3834 3497 3904 sapientis
3516 3834 3704 3893 Ithaci

2093 3932 2454 3994 transeamus,
2482 3925 2770 3994 loquamur
2789 3925 2856 3981 de
2885 3925 2976 3981 illo
3003 3925 3157 3996 lapso
3180 3940 3212 3981 e
3232 3927 3372 3982 caelo
3396 3924 3701 3993 Psalterio,

2092 4018 2240 4088 quod
2287 4019 2370 4073 vir
2416 4025 2534 4074 toto
2580 4019 2713 4073 orbe
2754 4018 3039 4072 cantabitis
3085 4018 3156 4071 ita
3201 4017 3535 4071 modulatum
3587 4032 3704 4089 pro

2094 4111 2285 4166 anima:
2308 4112 2569 4181 sospitate
2589 4112 2912 4182 composuit,
2942 4119 3002 4165 ut
3044 4110 3128 4165 bis
3151 4110 3366 4181 hymnis
3398 4118 3452 4165 et
3478 4112 3697 4167 mentis

2092 4203 2316 4258 vulnera
2346 4210 2688 4270 sanarentur,
2738 4211 2794 4258 et
2840 4202 3142 4257 Divinitatis
3188 4201 3477 4270 singularis
3505 4204 3699 4269 gratia

2094 4294 2462 4364 conquiratnr.
2511 4292 2593 4348 En
2637 4293 2781 4363 quod
2830 4293 3084 4349 saaculum
3116 4293 3338 4347 miretur
3373 4300 3428 4346 et
3455 4292 3696 4347 credat:

2093 4384 2300 4454 pepulit
2330 4384 2584 4439 Davidica
2610 4383 2725 4455 lyra
2754 4382 3057 4449 diabolum;
3082 4397 3249 4437 sonus
3277 4381 3555 4451 Spiritibus
3591 4383 3706 4437 im-

393 4474 570 4544 majus
619 4476 881 4545 adjiciens
929 4476 1163 4532 humana
1209 4478 1452 4546 solertia,
1498 4478 1656 4532 terris
1703 4478 1991 4547 quamdam
2018 4468 2068 4530 D
2094 4478 2336 4548 perarit;
2367 4484 2421 4532 et
2450 4484 2680 4531 canente
2706 4475 2911 4530 cithara
2946 4482 3029 4530 ter
3055 4489 3152 4529 rex
3182 4473 3237 4527 iu
3267 4473 3578 4527 libertatem
3606 4488 3708 4528 re-

395 4566 734 4622 harmoniam
763 4568 1075 4625 doctissima
1102 4570 1453 4639 inquisitione
1474 4570 1713 4640 collegit,
1741 4585 1860 4639 qua:
1882 4569 1991 4625 dia-

392 4677 566 4733 pason
612 4663 939 4725 nominatur.
986 4680 1055 4720 ex
1101 4666 1352 4721 omnibus
1394 4666 1600 4721 scilicet
1628 4676 1985 4738 congregata;

393 4761 456 4807 ut
478 4753 725 4817 virtutes,
757 4769 892 4824 quas
922 4753 1231 4808 universum
1273 4755 1446 4813 melos
1472 4756 1673 4811 habere
1700 4756 1985 4825 potuisset,

395 4844 509 4900 haec
538 4844 795 4900 adunatio
818 4844 1077 4900 mirabilis
1104 4846 1426 4902 contineret.
1460 4846 1596 4902 Hinc
1612 4847 1857 4917 Orpheus
1878 4863 1992 4903 mu-

396 4935 467 4990 tis
494 4935 815 4991 animalibus
843 4933 1137 4990 eﬂicaciter
1159 4937 1462 5007 imperavit,
1493 4951 1767 5007 vagosque
1801 4949 1992 5006 greges

395 5028 722 5098 contemptis
749 5028 967 5099 pascuis
995 5026 1066 5082 ad
1095 5027 1347 5083 audiendi
1377 5028 1564 5099 epulas
1592 5029 1772 5098 potius
1800 5029 1991 5084 invita-

396 5118 492 5172 vit.
521 5117 618 5173 lllo
645 5125 901 5174 cantante
936 5126 1255 5173 amaverunt
1300 5118 1474 5173 siccas
1504 5118 1754 5175 Tritones
1783 5128 1981 5185 terras;

372 5207 620 5265 £alatea
649 5210 773 5266 lusit
817 5212 873 5264 in
919 5209 1133 5277 solidis;
1182 5209 1534 5266 deseruerunt
1577 5210 1683 5265 ursi
1730 5212 1988 5269 amabiles

394 5299 588 5364 silvas;
617 5300 804 5358 leones
823 5300 1117 5358 domestica
1142 5301 1357 5357 tandem
1373 5309 1600 5356 canneta
1625 5301 1983 5369 reliquerunt;

392 5392 548 5462 juxta
572 5394 885 5464 prmdonem
905 5411 1060 5451 suum
1084 5395 1261 5467 praeda
1284 5394 1571 5463 gaudebat.
1597 5393 1653 5447 ln
1681 5411 1843 5448 unum
1864 5410 1990 5449 con-

394 5494 615 5540 ventum
644 5488 915 5542 contraria
943 5497 1065 5543 vota
1089 5487 1314 5543 collecta
1345 5495 1491 5553 sunt,
1513 5493 1569 5540 et
1593 5484 1747 5539 ﬁdem
1774 5486 1988 5541 dicente

396 5574 532 5650 lyra,
561 5577 742 5633 omnia
774 5579 875 5633 sibi
907 5580 1128 5634 adversa
1157 5577 1519 5634 crediderunt.
1554 5577 1819 5647 Amphion
1851 5593 1986 5646 quo-

2095 4569 2229 4633 diit,
2281 4582 2441 4638 quem
2489 4567 2733 4622 internus
2780 4566 3028 4620 inimicus
3075 4563 3306 4633 turpiter
3351 4561 3702 4631 possidebat
3784 4566 3803 4577 ‘

2095 4657 2230 4712 Nam
2257 4657 2386 4711 licet
2414 4656 2574 4725 hujus
2611 4654 2990 4710 delectationis
3018 4667 3221 4722 organa
3269 4650 3433 4706 multa
3485 4650 3709 4709 fuerint

2095 4747 2385 4817 exquisita,
2434 4746 2567 4801 nihil
2615 4754 2797 4801 tamen
2842 4743 3112 4800 efﬁcacius
3160 4751 3243 4797 est
3290 4742 3572 4796 inventum
3626 4741 3707 4799 ad

2094 4837 2489 4911 permovendos
2529 4838 2761 4899 animos,
2812 4850 2974 4904 quam
3016 4847 3269 4889 concava:
3315 4833 3424 4903 39
3460 4833 3707 4889 citharae

2091 4928 2287 4985 blanda
2315 4925 2614 4982 resoltatio.
2668 4922 2807 4978 Hinc
2834 4922 2998 4977 etiam
3040 4920 3365 4991 appellatam
3401 4920 3704 4976 existima-

2092 5037 2213 5077 mus
2238 5019 2519 5087 chordam,
2542 5016 2691 5087 quod
2735 5014 2893 5071 facile
2920 5012 3083 5070 corda
3114 5020 3351 5068 moveat.
3380 5009 3484 5065 Ubi
3529 5022 3701 5069 tanta

2093 5127 2286 5168 vocum
2326 5110 2552 5165 collecta
2608 5115 2694 5161 est
2742 5105 2840 5161 sub
2886 5104 3200 5158 diversitate
3251 5100 3570 5167 concordia,
3633 5114 3703 5158 ut

2095 5206 2269 5260 vicina
2299 5199 2504 5258 chorda
2532 5199 2743 5272 pulsata
2773 5198 2998 5252 alteram
3044 5194 3207 5250 faciat
3235 5202 3428 5263 sponte
3460 5205 3701 5251 contre-

2090 5297 2335 5359 miscerc,
2364 5307 2528 5363 quam
2557 5290 2759 5345 nullum
2790 5287 3014 5357 contigit
3041 5286 3303 5356 attigisse.
3326 5283 3502 5339 Tanta
3532 5288 3704 5344 enim

2088 5388 2170 5443 vis
2197 5395 2280 5442 est
2308 5382 2722 5448 convenientim,
2771 5388 2831 5435 ut
2858 5394 2974 5434 rem
3003 5377 3365 5434 insensualem
3393 5384 3599 5446 sponte
3633 5396 3707 5436 se

2090 5493 2310 5535 movere
2353 5476 2532 5541 faciat,
2587 5474 2712 5543 quia
2759 5472 2877 5543 ejus
2926 5472 3126 5528 sociam
3154 5477 3367 5526 constat
3391 5470 3701 5537 agitatam.

2090 5572 2227 5627 llinc
2252 5571 2477 5624 diversa:
2504 5565 2724 5622 veniunt
2752 5564 2870 5619 sine
2908 5563 3086 5632 lingua
3116 5575 3309 5626 voces;
3360 5561 3483 5618 hinc
3514 5564 3709 5619 variis

479 5783 507 5817 ⁸
532 5775 599 5853 D.
625 5776 795 5836 Jarct.
848 5790 1000 5851 potat
1039 5779 1318 5848 legendum
1364 5783 1589 5853 cariosa,
1620 5782 1704 5838 vel
1748 5796 1901 5845 (una,
1932 5786 1987 5834 ut
2025 5776 2160 5832 infra
2191 5775 2281 5832 lib.
2313 5790 2388 5841 in,
2417 5788 2502 5845 ep.
2534 5771 2620 5842 '55,
2658 5787 2789 5827 caua
2812 5770 2975 5827 dictat
3006 5771 3312 5841 antiquitas.
