  <div class='ocr_page' id='page_1' title='image "/cluster/home/n/w/nwhite01/storage/ocr_20150623/69/hvd.32044054758727/314.png"; bbox 0 0 3988 6178; ppageno 0'>
   <div class='ocr_carea' id='block_1_1' title="bbox 255 161 362 218">
    <p class='ocr_par' dir='ltr' id='par_1_1' title="bbox 255 161 362 218">
     <span class='ocr_line' id='line_1_1' title="bbox 255 161 362 218; baseline -0.037 0"><span class='ocrx_word' id='word_1_1' title='bbox 255 161 362 218; x_wconf 79' lang='lat'><strong>573</strong></span> 
     </span>
    </p>
   </div>
   <div class='ocr_carea' id='block_1_2' title="bbox 256 272 1926 343">
    <p class='ocr_par' dir='ltr' id='par_1_2' title="bbox 256 272 1926 343">
     <span class='ocr_line' id='line_1_2' title="bbox 256 272 1926 343; baseline 0.001 -19"><span class='ocrx_word' id='word_1_2' title='bbox 256 275 410 332; x_wconf 71' lang='lat' dir='ltr'><strong>sonis</strong></span> <span class='ocrx_word' id='word_1_3' title='bbox 439 273 671 329; x_wconf 79' lang='lat' dir='ltr'><strong>efﬁcitur</strong></span> <span class='ocrx_word' id='word_1_4' title='bbox 699 272 912 343; x_wconf 81' lang='lat' dir='ltr'><strong>quidam</strong></span> <span class='ocrx_word' id='word_1_5' title='bbox 935 275 1282 331; x_wconf 87' lang='lat' dir='ltr'><strong>suavissimus</strong></span> <span class='ocrx_word' id='word_1_6' title='bbox 1311 275 1526 336; x_wconf 90' lang='lat' dir='ltr'><strong>chorus,</strong></span> <span class='ocrx_word' id='word_1_7' title='bbox 1577 274 1667 327; x_wconf 91' lang='lat' dir='ltr'><strong>illa</strong></span> <span class='ocrx_word' id='word_1_8' title='bbox 1697 281 1854 327; x_wconf 87' lang='lat' dir='ltr'><strong>acuta</strong></span> <span class='ocrx_word' id='word_1_9' title='bbox 1884 281 1926 332; x_wconf 79' lang='grc' dir='ltr'><strong>Α</strong></span> 
     </span>
    </p>
   </div>
   <div class='ocr_carea' id='block_1_3' title="bbox 256 363 1855 433">
    <p class='ocr_par' dir='ltr' id='par_1_3' title="bbox 256 363 1855 433">
     <span class='ocr_line' id='line_1_3' title="bbox 256 363 1855 433; baseline -0.001 -15"><span class='ocrx_word' id='word_1_10' title='bbox 256 365 424 418; x_wconf 89' lang='lat' dir='ltr'><strong>nimia</strong></span> <span class='ocrx_word' id='word_1_11' title='bbox 459 363 728 431; x_wconf 90' lang='lat' dir='ltr'><strong>teusione,</strong></span> <span class='ocrx_word' id='word_1_12' title='bbox 771 364 871 418; x_wconf 89' lang='lat' dir='ltr'><strong>ista</strong></span> <span class='ocrx_word' id='word_1_13' title='bbox 902 365 1080 433; x_wconf 77' lang='lat' dir='ltr'><strong>gravis</strong></span> <span class='ocrx_word' id='word_1_14' title='bbox 1120 365 1298 432; x_wconf 88' lang='lat' dir='ltr'><strong>aliqua</strong></span> <span class='ocrx_word' id='word_1_15' title='bbox 1326 364 1568 430; x_wconf 76' lang='lat' dir='ltr'><strong>laxitate,</strong></span> <span class='ocrx_word' id='word_1_16' title='bbox 1599 363 1713 418; x_wconf 65' lang='lat' dir='ltr'><strong>haec</strong></span> <span class='ocrx_word' id='word_1_17' title='bbox 1743 378 1855 416; x_wconf 82' lang='lat' dir='ltr'><strong>me-</strong></span> 
     </span>
    </p>
   </div>
   <div class='ocr_carea' id='block_1_4' title="bbox 257 455 1854 528">
    <p class='ocr_par' dir='ltr' id='par_1_4' title="bbox 257 455 1854 528">
     <span class='ocr_line' id='line_1_4' title="bbox 257 455 1854 528; baseline -0.003 -13"><span class='ocrx_word' id='word_1_18' title='bbox 257 459 351 515; x_wconf 88' lang='lat' dir='ltr'><strong>dia</strong></span> <span class='ocrx_word' id='word_1_19' title='bbox 384 468 536 528; x_wconf 78' lang='lat' dir='ltr'><strong>tergo</strong></span> <span class='ocrx_word' id='word_1_20' title='bbox 565 457 917 512; x_wconf 78' lang='lat' dir='ltr'><strong>blandissime</strong></span> <span class='ocrx_word' id='word_1_21' title='bbox 953 465 1290 526; x_wconf 88' lang='lat' dir='ltr'><strong>temperato;</strong></span> <span class='ocrx_word' id='word_1_22' title='bbox 1342 465 1402 512; x_wconf 90' lang='lat' dir='ltr'><strong>ut</strong></span> <span class='ocrx_word' id='word_1_23' title='bbox 1431 457 1675 511; x_wconf 83' lang='lat' dir='ltr'><strong>homines</strong></span> <span class='ocrx_word' id='word_1_24' title='bbox 1702 471 1761 510; x_wconf 90' lang='lat' dir='ltr'><strong>se</strong></span> <span class='ocrx_word' id='word_1_25' title='bbox 1787 455 1854 510; x_wconf 90' lang='lat' dir='ltr'><strong>ad</strong></span> 
     </span>
    </p>
   </div>
   <div class='ocr_carea' id='block_1_5' title="bbox 257 547 1859 622">
    <p class='ocr_par' dir='ltr' id='par_1_5' title="bbox 257 547 1859 622">
     <span class='ocr_line' id='line_1_5' title="bbox 257 547 1859 622; baseline -0.004 -16"><span class='ocrx_word' id='word_1_26' title='bbox 257 559 466 606; x_wconf 85' lang='lat' dir='ltr'><strong>tantam</strong></span> <span class='ocrx_word' id='word_1_27' title='bbox 495 549 793 622; x_wconf 79' lang='lat' dir='ltr'><strong>perducere</strong></span> <span class='ocrx_word' id='word_1_28' title='bbox 825 564 931 604; x_wconf 91' lang='lat' dir='ltr'><strong>non</strong></span> <span class='ocrx_word' id='word_1_29' title='bbox 962 549 1286 622; x_wconf 74' lang='lat' dir='ltr'><strong>praevaleant</strong></span> <span class='ocrx_word' id='word_1_30' title='bbox 1308 549 1589 612; x_wconf 84' lang='lat' dir='ltr'><strong>unitatem,</strong></span> <span class='ocrx_word' id='word_1_31' title='bbox 1617 547 1666 601; x_wconf 92' lang='lat' dir='ltr'><strong>in</strong></span> <span class='ocrx_word' id='word_1_32' title='bbox 1691 563 1859 618; x_wconf 88' lang='lat' dir='ltr'><strong>quan-</strong></span> 
     </span>
    </p>
   </div>
   <div class='ocr_carea' id='block_1_6' title="bbox 259 643 1856 712">
    <p class='ocr_par' dir='ltr' id='par_1_6' title="bbox 259 643 1856 712">
     <span class='ocr_line' id='line_1_6' title="bbox 259 643 1856 712; baseline -0.002 -13"><span class='ocrx_word' id='word_1_33' title='bbox 259 654 373 700; x_wconf 83' lang='lat' dir='ltr'><strong>tam</strong></span> <span class='ocrx_word' id='word_1_34' title='bbox 399 644 467 699; x_wconf 89' lang='lat' dir='ltr'><strong>ad</strong></span> <span class='ocrx_word' id='word_1_35' title='bbox 491 643 748 700; x_wconf 82' lang='lat' dir='ltr'><strong>socialem</strong></span> <span class='ocrx_word' id='word_1_36' title='bbox 775 644 1207 699; x_wconf 80' lang='lat' dir='ltr'><strong>convenientiam</strong></span> <span class='ocrx_word' id='word_1_37' title='bbox 1237 644 1444 698; x_wconf 80' lang='lat' dir='ltr'><strong>ratione</strong></span> <span class='ocrx_word' id='word_1_38' title='bbox 1473 643 1708 698; x_wconf 82' lang='lat' dir='ltr'><strong>carentia</strong></span> <span class='ocrx_word' id='word_1_39' title='bbox 1731 657 1856 712; x_wconf 85' lang='lat' dir='ltr'><strong>per-</strong></span> 
     </span>
    </p>
   </div>
   <div class='ocr_carea' id='block_1_7' title="bbox 256 731 1856 803">
    <p class='ocr_par' dir='ltr' id='par_1_7' title="bbox 256 731 1856 803">
     <span class='ocr_line' id='line_1_7' title="bbox 256 731 1856 803; baseline -0.002 -15"><span class='ocrx_word' id='word_1_40' title='bbox 256 741 547 789; x_wconf 84' lang='lat' dir='ltr'><strong>venerunt.</strong></span> <span class='ocrx_word' id='word_1_41' title='bbox 595 733 672 788; x_wconf 90' lang='lat' dir='ltr'><strong>lbi</strong></span> <span class='ocrx_word' id='word_1_42' title='bbox 720 733 863 788; x_wconf 89' lang='lat' dir='ltr'><strong>enim</strong></span> <span class='ocrx_word' id='word_1_43' title='bbox 902 733 1159 803; x_wconf 82' lang='lat' dir='ltr'><strong>quidquid</strong></span> <span class='ocrx_word' id='word_1_44' title='bbox 1207 735 1554 798; x_wconf 82' lang='lat' dir='ltr'><strong>excellenter,</strong></span> <span class='ocrx_word' id='word_1_45' title='bbox 1595 731 1856 802; x_wconf 84' lang='lat' dir='ltr'><strong>quidquid</strong></span> 
     </span>
    </p>
   </div>
   <div class='ocr_carea' id='block_1_8' title="bbox 258 825 1852 897">
    <p class='ocr_par' dir='ltr' id='par_1_8' title="bbox 258 825 1852 897">
     <span class='ocr_line' id='line_1_8' title="bbox 258 825 1852 897; baseline -0.001 -19"><span class='ocrx_word' id='word_1_46' title='bbox 258 826 648 897; x_wconf 87' lang='lat' dir='ltr'><strong>ponderatim,</strong></span> <span class='ocrx_word' id='word_1_47' title='bbox 697 825 954 896; x_wconf 86' lang='lat' dir='ltr'><strong>quidquid</strong></span> <span class='ocrx_word' id='word_1_48' title='bbox 1002 841 1199 890; x_wconf 84' lang='lat' dir='ltr'><strong>rauce,</strong></span> <span class='ocrx_word' id='word_1_49' title='bbox 1245 826 1504 894; x_wconf 84' lang='lat' dir='ltr'><strong>quidquid</strong></span> <span class='ocrx_word' id='word_1_50' title='bbox 1549 825 1852 894; x_wconf 85' lang='lat' dir='ltr'><strong>purissime,</strong></span> 
     </span>
    </p>
   </div>
   <div class='ocr_carea' id='block_1_9' title="bbox 259 917 1855 988">
    <p class='ocr_par' dir='ltr' id='par_1_9' title="bbox 259 917 1855 988">
     <span class='ocr_line' id='line_1_9' title="bbox 259 917 1855 988; baseline -0.003 -16"><span class='ocrx_word' id='word_1_51' title='bbox 259 918 507 988; x_wconf 87' lang='lat' dir='ltr'><strong>aliasque</strong></span> <span class='ocrx_word' id='word_1_52' title='bbox 545 917 830 972; x_wconf 87' lang='lat' dir='ltr'><strong>distantias</strong></span> <span class='ocrx_word' id='word_1_53' title='bbox 875 925 1050 981; x_wconf 86' lang='lat' dir='ltr'><strong>sonat,</strong></span> <span class='ocrx_word' id='word_1_54' title='bbox 1095 918 1246 987; x_wconf 90' lang='lat' dir='ltr'><strong>quasi</strong></span> <span class='ocrx_word' id='word_1_55' title='bbox 1295 919 1346 972; x_wconf 90' lang='lat' dir='ltr'><strong>in</strong></span> <span class='ocrx_word' id='word_1_56' title='bbox 1389 933 1554 971; x_wconf 91' lang='lat' dir='ltr'><strong>unum</strong></span> <span class='ocrx_word' id='word_1_57' title='bbox 1603 923 1855 971; x_wconf 90' lang='lat' dir='ltr'><strong>ornatum</strong></span> 
     </span>
    </p>
   </div>
   <div class='ocr_carea' id='block_1_10' title="bbox 259 1005 1853 1063">
    <p class='ocr_par' dir='ltr' id='par_1_10' title="bbox 259 1005 1853 1063">
     <span class='ocr_line' id='line_1_10' title="bbox 259 1005 1853 1063; baseline -0.003 0"><span class='ocrx_word' id='word_1_58' title='bbox 259 1017 477 1063; x_wconf 87' lang='lat' dir='ltr'><strong>constat</strong></span> <span class='ocrx_word' id='word_1_59' title='bbox 519 1023 642 1063; x_wconf 89' lang='lat' dir='ltr'><strong>esse</strong></span> <span class='ocrx_word' id='word_1_60' title='bbox 666 1008 972 1063; x_wconf 85' lang='lat' dir='ltr'><strong>collectum.</strong></span> <span class='ocrx_word' id='word_1_61' title='bbox 1020 1005 1084 1060; x_wconf 87' lang='lat' dir='ltr'><strong>Et</strong></span> <span class='ocrx_word' id='word_1_62' title='bbox 1132 1015 1187 1062; x_wconf 91' lang='lat' dir='ltr'><strong>ut</strong></span> <span class='ocrx_word' id='word_1_63' title='bbox 1237 1006 1482 1061; x_wconf 87' lang='lat' dir='ltr'><strong>diadema</strong></span> <span class='ocrx_word' id='word_1_64' title='bbox 1505 1006 1676 1060; x_wconf 78' lang='lat' dir='ltr'><strong>oculis</strong></span> <span class='ocrx_word' id='word_1_65' title='bbox 1706 1006 1853 1059; x_wconf 83' lang='lat' dir='ltr'><strong>varia</strong></span> 
     </span>
    </p>
   </div>
   <div class='ocr_carea' id='block_1_11' title="bbox 261 1097 1856 1168">
    <p class='ocr_par' dir='ltr' id='par_1_11' title="bbox 261 1097 1856 1168">
     <span class='ocr_line' id='line_1_11' title="bbox 261 1097 1856 1168; baseline -0.004 -12"><span class='ocrx_word' id='word_1_66' title='bbox 261 1101 383 1156; x_wconf 86' lang='lat' dir='ltr'><strong>luce</strong></span> <span class='ocrx_word' id='word_1_67' title='bbox 411 1113 774 1168; x_wconf 75' lang='lat' dir='ltr'><strong>gemmarum,</strong></span> <span class='ocrx_word' id='word_1_68' title='bbox 799 1099 876 1154; x_wconf 92' lang='lat' dir='ltr'><strong>sic</strong></span> <span class='ocrx_word' id='word_1_69' title='bbox 905 1098 1110 1154; x_wconf 85' lang='lat' dir='ltr'><strong>cithara</strong></span> <span class='ocrx_word' id='word_1_70' title='bbox 1141 1098 1455 1152; x_wconf 81' lang='lat' dir='ltr'><strong>diversitate</strong></span> <span class='ocrx_word' id='word_1_71' title='bbox 1496 1098 1612 1150; x_wconf 90' lang='lat' dir='ltr'><strong>soni</strong></span> <span class='ocrx_word' id='word_1_72' title='bbox 1641 1097 1856 1151; x_wconf 86' lang='lat' dir='ltr'><strong>blandi-</strong></span> 
     </span>
    </p>
   </div>
   <div class='ocr_carea' id='block_1_12' title="bbox 261 1188 1853 1258">
    <p class='ocr_par' dir='ltr' id='par_1_12' title="bbox 261 1188 1853 1258">
     <span class='ocr_line' id='line_1_12' title="bbox 261 1188 1853 1258; baseline -0.002 -15"><span class='ocrx_word' id='word_1_73' title='bbox 261 1199 352 1246; x_wconf 86' lang='lat' dir='ltr'><strong>tur</strong></span> <span class='ocrx_word' id='word_1_74' title='bbox 379 1191 612 1245; x_wconf 88' lang='lat' dir='ltr'><strong>auditui.</strong></span> <span class='ocrx_word' id='word_1_75' title='bbox 661 1189 928 1244; x_wconf 79' lang='lat' dir='ltr'><strong>Musarum</strong></span> <span class='ocrx_word' id='word_1_76' title='bbox 959 1189 1065 1244; x_wconf 88' lang='lat' dir='ltr'><strong>tela</strong></span> <span class='ocrx_word' id='word_1_77' title='bbox 1096 1189 1314 1258; x_wconf 78' lang='lat' dir='ltr'><strong>loquax,</strong></span> <span class='ocrx_word' id='word_1_78' title='bbox 1352 1189 1579 1242; x_wconf 85' lang='lat' dir='ltr'><strong>stamina</strong></span> <span class='ocrx_word' id='word_1_79' title='bbox 1609 1188 1853 1254; x_wconf 82' lang='lat' dir='ltr'><strong>verbosa,</strong></span> 
     </span>
    </p>
   </div>
   <div class='ocr_carea' id='block_1_13' title="bbox 265 1278 1857 1350">
    <p class='ocr_par' dir='ltr' id='par_1_13' title="bbox 265 1278 1857 1350">
     <span class='ocr_line' id='line_1_13' title="bbox 265 1278 1857 1350; baseline -0.002 -15"><span class='ocrx_word' id='word_1_80' title='bbox 265 1283 354 1336; x_wconf 82' lang='lat' dir='ltr'><strong>ﬁla</strong></span> <span class='ocrx_word' id='word_1_81' title='bbox 379 1282 656 1345; x_wconf 85' lang='lat' dir='ltr'><strong>canentia,</strong></span> <span class='ocrx_word' id='word_1_82' title='bbox 684 1281 736 1335; x_wconf 94' lang='lat' dir='ltr'><strong>in</strong></span> <span class='ocrx_word' id='word_1_83' title='bbox 758 1281 952 1350; x_wconf 86' lang='lat' dir='ltr'><strong>quibus</strong></span> <span class='ocrx_word' id='word_1_84' title='bbox 981 1289 1171 1349; x_wconf 89' lang='lat' dir='ltr'><strong>arguto</strong></span> <span class='ocrx_word' id='word_1_85' title='bbox 1194 1281 1402 1350; x_wconf 89' lang='lat' dir='ltr'><strong>plectro</strong></span> <span class='ocrx_word' id='word_1_86' title='bbox 1451 1279 1670 1346; x_wconf 80' lang='lat' dir='ltr'><strong>texitur,</strong></span> <span class='ocrx_word' id='word_1_87' title='bbox 1714 1278 1857 1348; x_wconf 90' lang='lat' dir='ltr'><strong>quod</strong></span> 
     </span>
    </p>
   </div>
   <div class='ocr_carea' id='block_1_14' title="bbox 265 1370 1859 1438">
    <p class='ocr_par' dir='ltr' id='par_1_14' title="bbox 265 1370 1859 1438">
     <span class='ocr_line' id='line_1_14' title="bbox 265 1370 1859 1438; baseline -0.003 -10"><span class='ocrx_word' id='word_1_88' title='bbox 265 1373 506 1429; x_wconf 83' lang='lat' dir='ltr'><strong>dulciter</strong></span> <span class='ocrx_word' id='word_1_89' title='bbox 544 1372 809 1427; x_wconf 86' lang='lat' dir='ltr'><strong>audiatur.</strong></span> <span class='ocrx_word' id='word_1_90' title='bbox 843 1370 992 1425; x_wconf 86' lang='lat' dir='ltr'><strong>Hane</strong></span> <span class='ocrx_word' id='word_1_91' title='bbox 1035 1372 1196 1438; x_wconf 83' lang='lat' dir='ltr'><strong>igitur</strong></span> <span class='ocrx_word' id='word_1_92' title='bbox 1221 1371 1286 1424; x_wconf 90' lang='lat' dir='ltr'><strong>ad</strong></span> <span class='ocrx_word' id='word_1_93' title='bbox 1316 1371 1670 1425; x_wconf 87' lang='lat' dir='ltr'><strong>imitationem</strong></span> <span class='ocrx_word' id='word_1_94' title='bbox 1698 1370 1859 1423; x_wconf 76' lang='lat' dir='ltr'><strong>varitc</strong></span> 
     </span>
    </p>
   </div>
   <div class='ocr_carea' id='block_1_15' title="bbox 265 1451 1858 1527">
    <p class='ocr_par' dir='ltr' id='par_1_15' title="bbox 265 1451 1858 1527">
     <span class='ocr_line' id='line_1_15' title="bbox 265 1451 1858 1527; baseline -0.005 -7"><span class='ocrx_word' id='word_1_95' title='bbox 265 1464 559 1520; x_wconf 80' lang='lat' dir='ltr'><strong>testudinis</strong></span> <span class='ocrx_word' id='word_1_96' title='bbox 587 1451 883 1517; x_wconf 80' lang='lat' dir='ltr'><strong>Mercurius</strong></span> <span class='ocrx_word' id='word_1_97' title='bbox 929 1461 1124 1516; x_wconf 63' lang='lat' dir='ltr'><strong>dicitur</strong></span> <span class='ocrx_word' id='word_1_98' title='bbox 1164 1461 1448 1522; x_wconf 80' lang='lat' dir='ltr'><strong>invenisse,</strong></span> <span class='ocrx_word' id='word_1_99' title='bbox 1499 1475 1658 1527; x_wconf 88' lang='lat' dir='ltr'><strong>quam</strong></span> <span class='ocrx_word' id='word_1_100' title='bbox 1709 1467 1858 1512; x_wconf 88' lang='lat' dir='ltr'><strong>tanta</strong></span> 
     </span>
    </p>
   </div>
   <div class='ocr_carea' id='block_1_16' title="bbox 266 1549 1860 1624">
    <p class='ocr_par' dir='ltr' id='par_1_16' title="bbox 266 1549 1860 1624">
     <span class='ocr_line' id='line_1_16' title="bbox 266 1549 1860 1624; baseline -0.007 -13"><span class='ocrx_word' id='word_1_101' title='bbox 266 1556 500 1611; x_wconf 87' lang='lat' dir='ltr'><strong>utillima</strong></span> <span class='ocrx_word' id='word_1_102' title='bbox 532 1560 914 1624; x_wconf 85' lang='lat' dir='ltr'><strong>procurantem</strong></span> <span class='ocrx_word' id='word_1_103' title='bbox 945 1552 1240 1606; x_wconf 86' lang='lat' dir='ltr'><strong>astronomi</strong></span> <span class='ocrx_word' id='word_1_104' title='bbox 1273 1551 1411 1604; x_wconf 87' lang='lat' dir='ltr'><strong>inter</strong></span> <span class='ocrx_word' id='word_1_105' title='bbox 1457 1550 1640 1606; x_wconf 84' lang='lat' dir='ltr'><strong>stellas</strong></span> <span class='ocrx_word' id='word_1_106' title='bbox 1678 1549 1860 1618; x_wconf 90' lang='lat' dir='ltr'><strong>requi-</strong></span> 
     </span>
    </p>
   </div>
   <div class='ocr_carea' id='block_1_17' title="bbox 266 1646 1100 1712">
    <p class='ocr_par' dir='ltr' id='par_1_17' title="bbox 266 1646 1100 1712">
     <span class='ocr_line' id='line_1_17' title="bbox 266 1646 1100 1712; baseline -0.007 -11"><span class='ocrx_word' id='word_1_107' title='bbox 266 1646 496 1701; x_wconf 83' lang='lat' dir='ltr'><strong>rendam</strong></span> <span class='ocrx_word' id='word_1_108' title='bbox 543 1659 665 1700; x_wconf 87' lang='lat' dir='ltr'><strong>esse</strong></span> <span class='ocrx_word' id='word_1_109' title='bbox 709 1651 1037 1712; x_wconf 89' lang='lat' dir='ltr'><strong>putaverunt</strong></span> <span class='ocrx_word' id='word_1_110' title='bbox 1087 1659 1100 1695; x_wconf 90' lang='lat'><strong>:</strong></span> 
     </span>
    </p>
   </div>
   <div class='ocr_carea' id='block_1_18' title="bbox 269 1731 1857 1805">
    <p class='ocr_par' dir='ltr' id='par_1_18' title="bbox 269 1731 1857 1805">
     <span class='ocr_line' id='line_1_18' title="bbox 269 1731 1857 1805; baseline -0.004 -13"><span class='ocrx_word' id='word_1_111' title='bbox 269 1751 389 1792; x_wconf 77' lang='lat' dir='ltr'><strong>esse</strong></span> <span class='ocrx_word' id='word_1_112' title='bbox 418 1735 702 1798; x_wconf 69' lang='lat' dir='ltr'><strong>musicam,</strong></span> <span class='ocrx_word' id='word_1_113' title='bbox 733 1733 950 1804; x_wconf 88' lang='lat' dir='ltr'><strong>quando</strong></span> <span class='ocrx_word' id='word_1_114' title='bbox 982 1734 1106 1805; x_wconf 67' lang='lat' dir='ltr'><strong>lyrae</strong></span> <span class='ocrx_word' id='word_1_115' title='bbox 1131 1732 1354 1788; x_wconf 88' lang='lat' dir='ltr'><strong>formam</strong></span> <span class='ocrx_word' id='word_1_116' title='bbox 1397 1731 1857 1803; x_wconf 69' lang='lat' dir='ltr'><strong>comprehendere</strong></span> 
     </span>
    </p>
   </div>
   <div class='ocr_carea' id='block_1_19' title="bbox 267 1819 1857 1896">
    <p class='ocr_par' dir='ltr' id='par_1_19' title="bbox 267 1819 1857 1896">
     <span class='ocr_line' id='line_1_19' title="bbox 267 1819 1857 1896; baseline -0.003 -16"><span class='ocrx_word' id='word_1_117' title='bbox 267 1835 565 1896; x_wconf 88' lang='lat' dir='ltr'><strong>potuerunt</strong></span> <span class='ocrx_word' id='word_1_118' title='bbox 612 1825 756 1880; x_wconf 91' lang='lat' dir='ltr'><strong>inter</strong></span> <span class='ocrx_word' id='word_1_119' title='bbox 783 1823 962 1878; x_wconf 76' lang='lat' dir='ltr'><strong>sidera</strong></span> <span class='ocrx_word' id='word_1_120' title='bbox 1007 1823 1344 1878; x_wconf 86' lang='lat' dir='ltr'><strong>collocatam.</strong></span> <span class='ocrx_word' id='word_1_121' title='bbox 1390 1819 1681 1876; x_wconf 81' lang='lat' dir='ltr'><strong>Harmonia</strong></span> <span class='ocrx_word' id='word_1_122' title='bbox 1727 1836 1857 1875; x_wconf 90' lang='lat' dir='ltr'><strong>vero</strong></span> 
     </span>
    </p>
   </div>
   <div class='ocr_carea' id='block_1_20' title="bbox 266 1913 1857 1984">
    <p class='ocr_par' dir='ltr' id='par_1_20' title="bbox 266 1913 1857 1984">
     <span class='ocr_line' id='line_1_20' title="bbox 266 1913 1857 1984; baseline -0.005 -11"><span class='ocrx_word' id='word_1_123' title='bbox 266 1918 388 1974; x_wconf 71' lang='grc' dir='ltr'><strong>οωιὶ</strong></span> <span class='ocrx_word' id='word_1_124' title='bbox 439 1917 678 1971; x_wconf 85' lang='lat' dir='ltr'><strong>humano</strong></span> <span class='ocrx_word' id='word_1_125' title='bbox 705 1930 955 1970; x_wconf 75' lang='lat' dir='ltr'><strong>somnone</strong></span> <span class='ocrx_word' id='word_1_126' title='bbox 984 1915 1178 1969; x_wconf 88' lang='lat' dir='ltr'><strong>idonee</strong></span> <span class='ocrx_word' id='word_1_127' title='bbox 1209 1931 1314 1969; x_wconf 89' lang='lat' dir='ltr'><strong>non</strong></span> <span class='ocrx_word' id='word_1_128' title='bbox 1355 1922 1531 1984; x_wconf 87' lang='lat' dir='ltr'><strong>potest</strong></span> <span class='ocrx_word' id='word_1_129' title='bbox 1577 1913 1857 1982; x_wconf 85' lang='lat' dir='ltr'><strong>explicari,</strong></span> 
     </span>
    </p>
   </div>
   <div class='ocr_carea' id='block_1_21' title="bbox 266 2003 1856 2080">
    <p class='ocr_par' dir='ltr' id='par_1_21' title="bbox 266 2003 1856 2080">
     <span class='ocr_line' id='line_1_21' title="bbox 266 2003 1856 2080; baseline -0.005 -18"><span class='ocrx_word' id='word_1_130' title='bbox 266 2023 428 2080; x_wconf 86' lang='lat' dir='ltr'><strong>quam</strong></span> <span class='ocrx_word' id='word_1_131' title='bbox 459 2005 602 2060; x_wconf 85' lang='lat' dir='ltr'><strong>ratio</strong></span> <span class='ocrx_word' id='word_1_132' title='bbox 633 2014 840 2060; x_wconf 89' lang='lat' dir='ltr'><strong>tantum</strong></span> <span class='ocrx_word' id='word_1_133' title='bbox 871 2005 1051 2058; x_wconf 89' lang='lat' dir='ltr'><strong>animo</strong></span> <span class='ocrx_word' id='word_1_134' title='bbox 1081 2003 1245 2068; x_wconf 83' lang='lat' dir='ltr'><strong>dedit,</strong></span> <span class='ocrx_word' id='word_1_135' title='bbox 1297 2003 1390 2059; x_wconf 91' lang='lat' dir='ltr'><strong>sed</strong></span> <span class='ocrx_word' id='word_1_136' title='bbox 1422 2003 1639 2056; x_wconf 84' lang='lat' dir='ltr'><strong>auribus</strong></span> <span class='ocrx_word' id='word_1_137' title='bbox 1665 2011 1856 2056; x_wconf 87' lang='lat' dir='ltr'><strong>natura</strong></span> 
     </span>
    </p>
   </div>
   <div class='ocr_carea' id='block_1_22' title="bbox 267 2095 1858 2170">
    <p class='ocr_par' dir='ltr' id='par_1_22' title="bbox 267 2095 1858 2170">
     <span class='ocr_line' id='line_1_22' title="bbox 267 2095 1858 2170; baseline -0.004 -14"><span class='ocrx_word' id='word_1_138' title='bbox 267 2116 376 2156; x_wconf 85' lang='lat' dir='ltr'><strong>non</strong></span> <span class='ocrx_word' id='word_1_139' title='bbox 401 2098 660 2170; x_wconf 86' lang='lat' dir='ltr'><strong>prodidit.</strong></span> <span class='ocrx_word' id='word_1_140' title='bbox 697 2098 890 2152; x_wconf 89' lang='lat' dir='ltr'><strong>Dicunt</strong></span> <span class='ocrx_word' id='word_1_141' title='bbox 917 2097 1062 2152; x_wconf 88' lang='lat' dir='ltr'><strong>enim</strong></span> <span class='ocrx_word' id='word_1_142' title='bbox 1089 2097 1290 2170; x_wconf 86' lang='lat' dir='ltr'><strong>debere</strong></span> <span class='ocrx_word' id='word_1_143' title='bbox 1309 2096 1476 2161; x_wconf 88' lang='lat' dir='ltr'><strong>credi,</strong></span> <span class='ocrx_word' id='word_1_144' title='bbox 1500 2103 1558 2150; x_wconf 94' lang='lat' dir='ltr'><strong>ut</strong></span> <span class='ocrx_word' id='word_1_145' title='bbox 1586 2095 1858 2149; x_wconf 84' lang='lat' dir='ltr'><strong>beatitudo</strong></span> 
     </span>
    </p>
   </div>
   <div class='ocr_carea' id='block_1_23' title="bbox 266 2185 1860 2257">
    <p class='ocr_par' dir='ltr' id='par_1_23' title="bbox 266 2185 1860 2257">
     <span class='ocr_line' id='line_1_23' title="bbox 266 2185 1860 2257; baseline -0.004 -10"><span class='ocrx_word' id='word_1_146' title='bbox 266 2190 513 2247; x_wconf 65' lang='lat' dir='ltr'><strong>celestis</strong></span> <span class='ocrx_word' id='word_1_147' title='bbox 560 2189 704 2244; x_wconf 85' lang='lat' dir='ltr'><strong>illius</strong></span> <span class='ocrx_word' id='word_1_148' title='bbox 737 2188 1189 2244; x_wconf 85' lang='lat' dir='ltr'><strong>oblectationibus</strong></span> <span class='ocrx_word' id='word_1_149' title='bbox 1230 2185 1556 2257; x_wconf 68' lang='lat' dir='ltr'><strong>pvrfruatur,</strong></span> <span class='ocrx_word' id='word_1_150' title='bbox 1599 2201 1719 2254; x_wconf 73' lang='lat' dir='ltr'><strong>qua:</strong></span> <span class='ocrx_word' id='word_1_151' title='bbox 1759 2201 1860 2240; x_wconf 82' lang='lat' dir='ltr'><strong>nec</strong></span> 
     </span>
    </p>
   </div>
   <div class='ocr_carea' id='block_1_24' title="bbox 269 2277 1857 2348">
    <p class='ocr_par' dir='ltr' id='par_1_24' title="bbox 269 2277 1857 2348">
     <span class='ocr_line' id='line_1_24' title="bbox 269 2277 1857 2348; baseline -0.003 -14"><span class='ocrx_word' id='word_1_152' title='bbox 269 2282 374 2336; x_wconf 87' lang='lat' dir='ltr'><strong>line</strong></span> <span class='ocrx_word' id='word_1_153' title='bbox 399 2280 610 2348; x_wconf 91' lang='lat' dir='ltr'><strong>deﬁcit,</strong></span> <span class='ocrx_word' id='word_1_154' title='bbox 651 2294 752 2334; x_wconf 92' lang='lat' dir='ltr'><strong>uec</strong></span> <span class='ocrx_word' id='word_1_155' title='bbox 797 2279 974 2348; x_wconf 89' lang='lat' dir='ltr'><strong>aliqua</strong></span> <span class='ocrx_word' id='word_1_156' title='bbox 1025 2279 1421 2334; x_wconf 78' lang='lat' dir='ltr'><strong>intermiSsione</strong></span> <span class='ocrx_word' id='word_1_157' title='bbox 1468 2277 1768 2332; x_wconf 79' lang='lat' dir='ltr'><strong>marcescit.</strong></span> <span class='ocrx_word' id='word_1_158' title='bbox 1802 2277 1857 2330; x_wconf 91' lang='lat' dir='ltr'><strong>In</strong></span> 
     </span>
    </p>
   </div>
   <div class='ocr_carea' id='block_1_25' title="bbox 269 2369 1858 2444">
    <p class='ocr_par' dir='ltr' id='par_1_25' title="bbox 269 2369 1858 2444">
     <span class='ocr_line' id='line_1_25' title="bbox 269 2369 1858 2444; baseline -0.004 -16"><span class='ocrx_word' id='word_1_159' title='bbox 269 2373 387 2444; x_wconf 86' lang='lat' dir='ltr'><strong>ipso</strong></span> <span class='ocrx_word' id='word_1_160' title='bbox 432 2372 641 2441; x_wconf 86' lang='lat' dir='ltr'><strong>quippe</strong></span> <span class='ocrx_word' id='word_1_161' title='bbox 689 2371 963 2426; x_wconf 88' lang='lat' dir='ltr'><strong>intellectu</strong></span> <span class='ocrx_word' id='word_1_162' title='bbox 1013 2371 1256 2424; x_wconf 89' lang='lat' dir='ltr'><strong>habitare</strong></span> <span class='ocrx_word' id='word_1_163' title='bbox 1317 2369 1555 2423; x_wconf 87' lang='lat' dir='ltr'><strong>referunt</strong></span> <span class='ocrx_word' id='word_1_164' title='bbox 1603 2383 1858 2437; x_wconf 83' lang='lat' dir='ltr'><strong>superna,</strong></span> 
     </span>
    </p>
   </div>
   <div class='ocr_carea' id='block_1_26' title="bbox 271 2461 1861 2532">
    <p class='ocr_par' dir='ltr' id='par_1_26' title="bbox 271 2461 1861 2532">
     <span class='ocr_line' id='line_1_26' title="bbox 271 2461 1861 2532; baseline -0.003 -16"><span class='ocrx_word' id='word_1_165' title='bbox 271 2462 400 2532; x_wconf 78' lang='lat' dir='ltr'><strong>ipsis</strong></span> <span class='ocrx_word' id='word_1_166' title='bbox 427 2463 640 2518; x_wconf 84' lang='lat' dir='ltr'><strong>deliciis</strong></span> <span class='ocrx_word' id='word_1_167' title='bbox 666 2462 906 2518; x_wconf 71' lang='lat' dir='ltr'><strong>coelestia</strong></span> <span class='ocrx_word' id='word_1_168' title='bbox 934 2461 1155 2532; x_wconf 75' lang='lat' dir='ltr'><strong>perfrui,</strong></span> <span class='ocrx_word' id='word_1_169' title='bbox 1205 2470 1261 2515; x_wconf 89' lang='lat' dir='ltr'><strong>et</strong></span> <span class='ocrx_word' id='word_1_170' title='bbox 1307 2461 1501 2515; x_wconf 80' lang='lat' dir='ltr'><strong>talibus</strong></span> <span class='ocrx_word' id='word_1_171' title='bbox 1529 2477 1630 2515; x_wconf 89' lang='lat' dir='ltr'><strong>cun</strong></span> <span class='ocrx_word' id='word_1_172' title='bbox 1659 2461 1861 2529; x_wconf 83' lang='lat' dir='ltr'><strong>empla-</strong></span> 
     </span>
    </p>
   </div>
   <div class='ocr_carea' id='block_1_27' title="bbox 273 2551 1861 2620">
    <p class='ocr_par' dir='ltr' id='par_1_27' title="bbox 273 2551 1861 2620">
     <span class='ocr_line' id='line_1_27' title="bbox 273 2551 1861 2620; baseline -0.001 -12"><span class='ocrx_word' id='word_1_173' title='bbox 273 2554 513 2608; x_wconf 88' lang='lat' dir='ltr'><strong>tionibus</strong></span> <span class='ocrx_word' id='word_1_174' title='bbox 561 2552 876 2606; x_wconf 70' lang='lat' dir='ltr'><strong>inharrentia</strong></span> <span class='ocrx_word' id='word_1_175' title='bbox 927 2553 1100 2606; x_wconf 87' lang='lat' dir='ltr'><strong>beatis</strong></span> <span class='ocrx_word' id='word_1_176' title='bbox 1164 2551 1367 2620; x_wconf 83' lang='lat' dir='ltr'><strong>jugiter</strong></span> <span class='ocrx_word' id='word_1_177' title='bbox 1410 2551 1861 2607; x_wconf 83' lang='lat' dir='ltr'><strong>delectationibus</strong></span> 
     </span>
    </p>
   </div>
   <div class='ocr_carea' id='block_1_28' title="bbox 273 2641 1861 2712">
    <p class='ocr_par' dir='ltr' id='par_1_28' title="bbox 273 2641 1861 2712">
     <span class='ocr_line' id='line_1_28' title="bbox 273 2641 1861 2712; baseline -0.003 -12"><span class='ocrx_word' id='word_1_178' title='bbox 273 2643 566 2700; x_wconf 77' lang='lat' dir='ltr'><strong>contineri.</strong></span> <span class='ocrx_word' id='word_1_179' title='bbox 601 2643 745 2698; x_wconf 89' lang='lat' dir='ltr'><strong>Bene</strong></span> <span class='ocrx_word' id='word_1_180' title='bbox 774 2642 990 2712; x_wconf 85' lang='lat' dir='ltr'><strong>quidem</strong></span> <span class='ocrx_word' id='word_1_181' title='bbox 1021 2641 1285 2708; x_wconf 87' lang='lat' dir='ltr'><strong>arbitrati,</strong></span> <span class='ocrx_word' id='word_1_182' title='bbox 1310 2641 1354 2694; x_wconf 91' lang='lat' dir='ltr'><strong>si</strong></span> <span class='ocrx_word' id='word_1_183' title='bbox 1381 2655 1597 2695; x_wconf 86' lang='lat' dir='ltr'><strong>causam</strong></span> <span class='ocrx_word' id='word_1_184' title='bbox 1623 2641 1861 2695; x_wconf 65' lang='lat' dir='ltr'><strong>caelestis</strong></span> 
     </span>
    </p>
   </div>
   <div class='ocr_carea' id='block_1_29' title="bbox 271 2730 1859 2800">
    <p class='ocr_par' dir='ltr' id='par_1_29' title="bbox 271 2730 1859 2800">
     <span class='ocr_line' id='line_1_29' title="bbox 271 2730 1859 2800; baseline -0.002 -11"><span class='ocrx_word' id='word_1_185' title='bbox 271 2732 628 2789; x_wconf 84' lang='lat' dir='ltr'><strong>beatitudinis</strong></span> <span class='ocrx_word' id='word_1_186' title='bbox 649 2749 756 2786; x_wconf 92' lang='lat' dir='ltr'><strong>non</strong></span> <span class='ocrx_word' id='word_1_187' title='bbox 783 2734 834 2785; x_wconf 90' lang='lat' dir='ltr'><strong>in</strong></span> <span class='ocrx_word' id='word_1_188' title='bbox 864 2732 1032 2792; x_wconf 82' lang='lat' dir='ltr'><strong>sonis,</strong></span> <span class='ocrx_word' id='word_1_189' title='bbox 1049 2730 1146 2786; x_wconf 88' lang='lat' dir='ltr'><strong>sed</strong></span> <span class='ocrx_word' id='word_1_190' title='bbox 1176 2731 1504 2785; x_wconf 83' lang='lat' dir='ltr'><strong>inCreatore</strong></span> <span class='ocrx_word' id='word_1_191' title='bbox 1529 2731 1859 2800; x_wconf 83' lang='lat' dir='ltr'><strong>posuissent:</strong></span> 
     </span>
    </p>
   </div>
   <div class='ocr_carea' id='block_1_30' title="bbox 272 2821 1862 2893">
    <p class='ocr_par' dir='ltr' id='par_1_30' title="bbox 272 2821 1862 2893">
     <span class='ocr_line' id='line_1_30' title="bbox 272 2821 1862 2893; baseline -0.002 -13"><span class='ocrx_word' id='word_1_192' title='bbox 272 2826 360 2882; x_wconf 90' lang='lat' dir='ltr'><strong>ubi</strong></span> <span class='ocrx_word' id='word_1_193' title='bbox 387 2825 662 2880; x_wconf 78' lang='lat' dir='ltr'><strong>veraciter</strong></span> <span class='ocrx_word' id='word_1_194' title='bbox 687 2824 805 2879; x_wconf 91' lang='lat' dir='ltr'><strong>sine</strong></span> <span class='ocrx_word' id='word_1_195' title='bbox 829 2823 932 2879; x_wconf 88' lang='lat' dir='ltr'><strong>line</strong></span> <span class='ocrx_word' id='word_1_196' title='bbox 959 2823 1210 2893; x_wconf 72' lang='lat' dir='ltr'><strong>gaudium</strong></span> <span class='ocrx_word' id='word_1_197' title='bbox 1239 2833 1341 2888; x_wconf 71' lang='lat' dir='ltr'><strong>est,</strong></span> <span class='ocrx_word' id='word_1_198' title='bbox 1359 2821 1476 2876; x_wconf 88' lang='lat' dir='ltr'><strong>sine</strong></span> <span class='ocrx_word' id='word_1_199' title='bbox 1503 2821 1683 2891; x_wconf 90' lang='lat' dir='ltr'><strong>aliquo</strong></span> <span class='ocrx_word' id='word_1_200' title='bbox 1705 2822 1862 2877; x_wconf 77' lang='lat' dir='ltr'><strong>taedio</strong></span> 
     </span>
    </p>
   </div>
   <div class='ocr_carea' id='block_1_31' title="bbox 271 2917 1860 2988">
    <p class='ocr_par' dir='ltr' id='par_1_31' title="bbox 271 2917 1860 2988">
     <span class='ocr_line' id='line_1_31' title="bbox 271 2917 1860 2988; baseline -0.001 -14"><span class='ocrx_word' id='word_1_201' title='bbox 271 2934 504 2974; x_wconf 86' lang='lat' dir='ltr'><strong>manens</strong></span> <span class='ocrx_word' id='word_1_202' title='bbox 530 2933 744 2988; x_wconf 82' lang='lat' dir='ltr'><strong>semper</strong></span> <span class='ocrx_word' id='word_1_203' title='bbox 771 2918 1076 2985; x_wconf 68' lang='lat' dir='ltr'><strong>mternitas;</strong></span> <span class='ocrx_word' id='word_1_204' title='bbox 1119 2927 1174 2972; x_wconf 90' lang='lat' dir='ltr'><strong>et</strong></span> <span class='ocrx_word' id='word_1_205' title='bbox 1202 2917 1466 2988; x_wconf 85' lang='lat' dir='ltr'><strong>inspectio</strong></span> <span class='ocrx_word' id='word_1_206' title='bbox 1511 2917 1625 2973; x_wconf 83' lang='lat' dir='ltr'><strong>sola</strong></span> <span class='ocrx_word' id='word_1_207' title='bbox 1657 2918 1860 2972; x_wconf 83' lang='lat' dir='ltr'><strong>Divini—</strong></span> 
     </span>
    </p>
   </div>
   <div class='ocr_carea' id='block_1_32' title="bbox 1539 157 2243 214">
    <p class='ocr_par' dir='ltr' id='par_1_32' title="bbox 1539 157 2243 214">
     <span class='ocr_line' id='line_1_32' title="bbox 1539 157 2243 214; baseline 0 0"><span class='ocrx_word' id='word_1_208' title='bbox 1539 158 1746 214; x_wconf 71' lang='lat' dir='ltr'><strong>&quot;Allh</strong></span> <span class='ocrx_word' id='word_1_209' title='bbox 1758 157 1904 212; x_wconf 75' lang='lat' dir='ltr'><strong>RUM</strong></span> <span class='ocrx_word' id='word_1_210' title='bbox 1947 157 2142 214; x_wconf 75' lang='lat' dir='ltr'><strong>LIBER</strong></span> <span class='ocrx_word' id='word_1_211' title='bbox 2183 157 2243 214; x_wconf 87' lang='lat' dir='ltr'><strong>il.</strong></span> 
     </span>
    </p>
   </div>
   <div class='ocr_carea' id='block_1_33' title="bbox 3433 160 3540 216">
    <p class='ocr_par' dir='ltr' id='par_1_33' title="bbox 3433 160 3540 216">
     <span class='ocr_line' id='line_1_33' title="bbox 3433 160 3540 216; baseline -0.019 -1"><span class='ocrx_word' id='word_1_212' title='bbox 3433 160 3540 216; x_wconf 69' lang='lat' dir='ltr'><strong>5H</strong></span> 
     </span>
    </p>
   </div>
   <div class='ocr_carea' id='block_1_34' title="bbox 2028 273 3545 342">
    <p class='ocr_par' dir='ltr' id='par_1_34' title="bbox 2028 273 3545 342">
     <span class='ocr_line' id='line_1_34' title="bbox 2028 273 3545 342; baseline 0.001 -13"><span class='ocrx_word' id='word_1_213' title='bbox 2028 279 2262 336; x_wconf 75' lang='lat' dir='ltr'><strong>ntonnis;</strong></span> <span class='ocrx_word' id='word_1_214' title='bbox 2296 286 2398 330; x_wconf 83' lang='lat' dir='ltr'><strong>tum</strong></span> <span class='ocrx_word' id='word_1_215' title='bbox 2429 277 2607 328; x_wconf 77' lang='lat' dir='ltr'><strong>Stmdt‘l</strong></span> <span class='ocrx_word' id='word_1_216' title='bbox 2625 274 2946 332; x_wconf 69' lang='lat' dir='ltr'><strong>olmrenliom</strong></span> <span class='ocrx_word' id='word_1_217' title='bbox 2963 290 3086 342; x_wconf 72' lang='lat' dir='ltr'><strong>ergo</strong></span> <span class='ocrx_word' id='word_1_218' title='bbox 3106 274 3222 329; x_wconf 79' lang='lat' dir='ltr'><strong>illos</strong></span> <span class='ocrx_word' id='word_1_219' title='bbox 3251 275 3337 340; x_wconf 81' lang='lat' dir='ltr'><strong>qui</strong></span> <span class='ocrx_word' id='word_1_220' title='bbox 3367 273 3545 330; x_wconf 69' lang='lat' dir='ltr'><strong>Italic</strong></span> 
     </span>
    </p>
   </div>
   <div class='ocr_carea' id='block_1_35' title="bbox 2029 343 3544 415">
    <p class='ocr_par' dir='ltr' id='par_1_35' title="bbox 2029 343 3544 415">
     <span class='ocr_line' id='line_1_35' title="bbox 2029 343 3544 415; baseline 0.001 -17"><span class='ocrx_word' id='word_1_221' title='bbox 2029 347 2220 415; x_wconf 78' lang='lat' dir='ltr'><strong>ﬁnibus</strong></span> <span class='ocrx_word' id='word_1_222' title='bbox 2247 348 2480 400; x_wconf 74' lang='lat' dir='ltr'><strong>exterriti</strong></span> <span class='ocrx_word' id='word_1_223' title='bbox 2506 347 2838 407; x_wconf 80' lang='lat' dir='ltr'><strong>relabantur;</strong></span> <span class='ocrx_word' id='word_1_224' title='bbox 2875 347 3285 415; x_wconf 23' lang='lat' dir='ltr'><strong>tmtdcmﬂmonet</strong></span> <span class='ocrx_word' id='word_1_225' title='bbox 3312 362 3367 398; x_wconf 85' lang='lat' dir='ltr'><strong>se</strong></span> <span class='ocrx_word' id='word_1_226' title='bbox 3395 343 3544 400; x_wconf 73' lang='lat' dir='ltr'><strong>binos</strong></span> 
     </span>
    </p>
   </div>
   <div class='ocr_carea' id='block_1_36' title="bbox 2029 413 3539 488">
    <p class='ocr_par' dir='ltr' id='par_1_36' title="bbox 2029 413 3539 488">
     <span class='ocr_line' id='line_1_36' title="bbox 2029 413 3539 488; baseline 0.002 -20"><span class='ocrx_word' id='word_1_227' title='bbox 2029 413 2228 488; x_wconf 76' lang='lat' dir='ltr'><strong>legatos</strong></span> <span class='ocrx_word' id='word_1_228' title='bbox 2259 433 2373 470; x_wconf 85' lang='lat' dir='ltr'><strong>cum</strong></span> <span class='ocrx_word' id='word_1_229' title='bbox 2411 415 2692 470; x_wconf 69' lang='lat' dir='ltr'><strong>citharoedo</strong></span> <span class='ocrx_word' id='word_1_230' title='bbox 2727 417 2950 482; x_wconf 71' lang='lat' dir='ltr'><strong>expetito</strong></span> <span class='ocrx_word' id='word_1_231' title='bbox 2974 417 3027 468; x_wconf 87' lang='lat' dir='ltr'><strong>in</strong></span> <span class='ocrx_word' id='word_1_232' title='bbox 3063 413 3284 468; x_wconf 76' lang='lat' dir='ltr'><strong>Galliam</strong></span> <span class='ocrx_word' id='word_1_233' title='bbox 3316 417 3539 472; x_wconf 75' lang='lat' dir='ltr'><strong>misisse.</strong></span> 
     </span>
    </p>
   </div>
   <div class='ocr_carea' id='block_1_37' title="bbox 2028 546 3543 620">
    <p class='ocr_par' dir='ltr' id='par_1_37' title="bbox 2028 546 3543 620">
     <span class='ocr_line' id='line_1_37' title="bbox 2028 546 3543 620; baseline -0.001 -15"><span class='ocrx_word' id='word_1_234' title='bbox 2028 549 2276 606; x_wconf 88' lang='lat' dir='ltr'><strong>Gloriosa</strong></span> <span class='ocrx_word' id='word_1_235' title='bbox 2301 549 2514 620; x_wconf 87' lang='lat' dir='ltr'><strong>quidem</strong></span> <span class='ocrx_word' id='word_1_236' title='bbox 2547 558 2739 603; x_wconf 79' lang='lat' dir='ltr'><strong>vestra:</strong></span> <span class='ocrx_word' id='word_1_237' title='bbox 2767 547 2982 603; x_wconf 84' lang='lat' dir='ltr'><strong>virtutis</strong></span> <span class='ocrx_word' id='word_1_238' title='bbox 3010 546 3273 602; x_wconf 88' lang='lat' dir='ltr'><strong>afﬁnitate</strong></span> <span class='ocrx_word' id='word_1_239' title='bbox 3303 547 3328 586; x_wconf 62' lang='grc' dir='ltr'><strong>ι’</strong></span> <span class='ocrx_word' id='word_1_240' title='bbox 3359 557 3543 616; x_wconf 84' lang='lat' dir='ltr'><strong>gratu-</strong></span> 
     </span>
    </p>
   </div>
   <div class='ocr_carea' id='block_1_38' title="bbox 1959 639 3540 708">
    <p class='ocr_par' dir='ltr' id='par_1_38' title="bbox 1959 639 3540 708">
     <span class='ocr_line' id='line_1_38' title="bbox 1959 639 3540 708; baseline -0.003 -13"><span class='ocrx_word' id='word_1_241' title='bbox 1959 641 2151 705; x_wconf 87' lang='lat' dir='ltr'><strong>lamur,</strong></span> <span class='ocrx_word' id='word_1_242' title='bbox 2200 641 2344 708; x_wconf 88' lang='lat' dir='ltr'><strong>quod</strong></span> <span class='ocrx_word' id='word_1_243' title='bbox 2372 649 2585 707; x_wconf 81' lang='lat' dir='ltr'><strong>gentem</strong></span> <span class='ocrx_word' id='word_1_244' title='bbox 2617 639 2948 693; x_wconf 89' lang='lat' dir='ltr'><strong>Francorum</strong></span> <span class='ocrx_word' id='word_1_245' title='bbox 2998 639 3172 707; x_wconf 86' lang='lat' dir='ltr'><strong>prisca</strong></span> <span class='ocrx_word' id='word_1_246' title='bbox 3213 646 3374 692; x_wconf 74' lang='lat' dir='ltr'><strong>mtate</strong></span> <span class='ocrx_word' id='word_1_247' title='bbox 3405 639 3540 693; x_wconf 88' lang='lat' dir='ltr'><strong>resi-</strong></span> 
     </span>
    </p>
   </div>
   <div class='ocr_carea' id='block_1_39' title="bbox 1957 730 3537 802">
    <p class='ocr_par' dir='ltr' id='par_1_39' title="bbox 1957 730 3537 802">
     <span class='ocr_line' id='line_1_39' title="bbox 1957 730 3537 802; baseline -0.003 -15"><span class='ocrx_word' id='word_1_248' title='bbox 1957 735 2098 798; x_wconf 89' lang='lat' dir='ltr'><strong>dem,</strong></span> <span class='ocrx_word' id='word_1_249' title='bbox 2131 733 2358 788; x_wconf 79' lang='lat' dir='ltr'><strong>feliciter</strong></span> <span class='ocrx_word' id='word_1_250' title='bbox 2388 734 2439 786; x_wconf 90' lang='lat' dir='ltr'><strong>in</strong></span> <span class='ocrx_word' id='word_1_251' title='bbox 2471 748 2604 786; x_wconf 90' lang='lat' dir='ltr'><strong>nova</strong></span> <span class='ocrx_word' id='word_1_252' title='bbox 2631 732 2810 802; x_wconf 77' lang='lat' dir='ltr'><strong>przelia</strong></span> <span class='ocrx_word' id='word_1_253' title='bbox 2841 731 3176 792; x_wconf 81' lang='lat' dir='ltr'><strong>concitastis,</strong></span> <span class='ocrx_word' id='word_1_254' title='bbox 3207 739 3263 783; x_wconf 92' lang='lat' dir='ltr'><strong>et</strong></span> <span class='ocrx_word' id='word_1_255' title='bbox 3286 730 3537 783; x_wconf 83' lang='lat' dir='ltr'><strong>Alaman-</strong></span> 
     </span>
    </p>
   </div>
   <div class='ocr_carea' id='block_1_40' title="bbox 1959 821 3540 895">
    <p class='ocr_par' dir='ltr' id='par_1_40' title="bbox 1959 821 3540 895">
     <span class='ocr_line' id='line_1_40' title="bbox 1959 821 3540 895; baseline -0.003 -15"><span class='ocrx_word' id='word_1_256' title='bbox 1959 826 2109 880; x_wconf 84' lang='lat' dir='ltr'><strong>nicus</strong></span> <span class='ocrx_word' id='word_1_257' title='bbox 2138 825 2382 895; x_wconf 87' lang='lat' dir='ltr'><strong>populos,</strong></span> <span class='ocrx_word' id='word_1_258' title='bbox 2433 825 2610 878; x_wconf 88' lang='lat' dir='ltr'><strong>causis</strong></span> <span class='ocrx_word' id='word_1_259' title='bbox 2640 823 2948 877; x_wconf 81' lang='lat' dir='ltr'><strong>fortioribus</strong></span> <span class='ocrx_word' id='word_1_260' title='bbox 2998 822 3300 881; x_wconf 83' lang='lat' dir='ltr'><strong>inclinatos,</strong></span> <span class='ocrx_word' id='word_1_261' title='bbox 3331 821 3540 876; x_wconf 77' lang='lat' dir='ltr'><strong>victrici</strong></span> 
     </span>
    </p>
   </div>
   <div class='ocr_carea' id='block_1_41' title="bbox 1957 914 3544 984">
    <p class='ocr_par' dir='ltr' id='par_1_41' title="bbox 1957 914 3544 984">
     <span class='ocr_line' id='line_1_41' title="bbox 1957 914 3544 984; baseline -0.004 -12"><span class='ocrx_word' id='word_1_262' title='bbox 1957 917 2177 972; x_wconf 66' lang='lat' dir='ltr'><strong>dextera</strong></span> <span class='ocrx_word' id='word_1_263' title='bbox 2209 917 2536 971; x_wconf 87' lang='lat' dir='ltr'><strong>subdidistis.</strong></span> <span class='ocrx_word' id='word_1_264' title='bbox 2571 915 2676 969; x_wconf 85' lang='lat' dir='ltr'><strong>Sed</strong></span> <span class='ocrx_word' id='word_1_265' title='bbox 2725 916 2980 984; x_wconf 89' lang='lat' dir='ltr'><strong>quoniam</strong></span> <span class='ocrx_word' id='word_1_266' title='bbox 3029 929 3246 983; x_wconf 88' lang='lat' dir='ltr'><strong>semper</strong></span> <span class='ocrx_word' id='word_1_267' title='bbox 3275 914 3326 967; x_wconf 89' lang='lat' dir='ltr'><strong>in</strong></span> <span class='ocrx_word' id='word_1_268' title='bbox 3358 921 3544 967; x_wconf 57' lang='lat' dir='ltr'><strong>aucto-</strong></span> 
     </span>
    </p>
   </div>
   <div class='ocr_carea' id='block_1_42' title="bbox 1959 1005 3543 1079">
    <p class='ocr_par' dir='ltr' id='par_1_42' title="bbox 1959 1005 3543 1079">
     <span class='ocr_line' id='line_1_42' title="bbox 1959 1005 3543 1079; baseline -0.004 -15"><span class='ocrx_word' id='word_1_269' title='bbox 1959 1011 2105 1064; x_wconf 66' lang='lat' dir='ltr'><strong>ribus</strong></span> <span class='ocrx_word' id='word_1_270' title='bbox 2128 1009 2362 1079; x_wconf 73' lang='lat' dir='ltr'><strong>perﬁdia:</strong></span> <span class='ocrx_word' id='word_1_271' title='bbox 2392 1009 2703 1062; x_wconf 87' lang='lat' dir='ltr'><strong>resecabilis</strong></span> <span class='ocrx_word' id='word_1_272' title='bbox 2731 1007 2944 1061; x_wconf 85' lang='lat' dir='ltr'><strong>videtur</strong></span> <span class='ocrx_word' id='word_1_273' title='bbox 2972 1021 3226 1062; x_wconf 75' lang='lat' dir='ltr'><strong>excessus</strong></span> <span class='ocrx_word' id='word_1_274' title='bbox 3275 1006 3293 1073; x_wconf 93' lang='lat'>(</span> <span class='ocrx_word' id='word_1_275' title='bbox 3316 1005 3437 1074; x_wconf 89' lang='lat' dir='ltr'><strong>quia</strong></span> <span class='ocrx_word' id='word_1_276' title='bbox 3488 1013 3543 1060; x_wconf 92' lang='lat' dir='ltr'><strong>et</strong></span> 
     </span>
    </p>
   </div>
   <div class='ocr_carea' id='block_1_43' title="bbox 1960 1098 3542 1170">
    <p class='ocr_par' dir='ltr' id='par_1_43' title="bbox 1960 1098 3542 1170">
     <span class='ocr_line' id='line_1_43' title="bbox 1960 1098 3542 1170; baseline -0.003 -16"><span class='ocrx_word' id='word_1_277' title='bbox 1960 1101 2336 1170; x_wconf 73' lang='lat' dir='ltr'><strong>primariorum</strong></span> <span class='ocrx_word' id='word_1_278' title='bbox 2383 1099 2671 1170; x_wconf 87' lang='lat' dir='ltr'><strong>plectibilis</strong></span> <span class='ocrx_word' id='word_1_279' title='bbox 2720 1099 2874 1167; x_wconf 88' lang='lat' dir='ltr'><strong>culpa</strong></span> <span class='ocrx_word' id='word_1_280' title='bbox 2917 1098 3154 1151; x_wconf 80' lang='lat' dir='ltr'><strong>omnium</strong></span> <span class='ocrx_word' id='word_1_281' title='bbox 3207 1098 3368 1152; x_wconf 90' lang='lat' dir='ltr'><strong>debet</strong></span> <span class='ocrx_word' id='word_1_282' title='bbox 3421 1111 3542 1150; x_wconf 86' lang='lat' dir='ltr'><strong>esse</strong></span> 
     </span>
    </p>
   </div>
   <div class='ocr_carea' id='block_1_44' title="bbox 1961 1187 3544 1258">
    <p class='ocr_par' dir='ltr' id='par_1_44' title="bbox 1961 1187 3544 1258">
     <span class='ocr_line' id='line_1_44' title="bbox 1961 1187 3544 1258; baseline -0.003 -14"><span class='ocrx_word' id='word_1_283' title='bbox 1961 1191 2194 1246; x_wconf 87' lang='lat' dir='ltr'><strong>vindicta</strong></span> <span class='ocrx_word' id='word_1_284' title='bbox 2220 1191 2259 1258; x_wconf 87' lang='lat'><strong>),</strong></span> <span class='ocrx_word' id='word_1_285' title='bbox 2293 1199 2471 1244; x_wconf 87' lang='lat' dir='ltr'><strong>motus</strong></span> <span class='ocrx_word' id='word_1_286' title='bbox 2499 1198 2710 1245; x_wconf 81' lang='lat' dir='ltr'><strong>vestros</strong></span> <span class='ocrx_word' id='word_1_287' title='bbox 2749 1191 2801 1242; x_wconf 90' lang='lat' dir='ltr'><strong>in</strong></span> <span class='ocrx_word' id='word_1_288' title='bbox 2833 1187 3002 1242; x_wconf 87' lang='lat' dir='ltr'><strong>fessas</strong></span> <span class='ocrx_word' id='word_1_289' title='bbox 3033 1187 3288 1256; x_wconf 88' lang='lat' dir='ltr'><strong>reliquias</strong></span> <span class='ocrx_word' id='word_1_290' title='bbox 3335 1195 3544 1257; x_wconf 82' lang='lat' dir='ltr'><strong>tempe-</strong></span> 
     </span>
    </p>
   </div>
   <div class='ocr_carea' id='block_1_45' title="bbox 1959 1278 3542 1350">
    <p class='ocr_par' dir='ltr' id='par_1_45' title="bbox 1959 1278 3542 1350">
     <span class='ocr_line' id='line_1_45' title="bbox 1959 1278 3542 1350; baseline -0.003 -14"><span class='ocrx_word' id='word_1_291' title='bbox 1959 1291 2076 1336; x_wconf 88' lang='lat' dir='ltr'><strong>rate</strong></span> <span class='ocrx_word' id='word_1_292' title='bbox 2119 1300 2130 1335; x_wconf 94' lang='lat'><strong>:</strong></span> <span class='ocrx_word' id='word_1_293' title='bbox 2164 1281 2288 1350; x_wconf 87' lang='lat' dir='ltr'><strong>quia</strong></span> <span class='ocrx_word' id='word_1_294' title='bbox 2325 1281 2446 1348; x_wconf 90' lang='lat' dir='ltr'><strong>jure</strong></span> <span class='ocrx_word' id='word_1_295' title='bbox 2474 1281 2657 1347; x_wconf 72' lang='lat' dir='ltr'><strong>gratia:</strong></span> <span class='ocrx_word' id='word_1_296' title='bbox 2701 1289 2979 1334; x_wconf 88' lang='lat' dir='ltr'><strong>merentur</strong></span> <span class='ocrx_word' id='word_1_297' title='bbox 3006 1279 3252 1340; x_wconf 87' lang='lat' dir='ltr'><strong>evadere,</strong></span> <span class='ocrx_word' id='word_1_298' title='bbox 3284 1294 3420 1350; x_wconf 92' lang='lat' dir='ltr'><strong>quos</strong></span> <span class='ocrx_word' id='word_1_299' title='bbox 3473 1278 3542 1332; x_wconf 87' lang='lat' dir='ltr'><strong>ad</strong></span> 
     </span>
    </p>
   </div>
   <div class='ocr_carea' id='block_1_46' title="bbox 1959 1368 3542 1444">
    <p class='ocr_par' dir='ltr' id='par_1_46' title="bbox 1959 1368 3542 1444">
     <span class='ocr_line' id='line_1_46' title="bbox 1959 1368 3542 1444; baseline -0.002 -18"><span class='ocrx_word' id='word_1_300' title='bbox 1959 1381 2242 1444; x_wconf 85' lang='lat' dir='ltr'><strong>parentum</strong></span> <span class='ocrx_word' id='word_1_301' title='bbox 2271 1379 2573 1426; x_wconf 87' lang='lat' dir='ltr'><strong>vestrorum</strong></span> <span class='ocrx_word' id='word_1_302' title='bbox 2613 1381 2634 1408; x_wconf 71' lang='lat'><strong>&lt;&#39;</strong></span> <span class='ocrx_word' id='word_1_303' title='bbox 2663 1370 3033 1426; x_wconf 89' lang='lat' dir='ltr'><strong>defensionem</strong></span> <span class='ocrx_word' id='word_1_304' title='bbox 3063 1370 3327 1439; x_wconf 79' lang='lat' dir='ltr'><strong>respicitis</strong></span> <span class='ocrx_word' id='word_1_305' title='bbox 3351 1368 3542 1424; x_wconf 86' lang='lat' dir='ltr'><strong>confu-</strong></span> 
     </span>
    </p>
   </div>
   <div class='ocr_carea' id='block_1_47' title="bbox 1959 1458 3544 1535">
    <p class='ocr_par' dir='ltr' id='par_1_47' title="bbox 1959 1458 3544 1535">
     <span class='ocr_line' id='line_1_47' title="bbox 1959 1458 3544 1535; baseline 0 -19"><span class='ocrx_word' id='word_1_306' title='bbox 1959 1465 2120 1532; x_wconf 85' lang='lat' dir='ltr'><strong>gisse.</strong></span> <span class='ocrx_word' id='word_1_307' title='bbox 2151 1461 2335 1516; x_wconf 75' lang='lat' dir='ltr'><strong>Estote</strong></span> <span class='ocrx_word' id='word_1_308' title='bbox 2362 1463 2465 1516; x_wconf 91' lang='lat' dir='ltr'><strong>illis</strong></span> <span class='ocrx_word' id='word_1_309' title='bbox 2490 1463 2695 1517; x_wconf 86' lang='lat' dir='ltr'><strong>remissi</strong></span> <span class='ocrx_word' id='word_1_310' title='bbox 2723 1463 2890 1535; x_wconf 79' lang='lat' dir='ltr'><strong>[mss.,</strong></span> <span class='ocrx_word' id='word_1_311' title='bbox 2911 1458 3209 1531; x_wconf 80' lang='lat' dir='ltr'><strong>remissus],</strong></span> <span class='ocrx_word' id='word_1_312' title='bbox 3233 1461 3322 1529; x_wconf 91' lang='lat' dir='ltr'><strong>qui</strong></span> <span class='ocrx_word' id='word_1_313' title='bbox 3347 1461 3544 1516; x_wconf 87' lang='lat' dir='ltr'><strong>nostris</strong></span> 
     </span>
    </p>
   </div>
   <div class='ocr_carea' id='block_1_48' title="bbox 1961 1549 3543 1624">
    <p class='ocr_par' dir='ltr' id='par_1_48' title="bbox 1961 1549 3543 1624">
     <span class='ocr_line' id='line_1_48' title="bbox 1961 1549 3543 1624; baseline -0.001 -20"><span class='ocrx_word' id='word_1_314' title='bbox 1961 1552 2153 1608; x_wconf 83' lang='lat' dir='ltr'><strong>iiuilms</strong></span> <span class='ocrx_word' id='word_1_315' title='bbox 2198 1552 2442 1606; x_wconf 86' lang='lat' dir='ltr'><strong>celantur</strong></span> <span class='ocrx_word' id='word_1_316' title='bbox 2469 1553 2710 1605; x_wconf 83' lang='lat' dir='ltr'><strong>exterriti</strong></span> <span class='ocrx_word' id='word_1_317' title='bbox 2745 1549 2860 1624; x_wconf 85' lang='lat' dir='ltr'><strong>[Gr.</strong></span> <span class='ocrx_word' id='word_1_318' title='bbox 2894 1552 3008 1616; x_wconf 60' lang='lat' dir='ltr'><strong>(hij.</strong></span> <span class='ocrx_word' id='word_1_319' title='bbox 3057 1559 3104 1604; x_wconf 80' lang='lat' dir='ltr'><strong>et</strong></span> <span class='ocrx_word' id='word_1_320' title='bbox 3142 1549 3332 1612; x_wconf 84' lang='lat' dir='ltr'><strong>Forn.,</strong></span> <span class='ocrx_word' id='word_1_321' title='bbox 3365 1561 3543 1603; x_wconf 81' lang='lat' dir='ltr'><strong>exter-</strong></span> 
     </span>
    </p>
   </div>
   <div class='ocr_carea' id='block_1_49' title="bbox 1149 1639 3546 1714">
    <p class='ocr_par' dir='ltr' id='par_1_49' title="bbox 1149 1639 3546 1714">
     <span class='ocr_line' id='line_1_49' title="bbox 1149 1639 3546 1714; baseline -0.001 -19"><span class='ocrx_word' id='word_1_322' title='bbox 1149 1642 1538 1710; x_wconf 84' lang='lat' dir='ltr'><strong>pcrsuadentes</strong></span> <span class='ocrx_word' id='word_1_323' title='bbox 1584 1641 1858 1694; x_wconf 79' lang='lat' dir='ltr'><strong>caelestem</strong></span> <span class='ocrx_word' id='word_1_324' title='bbox 1897 1657 1939 1714; x_wconf 76' lang='grc' dir='ltr'><strong>Β</strong></span> <span class='ocrx_word' id='word_1_325' title='bbox 1968 1642 2062 1714; x_wconf 92' lang='lat' dir='ltr'><strong>ni].</strong></span> <span class='ocrx_word' id='word_1_326' title='bbox 2096 1641 2457 1696; x_wconf 81' lang='lat' dir='ltr'><strong>Memorabilis</strong></span> <span class='ocrx_word' id='word_1_327' title='bbox 2487 1641 2784 1711; x_wconf 88' lang='lat' dir='ltr'><strong>triumphus</strong></span> <span class='ocrx_word' id='word_1_328' title='bbox 2813 1650 2914 1701; x_wconf 88' lang='lat' dir='ltr'><strong>cst,</strong></span> <span class='ocrx_word' id='word_1_329' title='bbox 2957 1641 3312 1694; x_wconf 76' lang='lat' dir='ltr'><strong>Alamannum</strong></span> <span class='ocrx_word' id='word_1_330' title='bbox 3342 1639 3546 1694; x_wconf 85' lang='lat' dir='ltr'><strong>acerri-</strong></span> 
     </span>
    </p>
   </div>
   <div class='ocr_carea' id='block_1_50' title="bbox 1960 1727 3546 1803">
    <p class='ocr_par' dir='ltr' id='par_1_50' title="bbox 1960 1727 3546 1803">
     <span class='ocr_line' id='line_1_50' title="bbox 1960 1727 3546 1803; baseline -0.002 -16"><span class='ocrx_word' id='word_1_331' title='bbox 1960 1748 2108 1788; x_wconf 91' lang='lat' dir='ltr'><strong>mum</strong></span> <span class='ocrx_word' id='word_1_332' title='bbox 2138 1733 2216 1786; x_wconf 92' lang='lat' dir='ltr'><strong>sic</strong></span> <span class='ocrx_word' id='word_1_333' title='bbox 2261 1733 2565 1803; x_wconf 80' lang='lat' dir='ltr'><strong>expavisse,</strong></span> <span class='ocrx_word' id='word_1_334' title='bbox 2615 1741 2672 1786; x_wconf 91' lang='lat' dir='ltr'><strong>ut</strong></span> <span class='ocrx_word' id='word_1_335' title='bbox 2705 1733 2798 1786; x_wconf 89' lang='lat' dir='ltr'><strong>tibi</strong></span> <span class='ocrx_word' id='word_1_336' title='bbox 2829 1727 2952 1786; x_wconf 85' lang='lat' dir='ltr'><strong>eum</strong></span> <span class='ocrx_word' id='word_1_337' title='bbox 2983 1746 3146 1801; x_wconf 89' lang='lat' dir='ltr'><strong>cogas</strong></span> <span class='ocrx_word' id='word_1_338' title='bbox 3173 1731 3240 1785; x_wconf 88' lang='lat' dir='ltr'><strong>de</strong></span> <span class='ocrx_word' id='word_1_339' title='bbox 3265 1731 3384 1784; x_wconf 71' lang='lat' dir='ltr'><strong>vitae</strong></span> <span class='ocrx_word' id='word_1_340' title='bbox 3429 1745 3546 1784; x_wconf 83' lang='lat' dir='ltr'><strong>mu-</strong></span> 
     </span>
    </p>
   </div>
   <div class='ocr_carea' id='block_1_51' title="bbox 1961 1823 3548 1896">
    <p class='ocr_par' dir='ltr' id='par_1_51' title="bbox 1961 1823 3548 1896">
     <span class='ocr_line' id='line_1_51' title="bbox 1961 1823 3548 1896; baseline -0.004 -14"><span class='ocrx_word' id='word_1_341' title='bbox 1961 1843 2090 1882; x_wconf 89' lang='lat' dir='ltr'><strong>nere</strong></span> <span class='ocrx_word' id='word_1_342' title='bbox 2131 1827 2455 1896; x_wconf 87' lang='lat' dir='ltr'><strong>supplicare.</strong></span> <span class='ocrx_word' id='word_1_343' title='bbox 2507 1824 2748 1880; x_wconf 89' lang='lat' dir='ltr'><strong>Sufﬁciat</strong></span> <span class='ocrx_word' id='word_1_344' title='bbox 2797 1825 2944 1878; x_wconf 91' lang='lat' dir='ltr'><strong>illum</strong></span> <span class='ocrx_word' id='word_1_345' title='bbox 2994 1837 3175 1890; x_wconf 83' lang='lat' dir='ltr'><strong>regem</strong></span> <span class='ocrx_word' id='word_1_346' title='bbox 3207 1838 3326 1876; x_wconf 88' lang='lat' dir='ltr'><strong>cum</strong></span> <span class='ocrx_word' id='word_1_347' title='bbox 3372 1823 3548 1890; x_wconf 82' lang='lat' dir='ltr'><strong>gentis</strong></span> 
     </span>
    </p>
   </div>
   <div class='ocr_carea' id='block_1_52' title="bbox 1960 1913 3549 1988">
    <p class='ocr_par' dir='ltr' id='par_1_52' title="bbox 1960 1913 3549 1988">
     <span class='ocr_line' id='line_1_52' title="bbox 1960 1913 3549 1988; baseline -0.004 -16"><span class='ocrx_word' id='word_1_348' title='bbox 1960 1934 2070 1972; x_wconf 73' lang='lat' dir='ltr'><strong>suae</strong></span> <span class='ocrx_word' id='word_1_349' title='bbox 2099 1917 2350 1988; x_wconf 86' lang='lat' dir='ltr'><strong>superbia</strong></span> <span class='ocrx_word' id='word_1_350' title='bbox 2377 1915 2664 1979; x_wconf 85' lang='lat' dir='ltr'><strong>cecidisse;</strong></span> <span class='ocrx_word' id='word_1_351' title='bbox 2693 1913 2926 1970; x_wconf 87' lang='lat' dir='ltr'><strong>sufficiat</strong></span> <span class='ocrx_word' id='word_1_352' title='bbox 2970 1913 3414 1967; x_wconf 87' lang='lat' dir='ltr'><strong>innumerabilem</strong></span> <span class='ocrx_word' id='word_1_353' title='bbox 3458 1927 3549 1966; x_wconf 83' lang='lat' dir='ltr'><strong>na-</strong></span> 
     </span>
    </p>
   </div>
   <div class='ocr_carea' id='block_1_53' title="bbox 1963 2009 3542 2086">
    <p class='ocr_par' dir='ltr' id='par_1_53' title="bbox 1963 2009 3542 2086">
     <span class='ocr_line' id='line_1_53' title="bbox 1963 2009 3542 2086; baseline -0.004 -14"><span class='ocrx_word' id='word_1_354' title='bbox 1963 2019 2161 2072; x_wconf 82' lang='lat' dir='ltr'><strong>tionem</strong></span> <span class='ocrx_word' id='word_1_355' title='bbox 2210 2015 2405 2086; x_wconf 86' lang='lat' dir='ltr'><strong>partim</strong></span> <span class='ocrx_word' id='word_1_356' title='bbox 2455 2015 2616 2076; x_wconf 87' lang='lat' dir='ltr'><strong>ferro,</strong></span> <span class='ocrx_word' id='word_1_357' title='bbox 2665 2013 2856 2082; x_wconf 85' lang='lat' dir='ltr'><strong>partim</strong></span> <span class='ocrx_word' id='word_1_358' title='bbox 2911 2010 3130 2066; x_wconf 89' lang='lat' dir='ltr'><strong>servitio</strong></span> <span class='ocrx_word' id='word_1_359' title='bbox 3181 2009 3542 2079; x_wconf 87' lang='lat' dir='ltr'><strong>subjugatam.</strong></span> 
     </span>
    </p>
   </div>
   <div class='ocr_carea' id='block_1_54' title="bbox 1960 2104 3548 2174">
    <p class='ocr_par' dir='ltr' id='par_1_54' title="bbox 1960 2104 3548 2174">
     <span class='ocr_line' id='line_1_54' title="bbox 1960 2104 3548 2174; baseline -0.004 -10"><span class='ocrx_word' id='word_1_360' title='bbox 1960 2109 2092 2164; x_wconf 73' lang='lat' dir='ltr'><strong>Nam</strong></span> <span class='ocrx_word' id='word_1_361' title='bbox 2124 2109 2168 2164; x_wconf 89' lang='lat' dir='ltr'><strong>si</strong></span> <span class='ocrx_word' id='word_1_362' title='bbox 2198 2123 2320 2163; x_wconf 90' lang='lat' dir='ltr'><strong>cum</strong></span> <span class='ocrx_word' id='word_1_363' title='bbox 2362 2107 2582 2174; x_wconf 81' lang='lat' dir='ltr'><strong>reliquis</strong></span> <span class='ocrx_word' id='word_1_364' title='bbox 2610 2105 2872 2173; x_wconf 83' lang='lat' dir='ltr'><strong>conﬂigis,</strong></span> <span class='ocrx_word' id='word_1_365' title='bbox 2917 2104 3090 2158; x_wconf 87' lang='lat' dir='ltr'><strong>adhuc</strong></span> <span class='ocrx_word' id='word_1_366' title='bbox 3119 2113 3342 2158; x_wconf 87' lang='lat' dir='ltr'><strong>cunctos</strong></span> <span class='ocrx_word' id='word_1_367' title='bbox 3383 2119 3548 2173; x_wconf 84' lang='lat' dir='ltr'><strong>supc-</strong></span> 
     </span>
    </p>
   </div>
   <div class='ocr_carea' id='block_1_55' title="bbox 1961 2194 3548 2264">
    <p class='ocr_par' dir='ltr' id='par_1_55' title="bbox 1961 2194 3548 2264">
     <span class='ocr_line' id='line_1_55' title="bbox 1961 2194 3548 2264; baseline -0.002 -12"><span class='ocrx_word' id='word_1_368' title='bbox 1961 2213 2108 2252; x_wconf 87' lang='lat' dir='ltr'><strong>rasse</strong></span> <span class='ocrx_word' id='word_1_369' title='bbox 2131 2213 2238 2252; x_wconf 92' lang='lat' dir='ltr'><strong>non</strong></span> <span class='ocrx_word' id='word_1_370' title='bbox 2267 2196 2520 2252; x_wconf 85' lang='lat' dir='ltr'><strong>crederis.</strong></span> <span class='ocrx_word' id='word_1_371' title='bbox 2553 2196 2611 2250; x_wconf 91' lang='lat' dir='ltr'><strong>In</strong></span> <span class='ocrx_word' id='word_1_372' title='bbox 2644 2195 2840 2248; x_wconf 88' lang='lat' dir='ltr'><strong>talibus</strong></span> <span class='ocrx_word' id='word_1_373' title='bbox 2869 2195 3044 2248; x_wconf 87' lang='lat' dir='ltr'><strong>causis</strong></span> <span class='ocrx_word' id='word_1_374' title='bbox 3071 2195 3256 2264; x_wconf 86' lang='lat' dir='ltr'><strong>accipe</strong></span> <span class='ocrx_word' id='word_1_375' title='bbox 3298 2194 3548 2264; x_wconf 90' lang='lat' dir='ltr'><strong>frequen-</strong></span> 
     </span>
    </p>
   </div>
   <div class='ocr_carea' id='block_1_56' title="bbox 1963 2289 3544 2360">
    <p class='ocr_par' dir='ltr' id='par_1_56' title="bbox 1963 2289 3544 2360">
     <span class='ocr_line' id='line_1_56' title="bbox 1963 2289 3544 2360; baseline -0.002 -16"><span class='ocrx_word' id='word_1_376' title='bbox 1963 2301 2045 2345; x_wconf 90' lang='lat' dir='ltr'><strong>ter</strong></span> <span class='ocrx_word' id='word_1_377' title='bbox 2073 2301 2376 2360; x_wconf 80' lang='lat' dir='ltr'><strong>expertum.</strong></span> <span class='ocrx_word' id='word_1_378' title='bbox 2409 2289 2499 2343; x_wconf 90' lang='lat' dir='ltr'><strong>llla</strong></span> <span class='ocrx_word' id='word_1_379' title='bbox 2537 2289 2664 2342; x_wconf 90' lang='lat' dir='ltr'><strong>mihi</strong></span> <span class='ocrx_word' id='word_1_380' title='bbox 2718 2289 2942 2342; x_wconf 83' lang='lat' dir='ltr'><strong>feliciter</strong></span> <span class='ocrx_word' id='word_1_381' title='bbox 2980 2289 3118 2343; x_wconf 92' lang='lat' dir='ltr'><strong>bella</strong></span> <span class='ocrx_word' id='word_1_382' title='bbox 3160 2298 3544 2360; x_wconf 89' lang='lat' dir='ltr'><strong>provenerunt,</strong></span> 
     </span>
    </p>
   </div>
   <div class='ocr_carea' id='block_1_57' title="bbox 1961 2377 3546 2451">
    <p class='ocr_par' dir='ltr' id='par_1_57' title="bbox 1961 2377 3546 2451">
     <span class='ocr_line' id='line_1_57' title="bbox 1961 2377 3546 2451; baseline -0.001 -18"><span class='ocrx_word' id='word_1_383' title='bbox 1961 2397 2081 2451; x_wconf 67' lang='lat' dir='ltr'><strong>qua:</strong></span> <span class='ocrx_word' id='word_1_384' title='bbox 2109 2381 2388 2435; x_wconf 85' lang='lat' dir='ltr'><strong>moderato</strong></span> <span class='ocrx_word' id='word_1_385' title='bbox 2419 2377 2523 2433; x_wconf 86' lang='lat' dir='ltr'><strong>fine</strong></span> <span class='ocrx_word' id='word_1_386' title='bbox 2553 2387 2766 2449; x_wconf 85' lang='lat' dir='ltr'><strong>peracta</strong></span> <span class='ocrx_word' id='word_1_387' title='bbox 2811 2387 2956 2432; x_wconf 87' lang='lat' dir='ltr'><strong>sunt.</strong></span> <span class='ocrx_word' id='word_1_388' title='bbox 2987 2379 3034 2434; x_wconf 90' lang='lat' dir='ltr'><strong>Is</strong></span> <span class='ocrx_word' id='word_1_389' title='bbox 3077 2379 3216 2432; x_wconf 89' lang='lat' dir='ltr'><strong>enim</strong></span> <span class='ocrx_word' id='word_1_390' title='bbox 3247 2377 3414 2432; x_wconf 91' lang='lat' dir='ltr'><strong>vincit</strong></span> <span class='ocrx_word' id='word_1_391' title='bbox 3459 2393 3546 2432; x_wconf 88' lang='lat' dir='ltr'><strong>as-</strong></span> 
     </span>
    </p>
   </div>
   <div class='ocr_carea' id='block_1_58' title="bbox 1963 2469 3546 2544">
    <p class='ocr_par' dir='ltr' id='par_1_58' title="bbox 1963 2469 3546 2544">
     <span class='ocr_line' id='line_1_58' title="bbox 1963 2469 3546 2544; baseline -0.006 -13"><span class='ocrx_word' id='word_1_392' title='bbox 1963 2475 2134 2538; x_wconf 88' lang='lat' dir='ltr'><strong>sidue,</strong></span> <span class='ocrx_word' id='word_1_393' title='bbox 2166 2473 2257 2543; x_wconf 92' lang='lat' dir='ltr'><strong>qui</strong></span> <span class='ocrx_word' id='word_1_394' title='bbox 2285 2473 2434 2528; x_wconf 91' lang='lat' dir='ltr'><strong>novit</strong></span> <span class='ocrx_word' id='word_1_395' title='bbox 2459 2473 2638 2526; x_wconf 85' lang='lat' dir='ltr'><strong>omnia</strong></span> <span class='ocrx_word' id='word_1_396' title='bbox 2663 2481 2982 2544; x_wconf 67' lang='lat' dir='ltr'><strong>temperare,</strong></span> <span class='ocrx_word' id='word_1_397' title='bbox 3015 2470 3139 2525; x_wconf 91' lang='lat' dir='ltr'><strong>dum</strong></span> <span class='ocrx_word' id='word_1_398' title='bbox 3161 2469 3392 2538; x_wconf 85' lang='lat' dir='ltr'><strong>jucunda</strong></span> <span class='ocrx_word' id='word_1_399' title='bbox 3417 2485 3546 2539; x_wconf 89' lang='lat' dir='ltr'><strong>pro-</strong></span> 
     </span>
    </p>
   </div>
   <div class='ocr_carea' id='block_1_59' title="bbox 1963 2561 3547 2636">
    <p class='ocr_par' dir='ltr' id='par_1_59' title="bbox 1963 2561 3547 2636">
     <span class='ocr_line' id='line_1_59' title="bbox 1963 2561 3547 2636; baseline -0.004 -16"><span class='ocrx_word' id='word_1_400' title='bbox 1963 2565 2192 2636; x_wconf 82' lang='lat' dir='ltr'><strong>speritas</strong></span> <span class='ocrx_word' id='word_1_401' title='bbox 2223 2565 2327 2619; x_wconf 87' lang='lat' dir='ltr'><strong>illis</strong></span> <span class='ocrx_word' id='word_1_402' title='bbox 2355 2564 2534 2633; x_wconf 89' lang='lat' dir='ltr'><strong>potius</strong></span> <span class='ocrx_word' id='word_1_403' title='bbox 2562 2563 2854 2630; x_wconf 87' lang='lat' dir='ltr'><strong>blanditur,</strong></span> <span class='ocrx_word' id='word_1_404' title='bbox 2885 2562 2976 2630; x_wconf 91' lang='lat' dir='ltr'><strong>qui</strong></span> <span class='ocrx_word' id='word_1_405' title='bbox 3022 2561 3337 2614; x_wconf 87' lang='lat' dir='ltr'><strong>austeritate</strong></span> <span class='ocrx_word' id='word_1_406' title='bbox 3387 2561 3547 2614; x_wconf 87' lang='lat' dir='ltr'><strong>nimia</strong></span> 
     </span>
    </p>
   </div>
   <div class='ocr_carea' id='block_1_60' title="bbox 1965 2657 3548 2727">
    <p class='ocr_par' dir='ltr' id='par_1_60' title="bbox 1965 2657 3548 2727">
     <span class='ocr_line' id='line_1_60' title="bbox 1965 2657 3548 2727; baseline -0.005 -12"><span class='ocrx_word' id='word_1_407' title='bbox 1965 2677 2073 2715; x_wconf 89' lang='lat' dir='ltr'><strong>non</strong></span> <span class='ocrx_word' id='word_1_408' title='bbox 2117 2661 2412 2727; x_wconf 81' lang='lat' dir='ltr'><strong>rigescunt.</strong></span> <span class='ocrx_word' id='word_1_409' title='bbox 2464 2657 2610 2712; x_wconf 86' lang='lat' dir='ltr'><strong>Cede</strong></span> <span class='ocrx_word' id='word_1_410' title='bbox 2656 2658 2834 2725; x_wconf 86' lang='lat' dir='ltr'><strong>itaque</strong></span> <span class='ocrx_word' id='word_1_411' title='bbox 2874 2657 3110 2710; x_wconf 87' lang='lat' dir='ltr'><strong>suaviter</strong></span> <span class='ocrx_word' id='word_1_412' title='bbox 3136 2657 3293 2724; x_wconf 74' lang='lat' dir='ltr'><strong>genio</strong></span> <span class='ocrx_word' id='word_1_413' title='bbox 3339 2663 3548 2718; x_wconf 85' lang='lat' dir='ltr'><strong>nostro,</strong></span> 
     </span>
    </p>
   </div>
   <div class='ocr_carea' id='block_1_61' title="bbox 1965 2745 3550 2822">
    <p class='ocr_par' dir='ltr' id='par_1_61' title="bbox 1965 2745 3550 2822">
     <span class='ocr_line' id='line_1_61' title="bbox 1965 2745 3550 2822; baseline -0.006 -16"><span class='ocrx_word' id='word_1_414' title='bbox 1965 2752 2107 2822; x_wconf 91' lang='lat' dir='ltr'><strong>quod</strong></span> <span class='ocrx_word' id='word_1_415' title='bbox 2139 2753 2236 2807; x_wconf 89' lang='lat' dir='ltr'><strong>sibi</strong></span> <span class='ocrx_word' id='word_1_416' title='bbox 2289 2749 2561 2818; x_wconf 85' lang='lat' dir='ltr'><strong>gentilitas</strong></span> <span class='ocrx_word' id='word_1_417' title='bbox 2609 2748 2880 2802; x_wconf 89' lang='lat' dir='ltr'><strong>communi</strong></span> <span class='ocrx_word' id='word_1_418' title='bbox 2937 2747 3214 2800; x_wconf 81' lang='lat' dir='ltr'><strong>remittere</strong></span> <span class='ocrx_word' id='word_1_419' title='bbox 3270 2745 3550 2800; x_wconf 85' lang='lat' dir='ltr'><strong>consuevit</strong></span> 
     </span>
    </p>
   </div>
   <div class='ocr_carea' id='block_1_62' title="bbox 1967 2835 3550 2912">
    <p class='ocr_par' dir='ltr' id='par_1_62' title="bbox 1967 2835 3550 2912">
     <span class='ocr_line' id='line_1_62' title="bbox 1967 2835 3550 2912; baseline -0.008 -14"><span class='ocrx_word' id='word_1_420' title='bbox 1967 2845 2234 2912; x_wconf 78' lang='lat' dir='ltr'><strong>exemplo.</strong></span> <span class='ocrx_word' id='word_1_421' title='bbox 2268 2840 2356 2895; x_wconf 90' lang='lat' dir='ltr'><strong>Sic</strong></span> <span class='ocrx_word' id='word_1_422' title='bbox 2387 2841 2528 2894; x_wconf 90' lang='lat' dir='ltr'><strong>enim</strong></span> <span class='ocrx_word' id='word_1_423' title='bbox 2563 2837 2638 2900; x_wconf 82' lang='lat' dir='ltr'><strong>fit,</strong></span> <span class='ocrx_word' id='word_1_424' title='bbox 2673 2849 2732 2892; x_wconf 94' lang='lat' dir='ltr'><strong>ut</strong></span> <span class='ocrx_word' id='word_1_425' title='bbox 2761 2847 2815 2892; x_wconf 89' lang='lat' dir='ltr'><strong>et</strong></span> <span class='ocrx_word' id='word_1_426' title='bbox 2851 2838 2984 2890; x_wconf 83' lang='lat' dir='ltr'><strong>meis</strong></span> <span class='ocrx_word' id='word_1_427' title='bbox 3011 2837 3361 2904; x_wconf 84' lang='lat' dir='ltr'><strong>petitionibus</strong></span> <span class='ocrx_word' id='word_1_428' title='bbox 3388 2835 3550 2887; x_wconf 83' lang='lat' dir='ltr'><strong>satis-</strong></span> 
     </span>
    </p>
   </div>
   <div class='ocr_carea' id='block_1_63' title="bbox 1967 2927 3547 2999">
    <p class='ocr_par' dir='ltr' id='par_1_63' title="bbox 1967 2927 3547 2999">
     <span class='ocr_line' id='line_1_63' title="bbox 1967 2927 3547 2999; baseline -0.006 -11"><span class='ocrx_word' id='word_1_429' title='bbox 1967 2934 2158 2988; x_wconf 84' lang='lat' dir='ltr'><strong>fecisse</strong></span> <span class='ocrx_word' id='word_1_430' title='bbox 2206 2931 2520 2999; x_wconf 77' lang='lat' dir='ltr'><strong>videamini,</strong></span> <span class='ocrx_word' id='word_1_431' title='bbox 2569 2947 2668 2985; x_wconf 85' lang='lat' dir='ltr'><strong>nec</strong></span> <span class='ocrx_word' id='word_1_432' title='bbox 2695 2930 2812 2984; x_wconf 73' lang='lat' dir='ltr'><strong>sitis</strong></span> <span class='ocrx_word' id='word_1_433' title='bbox 2855 2928 3071 2982; x_wconf 90' lang='lat' dir='ltr'><strong>solliciti</strong></span> <span class='ocrx_word' id='word_1_434' title='bbox 3124 2943 3188 2982; x_wconf 82' lang='lat' dir='ltr'><strong>ex</strong></span> <span class='ocrx_word' id='word_1_435' title='bbox 3241 2927 3328 2979; x_wconf 90' lang='lat' dir='ltr'><strong>illa</strong></span> <span class='ocrx_word' id='word_1_436' title='bbox 3373 2932 3547 2994; x_wconf 87' lang='lat' dir='ltr'><strong>parte,</strong></span> 
     </span>
    </p>
   </div>
   <div class='ocr_carea' id='block_1_64' title="bbox 277 3007 1864 3096">
    <p class='ocr_par' dir='ltr' id='par_1_64' title="bbox 277 3007 1864 3078">
     <span class='ocr_line' id='line_1_64' title="bbox 277 3007 1864 3078; baseline -0.001 -14"><span class='ocrx_word' id='word_1_437' title='bbox 277 3011 406 3067; x_wconf 81' lang='lat' dir='ltr'><strong>tatis</strong></span> <span class='ocrx_word' id='word_1_438' title='bbox 429 3008 616 3074; x_wconf 82' lang='lat' dir='ltr'><strong>efﬁcit,</strong></span> <span class='ocrx_word' id='word_1_439' title='bbox 651 3017 709 3062; x_wconf 94' lang='lat' dir='ltr'><strong>ut</strong></span> <span class='ocrx_word' id='word_1_440' title='bbox 735 3007 941 3063; x_wconf 86' lang='lat' dir='ltr'><strong>beatius</strong></span> <span class='ocrx_word' id='word_1_441' title='bbox 963 3022 1084 3064; x_wconf 85' lang='lat' dir='ltr'><strong>esse</strong></span> <span class='ocrx_word' id='word_1_442' title='bbox 1111 3008 1185 3062; x_wconf 90' lang='lat' dir='ltr'><strong>nil</strong></span> <span class='ocrx_word' id='word_1_443' title='bbox 1226 3009 1414 3078; x_wconf 89' lang='lat' dir='ltr'><strong>possit.</strong></span> <span class='ocrx_word' id='word_1_444' title='bbox 1447 3007 1572 3062; x_wconf 70' lang='grc' dir='ltr'><strong>Πωε</strong></span> <span class='ocrx_word' id='word_1_445' title='bbox 1600 3009 1864 3063; x_wconf 88' lang='lat' dir='ltr'><strong>veraciter</strong></span> 
     </span>
    </p>
   </div>
   <div class='ocr_carea' id='block_1_65' title="bbox 1979 3007 3552 3096">
    <p class='ocr_par' dir='ltr' id='par_1_65' title="bbox 1979 3015 3552 3096">
     <span class='ocr_line' id='line_1_65' title="bbox 1979 3015 3552 3096; baseline -0.004 -21"><span class='ocrx_word' id='word_1_446' title='bbox 1979 3042 2129 3096; x_wconf 72' lang='lat' dir='ltr'><strong>quam</strong></span> <span class='ocrx_word' id='word_1_447' title='bbox 2180 3025 2244 3078; x_wconf 89' lang='lat' dir='ltr'><strong>ad</strong></span> <span class='ocrx_word' id='word_1_448' title='bbox 2293 3039 2392 3077; x_wconf 89' lang='lat' dir='ltr'><strong>nos</strong></span> <span class='ocrx_word' id='word_1_449' title='bbox 2419 3021 2746 3091; x_wconf 81' lang='lat' dir='ltr'><strong>cognoscitis</strong></span> <span class='ocrx_word' id='word_1_450' title='bbox 2779 3020 3071 3090; x_wconf 80' lang='lat' dir='ltr'><strong>pertinere.</strong></span> <span class='ocrx_word' id='word_1_451' title='bbox 3118 3017 3377 3084; x_wconf 84' lang='lat' dir='ltr'><strong>Quocirca</strong></span> <span class='ocrx_word' id='word_1_452' title='bbox 3409 3015 3552 3068; x_wconf 86' lang='lat' dir='ltr'><strong>salu-</strong></span> 
     </span>
    </p>
   </div>
   <div class='ocr_carea' id='block_1_66' title="bbox 275 3096 1863 3169">
    <p class='ocr_par' dir='ltr' id='par_1_66' title="bbox 275 3096 1863 3169">
     <span class='ocr_line' id='line_1_66' title="bbox 275 3096 1863 3169; baseline 0.001 -18"><span class='ocrx_word' id='word_1_453' title='bbox 275 3098 675 3169; x_wconf 86' lang='lat' dir='ltr'><strong>perennitatem</strong></span> <span class='ocrx_word' id='word_1_454' title='bbox 705 3103 939 3168; x_wconf 58' lang='lat' dir='ltr'><strong>priestat,</strong></span> <span class='ocrx_word' id='word_1_455' title='bbox 987 3097 1105 3150; x_wconf 73' lang='lat' dir='ltr'><strong>inec</strong></span> <span class='ocrx_word' id='word_1_456' title='bbox 1138 3096 1503 3166; x_wconf 87' lang='lat' dir='ltr'><strong>jucunditates</strong></span> <span class='ocrx_word' id='word_1_457' title='bbox 1527 3098 1863 3152; x_wconf 86' lang='lat' dir='ltr'><strong>accumulat:</strong></span> 
     </span>
    </p>
   </div>
   <div class='ocr_carea' id='block_1_67' title="bbox 274 3187 1867 3258">
    <p class='ocr_par' dir='ltr' id='par_1_67' title="bbox 274 3187 1867 3258">
     <span class='ocr_line' id='line_1_67' title="bbox 274 3187 1867 3258; baseline -0.001 -14"><span class='ocrx_word' id='word_1_458' title='bbox 274 3199 332 3245; x_wconf 87' lang='lat' dir='ltr'><strong>et</strong></span> <span class='ocrx_word' id='word_1_459' title='bbox 357 3189 504 3244; x_wconf 90' lang='lat' dir='ltr'><strong>sicut</strong></span> <span class='ocrx_word' id='word_1_460' title='bbox 531 3197 726 3258; x_wconf 65' lang='lat' dir='ltr'><strong>praeter</strong></span> <span class='ocrx_word' id='word_1_461' title='bbox 751 3189 921 3256; x_wconf 82' lang='lat' dir='ltr'><strong>ipsam</strong></span> <span class='ocrx_word' id='word_1_462' title='bbox 949 3197 1196 3242; x_wconf 89' lang='lat' dir='ltr'><strong>creatura</strong></span> <span class='ocrx_word' id='word_1_463' title='bbox 1239 3203 1344 3242; x_wconf 91' lang='lat' dir='ltr'><strong>non</strong></span> <span class='ocrx_word' id='word_1_464' title='bbox 1385 3195 1582 3254; x_wconf 77' lang='lat' dir='ltr'><strong>exstat,</strong></span> <span class='ocrx_word' id='word_1_465' title='bbox 1633 3187 1707 3240; x_wconf 91' lang='lat' dir='ltr'><strong>ita</strong></span> <span class='ocrx_word' id='word_1_466' title='bbox 1749 3187 1867 3242; x_wconf 88' lang='lat' dir='ltr'><strong>sine</strong></span> 
     </span>
    </p>
   </div>
   <div class='ocr_carea' id='block_1_68' title="bbox 275 3277 1864 3350">
    <p class='ocr_par' dir='ltr' id='par_1_68' title="bbox 275 3277 1864 3350">
     <span class='ocr_line' id='line_1_68' title="bbox 275 3277 1864 3350; baseline 0 -18"><span class='ocrx_word' id='word_1_467' title='bbox 275 3278 394 3350; x_wconf 87' lang='lat' dir='ltr'><strong>ipsa</strong></span> <span class='ocrx_word' id='word_1_468' title='bbox 425 3278 925 3332; x_wconf 88' lang='lat' dir='ltr'><strong>incommutabilem</strong></span> <span class='ocrx_word' id='word_1_469' title='bbox 960 3277 1198 3332; x_wconf 70' lang='lat' dir='ltr'><strong>lmtitiam</strong></span> <span class='ocrx_word' id='word_1_470' title='bbox 1227 3278 1427 3332; x_wconf 91' lang='lat' dir='ltr'><strong>habere</strong></span> <span class='ocrx_word' id='word_1_471' title='bbox 1459 3293 1564 3335; x_wconf 89' lang='lat' dir='ltr'><strong>non</strong></span> <span class='ocrx_word' id='word_1_472' title='bbox 1593 3278 1864 3346; x_wconf 61' lang='lat' dir='ltr'><strong>praevalet.</strong></span> 
     </span>
    </p>
   </div>
   <div class='ocr_carea' id='block_1_69' title="bbox 279 3370 1868 3440">
    <p class='ocr_par' dir='ltr' id='par_1_69' title="bbox 279 3370 1868 3440">
     <span class='ocr_line' id='line_1_69' title="bbox 279 3370 1868 3440; baseline -0.001 -12"><span class='ocrx_word' id='word_1_473' title='bbox 279 3371 384 3428; x_wconf 86' lang='lat' dir='ltr'><strong>Sed</strong></span> <span class='ocrx_word' id='word_1_474' title='bbox 414 3373 674 3440; x_wconf 88' lang='lat' dir='ltr'><strong>quoniam</strong></span> <span class='ocrx_word' id='word_1_475' title='bbox 721 3371 875 3425; x_wconf 91' lang='lat' dir='ltr'><strong>nobis</strong></span> <span class='ocrx_word' id='word_1_476' title='bbox 927 3372 1064 3426; x_wconf 87' lang='lat' dir='ltr'><strong>facta</strong></span> <span class='ocrx_word' id='word_1_477' title='bbox 1115 3377 1196 3425; x_wconf 89' lang='lat' dir='ltr'><strong>est</strong></span> <span class='ocrx_word' id='word_1_478' title='bbox 1238 3371 1557 3439; x_wconf 86' lang='lat' dir='ltr'><strong>voluptuosa</strong></span> <span class='ocrx_word' id='word_1_479' title='bbox 1605 3370 1868 3437; x_wconf 84' lang='lat' dir='ltr'><strong>digressio</strong></span> 
     </span>
    </p>
   </div>
   <div class='ocr_carea' id='block_1_70' title="bbox 281 3461 1866 3536">
    <p class='ocr_par' dir='ltr' id='par_1_70' title="bbox 281 3461 1866 3536">
     <span class='ocr_line' id='line_1_70' title="bbox 281 3461 1866 3536; baseline -0.002 -18"><span class='ocrx_word' id='word_1_480' title='bbox 281 3464 429 3536; x_wconf 89' lang='lat' dir='ltr'><strong>(quia</strong></span> <span class='ocrx_word' id='word_1_481' title='bbox 477 3478 693 3533; x_wconf 87' lang='lat' dir='ltr'><strong>semper</strong></span> <span class='ocrx_word' id='word_1_482' title='bbox 737 3471 947 3530; x_wconf 86' lang='lat' dir='ltr'><strong>gratum</strong></span> <span class='ocrx_word' id='word_1_483' title='bbox 977 3471 1060 3518; x_wconf 89' lang='lat' dir='ltr'><strong>est</strong></span> <span class='ocrx_word' id='word_1_484' title='bbox 1089 3461 1156 3517; x_wconf 88' lang='lat' dir='ltr'><strong>de</strong></span> <span class='ocrx_word' id='word_1_485' title='bbox 1185 3463 1430 3517; x_wconf 89' lang='lat' dir='ltr'><strong>doctrina</strong></span> <span class='ocrx_word' id='word_1_486' title='bbox 1481 3461 1716 3529; x_wconf 90' lang='lat' dir='ltr'><strong>colloqui</strong></span> <span class='ocrx_word' id='word_1_487' title='bbox 1747 3477 1866 3515; x_wconf 91' lang='lat' dir='ltr'><strong>cum</strong></span> 
     </span>
    </p>
   </div>
   <div class='ocr_carea' id='block_1_71' title="bbox 279 3552 1866 3627">
    <p class='ocr_par' dir='ltr' id='par_1_71' title="bbox 279 3552 1866 3627">
     <span class='ocr_line' id='line_1_71' title="bbox 279 3552 1866 3627; baseline -0.002 -20"><span class='ocrx_word' id='word_1_488' title='bbox 279 3556 516 3627; x_wconf 88' lang='lat' dir='ltr'><strong>peritis),</strong></span> <span class='ocrx_word' id='word_1_489' title='bbox 545 3553 925 3618; x_wconf 74' lang='lat' dir='ltr'><strong>citharmdum,</strong></span> <span class='ocrx_word' id='word_1_490' title='bbox 969 3569 1128 3624; x_wconf 90' lang='lat' dir='ltr'><strong>quem</strong></span> <span class='ocrx_word' id='word_1_491' title='bbox 1149 3568 1184 3606; x_wconf 83' lang='lat' dir='ltr'><strong>a</strong></span> <span class='ocrx_word' id='word_1_492' title='bbox 1214 3553 1370 3607; x_wconf 90' lang='lat' dir='ltr'><strong>nobis</strong></span> <span class='ocrx_word' id='word_1_493' title='bbox 1399 3552 1632 3606; x_wconf 79' lang='lat' dir='ltr'><strong>diximus</strong></span> <span class='ocrx_word' id='word_1_494' title='bbox 1677 3561 1866 3622; x_wconf 87' lang='lat' dir='ltr'><strong>postu-</strong></span> 
     </span>
    </p>
   </div>
   <div class='ocr_carea' id='block_1_72' title="bbox 283 3643 1873 3716">
    <p class='ocr_par' dir='ltr' id='par_1_72' title="bbox 283 3643 1873 3716">
     <span class='ocr_line' id='line_1_72' title="bbox 283 3643 1873 3716; baseline -0.003 -16"><span class='ocrx_word' id='word_1_495' title='bbox 283 3647 473 3709; x_wconf 88' lang='lat' dir='ltr'><strong>latum,</strong></span> <span class='ocrx_word' id='word_1_496' title='bbox 504 3645 771 3716; x_wconf 87' lang='lat' dir='ltr'><strong>sapientia</strong></span> <span class='ocrx_word' id='word_1_497' title='bbox 800 3653 978 3700; x_wconf 88' lang='lat' dir='ltr'><strong>vestra</strong></span> <span class='ocrx_word' id='word_1_498' title='bbox 1007 3645 1171 3712; x_wconf 80' lang='lat' dir='ltr'><strong>eligat</strong></span> <span class='ocrx_word' id='word_1_499' title='bbox 1197 3643 1444 3714; x_wconf 63' lang='lat' dir='ltr'><strong>praesenti</strong></span> <span class='ocrx_word' id='word_1_500' title='bbox 1487 3651 1729 3712; x_wconf 90' lang='lat' dir='ltr'><strong>tempore</strong></span> <span class='ocrx_word' id='word_1_501' title='bbox 1758 3658 1873 3696; x_wconf 88' lang='lat' dir='ltr'><strong>me-</strong></span> 
     </span>
    </p>
   </div>
   <div class='ocr_carea' id='block_1_73' title="bbox 281 3737 1870 3809">
    <p class='ocr_par' dir='ltr' id='par_1_73' title="bbox 281 3737 1870 3809">
     <span class='ocr_line' id='line_1_73' title="bbox 281 3737 1870 3809; baseline -0.001 -14"><span class='ocrx_word' id='word_1_502' title='bbox 281 3741 474 3796; x_wconf 91' lang='lat' dir='ltr'><strong>liorem</strong></span> <span class='ocrx_word' id='word_1_503' title='bbox 509 3759 524 3794; x_wconf 88' lang='lat'>:</span> <span class='ocrx_word' id='word_1_504' title='bbox 562 3739 802 3796; x_wconf 87' lang='lat' dir='ltr'><strong>facturus</strong></span> <span class='ocrx_word' id='word_1_505' title='bbox 843 3740 1041 3808; x_wconf 86' lang='lat' dir='ltr'><strong>aliquid</strong></span> <span class='ocrx_word' id='word_1_506' title='bbox 1090 3737 1330 3809; x_wconf 88' lang='lat' dir='ltr'><strong>Orphei,</strong></span> <span class='ocrx_word' id='word_1_507' title='bbox 1377 3753 1497 3794; x_wconf 90' lang='lat' dir='ltr'><strong>cum</strong></span> <span class='ocrx_word' id='word_1_508' title='bbox 1545 3739 1686 3794; x_wconf 83' lang='lat' dir='ltr'><strong>dulci</strong></span> <span class='ocrx_word' id='word_1_509' title='bbox 1735 3754 1870 3794; x_wconf 90' lang='lat' dir='ltr'><strong>sono</strong></span> 
     </span>
    </p>
   </div>
   <div class='ocr_carea' id='block_1_74' title="bbox 283 3830 1873 3903">
    <p class='ocr_par' dir='ltr' id='par_1_74' title="bbox 283 3830 1873 3903">
     <span class='ocr_line' id='line_1_74' title="bbox 283 3830 1873 3903; baseline -0.003 -15"><span class='ocrx_word' id='word_1_510' title='bbox 283 3834 563 3903; x_wconf 79' lang='lat' dir='ltr'><strong>gentilium</strong></span> <span class='ocrx_word' id='word_1_511' title='bbox 593 3832 702 3888; x_wconf 87' lang='lat' dir='ltr'><strong>fera</strong></span> <span class='ocrx_word' id='word_1_512' title='bbox 733 3833 896 3889; x_wconf 89' lang='lat' dir='ltr'><strong>corda</strong></span> <span class='ocrx_word' id='word_1_513' title='bbox 924 3833 1208 3888; x_wconf 88' lang='lat' dir='ltr'><strong>domuerit.</strong></span> <span class='ocrx_word' id='word_1_514' title='bbox 1239 3830 1301 3885; x_wconf 90' lang='lat' dir='ltr'><strong>Et</strong></span> <span class='ocrx_word' id='word_1_515' title='bbox 1329 3839 1544 3901; x_wconf 72' lang='lat' dir='ltr'><strong>quanta:</strong></span> <span class='ocrx_word' id='word_1_516' title='bbox 1575 3831 1725 3887; x_wconf 90' lang='lat' dir='ltr'><strong>nobis</strong></span> <span class='ocrx_word' id='word_1_517' title='bbox 1751 3844 1873 3898; x_wconf 87' lang='lat' dir='ltr'><strong>gra-</strong></span> 
     </span>
    </p>
   </div>
   <div class='ocr_carea' id='block_1_75' title="bbox 287 3921 1874 3992">
    <p class='ocr_par' dir='ltr' id='par_1_75' title="bbox 287 3921 1874 3992">
     <span class='ocr_line' id='line_1_75' title="bbox 287 3921 1874 3992; baseline -0.002 -12"><span class='ocrx_word' id='word_1_518' title='bbox 287 3927 374 3981; x_wconf 75' lang='lat' dir='ltr'><strong>tia:</strong></span> <span class='ocrx_word' id='word_1_519' title='bbox 402 3925 603 3980; x_wconf 89' lang='lat' dir='ltr'><strong>fuerint</strong></span> <span class='ocrx_word' id='word_1_520' title='bbox 649 3935 784 3980; x_wconf 69' lang='lat' dir='ltr'><strong>acta:</strong></span> <span class='ocrx_word' id='word_1_521' title='bbox 811 3965 826 3988; x_wconf 92' lang='lat'><strong>,</strong></span> <span class='ocrx_word' id='word_1_522' title='bbox 875 3932 1038 3978; x_wconf 71' lang='lat' dir='ltr'><strong>tanta:</strong></span> <span class='ocrx_word' id='word_1_523' title='bbox 1084 3923 1236 3979; x_wconf 89' lang='lat' dir='ltr'><strong>vobis</strong></span> <span class='ocrx_word' id='word_1_524' title='bbox 1280 3938 1344 3977; x_wconf 85' lang='lat' dir='ltr'><strong>ex</strong></span> <span class='ocrx_word' id='word_1_525' title='bbox 1395 3931 1577 3977; x_wconf 89' lang='lat' dir='ltr'><strong>nostra</strong></span> <span class='ocrx_word' id='word_1_526' title='bbox 1624 3921 1874 3992; x_wconf 74' lang='lat' dir='ltr'><strong>mquabili</strong></span> 
     </span>
    </p>
   </div>
   <div class='ocr_carea' id='block_1_76' title="bbox 287 4011 1874 4086">
    <p class='ocr_par' dir='ltr' id='par_1_76' title="bbox 287 4011 1874 4086">
     <span class='ocr_line' id='line_1_76' title="bbox 287 4011 1874 4086; baseline -0.004 -16"><span class='ocrx_word' id='word_1_527' title='bbox 287 4015 736 4086; x_wconf 84' lang='lat' dir='ltr'><strong>compensatione</strong></span> <span class='ocrx_word' id='word_1_528' title='bbox 783 4013 1128 4068; x_wconf 89' lang='lat' dir='ltr'><strong>referentur:</strong></span> <span class='ocrx_word' id='word_1_529' title='bbox 1175 4013 1265 4081; x_wconf 93' lang='lat' dir='ltr'><strong>qui</strong></span> <span class='ocrx_word' id='word_1_530' title='bbox 1313 4019 1368 4068; x_wconf 85' lang='lat' dir='ltr'><strong>et</strong></span> <span class='ocrx_word' id='word_1_531' title='bbox 1412 4011 1638 4082; x_wconf 91' lang='lat' dir='ltr'><strong>imperio</strong></span> <span class='ocrx_word' id='word_1_532' title='bbox 1689 4019 1874 4067; x_wconf 90' lang='lat' dir='ltr'><strong>nostro</strong></span> 
     </span>
    </p>
   </div>
   <div class='ocr_carea' id='block_1_77' title="bbox 285 4101 1701 4178">
    <p class='ocr_par' dir='ltr' id='par_1_77' title="bbox 285 4101 1701 4178">
     <span class='ocr_line' id='line_1_77' title="bbox 285 4101 1701 4178; baseline -0.002 -18"><span class='ocrx_word' id='word_1_533' title='bbox 285 4108 512 4178; x_wconf 81' lang='lat' dir='ltr'><strong>paretis,</strong></span> <span class='ocrx_word' id='word_1_534' title='bbox 541 4113 596 4161; x_wconf 90' lang='lat' dir='ltr'><strong>et</strong></span> <span class='ocrx_word' id='word_1_535' title='bbox 623 4105 768 4176; x_wconf 77' lang='lat' dir='ltr'><strong>quad</strong></span> <span class='ocrx_word' id='word_1_536' title='bbox 799 4121 894 4160; x_wconf 86' lang='lat' dir='ltr'><strong>vos</strong></span> <span class='ocrx_word' id='word_1_537' title='bbox 923 4101 1219 4160; x_wconf 78' lang='lat' dir='ltr'><strong>clarificare</strong></span> <span class='ocrx_word' id='word_1_538' title='bbox 1247 4106 1436 4174; x_wconf 89' lang='lat' dir='ltr'><strong>possit,</strong></span> <span class='ocrx_word' id='word_1_539' title='bbox 1470 4101 1701 4158; x_wconf 87' lang='lat' dir='ltr'><strong>efﬁcitis.</strong></span> 
     </span>
    </p>
   </div>
   <div class='ocr_carea' id='block_1_78' title="bbox 820 4230 1324 4288">
    <p class='ocr_par' dir='ltr' id='par_1_78' title="bbox 820 4230 1324 4288">
     <span class='ocr_line' id='line_1_78' title="bbox 820 4230 1324 4288; baseline -0.006 1"><span class='ocrx_word' id='word_1_540' title='bbox 820 4231 1152 4288; x_wconf 84' lang='lat' dir='ltr'><strong>EPISTOLA</strong></span> <span class='ocrx_word' id='word_1_541' title='bbox 1188 4230 1324 4286; x_wconf 83' lang='lat' dir='ltr'><strong>XLI.</strong></span> 
     </span>
    </p>
   </div>
   <div class='ocr_carea' id='block_1_79' title="bbox 407 4337 1750 4388">
    <p class='ocr_par' dir='ltr' id='par_1_79' title="bbox 407 4337 1750 4388">
     <span class='ocr_line' id='line_1_79' title="bbox 407 4337 1750 4388; baseline -0.009 0"><span class='ocrx_word' id='word_1_542' title='bbox 407 4347 603 4388; x_wconf 74' lang='lat' dir='ltr'><strong>LUDUIN</strong></span> <span class='ocrx_word' id='word_1_543' title='bbox 637 4341 660 4367; x_wconf 76' lang='grc'>⁸</span> <span class='ocrx_word' id='word_1_544' title='bbox 700 4344 820 4385; x_wconf 70' lang='lat' dir='ltr'><strong>REGI</strong></span> <span class='ocrx_word' id='word_1_545' title='bbox 859 4341 1177 4383; x_wconf 70' lang='lat' dir='ltr'><strong>FRANCORUI</strong></span> <span class='ocrx_word' id='word_1_546' title='bbox 1217 4337 1584 4380; x_wconf 74' lang='lat' dir='ltr'><strong>THEODOBICUS</strong></span> <span class='ocrx_word' id='word_1_547' title='bbox 1621 4337 1750 4377; x_wconf 73' lang='lat' dir='ltr'><strong>REX.</strong></span> 
     </span>
    </p>
   </div>
   <div class='ocr_carea' id='block_1_80' title="bbox 1973 3106 3552 3180">
    <p class='ocr_par' dir='ltr' id='par_1_80' title="bbox 1973 3106 3552 3180">
     <span class='ocr_line' id='line_1_80' title="bbox 1973 3106 3552 3180; baseline -0.008 -8"><span class='ocrx_word' id='word_1_548' title='bbox 1973 3126 2148 3172; x_wconf 82' lang='lat' dir='ltr'><strong>tantes</strong></span> <span class='ocrx_word' id='word_1_549' title='bbox 2189 3119 2393 3170; x_wconf 87' lang='lat' dir='ltr'><strong>honore</strong></span> <span class='ocrx_word' id='word_1_550' title='bbox 2423 3125 2477 3168; x_wconf 88' lang='lat' dir='ltr'><strong>et</strong></span> <span class='ocrx_word' id='word_1_551' title='bbox 2515 3110 2824 3178; x_wconf 78' lang='lat' dir='ltr'><strong>affectione,</strong></span> <span class='ocrx_word' id='word_1_552' title='bbox 2857 3127 2958 3180; x_wconf 88' lang='lat' dir='ltr'><strong>qua</strong></span> <span class='ocrx_word' id='word_1_553' title='bbox 3007 3110 3222 3176; x_wconf 78' lang='lat' dir='ltr'><strong>dignum</strong></span> <span class='ocrx_word' id='word_1_554' title='bbox 3253 3115 3352 3171; x_wconf 81' lang='lat' dir='ltr'><strong>est,</strong></span> <span class='ocrx_word' id='word_1_555' title='bbox 3404 3106 3552 3160; x_wconf 91' lang='lat' dir='ltr'><strong>illum</strong></span> 
     </span>
    </p>
   </div>
   <div class='ocr_carea' id='block_1_81' title="bbox 1973 3208 3554 3281">
    <p class='ocr_par' dir='ltr' id='par_1_81' title="bbox 1973 3208 3554 3281">
     <span class='ocr_line' id='line_1_81' title="bbox 1973 3208 3554 3281; baseline -0.007 -10"><span class='ocrx_word' id='word_1_556' title='bbox 1973 3225 2028 3272; x_wconf 90' lang='lat' dir='ltr'><strong>et</strong></span> <span class='ocrx_word' id='word_1_557' title='bbox 2083 3215 2226 3268; x_wconf 86' lang='lat' dir='ltr'><strong>illum</strong></span> <span class='ocrx_word' id='word_1_558' title='bbox 2283 3215 2488 3281; x_wconf 83' lang='lat' dir='ltr'><strong>legatos</strong></span> <span class='ocrx_word' id='word_1_559' title='bbox 2543 3219 2758 3264; x_wconf 77' lang='lat' dir='ltr'><strong>nostros</strong></span> <span class='ocrx_word' id='word_1_560' title='bbox 2805 3210 2870 3265; x_wconf 88' lang='lat' dir='ltr'><strong>ad</strong></span> <span class='ocrx_word' id='word_1_561' title='bbox 2917 3208 3290 3264; x_wconf 76' lang='lat' dir='ltr'><strong>excellentiam</strong></span> <span class='ocrx_word' id='word_1_562' title='bbox 3321 3215 3554 3261; x_wconf 85' lang='lat' dir='ltr'><strong>vestram</strong></span> 
     </span>
    </p>
   </div>
   <div class='ocr_carea' id='block_1_82' title="bbox 1973 3297 3558 3369">
    <p class='ocr_par' dir='ltr' id='par_1_82' title="bbox 1973 3297 3558 3369">
     <span class='ocr_line' id='line_1_82' title="bbox 1973 3297 3558 3369; baseline -0.009 -6"><span class='ocrx_word' id='word_1_563' title='bbox 1973 3314 2228 3363; x_wconf 86' lang='lat' dir='ltr'><strong>consueta</strong></span> <span class='ocrx_word' id='word_1_564' title='bbox 2257 3303 2521 3358; x_wconf 87' lang='lat' dir='ltr'><strong>charitate</strong></span> <span class='ocrx_word' id='word_1_565' title='bbox 2544 3302 2864 3365; x_wconf 62' lang='lat' dir='ltr'><strong>direximus;</strong></span> <span class='ocrx_word' id='word_1_566' title='bbox 2896 3315 2994 3368; x_wconf 92' lang='lat' dir='ltr'><strong>per</strong></span> <span class='ocrx_word' id='word_1_567' title='bbox 3025 3314 3164 3369; x_wconf 91' lang='lat' dir='ltr'><strong>quos</strong></span> <span class='ocrx_word' id='word_1_568' title='bbox 3187 3307 3242 3353; x_wconf 91' lang='lat' dir='ltr'><strong>et</strong></span> <span class='ocrx_word' id='word_1_569' title='bbox 3281 3297 3558 3366; x_wconf 80' lang='lat' dir='ltr'><strong>sospitatis</strong></span> 
     </span>
    </p>
   </div>
   <div class='ocr_carea' id='block_1_83' title="bbox 1973 3391 3558 3463">
    <p class='ocr_par' dir='ltr' id='par_1_83' title="bbox 1973 3391 3558 3463">
     <span class='ocr_line' id='line_1_83' title="bbox 1973 3391 3558 3463; baseline -0.006 -10"><span class='ocrx_word' id='word_1_570' title='bbox 1973 3407 2164 3454; x_wconf 72' lang='lat' dir='ltr'><strong>vestra:</strong></span> <span class='ocrx_word' id='word_1_571' title='bbox 2195 3395 2470 3459; x_wconf 86' lang='lat' dir='ltr'><strong>indicium,</strong></span> <span class='ocrx_word' id='word_1_572' title='bbox 2503 3405 2560 3448; x_wconf 90' lang='lat' dir='ltr'><strong>et</strong></span> <span class='ocrx_word' id='word_1_573' title='bbox 2586 3402 2814 3463; x_wconf 72' lang='lat' dir='ltr'><strong>sperata:</strong></span> <span class='ocrx_word' id='word_1_574' title='bbox 2843 3391 3120 3462; x_wconf 90' lang='lat' dir='ltr'><strong>petitionis</strong></span> <span class='ocrx_word' id='word_1_575' title='bbox 3162 3403 3558 3460; x_wconf 88' lang='lat' dir='ltr'><strong>consequamur</strong></span> 
     </span>
    </p>
   </div>
   <div class='ocr_carea' id='block_1_84' title="bbox 1977 3479 3560 3552">
    <p class='ocr_par' dir='ltr' id='par_1_84' title="bbox 1977 3479 3560 3552">
     <span class='ocr_line' id='line_1_84' title="bbox 1977 3479 3560 3552; baseline -0.006 -9"><span class='ocrx_word' id='word_1_576' title='bbox 1977 3487 2248 3544; x_wconf 87' lang='lat' dir='ltr'><strong>effectum.</strong></span> <span class='ocrx_word' id='word_1_577' title='bbox 2281 3484 2532 3552; x_wconf 69' lang='lat' dir='ltr'><strong>Qumdam</strong></span> <span class='ocrx_word' id='word_1_578' title='bbox 2560 3499 2705 3545; x_wconf 87' lang='lat' dir='ltr'><strong>vero,</strong></span> <span class='ocrx_word' id='word_1_579' title='bbox 2730 3497 2848 3552; x_wconf 61' lang='lat' dir='ltr'><strong>quae</strong></span> <span class='ocrx_word' id='word_1_580' title='bbox 2889 3479 2958 3535; x_wconf 90' lang='lat' dir='ltr'><strong>ad</strong></span> <span class='ocrx_word' id='word_1_581' title='bbox 2987 3497 3088 3536; x_wconf 91' lang='lat' dir='ltr'><strong>nos</strong></span> <span class='ocrx_word' id='word_1_582' title='bbox 3115 3495 3214 3550; x_wconf 90' lang='lat' dir='ltr'><strong>pro</strong></span> <span class='ocrx_word' id='word_1_583' title='bbox 3233 3480 3427 3534; x_wconf 84' lang='lat' dir='ltr'><strong>vestris</strong></span> <span class='ocrx_word' id='word_1_584' title='bbox 3454 3479 3560 3534; x_wconf 79' lang='lat' dir='ltr'><strong>uti-</strong></span> 
     </span>
    </p>
   </div>
   <div class='ocr_carea' id='block_1_85' title="bbox 1977 3570 3558 3648">
    <p class='ocr_par' dir='ltr' id='par_1_85' title="bbox 1977 3570 3558 3648">
     <span class='ocr_line' id='line_1_85' title="bbox 1977 3570 3558 3648; baseline -0.005 -14"><span class='ocrx_word' id='word_1_585' title='bbox 1977 3579 2214 3634; x_wconf 89' lang='lat' dir='ltr'><strong>litatibns</strong></span> <span class='ocrx_word' id='word_1_586' title='bbox 2259 3584 2641 3648; x_wconf 80' lang='lat' dir='ltr'><strong>pervenerunt,</strong></span> <span class='ocrx_word' id='word_1_587' title='bbox 2681 3591 2781 3644; x_wconf 82' lang='lat' dir='ltr'><strong>per</strong></span> <span class='ocrx_word' id='word_1_588' title='bbox 2824 3575 3014 3628; x_wconf 88' lang='lat' dir='ltr'><strong>harum</strong></span> <span class='ocrx_word' id='word_1_589' title='bbox 3061 3573 3352 3643; x_wconf 88' lang='lat' dir='ltr'><strong>portitores</strong></span> <span class='ocrx_word' id='word_1_590' title='bbox 3394 3570 3558 3626; x_wconf 87' lang='lat' dir='ltr'><strong>verbo</strong></span> 
     </span>
    </p>
   </div>
   <div class='ocr_carea' id='block_1_86' title="bbox 1975 3673 3556 3738">
    <p class='ocr_par' dir='ltr' id='par_1_86' title="bbox 1975 3673 3556 3738">
     <span class='ocr_line' id='line_1_86' title="bbox 1975 3673 3556 3738; baseline -0.006 -3"><span class='ocrx_word' id='word_1_591' title='bbox 1975 3679 2131 3735; x_wconf 84' lang='lat' dir='ltr'><strong>vobis</strong></span> <span class='ocrx_word' id='word_1_592' title='bbox 2168 3675 2484 3734; x_wconf 87' lang='lat' dir='ltr'><strong>insinuanda</strong></span> <span class='ocrx_word' id='word_1_593' title='bbox 2515 3675 2910 3738; x_wconf 87' lang='lat' dir='ltr'><strong>commisimus;</strong></span> <span class='ocrx_word' id='word_1_594' title='bbox 2939 3682 2996 3727; x_wconf 91' lang='lat' dir='ltr'><strong>ut</strong></span> <span class='ocrx_word' id='word_1_595' title='bbox 3043 3673 3313 3728; x_wconf 89' lang='lat' dir='ltr'><strong>cautiores</strong></span> <span class='ocrx_word' id='word_1_596' title='bbox 3359 3673 3556 3737; x_wconf 78' lang='lat' dir='ltr'><strong>effecti,</strong></span> 
     </span>
    </p>
   </div>
   <div class='ocr_carea' id='block_1_87' title="bbox 1979 3763 3560 3840">
    <p class='ocr_par' dir='ltr' id='par_1_87' title="bbox 1979 3763 3560 3840">
     <span class='ocr_line' id='line_1_87' title="bbox 1979 3763 3560 3840; baseline -0.004 -15"><span class='ocrx_word' id='word_1_597' title='bbox 1979 3777 2161 3840; x_wconf 86' lang='lat' dir='ltr'><strong>optata</strong></span> <span class='ocrx_word' id='word_1_598' title='bbox 2209 3769 2429 3839; x_wconf 90' lang='lat' dir='ltr'><strong>possitis</strong></span> <span class='ocrx_word' id='word_1_599' title='bbox 2477 3767 2699 3820; x_wconf 79' lang='lat' dir='ltr'><strong>victoria</strong></span> <span class='ocrx_word' id='word_1_600' title='bbox 2755 3775 3070 3820; x_wconf 87' lang='lat' dir='ltr'><strong>constanter</strong></span> <span class='ocrx_word' id='word_1_601' title='bbox 3113 3764 3336 3832; x_wconf 85' lang='lat' dir='ltr'><strong>expleri.</strong></span> <span class='ocrx_word' id='word_1_602' title='bbox 3370 3763 3560 3818; x_wconf 80' lang='lat' dir='ltr'><strong>Vestra</strong></span> 
     </span>
    </p>
   </div>
   <div class='ocr_carea' id='block_1_88' title="bbox 1979 3857 3562 3930">
    <p class='ocr_par' dir='ltr' id='par_1_88' title="bbox 1979 3857 3562 3930">
     <span class='ocr_line' id='line_1_88' title="bbox 1979 3857 3562 3930; baseline -0.004 -15"><span class='ocrx_word' id='word_1_603' title='bbox 1979 3861 2238 3930; x_wconf 88' lang='lat' dir='ltr'><strong>siquidem</strong></span> <span class='ocrx_word' id='word_1_604' title='bbox 2280 3860 2443 3922; x_wconf 90' lang='lat' dir='ltr'><strong>salus,</strong></span> <span class='ocrx_word' id='word_1_605' title='bbox 2495 3867 2677 3913; x_wconf 87' lang='lat' dir='ltr'><strong>nostra</strong></span> <span class='ocrx_word' id='word_1_606' title='bbox 2708 3857 2874 3928; x_wconf 87' lang='lat' dir='ltr'><strong>gloria</strong></span> <span class='ocrx_word' id='word_1_607' title='bbox 2922 3867 3036 3922; x_wconf 89' lang='lat' dir='ltr'><strong>est;</strong></span> <span class='ocrx_word' id='word_1_608' title='bbox 3068 3866 3121 3912; x_wconf 91' lang='lat' dir='ltr'><strong>et</strong></span> <span class='ocrx_word' id='word_1_609' title='bbox 3152 3858 3310 3912; x_wconf 84' lang='lat' dir='ltr'><strong>toties</strong></span> <span class='ocrx_word' id='word_1_610' title='bbox 3339 3869 3562 3925; x_wconf 84' lang='lat' dir='ltr'><strong>regnum</strong></span> 
     </span>
    </p>
   </div>
   <div class='ocr_carea' id='block_1_89' title="bbox 1979 3949 3563 4020">
    <p class='ocr_par' dir='ltr' id='par_1_89' title="bbox 1979 3949 3563 4020">
     <span class='ocr_line' id='line_1_89' title="bbox 1979 3949 3563 4020; baseline -0.002 -15"><span class='ocrx_word' id='word_1_611' title='bbox 1979 3951 2143 4006; x_wconf 79' lang='lat' dir='ltr'><strong>Italia:</strong></span> <span class='ocrx_word' id='word_1_612' title='bbox 2167 3949 2428 4020; x_wconf 84' lang='lat' dir='ltr'><strong>proficere</strong></span> <span class='ocrx_word' id='word_1_613' title='bbox 2451 3950 2769 4019; x_wconf 70' lang='lat' dir='ltr'><strong>iudicamus,</strong></span> <span class='ocrx_word' id='word_1_614' title='bbox 2802 3950 3014 4020; x_wconf 90' lang='lat' dir='ltr'><strong>quoties</strong></span> <span class='ocrx_word' id='word_1_615' title='bbox 3043 3950 3108 4005; x_wconf 93' lang='lat' dir='ltr'><strong>de</strong></span> <span class='ocrx_word' id='word_1_616' title='bbox 3138 3949 3290 4004; x_wconf 81' lang='lat' dir='ltr'><strong>vobis</strong></span> <span class='ocrx_word' id='word_1_617' title='bbox 3321 3949 3438 4002; x_wconf 78' lang='lat' dir='ltr'><strong>keta</strong></span> <span class='ocrx_word' id='word_1_618' title='bbox 3466 3962 3563 4002; x_wconf 86' lang='lat' dir='ltr'><strong>co-</strong></span> 
     </span>
    </p>
   </div>
   <div class='ocr_carea' id='block_1_90' title="bbox 1979 4040 3564 4112">
    <p class='ocr_par' dir='ltr' id='par_1_90' title="bbox 1979 4040 3564 4112">
     <span class='ocr_line' id='line_1_90' title="bbox 1979 4040 3564 4112; baseline -0.003 -15"><span class='ocrx_word' id='word_1_619' title='bbox 1979 4043 2305 4112; x_wconf 88' lang='lat' dir='ltr'><strong>gnoscimus.</strong></span> <span class='ocrx_word' id='word_1_620' title='bbox 2330 4040 2698 4096; x_wconf 79' lang='lat' dir='ltr'><strong>Citharmdum</strong></span> <span class='ocrx_word' id='word_1_621' title='bbox 2729 4041 2891 4095; x_wconf 89' lang='lat' dir='ltr'><strong>etiam</strong></span> <span class='ocrx_word' id='word_1_622' title='bbox 2935 4049 3052 4096; x_wconf 90' lang='lat' dir='ltr'><strong>arte</strong></span> <span class='ocrx_word' id='word_1_623' title='bbox 3097 4056 3192 4094; x_wconf 90' lang='lat' dir='ltr'><strong>sua</strong></span> <span class='ocrx_word' id='word_1_624' title='bbox 3222 4040 3447 4094; x_wconf 78' lang='lat' dir='ltr'><strong>doctum</strong></span> <span class='ocrx_word' id='word_1_625' title='bbox 3469 4053 3564 4108; x_wconf 89' lang='lat' dir='ltr'><strong>pa-</strong></span> 
     </span>
    </p>
   </div>
   <div class='ocr_carea' id='block_1_91' title="bbox 1984 4131 3569 4202">
    <p class='ocr_par' dir='ltr' id='par_1_91' title="bbox 1984 4131 3569 4202">
     <span class='ocr_line' id='line_1_91' title="bbox 1984 4131 3569 4202; baseline -0.004 -12"><span class='ocrx_word' id='word_1_626' title='bbox 1984 4137 2117 4190; x_wconf 89' lang='lat' dir='ltr'><strong>riter</strong></span> <span class='ocrx_word' id='word_1_627' title='bbox 2139 4134 2524 4190; x_wconf 88' lang='lat' dir='ltr'><strong>destinavimus</strong></span> <span class='ocrx_word' id='word_1_628' title='bbox 2563 4135 2878 4202; x_wconf 80' lang='lat' dir='ltr'><strong>cxpctituin,</strong></span> <span class='ocrx_word' id='word_1_629' title='bbox 2927 4133 3020 4200; x_wconf 91' lang='lat' dir='ltr'><strong>qui</strong></span> <span class='ocrx_word' id='word_1_630' title='bbox 3067 4147 3164 4186; x_wconf 87' lang='lat' dir='ltr'><strong>ore</strong></span> <span class='ocrx_word' id='word_1_631' title='bbox 3213 4131 3569 4199; x_wconf 89' lang='lat' dir='ltr'><strong>manibusque</strong></span> 
     </span>
    </p>
   </div>
   <div class='ocr_carea' id='block_1_92' title="bbox 1987 4217 3570 4290">
    <p class='ocr_par' dir='ltr' id='par_1_92' title="bbox 1987 4217 3570 4290">
     <span class='ocr_line' id='line_1_92' title="bbox 1987 4217 3570 4290; baseline -0.006 -9"><span class='ocrx_word' id='word_1_632' title='bbox 1987 4241 2222 4282; x_wconf 90' lang='lat' dir='ltr'><strong>consona</strong></span> <span class='ocrx_word' id='word_1_633' title='bbox 2250 4239 2384 4278; x_wconf 89' lang='lat' dir='ltr'><strong>voce</strong></span> <span class='ocrx_word' id='word_1_634' title='bbox 2411 4223 2678 4279; x_wconf 88' lang='lat' dir='ltr'><strong>cantando</strong></span> <span class='ocrx_word' id='word_1_635' title='bbox 2709 4219 2756 4286; x_wconf 71' lang='grc' dir='ltr'><strong>ἀ,</strong></span> <span class='ocrx_word' id='word_1_636' title='bbox 2812 4221 3036 4290; x_wconf 85' lang='lat' dir='ltr'><strong>gloriam</strong></span> <span class='ocrx_word' id='word_1_637' title='bbox 3065 4228 3257 4275; x_wconf 62' lang='lat' dir='ltr'><strong>vestrae</strong></span> <span class='ocrx_word' id='word_1_638' title='bbox 3288 4217 3570 4288; x_wconf 87' lang='lat' dir='ltr'><strong>potestatis</strong></span> 
     </span>
    </p>
   </div>
   <div class='ocr_carea' id='block_1_93' title="bbox 1989 4309 3570 4382">
    <p class='ocr_par' dir='ltr' id='par_1_93' title="bbox 1989 4309 3570 4382">
     <span class='ocr_line' id='line_1_93' title="bbox 1989 4309 3570 4382; baseline -0.005 -9"><span class='ocrx_word' id='word_1_639' title='bbox 1989 4319 2246 4374; x_wconf 91' lang='lat' dir='ltr'><strong>oblectet.</strong></span> <span class='ocrx_word' id='word_1_640' title='bbox 2280 4315 2449 4382; x_wconf 87' lang='lat' dir='ltr'><strong>Quem</strong></span> <span class='ocrx_word' id='word_1_641' title='bbox 2481 4313 2603 4369; x_wconf 88' lang='lat' dir='ltr'><strong>ideo</strong></span> <span class='ocrx_word' id='word_1_642' title='bbox 2637 4315 2750 4368; x_wconf 88' lang='lat' dir='ltr'><strong>fore</strong></span> <span class='ocrx_word' id='word_1_643' title='bbox 2770 4313 3041 4367; x_wconf 87' lang='lat' dir='ltr'><strong>credimus</strong></span> <span class='ocrx_word' id='word_1_644' title='bbox 3069 4321 3300 4381; x_wconf 86' lang='lat' dir='ltr'><strong>gratum,</strong></span> <span class='ocrx_word' id='word_1_645' title='bbox 3333 4311 3458 4380; x_wconf 89' lang='lat' dir='ltr'><strong>quia</strong></span> <span class='ocrx_word' id='word_1_646' title='bbox 3501 4309 3570 4365; x_wconf 90' lang='lat' dir='ltr'><strong>ad</strong></span> 
     </span>
    </p>
   </div>
   <div class='ocr_carea' id='block_1_94' title="bbox 292 4401 3280 4486">
    <p class='ocr_par' dir='ltr' id='par_1_94' title="bbox 292 4401 3280 4486">
     <span class='ocr_line' id='line_1_94' title="bbox 292 4401 3280 4486; baseline -0.006 -9"><span class='ocrx_word' id='word_1_647' title='bbox 292 4423 603 4479; x_wconf 73' lang='lat' dir='ltr'><strong>Gratulatur</strong></span> <span class='ocrx_word' id='word_1_648' title='bbox 644 4419 915 4476; x_wconf 69' lang='lat' dir='ltr'><strong>Ctodovaeo</strong></span> <span class='ocrx_word' id='word_1_649' title='bbox 975 4418 1040 4472; x_wconf 83' lang='lat' dir='ltr'><strong>de</strong></span> <span class='ocrx_word' id='word_1_650' title='bbox 1092 4416 1306 4472; x_wconf 82' lang='lat' dir='ltr'><strong>uictoria</strong></span> <span class='ocrx_word' id='word_1_651' title='bbox 1350 4422 1615 4486; x_wconf 82' lang='lat' dir='ltr'><strong>reportata</strong></span> <span class='ocrx_word' id='word_1_652' title='bbox 1658 4430 1725 4468; x_wconf 79' lang='lat' dir='ltr'><strong>ea:</strong></span> <span class='ocrx_word' id='word_1_653' title='bbox 1763 4413 1884 4466; x_wconf 79' lang='lat' dir='ltr'><strong>Ala-</strong></span> <span class='ocrx_word' id='word_1_654' title='bbox 1914 4401 1959 4459; x_wconf 80' lang='lat' dir='ltr'><strong>D</strong></span> <span class='ocrx_word' id='word_1_655' title='bbox 1986 4426 2084 4466; x_wconf 87' lang='lat' dir='ltr'><strong>vos</strong></span> <span class='ocrx_word' id='word_1_656' title='bbox 2111 4424 2233 4466; x_wconf 89' lang='lat' dir='ltr'><strong>eum</strong></span> <span class='ocrx_word' id='word_1_657' title='bbox 2258 4408 2541 4478; x_wconf 74' lang='lat' dir='ltr'><strong>iudicastis</strong></span> <span class='ocrx_word' id='word_1_658' title='bbox 2569 4421 2896 4476; x_wconf 83' lang='lat' dir='ltr'><strong>magnopere</strong></span> <span class='ocrx_word' id='word_1_659' title='bbox 2924 4404 3280 4474; x_wconf 71' lang='lat' dir='ltr'><strong>dirigentium.</strong></span> 
     </span>
    </p>
   </div>
   <div class='ocr_carea' id='block_1_95' title="bbox 363 4585 1884 4659">
    <p class='ocr_par' dir='ltr' id='par_1_95' title="bbox 363 4585 1884 4659">
     <span class='ocr_line' id='line_1_95' title="bbox 363 4585 1884 4659; baseline -0.012 -3"><span class='ocrx_word' id='word_1_660' title='bbox 363 4611 388 4638; x_wconf 79' lang='grc'><strong><em>⁸</em></strong></span> <span class='ocrx_word' id='word_1_661' title='bbox 415 4598 511 4655; x_wconf 89' lang='lat' dir='ltr'><strong>Sic</strong></span> <span class='ocrx_word' id='word_1_662' title='bbox 541 4595 751 4652; x_wconf 87' lang='lat' dir='ltr'><strong>Luduin</strong></span> <span class='ocrx_word' id='word_1_663' title='bbox 776 4596 972 4652; x_wconf 91' lang='lat' dir='ltr'><strong>dicitur</strong></span> <span class='ocrx_word' id='word_1_664' title='bbox 1005 4591 1143 4647; x_wconf 88' lang='lat' dir='ltr'><strong>infra</strong></span> <span class='ocrx_word' id='word_1_665' title='bbox 1173 4591 1268 4646; x_wconf 91' lang='lat' dir='ltr'><strong>lib.</strong></span> <span class='ocrx_word' id='word_1_666' title='bbox 1299 4605 1388 4659; x_wconf 80' lang='lat' dir='ltr'><strong>ut,</strong></span> <span class='ocrx_word' id='word_1_667' title='bbox 1409 4589 1582 4659; x_wconf 85' lang='lat' dir='ltr'><strong>epist.</strong></span> <span class='ocrx_word' id='word_1_668' title='bbox 1611 4585 1663 4659; x_wconf 69' lang='grc'><strong>4,</strong></span> <span class='ocrx_word' id='word_1_669' title='bbox 1691 4585 1782 4659; x_wconf 83' lang='lat' dir='ltr'><strong>qui</strong></span> <span class='ocrx_word' id='word_1_670' title='bbox 1827 4593 1884 4640; x_wconf 89' lang='lat' dir='ltr'><strong>ct</strong></span> 
     </span>
    </p>
   </div>
   <div class='ocr_carea' id='block_1_96' title="bbox 289 4655 1880 4728">
    <p class='ocr_par' dir='ltr' id='par_1_96' title="bbox 289 4655 1880 4728">
     <span class='ocr_line' id='line_1_96' title="bbox 289 4655 1880 4728; baseline -0.013 0"><span class='ocrx_word' id='word_1_671' title='bbox 289 4669 635 4728; x_wconf 76' lang='lat' dir='ltr'><strong>Clodovzeus.</strong></span> <span class='ocrx_word' id='word_1_672' title='bbox 669 4665 798 4722; x_wconf 84' lang='lat' dir='ltr'><strong>Vide</strong></span> <span class='ocrx_word' id='word_1_673' title='bbox 841 4661 1132 4720; x_wconf 88' lang='lat' dir='ltr'><strong>Baronium</strong></span> <span class='ocrx_word' id='word_1_674' title='bbox 1183 4671 1315 4715; x_wconf 91' lang='lat' dir='ltr'><strong>tom.</strong></span> <span class='ocrx_word' id='word_1_675' title='bbox 1349 4655 1417 4714; x_wconf 80' lang='lat' dir='ltr'><strong>Vl</strong></span> <span class='ocrx_word' id='word_1_676' title='bbox 1459 4655 1652 4714; x_wconf 60' lang='lat' dir='ltr'><strong>Annal.</strong></span> <span class='ocrx_word' id='word_1_677' title='bbox 1684 4655 1750 4710; x_wconf 86' lang='lat' dir='ltr'><strong>ad</strong></span> <span class='ocrx_word' id='word_1_678' title='bbox 1792 4671 1880 4728; x_wconf 85' lang='lat' dir='ltr'><strong>an.</strong></span> 
     </span>
    </p>
   </div>
   <div class='ocr_carea' id='block_1_97' title="bbox 289 4725 1884 4808">
    <p class='ocr_par' dir='ltr' id='par_1_97' title="bbox 289 4725 1884 4808">
     <span class='ocr_line' id='line_1_97' title="bbox 289 4725 1884 4808; baseline -0.01 -14"><span class='ocrx_word' id='word_1_679' title='bbox 289 4725 545 4802; x_wconf 49' lang='lat'><strong>(.5499,</strong></span> <span class='ocrx_word' id='word_1_680' title='bbox 577 4737 680 4808; x_wconf 80' lang='lat' dir='ltr'><strong>sub</strong></span> <span class='ocrx_word' id='word_1_681' title='bbox 703 4752 823 4808; x_wconf 85' lang='lat' dir='ltr'><strong>cap.</strong></span> <span class='ocrx_word' id='word_1_682' title='bbox 852 4735 942 4798; x_wconf 69' lang='lat'><strong>27,</strong></span> <span class='ocrx_word' id='word_1_683' title='bbox 967 4747 1089 4802; x_wconf 88' lang='lat' dir='ltr'><strong>pag.</strong></span> <span class='ocrx_word' id='word_1_684' title='bbox 1121 4729 1242 4784; x_wconf 59' lang='lat'><strong>594.</strong></span> <span class='ocrx_word' id='word_1_685' title='bbox 1275 4730 1381 4808; x_wconf 84' lang='lat' dir='ltr'><strong>Qui</strong></span> <span class='ocrx_word' id='word_1_686' title='bbox 1409 4738 1572 4808; x_wconf 81' lang='lat' dir='ltr'><strong>putat_</strong></span> <span class='ocrx_word' id='word_1_687' title='bbox 1601 4727 1740 4781; x_wconf 89' lang='lat' dir='ltr'><strong>hanc</strong></span> <span class='ocrx_word' id='word_1_688' title='bbox 1767 4725 1884 4797; x_wconf 87' lang='lat' dir='ltr'><strong>cpi-</strong></span> 
     </span>
    </p>
   </div>
   <div class='ocr_carea' id='block_1_98' title="bbox 289 4796 1720 4877">
    <p class='ocr_par' dir='ltr' id='par_1_98' title="bbox 289 4796 1720 4877">
     <span class='ocr_line' id='line_1_98' title="bbox 289 4796 1720 4877; baseline -0.013 -9"><span class='ocrx_word' id='word_1_689' title='bbox 289 4813 487 4868; x_wconf 82' lang='lat' dir='ltr'><strong>stolam</strong></span> <span class='ocrx_word' id='word_1_690' title='bbox 517 4796 684 4862; x_wconf 75' lang='lat' dir='ltr'><strong>fuisse</strong></span> <span class='ocrx_word' id='word_1_691' title='bbox 703 4796 1131 4877; x_wconf 45' lang='lat' dir='ltr'><strong>scriptam-anno</strong></span> <span class='ocrx_word' id='word_1_692' title='bbox 1153 4816 1312 4877; x_wconf 77' lang='lat' dir='ltr'><strong>supra</strong></span> <span class='ocrx_word' id='word_1_693' title='bbox 1337 4796 1670 4877; x_wconf 35' lang='lat' dir='ltr'><strong>citato...|un.</strong></span> <span class='ocrx_word' id='word_1_694' title='bbox 1688 4866 1720 4877; x_wconf 82' lang='lat'><strong>__</strong></span> 
     </span>
    </p>
   </div>
   <div class='ocr_carea' id='block_1_99' title="bbox 364 4865 1889 4940">
    <p class='ocr_par' dir='ltr' id='par_1_99' title="bbox 364 4865 1889 4940">
     <span class='ocr_line' id='line_1_99' title="bbox 364 4865 1889 4940; baseline -0.012 -5"><span class='ocrx_word' id='word_1_695' title='bbox 364 4880 600 4940; x_wconf 85' lang='lat' dir='ltr'><strong>Luduin,</strong></span> <span class='ocrx_word' id='word_1_696' title='bbox 635 4877 684 4931; x_wconf 93' lang='lat' dir='ltr'><strong>id</strong></span> <span class='ocrx_word' id='word_1_697' title='bbox 710 4886 794 4930; x_wconf 90' lang='lat' dir='ltr'><strong>est</strong></span> <span class='ocrx_word' id='word_1_698' title='bbox 813 4865 1140 4938; x_wconf 55' lang='lat' dir='ltr'><strong>&#39;Clodovzco,</strong></span> <span class='ocrx_word' id='word_1_699' title='bbox 1176 4865 1303 4940; x_wconf 83' lang='lat' dir='ltr'><strong>quia</strong></span> <span class='ocrx_word' id='word_1_700' title='bbox 1343 4868 1647 4940; x_wconf 75' lang='lat' dir='ltr'><strong>Ludovicus</strong></span> <span class='ocrx_word' id='word_1_701' title='bbox 1670 4865 1889 4920; x_wconf 64' lang='lat' dir='ltr'><strong>diteba-</strong></span> 
     </span>
    </p>
   </div>
   <div class='ocr_carea' id='block_1_100' title="bbox 299 4938 1890 5018">
    <p class='ocr_par' dir='ltr' id='par_1_100' title="bbox 299 4938 1890 5018">
     <span class='ocr_line' id='line_1_100' title="bbox 299 4938 1890 5018; baseline -0.011 -14"><span class='ocrx_word' id='word_1_702' title='bbox 299 4959 402 5016; x_wconf 89' lang='lat' dir='ltr'><strong>tur,</strong></span> <span class='ocrx_word' id='word_1_703' title='bbox 433 4938 613 5018; x_wconf 73' lang='lat' dir='ltr'><strong>inquit</strong></span> <span class='ocrx_word' id='word_1_704' title='bbox 661 4945 955 5018; x_wconf 82' lang='lat' dir='ltr'><strong>Hermann.</strong></span> <span class='ocrx_word' id='word_1_705' title='bbox 986 4938 1313 4998; x_wconf 74' lang='lat' dir='ltr'><strong>Contractus</strong></span> <span class='ocrx_word' id='word_1_706' title='bbox 1467 4938 1783 5018; x_wconf 40' lang='lat' dir='ltr'><strong>Chronica}</strong></span> <span class='ocrx_word' id='word_1_707' title='bbox 1835 4942 1890 4988; x_wconf 92' lang='lat' dir='ltr'><strong>et</strong></span> 
     </span>
    </p>
   </div>
   <div class='ocr_carea' id='block_1_101' title="bbox 296 5003 1883 5080">
    <p class='ocr_par' dir='ltr' id='par_1_101' title="bbox 296 5003 1883 5080">
     <span class='ocr_line' id='line_1_101' title="bbox 296 5003 1883 5080; baseline -0.011 -6"><span class='ocrx_word' id='word_1_708' title='bbox 296 5003 370 5075; x_wconf 84' lang='lat' dir='ltr'><strong>ait</strong></span> <span class='ocrx_word' id='word_1_709' title='bbox 386 5003 676 5075; x_wconf 56' lang='lat' dir='ltr'><strong>victoriam</strong></span> <span class='ocrx_word' id='word_1_710' title='bbox 701 5016 1141 5076; x_wconf 84' lang='lat' dir='ltr'><strong>Alemannorum,</strong></span> <span class='ocrx_word' id='word_1_711' title='bbox 1173 5025 1334 5080; x_wconf 87' lang='lat' dir='ltr'><strong>quam</strong></span> <span class='ocrx_word' id='word_1_712' title='bbox 1361 5010 1447 5080; x_wconf 85' lang='lat' dir='ltr'><strong>hic</strong></span> <span class='ocrx_word' id='word_1_713' title='bbox 1466 5008 1678 5080; x_wconf 84' lang='lat' dir='ltr'><strong>nuntiat</strong></span> <span class='ocrx_word' id='word_1_714' title='bbox 1704 5003 1883 5080; x_wconf 71' lang='lat' dir='ltr'><strong>Theo-</strong></span> 
     </span>
    </p>
   </div>
   <div class='ocr_carea' id='block_1_102' title="bbox 297 5076 1890 5156">
    <p class='ocr_par' dir='ltr' id='par_1_102' title="bbox 297 5076 1890 5156">
     <span class='ocr_line' id='line_1_102' title="bbox 297 5076 1890 5156; baseline -0.01 -11"><span class='ocrx_word' id='word_1_715' title='bbox 297 5090 539 5156; x_wconf 82' lang='lat' dir='ltr'><strong>dericus,</strong></span> <span class='ocrx_word' id='word_1_716' title='bbox 569 5088 712 5143; x_wconf 87' lang='lat' dir='ltr'><strong>circa</strong></span> <span class='ocrx_word' id='word_1_717' title='bbox 745 5100 947 5156; x_wconf 85' lang='lat' dir='ltr'><strong>annum</strong></span> <span class='ocrx_word' id='word_1_718' title='bbox 979 5083 1178 5156; x_wconf 76' lang='lat' dir='ltr'><strong>Christi</strong></span> <span class='ocrx_word' id='word_1_719' title='bbox 1193 5076 1335 5146; x_wconf 63' lang='grc'><strong>⁷508,</strong></span> <span class='ocrx_word' id='word_1_720' title='bbox 1387 5076 1726 5156; x_wconf 48' lang='lat' dir='ltr'><strong>Quastasiani</strong></span> <span class='ocrx_word' id='word_1_721' title='bbox 1758 5089 1890 5129; x_wconf 89' lang='lat' dir='ltr'><strong>vero</strong></span> 
     </span>
    </p>
   </div>
   <div class='ocr_carea' id='block_1_103' title="bbox 297 5148 1888 5233">
    <p class='ocr_par' dir='ltr' id='par_1_103' title="bbox 297 5148 1888 5233">
     <span class='ocr_line' id='line_1_103' title="bbox 297 5148 1888 5233; baseline -0.013 -14"><span class='ocrx_word' id='word_1_722' title='bbox 297 5148 539 5233; x_wconf 51' lang='lat' dir='ltr'><strong>imperii&#39;</strong></span> <span class='ocrx_word' id='word_1_723' title='bbox 564 5156 654 5224; x_wconf 84' lang='lat' dir='ltr'><strong>l8,</strong></span> <span class='ocrx_word' id='word_1_724' title='bbox 702 5155 1017 5225; x_wconf 81' lang='lat' dir='ltr'><strong>contigisse,</strong></span> <span class='ocrx_word' id='word_1_725' title='bbox 1065 5151 1244 5208; x_wconf 76' lang='lat' dir='ltr'><strong>Felice</strong></span> <span class='ocrx_word' id='word_1_726' title='bbox 1291 5159 1348 5206; x_wconf 89' lang='lat' dir='ltr'><strong>et</strong></span> <span class='ocrx_word' id='word_1_727' title='bbox 1393 5148 1699 5206; x_wconf 85' lang='lat' dir='ltr'><strong>Secundino</strong></span> <span class='ocrx_word' id='word_1_728' title='bbox 1745 5159 1888 5200; x_wconf 89' lang='lat' dir='ltr'><strong>coss.</strong></span> 
     </span>
    </p>
   </div>
   <div class='ocr_carea' id='block_1_104' title="bbox 1987 4576 3429 4656">
    <p class='ocr_par' dir='ltr' id='par_1_104' title="bbox 1987 4576 3429 4656">
     <span class='ocr_line' id='line_1_104' title="bbox 1987 4576 3429 4656; baseline -0.007 -17"><span class='ocrx_word' id='word_1_729' title='bbox 1987 4580 2414 4656; x_wconf 64' lang='lat' dir='ltr'><strong>[lege__Venan_tio</strong></span> <span class='ocrx_word' id='word_1_730' title='bbox 2442 4578 2661 4656; x_wconf 59' lang='lat' dir='ltr'><strong>iuniore</strong></span> <span class='ocrx_word' id='word_1_731' title='bbox 2681 4585 2736 4632; x_wconf 89' lang='lat' dir='ltr'><strong>et</strong></span> <span class='ocrx_word' id='word_1_732' title='bbox 2761 4577 2958 4656; x_wconf 76' lang='lat' dir='ltr'><strong>Celere</strong></span> <span class='ocrx_word' id='word_1_733' title='bbox 2979 4576 3166 4656; x_wconf 61' lang='lat' dir='ltr'><strong>coss].</strong></span> <span class='ocrx_word' id='word_1_734' title='bbox 3192 4576 3429 4656; x_wconf 51' lang='lat' dir='ltr'><strong>Faenza:</strong></span> 
     </span>
    </p>
   </div>
   <div class='ocr_carea' id='block_1_105' title="bbox 2065 4645 3572 4718">
    <p class='ocr_par' dir='ltr' id='par_1_105' title="bbox 2065 4645 3572 4718">
     <span class='ocr_line' id='line_1_105' title="bbox 2065 4645 3572 4718; baseline -0.008 -10"><span class='ocrx_word' id='word_1_735' title='bbox 2065 4645 2090 4694; x_wconf 78' lang='grc' dir='ltr'><strong>ί)</strong></span> <span class='ocrx_word' id='word_1_736' title='bbox 2117 4653 2250 4708; x_wconf 84' lang='lat' dir='ltr'><strong>Nam</strong></span> <span class='ocrx_word' id='word_1_737' title='bbox 2290 4650 2674 4713; x_wconf 71' lang='lat' dir='ltr'><strong>Theudoricus,</strong></span> <span class='ocrx_word' id='word_1_738' title='bbox 2707 4657 2766 4718; x_wconf 87' lang='lat' dir='ltr'><strong>ut</strong></span> <span class='ocrx_word' id='word_1_739' title='bbox 2811 4649 2962 4718; x_wconf 86' lang='lat' dir='ltr'><strong>regni</strong></span> <span class='ocrx_word' id='word_1_740' title='bbox 3002 4651 3081 4705; x_wconf 90' lang='lat' dir='ltr'><strong>sui</strong></span> <span class='ocrx_word' id='word_1_741' title='bbox 3112 4645 3252 4702; x_wconf 75' lang='lat' dir='ltr'><strong>vires</strong></span> <span class='ocrx_word' id='word_1_742' title='bbox 3290 4645 3572 4718; x_wconf 86' lang='lat' dir='ltr'><strong>stabiliret,</strong></span> 
     </span>
    </p>
   </div>
   <div class='ocr_carea' id='block_1_106' title="bbox 1992 4717 3570 4793">
    <p class='ocr_par' dir='ltr' id='par_1_106' title="bbox 1992 4717 3570 4793">
     <span class='ocr_line' id='line_1_106' title="bbox 1992 4717 3570 4793; baseline -0.008 -15"><span class='ocrx_word' id='word_1_743' title='bbox 1992 4723 2357 4793; x_wconf 84' lang='lat' dir='ltr'><strong>Adelphedam</strong></span> <span class='ocrx_word' id='word_1_744' title='bbox 2389 4735 2630 4775; x_wconf 87' lang='lat' dir='ltr'><strong>sororem</strong></span> <span class='ocrx_word' id='word_1_745' title='bbox 2644 4717 3010 4793; x_wconf 79' lang='lat' dir='ltr'><strong>_Francornm</strong></span> <span class='ocrx_word' id='word_1_746' title='bbox 3061 4719 3170 4788; x_wconf 88' lang='lat' dir='ltr'><strong>regi</strong></span> <span class='ocrx_word' id='word_1_747' title='bbox 3203 4717 3570 4786; x_wconf 86' lang='lat' dir='ltr'><strong>copulaverat.</strong></span> 
     </span>
    </p>
   </div>
   <div class='ocr_carea' id='block_1_107' title="bbox 1991 4788 2810 4849">
    <p class='ocr_par' dir='ltr' id='par_1_107' title="bbox 1991 4788 2810 4849">
     <span class='ocr_line' id='line_1_107' title="bbox 1991 4788 2810 4849; baseline -0.009 0"><span class='ocrx_word' id='word_1_748' title='bbox 1991 4788 2275 4849; x_wconf 78' lang='lat' dir='ltr'><strong>Matthams</strong></span> <span class='ocrx_word' id='word_1_749' title='bbox 2303 4791 2615 4845; x_wconf 85' lang='lat' dir='ltr'><strong>Palmerius.</strong></span> <span class='ocrx_word' id='word_1_750' title='bbox 2644 4788 2810 4844; x_wconf 68' lang='lat' dir='ltr'><strong>Fons.</strong></span> 
     </span>
    </p>
   </div>
   <div class='ocr_carea' id='block_1_108' title="bbox 2069 4852 3578 4920">
    <p class='ocr_par' dir='ltr' id='par_1_108' title="bbox 2069 4852 3578 4920">
     <span class='ocr_line' id='line_1_108' title="bbox 2069 4852 3578 4920; baseline -0.01 0"><span class='ocrx_word' id='word_1_751' title='bbox 2069 4875 2091 4904; x_wconf 78' lang='grc' dir='ltr'><strong>ο</strong></span> <span class='ocrx_word' id='word_1_752' title='bbox 2124 4864 2257 4920; x_wconf 82' lang='lat' dir='ltr'><strong>Nam</strong></span> <span class='ocrx_word' id='word_1_753' title='bbox 2289 4861 2656 4916; x_wconf 85' lang='lat' dir='ltr'><strong>Theudoricus</strong></span> <span class='ocrx_word' id='word_1_754' title='bbox 2694 4875 2937 4914; x_wconf 83' lang='lat' dir='ltr'><strong>sororem</strong></span> <span class='ocrx_word' id='word_1_755' title='bbox 2985 4856 3254 4913; x_wconf 75' lang='lat' dir='ltr'><strong>Clodovazi</strong></span> <span class='ocrx_word' id='word_1_756' title='bbox 3293 4855 3346 4910; x_wconf 91' lang='lat' dir='ltr'><strong>in</strong></span> <span class='ocrx_word' id='word_1_757' title='bbox 3391 4852 3578 4908; x_wconf 87' lang='lat' dir='ltr'><strong>matri-</strong></span> 
     </span>
    </p>
   </div>
   <div class='ocr_carea' id='block_1_109' title="bbox 1995 4929 3040 4997">
    <p class='ocr_par' dir='ltr' id='par_1_109' title="bbox 1995 4929 3040 4997">
     <span class='ocr_line' id='line_1_109' title="bbox 1995 4929 3040 4997; baseline -0.011 -5"><span class='ocrx_word' id='word_1_758' title='bbox 1995 4935 2178 4992; x_wconf 90' lang='lat' dir='ltr'><strong>monio</strong></span> <span class='ocrx_word' id='word_1_759' title='bbox 2203 4932 2409 4988; x_wconf 85' lang='lat' dir='ltr'><strong>habuit.</strong></span> <span class='ocrx_word' id='word_1_760' title='bbox 2441 4931 2603 4997; x_wconf 81' lang='lat' dir='ltr'><strong>Greg.</strong></span> <span class='ocrx_word' id='word_1_761' title='bbox 2640 4929 2842 4984; x_wconf 88' lang='lat' dir='ltr'><strong>Turon.</strong></span> <span class='ocrx_word' id='word_1_762' title='bbox 2874 4929 3040 4984; x_wconf 69' lang='lat' dir='ltr'><strong>Fons.</strong></span> 
     </span>
    </p>
   </div>
   <div class='ocr_carea' id='block_1_110' title="bbox 2066 4991 3578 5072">
    <p class='ocr_par' dir='ltr' id='par_1_110' title="bbox 2066 4991 3578 5072">
     <span class='ocr_line' id='line_1_110' title="bbox 2066 4991 3578 5072; baseline -0.007 -14"><span class='ocrx_word' id='word_1_763' title='bbox 2066 5005 2092 5042; x_wconf 70' lang='grc' dir='ltr'><em>ά</em></span> <span class='ocrx_word' id='word_1_764' title='bbox 2125 5003 2252 5058; x_wconf 88' lang='lat' dir='ltr'><strong>lude</strong></span> <span class='ocrx_word' id='word_1_765' title='bbox 2288 4991 2682 5072; x_wconf 71' lang='lat' dir='ltr'><strong>loquacissimre</strong></span> <span class='ocrx_word' id='word_1_766' title='bbox 2723 5015 2912 5072; x_wconf 82' lang='lat' dir='ltr'><strong>tuanus</strong></span> <span class='ocrx_word' id='word_1_767' title='bbox 2938 4999 3113 5072; x_wconf 65' lang='lat' dir='ltr'><strong>dicta},</strong></span> <span class='ocrx_word' id='word_1_768' title='bbox 3146 5003 3200 5048; x_wconf 89' lang='lat' dir='ltr'><strong>et</strong></span> <span class='ocrx_word' id='word_1_769' title='bbox 3225 4993 3451 5064; x_wconf 79' lang='lat' dir='ltr'><strong>linguosi</strong></span> <span class='ocrx_word' id='word_1_770' title='bbox 3497 4991 3578 5048; x_wconf 83' lang='lat' dir='ltr'><strong>di-</strong></span> 
     </span>
    </p>
   </div>
   <div class='ocr_carea' id='block_1_111' title="bbox 1996 5067 3210 5146">
    <p class='ocr_par' dir='ltr' id='par_1_111' title="bbox 1996 5067 3210 5146">
     <span class='ocr_line' id='line_1_111' title="bbox 1996 5067 3210 5146; baseline -0.01 -15"><span class='ocrx_word' id='word_1_771' title='bbox 1996 5076 2114 5146; x_wconf 83' lang='lat' dir='ltr'><strong>giti.</strong></span> <span class='ocrx_word' id='word_1_772' title='bbox 2143 5072 2283 5129; x_wconf 89' lang='lat' dir='ltr'><strong>Infra</strong></span> <span class='ocrx_word' id='word_1_773' title='bbox 2307 5067 2400 5128; x_wconf 80' lang='lat' dir='ltr'><strong>lib.</strong></span> <span class='ocrx_word' id='word_1_774' title='bbox 2432 5087 2504 5139; x_wconf 84' lang='lat' dir='ltr'><strong>tv,</strong></span> <span class='ocrx_word' id='word_1_775' title='bbox 2528 5071 2685 5141; x_wconf 84' lang='lat' dir='ltr'><strong>epist.</strong></span> <span class='ocrx_word' id='word_1_776' title='bbox 2719 5069 2922 5123; x_wconf 87' lang='lat' dir='ltr'><strong>ultima.</strong></span> <span class='ocrx_word' id='word_1_777' title='bbox 2953 5067 3210 5121; x_wconf 71' lang='lat' dir='ltr'><strong>luamus.</strong></span> 
     </span>
    </p>
   </div>
   <div class='ocr_carea' id='block_1_112' title="bbox 1699 5338 2148 5367">
    <p class='ocr_par' dir='ltr' id='par_1_112' title="bbox 1699 5338 2148 5367">
     <span class='ocr_line' id='line_1_112' title="bbox 1699 5338 2148 5367; baseline -0.011 -5"><span class='ocrx_word' id='word_1_778' title='bbox 1699 5338 2148 5367; x_wconf 67' lang='lat'><strong>._.______—’</strong></span> 
     </span>
    </p>
   </div>
  </div>
