3988 6178
449 307 554 365 575

502 413 1765 444 ΨΜ

1580 429 1793 437 -..—-—-—-—
1802 428 1867 436 σ-ο

1870 426 2061 435 ..η--ι-

1626 488 1979 571 LlBER
2056 485 2598 568 TERTIUS.

1674 300 1743 354 Μ.
1786 295 2026 351 Αωὶιῐυ

2135 293 2500 350 ιςιεδιοῡοῐιι
3621 292 3727 348 {$76

3568 410 3712 420 _—.<~

2462 406 3725 441 zzz-2W

1977 625 2193 637 _———

838 678 946 750 [ιο
973 674 1306 732 EPISTOLA
1342 671 1555 726 PRlMA
1586 682 1634 725 ³³.

543 786 765 827 Λιηὶηιεο
803 787 926 827 Μαι
966 782 1355 823 νιειεεπιιοιιωι
1393 777 1760 819 THEODORICUS
1797 777 1926 815 REX.

426 864 641 925 ‘Mnnet,
675 881 738 916 ne
764 865 818 915 in
845 861 1173 915 multitudine
1205 866 1472 921 parentum
1516 856 1764 923 conﬁdat,
1800 870 1891 907 nec
1917 852 2028 907 bel-

513 924 748 1004 lttntrcgi
783 933 1106 985 Francorum
1130 930 1348 990 indicat,
1381 928 1755 1004 donec__legatos
1785 925 1854 977 ad
1880 924 2027 1004 illum

512 995 727 1072 dirigui,
746 1004 830 1071 qui
859 1003 996 1054 (item
1028 1003 1163 1072 inter
1183 1015 1269 1051 eos
1292 1007 1485 1072 motam
1514 997 1791 1072 dirimunt;
1820 1005 1870 1072 et
1895 995 2028 1047 hanc

513 1074 575 1128 ob
607 1065 789 1127 rcutéi
840 1073 991 1125 mittit
1021 1071 1235 1137 legatos,
1268 1070 1352 1140 qui
1382 1069 1539 1121 etiam
1568 1065 1930 1120 Gundibadum
1980 1072 2033 1118 ct

514 1145 645 1198 alios
675 1160 815 1213 rcges
844 1142 1167 1195 conveniant.

514 1237 771 1303 Quamvis
821 1233 1120 1289 fortitudini
1166 1239 1361 1287 vestra:
1407 1229 1788 1286 confidentiam
1832 1228 2033 1283 tribuat

443 1335 725 1396 parentum
740 1333 1042 1380 vestrorum
1074 1321 1480 1377 innumerabilis
1503 1320 1807 1384 multitudo,
1841 1333 2031 1390 quam-

444 1420 525 1476 vis
569 1418 787 1473 Attilam
833 1424 1109 1486 potentem
1163 1414 1585 1471 reminiseamini
1633 1414 2030 1482 Visigotborum

444 1512 644 1567 viribus
672 1511 984 1566 inclinatum
1014 1528 1025 1562 :
1061 1518 1239 1563 tamen
1279 1507 1405 1578 quia
1458 1507 1780 1577 populorum
1828 1505 2029 1565 ferocia

443 1606 604 1662 corda
628 1605 786 1671 longa
813 1619 947 1673 pace
975 1602 1314 1665 mollescunt,
1349 1608 1535 1656 cavete
1564 1600 1744 1655 subito
1760 1607 1818 1654 1n
1855 1600 2030 1654 aleam

444 1697 660 1752 mittere
688 1710 824 1763 quos
854 1700 1070 1748 constat
1090 1692 1255 1746 tantis
1288 1692 1620 1761 temporibus
1646 1691 1904 1746 exercitia
1924 1707 2032 1744 non

443 1787 662 1842 habere.
698 1783 976 1841 Terribilis
1003 1791 1081 1839 est
1135 1782 1445 1837 hominibus
1494 1782 1799 1849 conﬂictus,
1829 1781 1873 1835 si
1924 1797 2031 1834 non

438 1878 514 1932 sit
539 1878 812 1942 assiduus;
856 1884 912 1930 et
958 1874 1061 1929 nisi
1109 1889 1211 1929 usu
1253 1882 1630 1944 praesumatur,
1686 1872 2031 1929 conccrtandi

443 1969 620 2024 subito
644 1966 835 2022 ﬁducia
863 1980 968 2022 non
995 1966 1242 2021 habetur.
1271 1964 1425 2019 Absit
1448 1974 1506 2020 ut
1529 1965 1683 2020 vobis
1713 1966 1914 2033 aliquid
1946 1965 2031 2019 in-

2062 677 2107 722 Α
2135 662 2316 729 regios
2336 660 2563 729 juvenes
2592 660 2801 728 objecta
2848 661 3058 715 ratione
3096 660 3364 715 moderari
3398 679 3411 714 :
3442 662 3566 730 quia
3598 660 3728 716 illud

2132 754 2185 807 in
2215 752 2373 807 nobis
2395 753 2533 825 μιῇ,
2560 752 2612 806 in
2645 750 2815 822 vobis]
2841 768 2968 807 vere
2996 754 3239 808 sentiunt
3275 753 3582 824 displicere,
3631 756 3729 824 qui

2131 844 2257 899 dum
2282 844 2424 898 male
2449 845 2692 914 cupiunt,
2725 845 3005 900 audaciam
3030 860 3140 900 sua:
3166 846 3460 901 voluntatis
3489 847 3729 903 retinere

2132 954 2239 993 non
2268 947 2513 1007 possunt.
2544 937 2846 993 Vereantur
2890 954 3069 999 senes.
3104 940 3350 1008 quamvis
3378 940 3487 995 sint
3535 939 3727 995 llorida

2132 1035 2293 1082 aetate
2320 1026 2607 1083 ferventes.
2639 1028 2828 1084 Sciant
2855 1045 2954 1084 nos
2983 1030 3320 1086 adversarios
3365 1048 3484 1087 esse
3511 1042 3734 1088 contra-

2133 1117 2417 1173 rietatibus
2448 1119 2578 1185 suis,
2608 1124 2663 1172 et
2702 1119 2834 1174 illud
2861 1120 3003 1175 velle
3047 1122 3320 1191 persequi,
3354 1138 3421 1177 ne
3459 1123 3528 1178 ab
3558 1122 3730 1177 utris-

2133 1224 2239 1279 que
2258 1210 2431 1280 possit
2460 1210 2667 1265 excedi.
2702 1211 2866 1265 Decet
2894 1213 3036 1266 enim
3077 1228 3177 1267 nos
3217 1228 3405 1283 aspera
3433 1214 3599 1268 verba
3640 1214 3729 1269 di-

2133 1314 2280 1365 cere,
2315 1316 2382 1355 ne
2411 1297 2602 1355 affines
2631 1302 2798 1357 nostri
2821 1302 2885 1356 ad
2917 1311 3218 1358 extremum
3246 1305 3479 1359 debeant
3522 1321 3714 1376 perveo

2137 1390 2277 1445 nire.
2312 1390 2378 1445 Et
2407 1390 2528 1445 ideo
2560 1391 2706 1446 illum
2738 1401 2792 1446 et
2820 1393 2966 1447 illum
2993 1394 3197 1463 legatos
3238 1396 3303 1450 ad
3335 1395 3730 1452 fraternitatem

2137 1488 2287 1535 tuam
2329 1481 2601 1537 credimus
2628 1482 2998 1552 destinandos,
3039 1493 3115 1551 ut,
3147 1486 3192 1540 si
3223 1485 3332 1540 lilio
3364 1497 3553 1542 nostro
3601 1489 3733 1544 Ala-

2136 1573 2252 1627 rico
2278 1574 2451 1629 visum
2484 1572 2663 1639 fuerit,
2693 1575 2761 1628 ad
2800 1590 2980 1645 regem
3024 1576 3351 1633 Francorum
3383 1596 3505 1636 eum
3530 1583 3727 1651 conju-

2136 1664 2270 1719 ratis
2303 1665 2457 1721 nobis
2483 1668 2732 1734 gentibus
2777 1668 3006 1737 dirigere
3050 1669 3345 1725 debeamus
3394 1689 3408 1724 :
3459 1681 3732 1740 quatenus

2136 1771 2297 1810 causa
2322 1771 2440 1824 qum
2470 1757 2615 1812 inter
2644 1775 2738 1813 eos
2768 1760 3015 1824 vertitur,
3046 1760 3233 1815 amicis
3259 1761 3448 1815 mediis
3487 1764 3736 1818 rationa-

2136 1849 2315 1903 biliter
2334 1850 2661 1905 absdJatur.
2696 1850 2958 1908 Convenit
2985 1853 3128 1908 enim
3155 1854 3291 1909 tales
3322 1862 3610 1926 tantosque
3630 1872 3734 1911 re-

2135 1953 2228 2006 ges
2264 1956 2368 1995 non
2397 1941 2537 1995 inter
2564 1958 2622 1996 se
2652 1944 3026 2001 lamentabiles
3072 1946 3218 2002 rixas
3253 1962 3519 2015 qtttnrere,
3545 1959 3607 2003 ut
3658 1951 3738 2007 de

443 2059 679 2128 dignatio
708 2074 849 2113 caeca
879 2057 1154 2127 surripiat.
1183 2056 1486 2113 Moderatio
1515 2058 1739 2127 provida
1768 2028 1868 2121 est,
1913 2073 2031 2127 qum
2061 2035 2110 2096 Β
2135 2028 2325 2128 “mf”
2354 2045 2452 2084 "05
2482 2032 2926 2128 Ρθδδίηξίῖίξῗίδυθ
2952 2036 3212 2090 δδυθίπθ·
3245 2034 3587 2109 ρθθίποβίθτ
3605 2038 3737 2093 θ’θ’

447 2159 636 2219 gentes
663 2156 861 2205 servat.
890 2148 1063 2204 Furor
1082 2155 1259 2203 autem
1282 2148 1534 2203 instantia
1563 2148 1876 2218 plerumque
1896 2164 2033 2218 pra:-

452 2240 663 2309 cipitat,
686 2246 742 2295 et
764 2248 891 2295 tunc
918 2239 1049 2292 utile
1078 2239 1253 2305 solum
1283 2246 1365 2292 est
1401 2237 1469 2292 ad
1494 2252 1639 2292 arma
1683 2253 2030 2306 concurrere,

444 2345 568 2384 cum
599 2330 774 2384 locum
801 2326 942 2398 apud
964 2328 1330 2383 adversarium
1354 2328 1560 2398 justitia
1599 2345 1706 2383 non
1741 2337 1917 2398 potest
1954 2330 2035 2383 in-

445 2420 652 2475 venire.
679 2418 1020 2489 Quapropter
1047 2419 1327 2482 sustinete,
1377 2419 1554 2474 donec
1582 2419 1649 2473 ad
1700 2419 2029 2475 Francorum

445 2524 628 2578 regem
666 2510 873 2578 legatos
916 2517 1128 2564 nostros
1160 2508 1393 2578 dirigere
1433 2510 1745 2577 debeamus,
1797 2519 1855 2564 ut
1885 2510 2031 2563 litem

445 2608 683 2655 vestram
710 2600 1006 2654 amicorum
1047 2598 1280 2653 debeant
1318 2607 1597 2668 amputare
1638 2598 1858 2667 judicia.
1889 2598 2035 2654 lnter

451 2688 588 2744 duos
610 2687 751 2742 enim
783 2688 938 2743 nobis
983 2687 1241 2755 aflinitate
1279 2687 1601 2756 conjunctos
1641 2704 1749 2741 non
1782 2697 2032 2758 optamus

447 2778 651 2848 aliquid
683 2779 787 2834 tale
817 2777 953 2845 fieri,
978 2779 1119 2835 unde
1138 2796 1298 2834 unum
1327 2781 1589 2834 minorem
1622 2780 1900 2849 contingat
1921 2779 2030 2835 for-

448 2868 588 2924 sitan
618 2868 865 2923 inveniri.
906 2868 1022 2923 Non
1049 2884 1146 2923 vos
1174 2876 1453 2937 parentant
1502 2867 1650 2923 fusus
1688 2869 1905 2939 sanguis
1950 2869 2032 2923 iu-

444 2955 705 3022 ﬂammat,
724 2973 828 3012 non
855 2957 1090 3028 graviter
1117 2958 1226 3012 urit
1245 2965 1507 3027 occupata
1536 2958 1829 3027 provincia,
1855 2958 2029 3015 adhuc

444 3043 514 3100 de
544 3045 717 3101 verbis
747 3060 910 3114 parva
938 3046 1216 3102 contentio
1264 3055 1348 3102 est
1376 3064 1389 3101 :
1415 3046 1671 3102 facillime
1712 3048 2025 3119 tra‘asigitis,

443 3133 487 3188 si
516 3149 623 3188 non
655 3150 753 3204 per
773 3149 922 3189 arma
938 3143 1147 3191 vestros
1169 3137 1378 3191 animos
1405 3136 1647 3192 irritetis.
1677 3136 2024 3206 Objiciamus,

443 3225 690 3295 quamvis
717 3234 968 3294 cognato,
1027 3241 1147 3281 cum
1198 3227 1398 3282 nostris
1453 3227 1750 3296 conjuratis
1799 3228 2028 3284 eximias

444 3326 651 3387 gentes.
682 3317 916 3385 Justitia,
948 3332 1066 3388 qua:
1094 3333 1249 3388 reges
1270 3318 1436 3374 eflicit
1458 3318 1730 3387 fortiores,
1762 3319 1871 3374 cito
1894 3333 2025 3374 con-

444 3410 608 3465 vertit
634 3412 863 3474 animos,
893 3410 983 3480 qui
1013 3417 1201 3466 contra
1230 3426 1289 3466 se
1320 3411 1455 3466 tales
1483 3411 1649 3467 sentit
1673 3418 1926 3467 armatos.
1960 3409 2028 3465 Et
2056 3410 2102 3475 C

441 3502 569 3558 ideo
598 3502 936 3558 salutationis
976 3502 1442 3559 honorificentiam
1474 3504 1773 3573 przelocuti,
1822 3504 2026 3573 legatos

443 3603 662 3652 nostros
691 3594 838 3648 illum
860 3602 917 3649 et
944 3593 1091 3648 illum
1120 3594 1187 3648 ad
1210 3610 1306 3649 vos
1342 3595 1613 3650 credimus
1651 3611 1771 3650 esse
1794 3595 2028 3663 dirigen-

444 3686 543 3743 dos
571 3704 584 3739 :
608 3688 700 3754 qui
722 3684 875 3739 vobis
903 3692 960 3738 et
1000 3685 1253 3738 mandata
1298 3692 1482 3739 nostra
1511 3683 1842 3739 sufﬁcienter
1891 3685 2026 3739 insi-

444 3784 633 3839 nuent,
659 3783 714 3830 et
739 3790 908 3843 usque
937 3772 1002 3827 ad
1031 3772 1265 3827 fratrem
1292 3782 1534 3828 nostrum
1557 3773 1583 3812 ι)
1627 3772 2025 3842 Gundibadum,

443 3865 530 3921 vel
560 3865 694 3919 alios
719 3879 894 3932 reges,
937 3878 1056 3918 cum
1090 3871 1263 3917 vestra
1294 3862 1570 3917 voluntate
1613 3861 1980 3933 deproperent
2010 3882 2023 3919 :

444 3970 514 4010 ne
543 3953 828 4009 videamini
858 3937 1043 4007 eorum
1084 3952 1411 4007 immissione
1449 3952 1721 4018 laborare,
1752 3955 1844 4024 qui
1874 3955 2028 4009 mali-

444 4061 550 4117 gne
578 4042 812 4114 gaudent
840 4044 1016 4097 alieno
1039 4044 1353 4098 certamine.
1371 4043 1632 4100 Avertant
1661 4046 1802 4101 enim
1825 4046 2025 4112 divina,

442 4147 506 4192 ut
529 4120 689 4207 supra
711 4150 808 4190 vos
834 4134 1085 4204 iniquitas
1123 4135 1212 4189 illa
1236 4136 1546 4205 praevaleat.
1574 4135 1873 4194 Commune
1908 4155 2025 4194 ma-

442 4228 575 4291 lum,
599 4235 836 4282 vestrum
858 4226 1159 4295 judicamus
1188 4226 1480 4281 inimicum.
1514 4227 1646 4282 Nam
1677 4230 1765 4284 ille
1797 4246 1883 4285 me
1906 4231 2029 4301 jure

442 4317 727 4373 sustinebit
747 4316 1049 4383 adversum,
1068 4316 1157 4386 qui
1172 4317 1323 4372 vobis
1344 4318 1532 4374 nititur
1561 4335 1679 4375 esse
1693 4325 2022 4380 contrarius.

1013 4450 1343 4506 EPISTULA
1384 4452 1446 4507 ll.

493 4558 788 4600 GUNDIBADO
824 4558 946 4601 REGI
984 4559 1388 4599 BUBGUNDIONUM
1427 4560 1793 4601 THEODORICUS
1830 4563 1959 4602 REX.

444 4633 641 4690 Suadet
667 4632 990 4705 Gandibudo,
1023 4633 1298 4705 legatisiad
1319 4652 1432 4688 eum
1476 4638 1665 4699 missis,
1698 4640 2027 4693 concordiam

655 4703 920 4758 Maricam
958 4703 1091 4758 inter
1116 4713 1169 4757 et
1195 4704 1522 4760 Clodovtcttm
1547 4711 1807 4762 restituat.

514 4815 690 4872 Grave
711 4815 908 4870 malum
930 4815 1179 4871 estinter
1208 4816 1400 4871 cltaras
1431 4819 1567 4890 [0155,
1597 4820 1774 4893 curas]
1818 4822 2012 4891 regias-

442 4924 548 4977 que
578 4922 855 4978 personas,
898 4907 1198 4961 voluntates
1232 4908 1449 4962 sibimet
1470 4909 1654 4964 videre
1700 4914 2015 4980 contrarias,

440 5009 500 5056 et
522 4998 904 5054 dissimulando
950 5007 1215 5067 spectare,
1263 5006 1322 5052 ut
1349 4998 1417 5053 de
1462 5015 1570 5054 uno
1601 5000 1801 5069 aliquid
1830 5003 2018 5057 dolen-

440 5089 570 5145 dum
600 5089 768 5159 possit
794 5102 1088 5156 emergere.
1119 5087 1236 5143 Non
1274 5089 1390 5143 sine
1434 5089 1631 5144 invidia
1662 5100 1845 5147 nostra
1877 5095 2020 5163 geri-

444 5187 555 5244 tur,
585 5179 629 5233 si
674 5180 829 5233 nohis
873 5179 1196 5249 patientibus
1221 5178 1460 5233 aflinium
1513 5180 1666 5236 clade
1713 5181 2016 5240 dimicetur.

446 5268 670 5327 Habetis
696 5284 883 5324 omnes
913 5285 1008 5339 per
1034 5284 1118 5323 me
1148 5270 1369 5339 pignora
1401 5285 1605 5337 magna:
1646 5274 1830 5340 gratia:
1865 5292 1877 5327 :
1910 5291 2021 5331 non

444 5368 530 5414 est
552 5376 685 5414 unus
707 5360 774 5414 ab
802 5359 908 5414 alio
930 5370 1266 5430 segregatus;
1299 5361 1343 5415 si
1373 5362 1498 5430 quid
1525 5363 1579 5416 in
1610 5363 1714 5435 41
1750 5366 1900 5420 vobis
1924 5367 2021 5422 de-

447 5448 707 5519 linquitis,
736 5465 857 5505 meo
878 5452 1112 5519 graviter
1139 5450 1326 5507 dolore
1350 5454 1603 5522 peccatis.
1637 5453 1890 5512 Nostrum
1915 5467 2020 5523 est,

521 5588 548 5618 ι
571 5578 842 5657 Baronitts
857 5579 1021 5657 refert
1035 5581 1187 5657 lianc
1215 5583 1497 5657 epistolam
1518 5593 1581 5657 et
1604 5593 1715 5641 tres
1738 5596 2027 5657 sequentes

452 5649 742 5730 adannum
783 5649 981 5706 Christi
1031 5651 1158 5719 507,
1204 5649 1352 5707 toruo
1383 5653 1447 5707 Vl
1499 5656 1693 5725 Annal,
1728 5649 1849 5727 pag'.
1895 5658 2023 5730 555,

450 5719 579 5774 edit.
607 5721 865 5786 Antuerp.

520 5787 549 5828 ιι
584 5787 999 5859 Visigolbotum,
1037 5790 1121 5858 qui
1163 5791 1505 5862 Aquitaniam
1530 5804 1654 5852 tunc
1682 5796 2018 5855 obtinebant.

1097 5890 1133 5911 ἃ

2137 2121 2363 2176 ternitas
2393 2133 2593 2187 vestra,
2625 2124 2868 2179 adhibito
2900 2142 3109 2182 mecum
3138 2136 3225 2182 stu
3244 2128 3335 2191 lio,
3368 2144 3555 2183 eorum
3585 2131 3738 2184 nita-

2136 2221 2224 2268 tur
2251 2230 2506 2284 reparare
2536 2217 2879 2272 cuneordiam
2914 2236 2928 2271 :
2958 2219 3084 2288 quia
3112 2235 3270 2275 nemo
3290 2230 3471 2291 potest
3500 2223 3740 2280 credere

2135 2303 2252 2359 sine
2283 2313 2468 2360 nostro
2498 2316 2627 2359 voto
2658 2306 2779 2361 illos
2801 2307 2868 2362 ad
2909 2308 3023 2364 btec
3051 2310 3232 2379 praelia
3265 2312 3593 2381 pervenisse,
3626 2316 3738 2368 nisi

2138 2396 2359 2452 omnino
2402 2398 2627 2463 clareat,
2678 2414 2745 2455 ne
2788 2400 2857 2455 ad
2902 2401 3211 2457 conflictum
3248 2404 3485 2470 veniant,
3539 2412 3742 2461 nostra

2138 2489 2322 2560 potius
2347 2504 2467 2545 esse
2494 2492 2807 2547 certamina.
2840 2492 3032 2563 Aliqua
3053 2510 3182 2551 vero
3210 2510 3238 2550 a
3267 2497 3611 2566 praesentium
3631 2512 3742 2566 ge-

2138 2585 2271 2644 rulis
2299 2586 2596 2642 litterarum
2618 2603 2870 2643 sermone
2899 2589 3053 2644 vobis
3077 2591 3442 2647 commisimus
3470 2592 3742 2647 intiman-

2135 2678 2234 2744 da;
2269 2678 2427 2735 utsic
2449 2680 2729 2749 prudentia
2760 2690 2937 2737 vestra
2966 2691 3156 2738 cuncta
3190 2694 3501 2756 componat,
3530 2701 3739 2757 quem-

2136 2769 2427 2825 admodum
2469 2773 2769 2839 consuevit,
2817 2773 2929 2829 Deo
2970 2774 3211 2844 juvante,
3259 2776 3542 2847 perﬁcere.
3586 2780 3742 2836 unde

2134 2863 2275 2920 solet
2300 2862 2711 2935 diligentissime
2736 2867 2995 2935 cogitare.

2695 2978 3025 3035 EPISTOLA
3062 2980 3152 3036 Ill.

2132 3075 2477 3135 HERULORUH,
2517 3081 2860 3136 GUARNOBUM,
2902 3084 3278 3126 TBORINGORL‘I
3300 3087 3521 3129 REGIBUS
3560 3090 3743 3131 THEO-

2739 3175 2959 3215 DORICUS
2995 3177 3123 3217 REX.

2131 3247 2392 3321 Hortatur
2420 3257 2475 3303 ut
2503 3250 2712 3304 mittant
2735 3251 2929 3321 legatos
2950 3268 3056 3305 una
3079 3268 3193 3307 cum
3223 3254 3329 3307 suis
3348 3263 3397 3308 et
3427 3252 3743 3311 Cundibadi

2202 3319 2656 3396 ad_C_lodovaznm;
2709 3329 2763 3373 ut
2787 3319 2878 3396 aut
2903 3322 3281 3391 expeditionem
3315 3326 3369 3377 in
3430 3324 3744 3396 Visigotlaos

2201 3388 2454 3466 cohibeat,
2479 3401 2527 3443 et
2547 3390 2681 3461 leges
2697 3392 2924 3466 gentium
2947 3388 3146 3460 quierat
3162 3409 3180 3447 :
3197 3404 3286 3447 aut
3304 3396 3529 3449 omnium
3541 3388 3743 3466 passu-

2201 3477 2317 3514 rum
2343 3477 2397 3514 se
2420 3463 2657 3514 incursas
2686 3479 2709 3516 δ
2742 3463 2837 3515 iat.

2200 3550 2514 3623 Superbiam
2544 3552 2771 3608 Divinita
2799 3553 2814 3607 i
2841 3569 3054 3624 semper
3079 3570 3297 3611 exosam
3327 3557 3587 3627 persequi
3631 3558 3743 3615 de-

2128 3642 2222 3697 bet
2254 3642 2615 3710 generalitatis
2645 3656 2916 3698 assensus.
2959 3643 3089 3698 Nam
3132 3646 3222 3715 qui
3248 3647 3362 3700 vult
3397 3646 3745 3717 opinabilem

2128 3739 2345 3800 gentem
2366 3731 2666 3785 voluntaria
2688 3732 2973 3803 iniquitate
2996 3734 3328 3801 subvertere,
3355 3752 3459 3791 non
3487 3736 3748 3807 disponit

2129 3822 2339 3879 caneris
2364 3822 2509 3892 justa
2538 3839 2775 3879 servare.
2809 3823 3048 3881 Pessima
3075 3828 3407 3884 consuetudo
3435 3838 3519 3884 est
3542 3829 3744 3901 despi-

2129 3929 2255 3969 cere
2278 3914 2581 3969 veritatem.
2610 3913 2793 3971 Credit
2825 3917 2925 3971 sibi
2954 3918 3133 3973 omnia
3177 3918 3388 3986 cedere,
3444 3920 3489 3975 si
3522 3920 3742 3976 elatum

2128 4005 2416 4074 contigerit
2466 4004 2519 4058 in
2584 4005 2931 4062 abominabili
2979 4010 3277 4065 certamine
3329 4025 3609 4080 superare.
3671 4012 3746 4067 Et

2129 4094 2251 4150 ideo
2281 4111 2396 4161 vos,
2429 4110 2563 4165 quos
2591 4096 2937 4151 conscientia:
2965 4096 3137 4154 virtus
3164 4099 3341 4168 erigit,
3373 4108 3430 4154 et
3464 4102 3742 4159 conside-

2128 4189 2268 4244 ratio
2319 4188 2654 4244 detestabilis
2697 4190 3132 4260 praesumptionis
3200 4191 3463 4251 accendit.
3517 4193 3742 4261 legatos

2128 4288 2359 4346 vestros,
2393 4294 2497 4333 una
2528 4294 2652 4333 cum
2704 4281 2838 4337 meis
2866 4289 2922 4336 et
2970 4281 3148 4339 fratris
3202 4286 3371 4339 nostri
3415 4284 3742 4345 Gundibadi

2128 4372 2291 4440 regis,
2338 4372 2406 4427 ad
2450 4371 2779 4427 Francorum
2829 4389 3010 4444 regem
3067 4374 3277 4432 Luduin
3308 4378 3437 4451 [ed.,
3486 4379 3743 4438 Ludovi-

2128 4460 2276 4534 cum]
2299 4461 2594 4529 destinate;
2626 4471 2685 4518 ut
2724 4474 2816 4519 aut
2855 4481 2914 4519 se
2940 4465 3009 4522 de
3034 4466 3430 4536 Visigothorum
3462 4472 3741 4529 conﬂictu

2128 4554 2465 4611 considerata
2521 4556 2774 4624 {equitate
2821 4558 3149 4626 suspendat,
3201 4568 3258 4613 et
3286 4560 3431 4628 leges
3475 4564 3738 4629 gentium

2130 4654 2336 4715 quaerat
2366 4662 2378 4696 :
2412 4654 2503 4698 aut
2534 4646 2770 4700 omnium
2801 4648 3038 4716 patiatur
3065 4648 3371 4714 incursum,
3409 4652 3504 4722 qui
3546 4662 3741 4710 tanto-

2129 4750 2249 4788 rum
2280 4734 2553 4789 arbitrium
2574 4734 2778 4804 judicat
2807 4752 2927 4794 esse
2958 4739 3333 4795 temnendum.
3363 4740 3504 4808 Quid
3532 4746 3741 4813 quaerit

2129 4829 2288 4895 ultra,
2327 4829 2413 4883 cui
2466 4827 2689 4883 offertur
2742 4831 2987 4886 absoluta
3029 4831 3273 4902 justitia?
3320 4834 3506 4891 Dicam
3564 4838 3740 4908 plane

2126 4919 2270 4989 quod
2312 4918 2487 4973 sentio
2520 4938 2531 4972 :
2562 4921 2653 4988 qui
2701 4922 2818 4977 sine
2862 4922 2978 4991 lege
3021 4925 3135 4978 vult
3172 4939 3349 4993 agere,
3399 4938 3739 4986 cunctorum

2126 5010 2360 5081 disponit
2383 5025 2547 5078 regna
2576 5026 2851 5080 quassare.
2885 5014 2990 5069 Sed
3018 5016 3335 5081 meliusest,
3367 5025 3427 5070 ut
3456 5018 3601 5072 inter
3622 5020 3736 5075 ini-

2127 5103 2199 5157 tia
2240 5101 2539 5171 perniciosa
2570 5103 2893 5172 reprimatur
2920 5120 2979 5161 as
3010 5107 3248 5176 umptio;
3282 5116 3342 5162 ut
3388 5107 3507 5164 sine
3535 5108 3739 5169 labore

2123 5191 2432 5262 perficiatur
2459 5193 2716 5260 omnium,
2745 5195 2889 5263 quod
2918 5206 3193 5253 certamen
3223 5213 3341 5254 esse
3365 5208 3581 5269 poterat
3609 5203 3738 5257 sin-

2124 5282 2391 5351 gulorum.
2422 5281 2663 5338 Recolite
2687 5298 2922 5352 namque
2950 5284 3127 5341 Eurici
3174 5288 3302 5358 [ed.,
3341 5289 3579 5361 llenrici]
3632 5306 3736 5347 se-

2127 5370 2293 5425 nioris
2321 5370 2592 5434 allectum,
2623 5372 2837 5440 quantis
2866 5389 2962 5429 vos
2976 5373 3114 5443 juvit
3142 5391 3357 5446 semper
3376 5380 3733 5447 muneribus,

2123 5461 2336 5531 quoties
2383 5476 2415 5516 a
2469 5461 2621 5517 vobis
2672 5465 3038 5534 proximarum
3086 5469 3325 5535 gentium
3371 5470 3735 5530 imminentia

2127 5594 2442 5667 Clodovteus
2481 5602 2536 5667 et
2561 5595 2803 5653 Alaricus
2834 5597 3047 5667 elegere
3074 5600 3333 5656 arbitrum
3373 5603 3500 5658 belli
3531 5602 3735 5662 Theo-

2128 5664 2368 5741 dericum
2401 5682 2413 5718 :
2446 5664 2598 5741 cujus
2639 5667 2862 5741 arbitrio
2914 5664 3117 5741 nolens
3150 5687 3342 5741 parere
3389 5673 3640 5730 Alaricus
3694 5693 3735 5734 a

2128 5733 2416 5860 ξόοάὲνωο
2446 5740 2616 5792 victus
2660 5746 2759 5794 cst.
2794 5739 3026 5796 Aimoin.
3074 5733 3320 5799 Monach.
3373 5744 3466 5800 lib.
3498 5760 3535 5809 ι,
3578 5733 3729 5818 cap.

2203 5843 2216 5859 .
2292 5820 2486 5860 OBNER.

2203 5843 2216 5859 .
2249 5820 2486 5861 I'OBNER.
