3988 6178
214 151 316 206 577

214 380 335 418 utcn
360 364 490 436 ιἐίι.,
521 362 751 435 tantum]
783 367 1071 434 agnoscitis
1100 369 1289 422 vestris
1320 370 1635 439 utilitatibus
1659 372 1811 424 attri—

212 457 417 510 butam.
450 454 580 508 Nam
627 456 669 509 si
703 463 856 510 tanto
892 471 1057 525 regno
1087 458 1285 527 aliquid
1317 460 1677 529 prtevalucrit,
1714 477 1812 515 vos

132 600 147 621 ,
211 547 427 617 aggredi
500 549 620 603 sine
692 547 1031 604 dubitatione
1088 561 1396 621 praesumet.
1467 552 1812 622 Quapropter

211 637 589 691 excellentiam
621 645 856 690 vestram
888 638 1162 707 epistulari
1205 656 1455 697 sermone
1494 643 1808 706 salutantes,

213 744 306 797 per
337 726 545 795 legatos
573 735 794 784 nostros
822 729 974 783 illum
1004 739 1057 784 et
1084 732 1231 786 illum
1261 735 1607 805 praesentium
1639 735 1810 805 porti-

213 827 378 885 tores,
405 819 572 874 verbo
622 820 777 876 vobis
823 821 1004 892 aliqua
1047 822 1273 879 dicenda
1304 827 1708 891 commisimus;
1754 836 1813 882 ut

212 927 323 976 vos,
347 911 440 981 qui
464 925 710 968 nostrum
732 914 1043 983 sequimini,
1067 914 1180 971 Deo
1198 916 1441 986 juvaute,
1469 918 1807 989 dispositum,

215 1019 345 1057 unus
383 1004 785 1074 complectatur
807 1020 1091 1082 assensus;
1124 1015 1180 1063 et
1212 1007 1344 1064 foris
1372 1009 1476 1065 hoc
1518 1010 1711 1082 agatis,
1746 1026 1813 1066 ne

213 1092 261 1147 in
282 1093 482 1147 vestris
510 1094 807 1164 provinciis
836 1080 1098 1151 dimicare
1126 1098 1364 1168 possitis.

787 1228 1124 1286 EPISTOLA
1153 1231 1240 1287 IV.

360 1333 558 1373 LUDL'IN
596 1333 719 1374 REGI
757 1335 1073 1375 FRANCORUM
1115 1338 1481 1381 THEODORICUS
1517 1342 1642 1379 REX.

214 1406 465 1461 Hortatur
506 1426 568 1462 ne
597 1409 794 1483 bellum
832 1409 1075 1483 adversus
1119 1411 1387 1466 Alar'cum
1434 1423 1601 1483 paret,
1648 1414 1811 1469 donec

272 1495 453 1531 eorum
483 1481 830 1532 controversia
861 1480 1045 1534 mediis
1069 1484 1251 1534 amicis
1294 1480 1603 1548 dirimatur;
1634 1495 1683 1537 et
1709 1486 1808 1538 mi-

276 1558 436 1624 ttatur
455 1566 488 1600 α
532 1565 588 1624 se
614 1558 663 1601 et
691 1548 756 1601 ab
807 1551 998 1624 amicis
1018 1568 1165 1624 arma
1193 1555 1442 1607 movenda
1470 1556 1524 1607 in
1566 1572 1680 1608 eum
1722 1558 1808 1624 qui

279 1619 387 1697 {nec
415 1620 641 1697 monita_
661 1621 1040 1690 contempserit.
1076 1619 1405 1693 Quapropter
1443 1625 1510 1677 ad
1540 1619 1809 1697 utrumque

277 1690 475 1766 legatos
507 1690 685 1743 mittit.
1194 1690 1201 1692 ⁷
1238 1718 1249 1727 ι

276 1797 429 1853 Adeo
460 1798 603 1853 inter
626 1814 781 1868 reges
820 1798 1097 1857 affinitatis
1118 1800 1264 1870 jura,
1296 1802 1472 1857 divina
1499 1805 1809 1862 coalescere

214 1890 513 1952 voluerunt,
547 1898 607 1944 ut
629 1905 727 1960 per
753 1906 938 1946 eorum
970 1891 1290 1961 placabilem
1335 1894 1574 1949 animum
1605 1912 1806 1967 prove-

216 1981 318 2036 niat
356 1983 514 2053 quies
545 1991 730 2053 Optata
760 1983 1106 2052 populorum.
1141 1985 1255 2040 lloe
1289 1986 1432 2040 enim
1463 2002 1675 2042 sacrum
1703 1995 1808 2054 est,

216 2072 349 2143 quod
405 2073 552 2128 nulla
606 2074 937 2143 permittitur
987 2077 1354 2131 commotione
1406 2078 1618 2133 violari.
1670 2080 1806 2136 Nam

213 2163 399 2231 quibus
450 2162 732 2219 obsidibus
775 2164 1038 2219 habeatur
1088 2166 1241 2233 fides,
1294 2167 1339 2223 si
1393 2184 1502 2222 non
1553 2169 1808 2224 credatur

214 2251 527 2309 affectibus?
548 2255 837 2309 Sociantur
855 2256 1201 2325 proximitate
1227 2257 1451 2322 domini,
1476 2269 1535 2313 ut
1558 2259 1808 2314 nationes

214 2344 385 2401 divisa:
412 2347 579 2405 simili
601 2347 837 2403 debeant
864 2350 1144 2407 voluntate
1169 2352 1412 2420 gloriari,
1445 2364 1502 2408 et
1527 2354 1681 2422 quasi
1709 2368 1806 2424 per

214 2437 385 2492 alveos
414 2439 683 2507 quosdam
730 2441 1038 2518 concordiae
1066 2442 1300 2497 adunata
1335 2459 1395 2497 se
1423 2445 1633 2514 possint
1673 2458 1805 2514 gen-

211 2526 333 2582 tium
370 2539 502 2585 vota
531 2530 884 2601 conjungere.
931 2531 1062 2601 Qua:
1103 2550 1226 2590 cum
1272 2536 1345 2590 ita
1374 2536 1503 2603 sint,
1544 2538 1806 2593 miramur

211 2616 409 2675 animos
434 2629 653 2677 vestros
696 2623 775 2677 sic
816 2624 992 2679 causis
1022 2626 1386 2681 mediocribus
1414 2628 1696 2693 excitatos,
1745 2637 1805 2684 ut

209 2724 321 2765 cum
351 2712 464 2767 tilio
487 2722 677 2770 nostro
705 2715 920 2770 Alarico
944 2731 1071 2787 rege
1091 2718 1436 2773 durissimum
1468 2721 1645 2776 velitis
1672 2722 1804 2777 sub-

210 2802 283 2859 ire
306 2806 656 2873 conﬂictum;
688 2816 749 2862 ut
775 2810 951 2875 multi,
978 2811 1069 2878 qui
1094 2825 1191 2866 vos
1215 2821 1485 2881 metuunt,
1523 2813 1592 2869 de
1623 2823 1800 2869 vestra

208 2898 611 2953 concertatione
641 2898 908 2954 Letentur.
940 2901 1115 2955 Ambo
1144 2903 1273 2956 estis
1302 2919 1630 2959 summarum
1672 2918 1803 2975 gen-

210 2985 333 3039 tium
357 3001 539 3056 reges,
575 2988 735 3043 ambo
781 2996 939 3044 tctate
970 2988 1245 3045 ﬂorentes.
1283 2990 1399 3045 Non
1424 2993 1615 3047 leviter
1636 3007 1798 3062 regna

207 3083 373 3131 vestra
406 3081 701 3146 quassatis,
728 3079 771 3133 si
792 3078 917 3134 data
942 3080 1182 3151 partibus
1211 3081 1459 3137 libertate
1487 3082 1794 3153 confligitis.

210 3166 381 3224 Virtus
399 3178 583 3225 vestra
604 3172 789 3241 patria:
810 3188 918 3227 non
942 3170 1033 3227 ﬂat
1053 3174 1328 3245 inopinata
1351 3176 1649 3240 calamitas,
1678 3177 1804 3247 quia

204 3261 419 3329 grandis
460 3262 659 3317 invidia
695 3271 779 3319 est
816 3277 1022 3332 regum,
1059 3264 1112 3319 in
1154 3266 1329 3320 causis
1372 3266 1578 3322 levibus
1629 3267 1803 3334 gravis

206 3352 353 3406 ruina
413 3352 758 3423 populorum.
826 3354 1010 3409 Dicam
1054 3354 1241 3421 libere,
1287 3356 1465 3411 dicam
1514 3356 1804 3415 aﬂ'ectuose

206 3441 340 3508 quod
372 3443 552 3497 sentio
586 3459 600 3495 :
635 3442 922 3514 impatiens
959 3459 1148 3501 sensus
1174 3454 1256 3501 est
1285 3446 1352 3501 ad
1384 3434 1611 3517 p'rimam
1653 3449 1801 3517 lega-

206 3532 407 3588 tionem
454 3534 703 3603 protinus
753 3550 903 3590 arma
951 3551 1318 3592 commovere.
1367 3539 1414 3592 Λ
1465 3540 1800 3608 parentibus,

204 3625 342 3694 quod
372 3627 647 3695 quieritur,
671 3628 863 3683 electis
882 3628 1155 3698 iudicibus
1175 3640 1477 3700 expetatur.
1501 3630 1635 3685 Nam
1661 3632 1803 3688 inter

203 3715 335 3771 tales
365 3716 511 3773 viros
566 3727 623 3773 et
672 3719 794 3776 illos
849 3719 967 3792 [ηαδ.
1008 3719 1100 3787 R.,
1132 3720 1258 3793 illis]
1286 3729 1496 3790 gratum
1528 3730 1610 3777 est
1648 3723 1797 3790 dare,

203 3822 337 3876 quos
384 3809 587 3864 medios
614 3810 897 3866 volueritis
935 3810 1168 3867 efficere.
1202 3811 1336 3878 Quid
1387 3812 1455 3867 de
1500 3813 1655 3867 nobis
1703 3830 1799 3869 vos

202 3898 298 3967 ipsi
333 3901 608 3956 mstimare
656 3902 922 3973 poteritis,
974 3903 1018 3956 si
1074 3918 1174 3957 nos
1228 3903 1553 3959 intentiones
1590 3913 1800 3962 vestras

201 3989 484 4061 reliquisse
517 3992 882 4061 cognoscitis?
910 3992 1065 4049 Absit
1092 3993 1182 4049 ille
1206 3994 1508 4060 conﬂictus,
1542 3996 1633 4051 ubi
1662 4012 1798 4052 unus

198 4093 263 4135 ex
291 4083 447 4138 vobis
489 4083 659 4139 deleri
687 4083 891 4154 poterit
934 4083 1242 4139 inclinatus.
1302 4084 1531 4153 Abjicite
1571 4084 1796 4155 ferrum,

198 4172 286 4239 qui
329 4172 385 4227 in
416 4188 600 4227 meum
625 4186 862 4244 pugnare
890 4171 1050 4228 vultis
1077 4173 1448 4244 opprobrium.
1475 4171 1603 4229 Jure
1626 4176 1796 4245 patris

197 4265 348 4322 vobis
380 4267 707 4323 interminor
755 4277 811 4324 et
861 4270 1111 4324 amantis.
1170 4268 1266 4326 Ille
1310 4284 1441 4338 nos,
1488 4278 1544 4325 et
1590 4272 1796 4327 amicos

197 4365 413 4415 nostros
433 4360 672 4430 patietur
691 4358 964 4422 adversos.
985 4361 1078 4429 qui
1109 4360 1236 4414 talia
1264 4360 1467 4414 monita
1497 4361 1663 4430 (quod
1684 4376 1790 4417 non

193 4454 505 4524 oyinamur)
531 4451 823 4508 crediderit
860 4466 980 4506 esse
1008 4449 1316 4506 temnenda.
1353 4448 1695 4520 Quapropter
1724 4451 1792 4506 ad

193 4546 575 4603 excellentiam
601 4552 836 4600 vestram
864 4545 1014 4599 illum
1061 4552 1116 4599 et
1146 4543 1295 4599 illum
1326 4543 1536 4612 legatos
1578 4552 1792 4601 nostros

192 4652 525 4709 magnopere
553 4636 880 4692 credidimus
928 4636 1281 4705 dirigendos:
1329 4650 1426 4704 per
1463 4650 1598 4705 quos
1627 4637 1791 4691 etiam

191 4730 257 4785 ad
284 4730 508 4786 fratrem
539 4736 801 4793 vestrum,
833 4726 1000 4784 lilium
1025 4736 1288 4793 nostrum,
1314 4742 1493 4797 regem
1514 4727 1791 4784 Alaricum

188 4821 394 4890 scripta
442 4828 631 4875 nostra
681 4819 995 4886 direximus,
1047 4827 1109 4873 ut
1160 4818 1465 4873 nullatenus
1513 4818 1656 4874 inter
1688 4831 1790 4873 vos

188 4913 445 4968 scandala
472 4913 708 4968 seminet
736 4912 911 4966 aliena
939 4910 1277 4980 malignitas;
1309 4910 1404 4965 sed
1432 4910 1485 4963 in
1513 4924 1646 4980 pace
1667 4925 1790 4980 per-

186 5012 664 5075 severantes,qu:e
690 5012 817 5058 sunt
845 5004 987 5059 inter
1014 5018 1136 5068 vos,
1157 5001 1348 5057 mediis
1376 5001 1585 5069 amicis,
1614 5002 1792 5073 placa-

186 5098 373 5153 biliter
403 5094 560 5153 ﬁnire
586 5098 850 5154 debeatis.
874 5097 979 5154 Per
1007 5113 1105 5154 eos
1148 5097 1312 5161 etiam
1335 5105 1391 5153 et
1443 5097 1611 5152 verbo
1637 5097 1789 5152 vobis

185 5188 369 5257 aliqua
400 5186 627 5242 dicenda
664 5187 1070 5253 mandavimus;
1096 5196 1154 5241 ut
1178 5195 1365 5256 gentes
1387 5201 1508 5255 qua:
1538 5186 1639 5242 sub
1693 5202 1790 5256 pa-

184 5281 436 5337 rentibus
458 5280 654 5336 vestris
680 5280 837 5349 longa
867 5295 1002 5350 pace
1026 5279 1341 5344 ﬂoruerunt,
1371 5278 1547 5333 subita
1573 5294 1679 5333 non
1701 5279 1790 5334 dc-

188 5370 355 5425 beant
385 5371 745 5426 concussione
770 5369 991 5424 vastari.
1020 5369 1096 5423 Illi
1119 5369 1262 5424 enim
1305 5368 1530 5424 credere
1555 5368 1781 5433 debetis,

186 5476 350 5531 quem
402 5463 598 5516 vestris
648 5460 967 5515 utilitatibus
992 5458 1233 5515 arridere
1260 5459 1585 5529 cognoscitis
1614 5474 1787 5527 :quo-

179 5556 329 5609 niam
354 5554 452 5624 qui
477 5554 594 5609 vult
613 5553 775 5610 alium
816 5554 867 5609 in
892 5552 1193 5623 pratcipites
1213 5568 1371 5611 casus
1400 5553 1635 5621 mittere,
1661 5567 1783 5608 eum

174 5655 403 5703 tertum
432 5655 516 5702 est
541 5642 765 5704 ﬁdeliter
793 5660 904 5703 non
932 5658 1172 5701 monere.

1504 159 1862 215 VARIARUM
1905 160 2105 215 LIBER
2142 160 2228 215 Ill.

214 272 353 327 bella
382 272 679 342 suspendit.
718 272 943 328 Reddite
978 273 1083 328 filio
1115 276 1230 346 ejus
1264 279 1510 346 gratiam,
1542 297 1701 351 quam
1730 293 1810 334 ta-
1846 292 1888 341 Λ

3400 162 3505 221 578

2416 281 2523 352 42
2583 281 2911 337 EPISTULA
2942 283 3001 336 ν.

1912 410 2215 449 ΠΠὌῙΠἪΧΘ
2239 411 2360 449 νιιιο
2404 412 2664 461 ILLIISTRI,
2698 412 2958 459 PATRlClO,
2985 412 3345 454 TllEODOBlCUS
3373 415 3498 457 REX.

1916 504 2183 557 Laudatur
2233 521 2348 557 cum
2375 515 2521 571 patre
2574 516 2623 559 et
2680 517 2862 573 patrno
2904 505 3256 572 Inmorttmus,
3285 516 3337 562 et
3362 509 3411 563 εἰ
3437 509 3501 564 ob

1982 576 2235 645 prwrlara
2280 577 2461 628 merita
2486 577 2791 645 patriciatus
2820 577 3040 644 insignia
3070 580 3427 633 conferuntur.

1983 706 2039 760 Si
2064 715 2115 760 te
2144 715 2236 760 aut
2262 708 2514 762 nobilitas
2553 708 2665 763 sola
2693 708 2992 773 decoraret,
3047 718 3141 763 aut
3185 712 3500 767 meritorum

1912 806 2120 852 tantum
2152 798 2308 853 laude
2330 799 2578 869 polleres,
2594 799 2948 855 conferendas
2974 799 3193 855 forsitan
3217 803 3503 870 dignitates

1913 887 2172 943 dilatione
2203 890 2465 959 probabili
2494 889 2810 943 libraremus
2837 908 2850 942 :
2878 906 2944 943 ne
2967 905 3156 959 magna
3182 893 3503 948 vilescerent

1911 996 2033 1035 cum
2062 981 2223 1035 simul
2247 981 2426 1035 omnia
2458 980 2826 1035 funderentur.
2859 982 3008 1037 Nunc
3047 992 3226 1038 autem
3275 1001 3397 1039 cum
3446 995 3501 1039 te

1911 1074 2162 1128 universa
2193 1072 2333 1127 facto
2357 1072 2568 1139 agmine
2595 1073 3058 1140 comitentur,nec
3084 1074 3225 1129 desit
3248 1075 3335 1128 uni
3358 1077 3503 1144 quod

1911 1164 2237 1237 prtcdicatur
2267 1165 2320 1218 in
2349 1164 2612 1233 plutibtzs,
2663 1164 2913 1217 convenit
2950 1164 3171 1232 justitire
3203 1175 3400 1220 nostra:
3446 1175 3501 1219 ut

1911 1274 2033 1314 cum
2065 1266 2119 1311 tu
2143 1258 2362 1327 cepiosa
2392 1257 2533 1311 bona
2566 1257 2872 1325 protuleris,
2905 1258 3172 1313 uberrime
3214 1250 3263 1312 te
3295 1258 3501 1326 repleat

1911 1347 2275 1403 muniﬁcentia
2308 1347 2639 1417 principaiis.
2673 1347 2789 1401 Non
2836 1348 2978 1402 enim
3032 1350 3306 1403 crescendi
3350 1351 3503 1403 vobis

1912 1438 1999 1493 hic
2027 1439 2184 1505 ordo,
2214 1439 2305 1506 qui
2332 1438 2515 1492 multis
2541 1447 2624 1491 est
2653 1455 2664 1490 :
2701 1438 2956 1507 paulatim
3015 1440 3258 1508 provehi,
3305 1441 3505 1493 mediu-

1911 1531 2017 1586 cris
2042 1530 2301 1600 probatur
2328 1544 2446 1583 esse
2478 1530 2718 1593 virtutis;
2745 1529 2870 1583 dum
2904 1531 3170 1586 morosius
3196 1530 3506 1598 agnoscitur

1838 1655 1885 1713 Β
1913 1620 2059 1691 quod
2101 1620 2199 1674 sub
2238 1619 2459 1675 levitate
2489 1629 2819 1689 praeparatur
2846 1618 2952 1691 [ρά.
2986 1622 3103 1685 Ac.,
3153 1620 3502 1691 praestatur].

1915 1713 2067 1768 Saltu
2092 1713 2329 1782 quodam
2373 1728 2433 1767 se
2460 1713 2631 1766 tendit
2674 1720 2849 1767 vestra
2879 1714 3231 1783 prosperitas,
3275 1714 3502 1783 solaque

1912 1801 2173 1873 perfectio
2193 1817 2222 1855 a
2246 1801 2396 1855 vobis
2418 1802 2698 1870 qumritur,
2730 1817 2853 1855 cum
2879 1802 3156 1856 vobiscum
3190 1802 3356 1855 multa
3411 1818 3507 1856 na-

1910 1903 2152 1949 scantur.
2201 1892 2504 1948 Elaboratm
2537 1900 2661 1946 sunt
2690 1892 2833 1946 enim
2857 1893 3016 1960 longa
3040 1900 3201 1947 aetate
3232 1894 3395 1947 vestri
3418 1908 3507 1961 ge-

1911 1987 2058 2041 neris
2083 1985 2391 2054 dignitates,
2417 1999 2539 2054 quae
2579 1984 2862 2039 notissimo
2905 1984 3139 2053 quodam
3190 1985 3501 2040 habitacula

1909 2079 2051 2134 lares
2073 2079 2124 2132 itt
2157 2087 2335 2132 vestra
2359 2092 2587 2147 posuere
2614 2076 2836 2131 familia.
2853 2076 3006 2139 Nam,
3026 2085 3085 2133 ut
3105 2077 3279 2145 prisca
3306 2077 3499 2132 smeula

1909 2178 2261 2233 transeamus,
2276 2186 2393 2239 qua:
2422 2169 2621 2224 affatim
2637 2171 2781 2226 viros
2808 2178 2933 2225 sunt
2963 2173 3074 2225 visa
3105 2171 3343 2240 perferre
3365 2184 3499 2239 prte-

1909 2264 2119 2331 cipuos,
2176 2263 2390 2333 gemino
2441 2262 2622 2317 radias
2649 2263 2816 2332 patris
2845 2277 2909 2317 ac
2934 2262 3110 2332 patrui
3140 2262 3336 2317 decore
3359 2276 3495 2317 cou-

1907 2357 2157 2426 spicuus;
2184 2357 2275 2425 qui
2297 2372 2403 2411 non
2425 2356 2601 2409 solum
2624 2363 2996 2409 ornamentum
3020 2353 3232 2408 familiae
3258 2368 3387 2414 sum.
3402 2354 3499 2408 sed

1910 2447 2011 2517 ipsi
2034 2447 2201 2502 decus
2225 2445 2433 2501 senatui
2467 2444 2762 2514 praestitere
2788 2463 2801 2497 :
2831 2444 3104 2498 modernis
3131 2444 3341 2499 saeculis
3382 2458 3502 2497 mo-

1906 2540 2058 2595 ribus
2087 2539 2421 2594 ornabantur
2435 2537 2698 2606 antiquis;
2729 2537 2972 2591 bonitate
2996 2535 3219 2605 prtediti,
3250 2544 3500 2591 constan-

1906 2632 1979 2686 tia
2009 2631 2252 2700 gloriosi,
2284 2630 2335 2685 in
2367 2629 2599 2683 amicitia
2624 2628 2800 2698 proni,
2832 2627 2899 2681 ad
2922 2627 3048 2682 odia
3070 2625 3334 2681 sumenda
3357 2625 3499 2681 diffi-

1906 2724 2055 2779 ciles.
2083 2723 2179 2787 lta,
2210 2721 2355 2791 quod
2379 2720 2670 2775 maximum
2698 2720 2968 2775 felicitatis
3013 2732 3183 2787 genus
3211 2726 3314 2781 est.
3364 2735 3487 2773 cum

1905 2817 2087 2870 multae
2117 2815 2477 2885 probarentur
2493 2827 2613 2868 esse
2642 2814 2915 2881 potentias,
2949 2812 3202 2865 invidiam
3226 2812 3348 2865 illos
3377 2826 3497 2880 per-

1903 2905 2247 2973 sequentium
2276 2903 2625 2971 contigitnon
2656 2902 2871 2955 habere.
2919 2900 3233 2955 Peudebant
3252 2902 3493 2971 quinimo

1904 2997 2048 3050 circa
2078 3010 2175 3049 eos
2195 2995 2353 3048 anxia
2378 3003 2502 3048 vota
2527 2994 2774 3056 civitatis,
2794 3008 3044 3048 crescens
3064 3008 3223 3062 supra
3254 2994 3493 3062 privatos

1906 3085 2154 3156 publicus
2184 3100 2337 3138 amor
2366 3099 2573 3139 eorum.
2602 3082 2833 3138 Senatus
2859 3085 3095 3138 animum
3152 3099 3347 3140 eorum
3402 3101 3490 3140 se-

1904 3177 2191 3245 quebatur,
2217 3176 2368 3229 turba
2398 3174 2752 3243 propositum.
2780 3174 2847 3227 Et
2871 3190 3088 3229 necesse
3115 3185 3232 3230 erat
3260 3174 3489 3232 Romam

1905 3266 2041 3320 velle
2063 3266 2210 3335 quod
2232 3266 2409 3320 cuncti
2430 3264 2745 3319 videbantur
2763 3274 2982 3336 optare;
3009 3266 3253 3336 miroque
3273 3282 3490 3338 prospe-

1903 3354 2079 3410 ritatis
2100 3363 2294 3408 eventu
2326 3352 2536 3407 firmum
2564 3354 2706 3408 circa
2731 3369 2826 3408 eos
2846 3355 3184 3409 custodiebat
3206 3357 3486 3412 arbitrium

1905 3446 2151 3502 voluntas
2180 3459 2314 3514 vaga
2343 3445 2691 3515 populorum;
2717 3445 2860 3513 quod
2891 3446 3030 3500 inter
3071 3454 3296 3501 cmteras
3323 3448 3489 3515 digni-

1902 3548 2041 3596 tates
2064 3557 2257 3596 munus
2280 3540 2581 3609 iudicamus
2604 3555 2723 3595 esse
2760 3541 3106 3610 prtecipuum.
3136 3540 3267 3594 Nam
3296 3540 3340 3595 si
3363 3554 3488 3609 pau-

1901 3646 2086 3686 corum
2101 3630 2404 3699 amorjuste
2419 3630 2529 3699 jam
2541 3631 2709 3699 gloria
2721 3640 2822 3694 est,
2840 3640 3000 3685 tanta:
3014 3630 3242 3685 civitatis
3262 3630 3485 3686 affectus

1900 3721 2045 3791 quod
2074 3729 2252 3792 potest
2274 3722 2475 3777 habere
2501 3721 2865 3792 praeconium?
2888 3720 3118 3777 Proinde
3146 3723 3284 3777 sicut
3304 3724 3483 3779 omnia

1900 3812 2106 3883 ingrata
2136 3814 2387 3868 videntur
2413 3813 2662 3875 obscura,
2695 3812 2773 3868 sic
2799 3814 3123 3881 generaliter
3142 3814 3334 3870 dilecta
3360 3832 3488 3887 pne-

1899 3905 2043 3960 clara
2066 3913 2209 3961 sunt.
2234 3904 2337 3960 Tot
2363 3905 2523 3975 igitur
2547 3914 2830 3977 parentum
2874 3906 3033 3961 laude
3061 3906 3366 3975 decoratus,
3402 3918 3485 3964 tot

1900 3995 2063 4049 etiam
2087 4011 2297 4050 morum
2320 3995 2441 4050 luce
2461 3999 2802 4065 conspicuus,
2835 4012 2987 4052 sume
3009 4007 3134 4067 post
3173 4000 3486 4057 consulares

1896 4083 2068 4140 fasces
2100 4086 2377 4149 emeritos,
2410 4085 2728 4155 patriciatus
2752 4085 3001 4153 insignia,
3035 4094 3247 4142 tuarum
3290 4106 3485 4148 munus

1895 4176 2195 4247 plenarium
2223 4174 2573 4246 dignitatum;
2608 4183 2666 4230 et
2697 4176 2819 4230 cani
2876 4175 3097 4231 honoris
3121 4176 3303 4233 infulis
3330 4180 3487 4235 adul-

1897 4279 2007 4324 tam
2034 4269 2189 4336 cinge
2211 4269 2613 4336 c:esariem,qui
2645 4269 2959 4323 meritorum
2979 4270 3135 4325 laude
3156 4273 3330 4327 tetatis
3355 4290 3487 4343 prte-

1822 4408 1871 4468 D
1890 4362 2092 4433 judicia
2120 4361 2406 4430 superasti.
2438 4358 2549 4414 Cur
2567 4360 2709 4414 enim
2736 4359 2892 4413 tardo
2940 4361 3218 4416 evenirent
3266 4366 3484 4433 praemia

1894 4454 1981 4510 cui
2035 4460 2120 4509 tot
2177 4451 2392 4522 generis
2451 4450 2881 4518 sulfragabantur
2943 4452 3224 4522 exempla?
3256 4453 3486 4523 Eligitur

1868 4529 2093 4615 'quippe
2116 4542 2249 4597 inte
2276 4542 2530 4596 nascendi
2554 4541 2691 4607 laus,
2720 4540 2933 4596 vivendi
2986 4542 3188 4610 gloria;
3247 4553 3303 4600 et
3356 4563 3482 4602 cum

1894 4636 2064 4691 multa
2093 4635 2277 4689 trahas
2304 4634 2371 4688 ab
2401 4634 2653 4703 antiquis,
2686 4635 2931 4689 meruisti
2975 4635 3190 4705 placere
3245 4637 3314 4691 de
3357 4653 3485 4707 pro-

1891 4728 2043 4799 priis.
2075 4725 2158 4782 Ab
2181 4726 2297 4797 ipso
2324 4726 2521 4796 quippe
2543 4727 2667 4780 vitas
2692 4726 2981 4797 principio,
3022 4729 3167 4795 quod
3197 4728 3337 4782 inter
3357 4729 3485 4783 adu-

1892 4822 2115 4877 lantium
2142 4833 2332 4891 greges
2358 4835 2538 4875 rarum
2568 4819 2709 4875 solet
2737 4835 2876 4887 esse,
2909 4822 3178 4876 nobilibus
3223 4822 3478 4876 studuisti

1894 4912 2052 4968 fidem
2079 4911 2370 4966 virtutibus
2391 4910 2670 4966 exhibere.
2694 4913 2869 4980 Atque
2900 4912 3020 4965 ideo
3050 4912 3274 4967 instituti
3301 4912 3374 4964 tui
3399 4910 3484 4965 fir-

1890 5020 1978 5058 ma
2001 5003 2307 5071 vestigium,
2338 5002 2513 5070 utqui
2545 5002 2831 5071 primaevus
2885 5001 3112 5071 gloriam
3155 5010 3482 5057 consecutus

1891 5110 1969 5160 es,
1997 5094 2316 5149 ﬂorentibus
2337 5093 2491 5149 annis
2514 5093 2765 5161 gloriosis
2792 5092 3086 5146 honoribus
3115 5092 3382 5160 augearis.
3402 5091 3482 5147 ln-

1891 5187 2039 5257 spice
2060 5185 2292 5254 denique
2319 5191 2519 5253 quanta
2551 5192 2765 5237 tuorum
2809 5182 2967 5236 laude
3017 5181 3282 5251 prmeipua
3323 5183 3483 5239 deco-

1899 5278 2052 5333 reris.
2078 5275 2263 5345 Culpa:
2291 5289 2461 5344 genus
2481 5283 2691 5330 estnon
2723 5283 2775 5328 te
2806 5273 2997 5327 fecisse
3035 5273 3181 5343 quod
3210 5289 3475 5330 summum

1895 5376 1997 5421 est.
2049 5363 2127 5419 De
2170 5363 2484 5418 maturitate
2532 5362 2731 5433 quippe
2773 5369 2861 5415 tua
2887 5362 3054 5417 multo
3074 5360 3273 5417 debent
3293 5367 3477 5422 venire

1895 5457 2139 5520 meliora,
2169 5456 2258 5524 qui
2289 5454 2341 5507 in
2364 5462 2523 5508 tctate
2562 5463 2748 5508 tenera
2777 5461 2829 5507 te
2850 5453 3095 5510 novimus
3126 5453 3315 5512 fecisse
3343 5473 3480 5527 pra:-

1893 5546 2142 5606 dicanda.
2172 5543 2503 5602 Confidimus
2524 5545 2666 5599 enim
2690 5559 2788 5598 nec
2809 5546 2884 5598 tui
2908 5548 3120 5615 generis
3151 5547 3477 5619 institutum,

1896 5630 2001 5700 nec
2014 5647 2259 5696 nostrum
2284 5635 2430 5693 circa
2453 5646 2506 5695 te
2526 5650 2710 5694 errare
2731 5650 2889 5707 posse
2911 5636 3193 5709 judicium.
