3988 6178
434 260 534 313 579

1001 368 1329 425 EPISTULA
1364 370 1449 423 Vl.

643 478 866 518 SENATUI
921 479 1069 516 UﬂBlS
1103 478 1257 515 ROMJE
1290 476 1655 515 THEOL‘ORICUS
1678 477 1804 515 REX.

434 575 615 632 Multis
639 578 875 631 laudibus
904 587 1137 630 senatum
1180 576 1470 629 Romanum
1499 592 1641 645 teque
1665 593 1726 628 ac
1758 574 2022 644 Importu-

504 664 627 700 num
647 649 866 710 ea'tollit,
896 664 1043 717 quem
1063 648 1129 699 ad
1155 648 1460 717 patriciatus
1490 647 1794 715 dignitate»:
1840 661 1994 700 evexe
2014 677 2036 685 -

502 726 606 784 rut,
628 720 928 788 senatuique
947 718 1224 787 plurimuuz
1248 717 1592 769 Commendat.

505 827 729 882 Gratum
760 827 974 896 quidem
1014 828 1172 881 nobis
1192 835 1295 894 est,
1322 826 1507 880 Patres
1535 825 1860 895 Conscripti,
1906 840 2024 896 per-

434 933 597 976 sonas
626 934 794 973 novas
818 919 884 973 ad
914 919 1181 974 honorum
1212 919 1356 973 celsa
1386 919 1687 988 producere
1710 919 2024 992 [mss.,per-

437 1006 677 1079 ducere].
702 1007 941 1064 Delectat
971 1010 1236 1079 peregrini
1264 1010 1525 1079 germinis
1554 1010 1699 1065 viros
1723 1011 1931 1079 gremio
1960 1011 2022 1064 li-

437 1099 665 1153 bertatis
693 1099 954 1161 inserere,
993 1108 1048 1152 ut
1080 1100 1243 1153 variis
1293 1099 1599 1154 frondescat
1642 1110 1863 1154 senatus
1897 1100 2021 1154 aula

438 1191 741 1243 virtutibus.
772 1188 939 1245 Ornat
965 1191 1109 1244 enim
1141 1191 1260 1244 talis
1282 1191 1567 1245 multitudo
1596 1202 1943 1259 conventum,
1968 1200 2023 1245 et

440 1281 616 1333 betam
649 1281 824 1335 reddit
878 1280 1068 1335 faciem
1100 1283 1369 1351 publicam
1403 1283 1665 1336 honorata
1698 1283 2019 1351 frequentia.

441 1372 547 1424 Sed
572 1364 922 1428 multo'nobis
947 1375 1207 1443 probatur
1234 1376 1525 1443 acceptius,
1560 1375 1770 1442 quoties
1794 1374 2021 1442 dignita-

443 1469 585 1521 tibus
606 1470 892 1532 reddimus,
912 1470 1000 1538 qui
1025 1471 1089 1524 de
1112 1471 1224 1539 ipsa
1248 1485 1345 1523 cur
1365 1486 1410 1523 te
1439 1470 1685 1523 claritate
1712 1482 2020 1535 nascuntur,

444 1560 566 1627 quia
595 1575 701 1612 non
732 1575 856 1614 sunt
887 1560 954 1613 de
977 1561 1128 1614 vobis
1158 1561 1407 1614 examina
1437 1569 1618 1614 nostra
1648 1560 1871 1614 sollicita
1895 1560 2020 1614 dum

446 1648 790 1717 prveju-licata
819 1650 954 1702 boni
991 1649 1381 1715 transfunditis,
1407 1650 1498 1717 qui
1540 1648 1728 1702 merita
1757 1665 1877 1703 cum
1905 1649 2022 1703 luce

446 1741 731 1809 prmstatis.
764 1740 926 1808 Origo
961 1741 1071 1809 ipsa
1100 1740 1210 1809 jam
1241 1741 1408 1808 gloria
1439 1751 1543 1806 est,
1595 1741 1712 1795 laus
1760 1741 2024 1795 nobilitati
2062 1754 2101 1809 ι)

448 1835 813 1888 connascitur.
840 1834 982 1888 idem
1005 1835 1158 1889 vobis
1180 1844 1262 1888 est
1281 1834 1555 1901 dignitatis
1575 1832 1716 1903 quod
1738 1834 1860 1887 vita:
1890 1835 2028 1903 prin-

446 1926 665 1994 cipium.
688 1924 920 1980 Senatus
964 1926 1107 1979 enim
1135 1926 1311 1980 honor
1339 1925 1701 1994 amplissimus
1746 1924 2026 1979 vobiscum

448 2017 698 2085 gignitur,
733 2016 800 2070 ad
830 2030 988 2086 quem
1032 2016 1120 2069 vix
1150 2015 1375 2069 maturis
1426 2016 1672 2069 aetatibus
1696 2015 2025 2085 pervenitur.

451 2108 525 2161 lla
545 2124 575 2163 c
605 2108 730 2163 licet
752 2108 819 2162 de
848 2108 1003 2162 vobis
1029 2107 1279 2162 omnibus
1306 2107 1575 2161 veraciter
1598 2105 1917 2174 judicemus,
1971 2111 2030 2159 ut

451 2200 655 2254 ordinis
678 2200 890 2271 genium
916 2199 1308 2269 complectatur
1333 2200 1507 2267 gratia
1554 2208 1885 2262 senatorum,
1917 2214 2031 2252 ma-

454 2291 592 2344 xime
614 2290 921 2344 serenitatis
949 2297 1144 2344 nostra:
1168 2288 1458 2344 luminibus
1488 2288 1772 2343 Deciorum
1817 2288 2032 2356 sanguis

452 2382 673 2437 irradiat
696 2402 710 2436 :
743 2384 834 2452 qui
858 2392 937 2438 tot
964 2383 1116 2437 annis
1137 2383 1405 2439 continuis
1425 2384 1580 2438 simul
1611 2384 1855 2454 splendet
1875 2384 2029 2439 clari-

454 2484 565 2528 tate
586 2476 833 2541 virtutis;
860 2485 917 2530 et
944 2476 1188 2545 quamvis
1209 2492 1332 2531 rara
1360 2478 1635 2545 sitgloria,
1668 2494 1772 2532 non
1799 2478 2037 2545 agnosci-

454 2566 613 2620 turin
645 2574 751 2618 tam
780 2566 940 2632 longo
969 2572 1087 2620 steu
1112 2574 1256 2620 male
1277 2567 1506 2621 variata.
1537 2568 1760 2621 Smeulis
1780 2569 1892 2622 suis
1918 2584 2037 2637 pro-

453 2656 597 2711 ducit
627 2655 819 2710 nobilis
847 2670 983 2709 vena
1016 2656 1300 2724 primarios
1330 2673 1343 2708 :
1370 2656 1541 2711 nescit
1561 2656 1686 2711 inde
1714 2657 1913 2726 aliquid
1939 2673 2037 2710 na-

453 2745 531 2799 sci
561 2744 850 2809 mediocre,
879 2753 957 2798 tot
981 2745 1191 2814 probati
1235 2753 1365 2814 quot
1390 2747 1586 2815 geniti;
1613 2754 1687 2811 et,
1721 2747 1865 2816 quod
1894 2745 2033 2802 difll-

455 2834 557 2888 cile
581 2834 850 2903 provenit,
880 2834 1052 2888 electa
1096 2834 1415 2903 frequentia.
1448 2834 1526 2890 En
1557 2837 1783 2906 pullulat
1811 2854 1877 2893 ex
1930 2855 2035 2894 uno

454 2925 696 2993 germine
723 2923 1109 3002 quadrifarium
1138 2925 1327 2993 decus,
1369 2927 1544 2981 honor
1599 2929 1814 2993 civium,
1865 2930 2036 2998 gloria

455 3016 689 3084 generis,
720 3025 1067 3084 augmentum
1094 3026 1341 3081 senatus;
1374 3019 1465 3087 qui
1508 3021 1754 3089 quamvis
1802 3021 2039 3090 fulgeant

1663 251 1731 304 Μ.
1776 248 2047 304 Αῐῐιῑιλι
2087 250 2480 303 (ἶιὶιὲιὸἒΰυυῐῖ.

2051 373 2093 425 Α
2128 366 2231 436 [53
2256 369 2401 419 auxit
2421 367 2772 436 patrimoniis,
2792 365 3001 418 ornavit
3018 363 3284 428 moribus;
3308 372 3364 416 et
3384 371 3512 430 quot
3535 364 3705 416 edidit

3596 246 3702 298 580

2125 458 2337 510 familim
2362 458 2606 525 juvenes,
2641 466 2720 510 tot
2770 455 2995 510 reddidit
3023 454 3187 509 curia:
3213 454 3545 508 consulares.
3580 453 3709 509 Hme

2126 546 2287 616 igitur
2340 550 2565 601 rimator
2616 561 2825 600 morum
2873 554 3059 601 noster
3100 560 3293 601 sensus
3329 544 3582 614 inspexit,
3611 546 3704 614 qui

2123 644 2286 698 etiam
2317 643 2515 697 bonum
2562 642 2871 697 domestica:
2900 642 3111 697 virtutis
3153 642 3377 712 inquirit
3410 659 3424 695 :
3458 651 3517 697 ut
3562 643 3710 697 inter

2123 733 2329 804 privata
2360 732 2586 786 laudatis
2630 733 2843 803 publica
2883 732 3079 787 debeat
3125 742 3443 787 ornamenta
3493 734 3704 801 largiri.

2124 824 2300 892 Atque
2320 823 2461 888 ideo,
2495 822 2555 877 P.
2585 821 2668 888 C.,
2695 823 2888 877 illustri
2918 832 2973 876 et
2996 823 3279 890 magnifico
3298 824 3411 878 viro
3436 823 3710 894 Importu-

2104 908 2197 966 ino
2222 913 2537 981 patriciatus
2586 913 2798 967 culmen
2828 912 3162 981 indulsimus,
3206 922 3264 967 ut
3310 922 3490 968 vester
3531 924 3712 970 caelus

2124 1004 2268 1059 sicut
2310 1005 2535 1074 pullulat
2575 1014 2720 1060 sorte
2748 1004 3022 1070 nascendi,
3057 1008 3127 1058 ita
3173 1014 3226 1059 et
3264 1005 3492 1061 fascibus
3535 1007 3712 1076 possit

2126 1094 2326 1163 augeri.
2372 1095 2668 1165 lmpendile
2695 1096 2905 1166 parenti
2935 1096 3180 1164 gratiam,
3214 1097 3444 1151 aduuale
3484 1108 3710 1152 semen-

2127 1187 2265 1238 tias:
2297 1195 2475 1239 vestra
2505 1195 2589 1239 est
2638 1185 2864 1249 indoles,
2916 1198 3074 1253 quam
3121 1188 3428 1258 probamus.
3488 1185 3713 1244 Habetis

2126 1289 2275 1335 certe
2295 1279 2439 1348 quod
2471 1280 2620 1334 \obis
2651 1281 2924 1348 ingeniosa
2957 1280 3114 1333 laude
3145 1280 3410 1343 tribuatis,
3444 1280 3490 1334 si
3522 1296 3711 1335 amore

2128 1372 2579 1426 neceSsituzlinum
2607 1372 2877 1440 publicum
2934 1371 3138 1424 faciatis
3186 1385 3305 1425 esse
3328 1369 3610 1440 judicium;
3655 1381 3713 1427 et

2126 1462 2268 1531 quod
2297 1478 2395 1531 pro
2425 1469 2629 1516 naturae
2655 1462 2917 1516 charitatc
2940 1460 3276 1530 dependitur,
3309 1461 3564 1516 collatum
3612 1478 3716 1518 no-

2126 1552 2252 1606 stris
2275 1551 2608 1620 j-ussionibus
2645 1551 2958 1605 aestimetur.

2690 1684 3020 1740 EPISTULA
3043 1659 3149 1740 vn.

2127 1794 2380 1833 JANUARIO
2408 1794 2531 1832 VIBO
2562 1794 2893 1839 VENERABILI,
2928 1796 3170 1835 EPIICOPO
3197 1795 3521 1836 SALONITANO
3542 1798 3711 1837 THEO-

2732 1864 2952 1902 DOBICUS
2982 1866 3106 1903 REX.

2128 1937 2281 1992 lubet
2318 1947 2372 1991 ut
2401 1938 2658 2010 persoluat
2684 1937 2877 2010 Jonnm'
2916 1940 3133 2007 pretium
3158 1942 3431 2010 sexaginta
3473 1956 3711 1995 arearum

2200 2011 2319 2074 olei,
2339 2025 2466 2080 quas
2495 2008 2564 2061 ad
2583 2009 2844 2074 implenda
2872 2010 3151 2063 luminaria
3178 2009 3243 2063 ab
3270 2008 3329 2064 eo
3352 2019 3638 2079 acceperat.

2201 2099 2399 2155 Omnes
2426 2099 2642 2168 quidem
2668 2099 2930 2168 justitiam
2962 2100 3142 2154 colere
3169 2109 3226 2155 et
3253 2102 3545 2156 observare
3574 2117 3713 2171 pra)-

2131 2195 2379 2265 eipimus,
2429 2191 2521 2245 sed
2552 2206 2647 2245 eos
2676 2190 2910 2244 maxime
2937 2190 3028 2258 qui
3058 2189 3251 2243 divinis
3277 2190 3576 2245 honoribus
3603 2193 3714 2246 eri-

2132 2291 2360 2351 guntur;
2388 2289 2444 2334 ut
2466 2294 2710 2349 superum
2735 2281 2919 2346 gratim
2950 2276 3081 2330 fiant
3110 2277 3360 2346 proximi,
3393 2277 3518 2332 dum
3546 2294 3577 2332 a
3608 2288 3716 2334 ter-

2133 2392 2265 2431 rena
2307 2373 2505 2429 fuerint
2556 2373 2850 2441 cupiditate
2898 2372 3194 2441 longinqui.
3254 2370 3490 2428 Joannes
3532 2373 3716 2442 itaque

2134 2466 2297 2521 ﬂebili
2322 2481 2418 2519 nos
2444 2464 2764 2531 allegatione
2800 2460 3059 2531 pulsavit,
3109 2463 3451 2516 sanctitatem
3482 2472 3716 2516 vestram

2135 2572 2165 2611 a
2195 2572 2253 2625 se
2282 2554 2559 2624 sexaginta
2581 2567 2736 2606 orcas
2762 2550 2868 2605 olei
2897 2549 2963 2603 ad
2994 2549 3264 2619 implenda
3291 2550 3574 2604 luminaria
3597 2567 3717 2605 sus-

2134 2647 2342 2717 cepisse
2372 2663 2385 2697 :
2416 2658 2642 2713 quarum
2672 2642 2902 2711 pretium
2934 2641 3034 2696 sibi
3083 2627 3317 2711 postulat
3346 2650 3601 2711 oportere
3627 2658 3718 2696 re.-

2135 2737 2305 2791 stitui.
2340 2734 2548 2788 Bonum
2578 2733 2793 2800 quidem
2826 2742 3010 2786 votum
3032 2770 3047 2794 ,
3089 2732 3136 2786 si
3165 2741 3344 2786 tamen
3376 2747 3486 2787 non
3516 2733 3589 2787 ibi
3620 2733 3720 2787 ali-

2136 2827 2260 2897 quid
2291 2827 2579 2880 misceatur
2608 2824 2912 2878 adversum.
2946 2822 3078 2876 Nam
3125 2823 3250 2878 licet
3291 2823 3489 2893 ubique
3529 2824 3726 2880 deceat

2132 2916 2393 2987 justitiam
2417 2915 2697 2980 custodiri,
2731 2916 2784 2968 in
2825 2914 2927 2969 illis
2967 2913 3128 2968 rebus
3155 2914 3388 2968 maxime
3415 2916 3726 2970 necessaria

2138 3015 2222 3062 est
2287 3021 2388 3076 tute
2434 3006 2629 3060 divinis
2671 3005 2948 3061 obtutibus
2993 3003 3292 3059 offeruntur
3324 3021 3337 3057 :
3371 3020 3440 3060 ne
3474 3014 3727 3075 putemus

457 3108 838 3162 communione
860 3108 1452 3177 meritorum,iuvenies
1480 3117 1656 3165 tamen
1679 3127 1837 3181 quem
1866 3113 2035 3181 possis

2142 3098 2389 3165 ignorare
2419 3095 2609 3161 Deum,
2662 3095 2803 3149 unde
2833 3095 3086 3165 accipiat,
3137 3095 3183 3151 si
3212 3093 3468 3150 fraudatis
3494 3096 3729 3151 oblatio-

459 3197 679 3253 laudare
703 3197 769 3252 de
799 3198 1051 3268 propriis.
1082 3198 1352 3269 Respicite
1372 3202 1782 3272 certejuvencm
1807 3219 1904 3273 per
1931 3202 2040 3259 for-

459 3306 560 3344 ma:
586 3291 811 3360 gratiam
863 3292 1056 3345 mentis
1105 3293 1499 3361 pulchritudine
1549 3294 1668 3364 plus
1716 3296 2035 3365 placentem.

462 3380 644 3434 Refert
665 3379 800 3436 facie
828 3382 1103 3450 sanguinis
1129 3382 1312 3450 decus,
1344 3385 1588 3453 proditur
1632 3387 1797 3440 animi
1851 3397 2041 3441 natura

465 3485 564 3540 per
600 3470 837 3536 vultum,
888 3481 943 3526 et
987 3473 1279 3528 serenitate
1318 3475 1560 3544 corporis
1604 3476 1781 3530 nubila
1826 3492 2042 3546 quoque

462 3563 657 3618 mentis
686 3562 963 3631 abstergit.
984 3563 1179 3619 Verum
1207 3565 1323 3620 hmo
1348 3574 1553 3619 natura:
1580 3567 1721 3620 bona
1744 3566 2042 3621 litterarum

462 3649 737 3707 decoravit
779 3653 1122 3722 insignibus:
1159 3663 1215 3708 ut
1239 3665 1367 3721 pote
1418 3656 1795 3723 magistrarum
1848 3657 2043 3710 artium

463 3741 690 3799 detersis
711 3744 905 3797 mentis
936 3743 1301 3813 penetralibus
1332 3743 1453 3812 plus
1482 3744 1685 3798 luceret
1717 3756 1764 3798 η.
1790 3744 1847 3798 ln
1896 3746 2043 3800 libris

464 3841 708 3888 veterum
737 3831 929 3888 Decios
958 3832 1209 3901 cognovit
1242 3834 1515 3901 antiquos,
1549 3834 1892 3902 nobilemque
1914 3851 2043 3906 pro-

465 3925 674 3993 geniem
703 3924 946 3992 gloriosm
975 3924 1164 3978 mortis
1208 3922 1468 3978 beneﬁcio
1507 3924 1794 3978 viventem.
1828 3925 2045 3982 Felicis-

466 4015 635 4070 simus
662 4012 909 4083 profecto
937 4014 1234 4067 studiorum
1264 4013 1435 4075 labor,
1468 4014 1553 4067 cui
1593 4014 1887 4083 priscorum
1922 4031 2045 4070 car-

465 4122 587 4160 men
617 4105 840 4174 contigit
883 4104 1091 4159 discere
1133 4120 1227 4174 per
1257 4114 1525 4174 parentes,
1555 4114 1611 4160 et
1638 4106 1704 4160 de
1725 4108 1865 4160 avita
1887 4108 2045 4163 laude

466 4197 756 4267 primordia
780 4196 950 4250 teneri
966 4196 1198 4264 pectoris
1219 4195 1453 4250 erudire.
1483 4194 1636 4251 Libet
1663 4196 1863 4253 referre
1885 4213 2045 4267 quam

466 4303 659 4359 magno
684 4297 807 4343 tunc
832 4288 1140 4358 spectaculo
1167 4288 1332 4342 totius
1359 4289 1561 4343 scholae
1583 4289 1635 4343 in
1666 4305 1788 4345 eum
1813 4306 2045 4346 conver-

466 4381 678 4437 tebatur
702 4388 950 4450 aspectus
977 4397 991 4445 ;
1023 4394 1202 4450 quem,
1236 4395 1358 4436 cum
1399 4380 1610 4435 audiret
1631 4389 1928 4450 parentem,
1955 4384 2043 4437 illa

2141 3188 2298 3243 nibus
2327 3186 2657 3254 acquiescat.
2710 3183 2778 3237 Et
2823 3183 2968 3250 ideo,
3012 3185 3059 3238 si
3106 3199 3288 3237 veram
3335 3184 3728 3255 querimoniam

2143 3279 2465 3348 cognoscitis
2481 3277 2847 3347 supplicantis,
2864 3276 3553 3345 considerationejustitim,
3568 3292 3730 3346 quam

2144 3379 2329 3426 sancta
2357 3370 2470 3438 lege
2492 3368 2817 3438 prmdicatis,
2842 3368 3001 3423 facite
3022 3383 3142 3437 qua:
3160 3368 3303 3437 juste
3331 3367 3597 3422 debentur
3614 3369 3735 3423 sine

2147 3460 2399 3515 tarditate
2428 3459 2639 3514 restitui
2666 3476 2681 3525 ;
2721 3466 2986 3527 quatenus
3009 3459 3184 3514 nullus
3212 3459 3553 3527 ingemiscat,
3586 3459 3733 3514 illata

2147 3551 2247 3607 sibi
2276 3567 2374 3622 per
2397 3566 2494 3606 vos
2521 3549 2684 3605 fuisse
2712 3549 3012 3618 dispendia,
3056 3565 3194 3619 quos
3218 3549 3369 3604 decet
3392 3550 3573 3619 potius
3597 3564 3735 3619 prm-

2147 3653 2292 3699 stare
2311 3641 2607 3710 juvamina.
2638 3639 2979 3711 Quapmpter
3000 3640 3213 3695 studete
3242 3647 3321 3706 ut,
3343 3639 3433 3707 qui
3456 3655 3567 3694 non
3594 3640 3732 3695 sole-

2150 3734 2218 3788 tis
2246 3748 2345 3802 pro
2373 3732 2579 3801 magnis
2608 3731 2770 3785 rebus
2795 3731 3078 3796 excedere,
3112 3746 3221 3786 non
3247 3729 3531 3785 videamini
3564 3730 3736 3802 (quod

2151 3823 2311 3878 absitl
2337 3823 2388 3876 in
2414 3822 2681 3891 parvitate
2705 3837 2948 3892 peccare.

2690 3955 3016 4009 EPISTULA
3047 3954 3176 4010 Vill.

2151 4059 2420 4099 VENANTIO
2441 4059 2563 4097 Vlllfl
2589 4058 2867 4106 SENATOBI,
2893 4059 3221 4097 CORRECTORI
3248 4061 3485 4100 LUCAMJE
3512 4061 3580 4099 ΕΤ
3614 4053 3731 4091 θεῖτο

2560 4129 2779 4176 TIORUM,
2812 4128 3172 4168 TllEODORlCUS
3198 4131 3325 4168 REX.

2152 4208 2330 4264 Monet
2369 4218 2423 4262 ut
2470 4217 2698 4276 tempora
2745 4207 3024 4276 constituta
3079 4208 3364 4260 exactioni;
3402 4206 3640 4262 binorum
3690 4218 3737 4262 et

2478 4275 2739 4332 ternorum
2767 4277 2843 4330 illi
2870 4275 3119 4347 delegata:
3141 4278 3413 4347 compleat.

2220 4390 2446 4446 Justitim
2492 4390 2631 4445 ratio
2674 4389 2959 4459 persuadet
3000 4390 3067 4445 ab
3096 4404 3421 4460 unoquoque
3449 4389 3741 4460 postulari,

465 4486 592 4527 mox
613 4470 920 4526 intendebat
946 4470 1209 4526 hmrcdem
1231 4486 1505 4540 quaerens;
1538 4480 1595 4527 ut
1623 4488 1742 4542 qua:
1768 4485 2043 4530 auctorem
2085 4501 2127 4556 ι)
2154 4482 2298 4553 quod
2322 4481 2370 4535 ei
2401 4487 2614 4535 constat
2634 4479 2859 4549 injnngi,
2891 4492 2945 4534 ct
2970 4481 3226 4549 pecunias
3254 4481 3496 4550 publicas
3526 4481 3736 4535 instan-

465 4571 791 4629 eognoverat
814 4561 1013 4627 dicere,
1042 4578 1138 4631 per
1158 4562 1317 4631 hujus
1343 4572 1527 4633 posset
1553 4564 1928 4620 similitudines
1955 4582 2050 4635 ap-

464 4652 714 4724 probare.
747 4650 878 4705 Nam
904 4653 1043 4706 sicut
1065 4644 1277 4719 indigna
1306 4653 1594 4722 posteritas
1619 4652 1806 4708 laudes
1842 4656 2049 4723 antiqui

462 4742 674 4812 generis
697 4740 943 4809 abnegat,
976 4741 1047 4793 ita
1076 4741 1331 4810 praeclara
1355 4741 1424 4796 de
1451 4742 1693 4811 patribus
1736 4745 1950 4812 egregie
1968 4744 2048 4798 di-

464 4845 549 4891 cta
574 4833 708 4907 [alii,
754 4828 917 4902 dona]
946 4830 1247 4886 conﬁrmat.
1280 4832 1556 4888 Creditum
1585 4843 1667 4888 est
1687 4833 1754 4888 de
1783 4835 1864 4889 bis
1886 4851 2047 4891 omne

463 4928 603 4998 quod
625 4925 836 4994 legitur,
868 4925 994 4979 dum
1039 4924 1304 4992 prmconia
1335 4932 1577 4979 veterum
1603 4940 1838 4994 praesens
1860 4926 2045 4981 docuit

462 5032 597 5073 vena
620 5017 872 5070 virtutum
906 5014 982 5083 (in
1011 5011 1261 5067 auditorii
1287 5011 1500 5068 oflicina
1523 5014 1856 5082 ingeniorum
1887 5016 2041 5072 llam-

461 5123 548 5162 ma
573 5105 886 5175 recalente).
913 5103 1007 5158 llis
1033 5102 1247 5172 quidem
1273 5104 1607 5160 lormabatur
1634 5107 1915 5176 exemplis,
1948 5107 2045 5163 sed

460 5196 769 5252 domesticis
787 5194 994 5250 felicius
1016 5192 1414 5262 producebatur
1444 5195 1700 5265 imperiis.
1754 5195 2043 5253 Subtracto

462 5286 603 5341 enim
635 5285 826 5341 solatio
855 5283 1108 5352 maritali,
1149 5300 1285 5339 onus
1313 5285 1531 5355 regendi
1585 5294 1757 5341 mater
1807 5287 2042 5357 gloriosa

462 5377 733 5448 suscepit:
761 5392 921 5446 quam
945 5392 1044 5431 nec
1070 5375 1247 5447 ampla
1274 5377 1579 5446 patrimonii
1622 5393 1769 5444 cura,
1814 5393 1915 5434 nec
1962 5387 2044 5434 tot

464 5468 691 5523 filiorum
723 5468 895 5538 potuit
925 5470 1141 5522 turbare
1179 5467 1445 5521 custodia.
1491 5467 1638 5522 Aluit
1668 5467 2033 5536 nutrimentis,

546 5664 683 5718 'ills.
743 5666 1008 5738 Aud.,g_ut
1061 5676 1177 5734 pote
1221 5683 1526 5738 magnarum
1577 5672 1765 5725 artium
1794 5672 2034 5737 disertus,

465 5740 647 5788 mentis
673 5736 1020 5805 penetralibus
1049 5738 1161 5798 plus
1190 5736 1428 5805 placeret.

2154 4583 2237 4630 ter
2264 4588 2505 4643 qumrcre
2524 4614 2538 4638 ,
2592 4588 2660 4626 ne
2688 4573 2985 4628 debitorem
3033 4573 3309 4641 neglectus
3337 4572 3531 4627 debeat
3560 4573 3736 4641 ingra-

2151 4682 2299 4721 vare.
2333 4666 2463 4720 Nam
2494 4667 2540 4720 si
2563 4665 2806 4720 remiseio
2834 4665 2884 4719 in
2906 4664 3359 4720 admonitionibus
3375 4666 3575 4732 veniat,
3605 4681 3731 4720 cuu-

2152 4766 2269 4812 etos
2297 4771 2517 4811 necesse
2540 4764 2622 4810 est
2652 4763 2709 4809 ut
2737 4764 3074 4825 contemptus
3098 4755 3353 4810 involvat.
3380 4755 3445 4809 Et
3472 4757 3743 4824 quodam-

2150 4848 2314 4903 modo
2340 4848 2577 4903 nascitur
2600 4847 2666 4901 de
2697 4848 2898 4917 pietate
2927 4847 3236 4915 crudelitas,
3262 4847 3306 4902 si
3326 4862 3487 4915 quem
3512 4850 3740 4918 negligis

2152 4938 2473 5005 admouere,
2526 4946 2713 5009 postea
2743 4939 2955 5007 cogaris
2982 4938 3215 5006 exigere.
3270 4936 3429 4992 Utilis
3475 4947 3561 4993 est
3607 4954 3739 5007 ergo

2151 5045 2279 5085 cura
2302 5030 2594 5100 praedicere
2611 5070 2626 5095 ,
2665 5030 2880 5099 quando
2910 5038 2965 5084 et
2993 5031 3207 5086 occasio
3235 5031 3571 5087 subtrahitur
3598 5033 3735 5089 deli-

2151 5120 2282 5184 ctis,
2313 5127 2369 5175 et
2406 5121 2556 5175 locus
2583 5134 2691 5175 non
2719 5119 2876 5175 datur
2899 5121 3113 5176 illicitis.
3146 5120 3485 5192 Quapropter
3514 5124 3737 5178 illustris

2151 5208 2249 5263 viri
2278 5210 2490 5265 comitis
2523 5224 2797 5264 sacrarum
2846 5211 3184 5279 largitionum
3212 5214 3558 5281 suggestione
3587 5230 3740 5270 com—

2149 5299 2406 5368 perimus,
2455 5300 2658 5368 pridem
2711 5301 2826 5367 tibi,
2874 5302 3168 5356 secundum
3217 5319 3424 5358 morem
3473 5314 3735 5373 veterem,

2150 5390 2487 5444 exactionem
2509 5390 2753 5445 binorum
2775 5401 2830 5445 et
2856 5401 3136 5447 ternorum.
3156 5392 3183 5431 δ
3216 5390 3379 5450 fuisse
3407 5394 3739 5465 delegantur.

2152 5477 2303 5535 Unde
2331 5487 2384 5534 te
2412 5479 2765 5549 pnesentibus
2793 5496 3198 5537 commonemus
3242 5480 3525 5547 affatibus,
3557 5495 3619 5539 ut
3648 5502 3749 5542 se-

2151 5740 2189 5796 Γ
2221 5668 2249 5710 δ
2280 5670 2536 5730 Diuorum
2560 5684 2614 5732 et
2636 5683 2911 5731 ternorum
2932 5678 3051 5733 vide
3075 5678 3209 5734 infra
3235 5677 3325 5734 lib.
3346 5694 3437 5753 vn,
3464 5682 3628 5737 form.
3658 5679 3752 5732 '30.

2192 5758 2315 5796 ous.

2192 5758 2315 5798 OilN.
