3988 6178
279 92 409 156 58Γ
1579 118 1868 173 vanum

1989 117 2188 172 LIBER
2226 118 2309 171 lll.

3468 132 3576 190 58':

274 211 506 271 cundum
529 218 884 279 canonicarite
900 222 1057 282 fidem
1079 235 1322 298 tempora
1349 227 1547 283 debeas
1577 232 1869 285 constituta
1902 237 1953 293 Λ
1978 238 2114 286 eteo
2138 246 2306 300 usque
2325 242 2600 303 prmstare,
2626 250 2732 305 quo
2758 252 2819 293 se
2844 248 3058 295 erectus
3074 245 3576 314 stupeatattigisse?

273 304 550 374 complere
582 323 595 360 :
623 324 693 364 ne
721 313 979 384 quidquid
1014 316 1279 386 dispendii
1308 318 1443 372 assis
1472 319 1716 387 publicus
1743 336 1865 373 sus-

273 395 513 461 tinuerit,
550 397 623 456 de
649 407 869 476 proprio
899 408 1181 465 exsolvere
1221 418 1279 464 tu
1308 412 1541 479 cogaris,
1572 427 1603 466 a
1632 429 1740 483 quo
1770 430 1868 470 nec

268 492 434 540 tanta:
455 485 688 556 jussioni
719 505 803 550 est
834 498 1016 554 habita
1046 500 1351 556 reverentia
1371 543 1385 563 .
1438 518 1540 557 nec
1585 502 1717 560 fides
1758 517 1867 562 sua:

272 587 659 656 promissionis
687 590 935 661 impleta.

844 723 1178 781 EPISTOLA
1209 724 1295 780 IX.

270 827 706 879 POSSESSORIBUS,
749 832 1139 872 DEPENSORIBUS
1186 835 1254 873 ET
1284 834 1594 875 CURULIBUS
1635 834 1871 874 ESTUNIS

573 900 1016 942 CONSISTBNTIBUS
1041 904 1408 944 THEODORICUS
1438 907 1541 944 REX
1550 930 1564 944 .

264 970 424 1028 lubet
452 984 511 1027 ut
536 975 808 1052 columnas
838 995 1154 1052 marmoreas
1193 980 1471 1052 ettapides
1508 982 1621 1034 sine
1661 998 1755 1035 usu
1776 983 1871 1052 ja-

362 1055 560 1111 centes‘,
590 1047 660 1099 ad
687 1047 863 1101 urbem
894 1046 1200 1103 Ravennam
1230 1046 1546 1104 devehendos
1577 1061 1775 1104 curent.

342 1133 616 1206 Propositi
654 1136 871 1207 quidem
914 1138 1086 1192 nostri
1131 1145 1215 1194 est
1244 1155 1381 1195 nova
1406 1147 1745 1207 construere,
1778 1140 1873 1195 sed

271 1229 506 1298 amplius
534 1237 748 1284 vetusta
793 1245 1012 1286 servare
1039 1248 1052 1284 :
1077 1231 1200 1300 quia
1232 1248 1341 1286 non
1364 1232 1629 1289 minorem
1656 1233 1872 1288 laudem

272 1317 340 1374 de
368 1320 626 1383 inventis,
675 1337 836 1391 quam
865 1321 931 1376 de
960 1322 1122 1376 rebus
1152 1338 1437 1392 possumus
1465 1325 1747 1393 acquirere
1775 1340 1869 1380 cu-

269 1409 505 1466 stoditis.
532 1410 771 1467 Proinde
800 1412 1058 1469 moderna
1080 1415 1199 1469 sine
1228 1416 1467 1484 priorum
1496 1416 1871 1472 imminutione

267 1501 639 1559 desideramus
690 1504 921 1573 erigere.
970 1505 1239 1575 Quidquid
1289 1507 1431 1560 enim
1484 1522 1582 1578 per
1634 1508 1869 1563 alienum

1977 323 2247 379 Beneficia
2276 325 2543 394 siquidem
2572 336 2728 394 sunt,
2780 346 2900 400 quae
2951 345 3115 400 regna
3160 336 3489 402 sublimant;
3521 346 3579 392 et

1978 414 2242 472 libertatis
2262 415 2511 471 dominus
2526 418 2729 489 jugiter
2749 428 2931 489 potest
2959 436 3225 488 crescere,
3256 426 3301 480 si
3328 428 3429 482 sibi
3449 427 3580 482 sub-

1974 504 2150 575 jectos
2180 507 2393 562 studeat
2426 509 2708 578 ampliare.
2761 510 2877 568 lloc
2906 517 3335 572 mansuetudinis
3377 527 3577 574 nostra:

1978 597 2217 667 glorioso
2256 601 2565 670 proposito,
2613 617 2773 671 quem
2803 606 2972 673 gratia
3002 609 3372 675 generalitatis
3399 612 3576 681 patrio

1979 688 2227 745 fovemus
2243 689 2460 760 alfectu,
2475 707 2572 761 per
2601 692 2948 751 indictionem
2966 708 3211 767 quartam
3244 701 3320 773 [id
3340 712 3415 755 est
3436 720 3575 759 anno

1980 778 2107 851 5H]
2143 781 2472 850 prtefecturae
2501 783 2718 839 urbana:
2749 787 2941 843 infulas
2971 790 3064 844 tibi
3093 792 3312 861 copiosa
3335 793 3576 848 liberali-

1979 879 2092 926 tate
2121 873 2396 942 largimur,
2431 884 2489 930 ut
2516 878 2754 946 paternis
2782 879 3080 938 honoribus
3108 886 3382 940 successio
3429 886 3574 942 clara

1979 964 2222 1029 laetetur,
2273 974 2327 1020 et
2365 968 2463 1022 sub
2495 969 2650 1024 nobis
2680 971 2851 1039 possit
2878 973 3143 1041 proﬁcere
3172 975 3432 1045 quidquid
3458 992 3575 1032 me-

1979 1055 2090 1108 ruit
2118 1055 2186 1109 ad
2216 1066 2400 1111 nostra
2430 1059 2624 1113 stecula
2655 1062 2957 1129 pervenire.
3001 1063 3364 1136 Circumspice
3395 1067 3577 1136 itaque

1978 1160 2141 1215 quam
2188 1162 2441 1216 magnum
2484 1150 2554 1205 sit
2601 1152 2909 1221 primordiis
2957 1154 3061 1211 tuis
3107 1172 3297 1219 canam
3348 1158 3575 1212 Romam

1977 1240 2218 1308 potuisse
2240 1242 2533 1309 committi;
2565 1251 2625 1297 ut
2647 1243 2697 1297 in
2728 1244 2820 1298 illo
2850 1244 3182 1315 amplissimo
3204 1257 3349 1305 cmtu
3374 1250 3576 1320 judicis

1979 1328 2213 1385 videaris
2236 1333 2475 1387 eminere
2500 1343 2773 1402 suggestu,
2800 1335 2888 1390 ubi
2911 1344 2995 1391 est
3022 1337 3268 1403 arduum,
3298 1344 3381 1396 vel
3401 1342 3575 1413 ipsum

1978 1419 2226 1474 obtinere
2253 1421 2563 1490 collegium.
2596 1424 2765 1479 Stude
2793 1440 2923 1494 ergo
2952 1435 3012 1482 ut
3037 1444 3067 1482 a
3097 1431 3303 1487 meritis
3334 1434 3439 1488 tuis
3461 1436 3578 1489 exi-

1976 1522 2105 1577 gere
2149 1512 2324 1581 possis
2367 1514 2512 1582 quod
2553 1530 2652 1569 nos
2691 1518 3007 1585 praistitisse
3036 1522 3338 1588 cognoscis.
3396 1523 3577 1581 Avara

269 1593 414 1647 venit
465 1595 901 1660 incommodum,
952 1606 1151 1651 nostra:
1192 1596 1415 1667 justitia:
1453 1615 1563 1655 non
1606 1601 1870 1670 probatur
1904 1620 1951 1679 Β
1978 1601 2119 1670 fuge,
2160 1601 2306 1670 justa
2349 1619 2599 1674 sequere,
2642 1608 2885 1663 modesta
2926 1610 3110 1679 dilige,
3156 1612 3415 1668 iracunda
3445 1631 3579 1670 con-

270 1693 575 1753 acccptum.
604 1685 662 1741 ln
695 1687 991 1758 municipio
1018 1689 1200 1758 itaque
1228 1700 1408 1745 vestro
1428 1691 1545 1747 sine
1570 1709 1667 1747 usu
1689 1693 1871 1763 jacere

268 1777 635 1845 comperimus
678 1778 958 1833 columnas
1005 1787 1062 1834 et
1102 1779 1308 1850 lapides
1353 1783 1642 1838 vetustatis
1671 1783 1869 1839 invidia

268 1864 577 1921 demolitus.
612 1866 676 1921 Et
695 1868 820 1938 quia
850 1868 1104 1924 indecore
1130 1870 1366 1940 jacentia
1395 1888 1613 1928 servare
1637 1874 1711 1927 nil
1738 1890 1867 1943 pro-

268 1952 397 2017 licit,
417 1953 489 2007 ad
504 1962 759 2009 ornatum
779 1956 981 2012 debent
997 1972 1215 2027 surgere
1232 1960 1547 2028 redivivum,
1576 1969 1867 2032 antequam

266 2043 515 2099 dolorem
539 2053 845 2102 monstrare
874 2063 942 2102 ex
973 2049 1234 2104 memoria
1258 2051 1675 2120 pmcedentium
1698 2068 1869 2108 saecu-

266 2133 461 2189 lorum.
490 2134 671 2206 Atque
712 2137 837 2192 ideo
868 2140 1119 2208 praesenti
1151 2142 1476 2196 auctoritate
1504 2141 1863 2209 decernimus,

267 2233 339 2290 ut,
370 2227 417 2280 si
436 2242 570 2281 vera
597 2227 728 2283 fides
757 2236 839 2284 est
868 2231 1289 2299 suggerentium,
1311 2248 1410 2287 nec
1433 2232 1634 2303 aliquid
1651 2234 1867 2303 publico

268 2331 406 2372 nunc
438 2319 659 2372 ornatui
690 2318 953 2389 probatur
980 2322 1420 2389 accommodum,
1468 2337 1629 2392 supra
1660 2338 1868 2378 memo-

268 2417 409 2463 ratas
436 2409 729 2479 platomas,
762 2412 845 2465 vel
875 2412 1155 2468 columnas
1181 2413 1248 2468 ad
1280 2413 1648 2469 Ravennatem
1678 2415 1866 2469 civita-

268 2507 373 2553 tem
402 2501 696 2555 contradat
743 2501 859 2574 (ed.
889 2500 1011 2557 Niv.
1043 2512 1092 2557 et
1122 2501 1273 2559 Gam.
1294 2546 1310 2571 ,
1342 2502 1660 2574 contrahat]
1700 2504 1872 2560 modis

264 2592 519 2647 omnibus
541 2591 885 2647 develtendas
910 2610 923 2659 ;
958 2603 1015 2648 ut
1041 2594 1293 2664 collapsis
1323 2593 1555 2649 metallis
1582 2594 1869 2650 obliterata

262 2679 431 2737 facies
448 2682 719 2737 reddatur
743 2683 940 2738 iter-mn
966 2685 1039 2740 de
1064 2694 1183 2739 arte
1206 2684 1611 2757 pulcherrima;
1657 2692 1713 2739 et
1750 2699 1870 2755 quae

266 2775 369 2829 situ
392 2773 613 2830 fuerant
640 2775 869 2831 obscura
891 2817 905 2841 ,
940 2775 1145 2846 antiqui
1177 2776 1369 2831 nitoris
1398 2775 1606 2846 possint
1628 2775 1871 2845 recipere

268 2867 611 2937 qualitatem.

842 3000 1175 3057 EPISTOLA
1205 3001 1270 3055 X.

317 3110 496 3150 FESTO
531 3109 657 3149 “R0
693 3109 956 3160 ILLUSTRI,
991 3110 1254 3161 PATRICIO,
1289 3109 1657 3150 THE-ODORICUS
1684 3111 1811 3149 REX.

266 3184 419 3239 lubet
470 3194 528 3237 ut
557 3200 822 3239 marmora
857 3202 886 3239 e
913 3186 1065 3239 domo
1109 3183 1368 3239 Pinciana
1408 3185 1463 3238 in
1513 3184 1869 3239 Ravennatem

545 3255 721 3308 urbem
749 3270 839 3325 per
878 3255 1233 3309 catabulenses
1264 3255 1585 3325 deferantur.

333 3349 506 3404 Decet
535 3347 877 3419 prudentiam
910 3359 1146 3402 vestram
1175 3347 1227 3401 in
1264 3347 1522 3415 augendis
1546 3345 1761 3402 fabricis
1785 3362 1870 3402 re-

264 3441 475 3510 galibus
496 3440 877 3509 obtemperare
905 3438 1200 3509 dispositis,
1233 3437 1357 3506 quia
1386 3436 1705 3491 nobilissimi
1735 3436 1869 3491 civis

266 3538 347 3584 est
382 3529 580 3600 patria:
620 3543 731 3582 sua:
760 3537 1047 3596 augmenta
1070 3526 1342 3595 cogitare,
1374 3525 1609 3579 maxime
1649 3539 1769 3579 cum
1799 3525 1871 3578 sit

267 3619 430 3676 studii
463 3619 634 3674 nostri
654 3618 741 3673 illa
766 3618 1081 3685 decernere,
1106 3617 1301 3687 quibus
1328 3629 1551 3673 cunctos
1580 3624 1767 3672 notum
1789 3626 1873 3673 est

273 3715 388 3768 sine
418 3713 536 3767 suis
564 3711 863 3782 dispendiis
887 3711 1129 3768 obedire.
1161 3710 1337 3780 Atque
1365 3710 1486 3765 ideo
1517 3710 1871 3779 magnitudini

271 3814 371 3859 tua:
400 3804 656 3874 praesenti
698 3803 1068 3858 admonitione
1110 3802 1449 3858 declaramus
1495 3811 1554 3856 ut
1597 3817 1868 3857 marmora

269 3912 385 3966 quae
407 3896 478 3950 de
499 3895 663 3949 domo
689 3893 946 3949 Pinciana
979 3894 1082 3967 [ed.
1104 3892 1226 3947 Νἱΰ.
1254 3906 1302 3947 et
1325 3891 1504 3960 Gam.,
1533 3891 1869 3966 Pinciniana]

270 3993 487 4041 constat
532 3999 655 4039 esse
689 3984 955 4055 deposita,
1008 3984 1072 4037 ad
1118 3982 1486 4037 Ravennatem
1536 3984 1719 4037 urbem
1770 3999 1868 4053 per

272 4078 652 4133 catabulenses
685 4087 711 4114 λ
752 4086 931 4133 vestra
981 4076 1323 4131 ordinatione
1361 4075 1678 4143 dirigantur.
1727 4074 1866 4132 Sub-

271 4179 485 4226 vectum
513 4184 647 4223 vero
676 4167 970 4223 direximus
993 4168 1061 4222 de
1083 4166 1354 4237 pnesenti,
1379 4181 1447 4220 ne
1474 4175 1568 4221 aut
1588 4181 1739 4223 mora
1767 4183 1867 4223 no-

272 4265 394 4319 stris
421 4261 856 4317 ordinationibus
886 4261 1220 4332 proveniret,
1240 4266 1333 4314 aut
1360 4258 1668 4315 laborantes
1688 4258 1868 4327 aliqua

272 4352 598 4409 detrimenta
626 4351 911 4406 sentirent.

776 4485 887 4556 ω,
916 4481 1251 4540 EPISTOLA
1274 4481 1364 4537 XI.

278 4592 542 4634 Λιοοιιεο
565 4590 685 4631 γιηο
700 4591 960 4641 l'.LUSTRI,
987 4590 1281 4630 PR£FECTO
1304 4586 1472 4638 URBIS,
1503 4588 1873 4629 THEODORICUS

1009 4662 1137 4701 REX.

278 4736 604 4807 I’rwfectura
629 4736 830 4791 urbana
856 4737 937 4807 illi
975 4738 1270 4807 confertur,
1298 4745 1348 4807 et
1375 4735 1632 4806 praeclara
1660 4736 1730 4790 ad
1754 4751 1870 4807 eam

344 4805 654 4879 dignitatem
697 4806 1029 4862 laudabiliter
1056 4805 1394 4860 exercendam
1423 4808 1621 4862 monita
1651 4806 1869 4860 tradun-

347 4891 449 4932 tur.

345 4971 615 5042 Optamus
658 4979 911 5027 cunctum
941 4968 1081 5024 diem
1112 4968 1332 5039 plenum
1362 4965 1638 5025 beneﬁciis
1674 4968 1872 5024 nostris

278 5078 591 5130 excurrere,
639 5070 888 5133 optamus
916 5060 1112 5129 ubique
1143 5061 1381 5129 prtestita
1416 5069 1598 5115 nostra
1636 5059 1871 5126 radiare,

278 5158 400 5225 quia
432 5158 487 5210 in
515 5172 691 5211 :evum
722 5155 853 5210 vivit
880 5153 1024 5223 quod
1055 5152 1420 5208 munificentia
1451 5152 1760 5222 principalis
1790 5154 1871 5207 in-

278 5247 521 5303 dulserit.
544 5246 683 5315 Quid
705 5246 849 5302 enim
873 5255 980 5299 tam
1008 5244 1215 5313 regium
1233 5258 1392 5312 quam
1424 5243 1613 5299 fecisse
1636 5243 1867 5307 felicem,

355 5500 377 5525 "
414 5489 546 5543 \‘iile
572 5489 703 5543 Cod.
731 5487 935 5541 Tlicod.
972 5486 1059 5538 lib.
1091 5502 1197 5549 Ἢν,
1233 5486 1311 5541 tit.
1337 5486 1400 5544 5;
1432 5493 1485 5538 ct
1510 5483 1640 5537 infra
1669 5484 1758 5537 lib.
1791 5499 1864 5543 tv,

287 5577 371 5628 ep.
430 5560 514 5610 47.
568 5561 655 5613 Sic
694 5559 869 5612 dictos
917 5558 1103 5636 accipe
1154 5574 1182 5611 a
1227 5556 1508 5636 (ηλιειιηειρ,
1568 5555 1869 5636 ίμμυάλρτίιι

294 5627 555 5687 stabulum
580 5630 941 5700 jumentoruxn
966 5627 1187 5697 publica:
1211 5627 1862 5690 utilitatiinscrvieutium,

1981 1698 2179 1747 temne.
2213 1692 2351 1761 Quid
2381 1697 2486 1750 erit
2511 1699 2728 1753 suavius
2759 1715 2921 1769 quam
2949 1701 3002 1756 in
3034 1702 3122 1756 illa
3156 1703 3312 1758 turba
3338 1721 3579 1761 summo-

1976 1795 2095 1835 rum
2126 1783 2306 1838 nobile
2328 1786 2616 1853 protulisse
2643 1786 2926 1857 judicium,
2979 1791 3070 1846 ubi
3102 1799 3184 1847 tot
3224 1794 3576 1862 patriciorum

1976 1874 2141 1927 corda
2169 1885 2534 1944 provocantur
2574 1878 2641 1932 ad
2685 1880 2935 1948 gratiam,
2987 1881 3078 1937 ubi
3125 1883 3327 1939 bonum
3374 1884 3576 1942 factum

1975 1962 2281 2018 celebratur
2309 1982 2404 2020 ore
2441 1968 2790 2037 sapientum?
2842 1970 3128 2043 Nunquam
3179 1975 3386 2043 majore
3419 1976 3578 2033 laude

1974 2052 2143 2108 virtus
2171 2056 2309 2125 [Ac.,
2331 2055 2566 2127 virtutis]
2597 2059 2792 2127 agitur,
2824 2076 2987 2131 quam
3014 2062 3060 2117 si
3089 2071 3238 2119 recte
3262 2064 3436 2119 Roma
3466 2074 3578 2121 tra-

1974 2151 2168 2198 ctetur.
2215 2144 2360 2211 Quas
2387 2146 2601 2202 divitias
2629 2151 2865 2206 aestimes
2895 2153 3135 2223 aptiores
3166 2169 3329 2224 quam
3358 2156 3412 2210 in
3442 2172 3577 2212 ocu-

1976 2236 2042 2290 lis
2070 2248 2290 2292 senatus
2320 2241 2669 2296 conscientia:
2697 2244 2992 2313 pretiosam
3022 2261 3213 2317 gerere
3260 2249 3571 2318 puritatem,

1976 2337 2032 2382 et
2078 2338 2202 2383 ante
2253 2331 2426 2400 ipsum
2471 2333 2738 2390 libertatis
2788 2338 3052 2404 gremium
3086 2339 3246 2393 nullis
3283 2340 3428 2394 vitiis
3454 2356 3577 2397 esse

1975 2420 2293 2488 captivum?
2345 2421 2622 2489 Videmus,
2676 2426 2868 2496 reliqui
2900 2427 3074 2485 fasces
3101 2446 3205 2500 qua
3241 2432 3412 2499 gloria
3442 2449 3575 2488 cen—

1978 2521 2219 2567 seantur.
2255 2513 2504 2571 Urbanus
2535 2519 2732 2586 prmsul
2760 2520 2993 2588 dignitas
3021 2532 3105 2578 est
3132 2524 3420 2579 bonorum.
3457 2524 3574 2581 Non

1976 2604 2179 2672 patitur
2204 2605 2424 2661 claritas
2454 2606 2543 2660 illa
2586 2610 2943 2677 committere,
2978 2613 3122 2681 quod
3162 2616 3332 2684 possit
3378 2618 3575 2674 nobilis

1979 2691 2136 2745 turba
2169 2693 2399 2748 nescire.
2447 2693 2679 2750 Locatus
2708 2698 2761 2751 in
2805 2697 3042 2753 medium
3072 2710 3390 2759 cunctorum
3418 2706 3485 2760 ad
3514 2722 3575 2762 se

1981 2784 2145 2839 trahit
2169 2796 2448 2856 aspectum
2474 2830 2489 2858 ,
2537 2798 2592 2844 et
2635 2792 2797 2845 totius
2828 2793 2951 2847 vita:
2984 2793 3240 2863 judicium
3269 2800 3576 2870 promulgat

1974 2875 2115 2932 fama
2147 2880 2491 2949 populorum.
2525 2879 2651 2937 Haec
2680 2892 2735 2938 te
2763 2891 2818 2939 et
2846 2885 3027 2940 animo
3056 2888 3360 2959 concipere,
3393 2900 3449 2945 et
3487 2908 3576 2947 re-

1972 2969 2074 3025 bus
2097 2971 2439 3029 evidentibus
2469 2975 2763 3045 explicare,
2794 2977 3053 3033 credibile
3076 2980 3216 3050 apud
3246 2997 3345 3036 nos
3370 2981 3575 3038 faciunt

1978 3064 2153 3119 studia
2177 3065 2477 3121 litterarum
2512 3085 2524 3120 :
2558 3068 2645 3122 ubi
2670 3071 2968 3137 cognovisti
2997 3086 3158 3127 omne
3184 3073 3330 3142 quod
3359 3074 3570 3140 deceat,

1977 3164 2032 3211 et
2060 3156 2126 3211 ad
2157 3173 2313 3211 usum
2344 3159 2467 3213 vita:
2495 3160 2746 3228 gloriosa:
2776 3162 3036 3226 animum,
3081 3163 3366 3219 doctorum
3414 3165 3576 3221 nimi-

1975 3260 2095 3299 rum
2128 3245 2493 3312 institutione,
2529 3246 2793 3303 formasti.
2825 3249 3015 3319 Fugiat
3043 3267 3174 3320 ergo
3204 3253 3451 3308 doctrina
3475 3256 3573 3309 de-

1973 3334 2178 3389 lictum.
2210 3334 2460 3392 indocilis
2488 3345 2572 3392 est
2599 3339 2763 3392 animi
2794 3340 2860 3394 ad
2889 3341 3014 3395 vitia
3046 3343 3204 3396 trahi.
3256 3342 3575 3402 Aidilicatus

1976 3427 2128 3483 libris
2177 3428 2356 3484 locum
2407 3445 2513 3484 non
2561 3431 2816 3503 relinquit
2857 3432 3109 3501 injuriis:
3156 3434 3242 3489 ubi
3283 3436 3336 3489 in
3374 3437 3576 3494 teneris

1975 3522 2132 3577 annis
2178 3522 2495 3591 acquiritur,
2540 3523 2685 3593 quod
2733 3537 2944 3579 matura
2975 3535 3135 3581 aetate
3178 3537 3441 3583 servetur.
3493 3529 3575 3585 Ad

1975 3612 2245 3667 tramitem
2280 3614 2418 3667 recti
2448 3614 2734 3669 hortentur
2778 3623 2829 3671 te
2859 3624 3074 3672 tuorum
3105 3617 3243 3673 facta
3275 3619 3570 3685 seniorum,

1974 3704 2267 3760 admoneat
2314 3705 2564 3762 lectionis
2594 3708 2918 3776 auctoritas,
2967 3710 3160 3766 deinde
3183 3710 3370 3779 judicii
3403 3713 3574 3768 nostri

1976 3795 2174 3851 electio
2204 3796 2438 3865 gloriosa
2469 3814 2482 3865 ;
2523 3807 2585 3853 ut
2612 3799 2819 3869 majora
2851 3800 2918 3855 de
2950 3802 3103 3857 nobis
3131 3818 3344 3859 sumere
3374 3805 3569 3875 possis,

1975 3900 2098 3941 cum
2128 3896 2182 3943 te
2208 3902 2271 3943 ea
2298 3902 2418 3957 qua:
2449 3890 2818 3945 commisimus
2845 3891 3068 3962 implere
3096 3896 3435 3962 cognoveris.

2547 4000 2885 4059 EPISTOLA
2907 4004 3021 4061 ΧΠ.

2202 4109 2429 4150 SENATUI
2457 4111 2608 4151 URBIS
2638 4112 2794 4151 ΒΟΜᾹΞ
2827 4114 3192 4158 THEODORICUS
3219 4119 3345 4158 REX.

1975 4184 2273 4259 Argolicum
2302 4202 2417 4237 cum
2447 4186 2746 4259 parentibus
2780 4189 2954 4242 multis
2984 4191 3223 4245 laudibus
3251 4199 3492 4259 exornet,
3524 4204 3574 4247 et

2048 4253 2390 4331 approbatum
2408 4271 2441 4306 a
2458 4267 2641 4308 senatu
2664 4257 2775 4326 ejus
2800 4259 2853 4310 in
2876 4263 3176 4331 prwfectum
3204 4264 3344 4315 urbis
3366 4253 3573 4317 eiectio-

2047 4340 2165 4377 nem
2185 4326 2346 4394 capit.

1897 4407 1951 4465 D
2048 4414 2324 4482 Amamus,
2357 4413 2545 4472 Patres
2573 4415 2900 4487 Conscripti,
2932 4418 3223 4487 dignitates
3254 4424 3482 4479 eximias
3505 4425 3574 4480 de

1972 4515 2159 4563 nostra
2190 4507 2523 4577 benignitate
2573 4519 2877 4568 nascentes.
2928 4511 3132 4569 Publici
3173 4517 3315 4570 enim
3362 4516 3573 4573 decoris

1974 4607 2149 4654 mater
2176 4608 2263 4654 est
2288 4614 2439 4655 mens
2469 4602 2745 4670 regentis:
2790 4609 2844 4656 et
2865 4604 3023 4672 quale
3061 4604 3220 4661 fuerit
3247 4608 3575 4663 dominantis

1975 4690 2274 4756 arbitrium,
2307 4691 2470 4747 talem
2516 4692 2659 4762 parit
2698 4693 2963 4749 libertatis
2990 4707 3288 4766 aspectum.
3341 4697 3572 4753 Facilius

1975 4788 2060 4838 est
2087 4783 2306 4853 quippe,
2339 4782 2385 4837 si
2411 4782 2592 4839 dicere
2622 4784 2701 4839 fas
2730 4792 2842 4851 est,
2883 4801 3067 4841 errare
3095 4795 3362 4853 naturam,
3407 4801 3570 4856 quam

1974 4871 2292 4930 dissimilem
2320 4874 2406 4929 sui
2429 4875 2679 4946 princeps
2707 4876 2878 4946 possit
2908 4875 3141 4931 formare
3167 4879 3413 4946 rempub.
3436 4877 3569 4935 Hinc

1976 4971 2061 5017 est
2095 4962 2243 5034 quod
2269 4964 2533 5033 cupimus,
2564 4973 2624 5018 ut
2652 4966 2926 5035 perpetuis
2952 4966 3243 5019 honoribus
3274 4965 3520 5033 fulgentis
3541 5012 3556 5036 ,

1975 5058 2099 5128 quia
2134 5057 2393 5128 quidquid
2420 5057 2487 5113 de
2516 5058 2671 5113 vobis
2718 5058 2858 5113 fama
2888 5059 3145 5128 loquitur,
3191 5060 3391 5117 nostris
3418 5061 3571 5116 insti-

1979 5150 2279 5206 tutionibus
2307 5150 2625 5221 applicatur.
2663 5150 2794 5204 Nam
2828 5165 2952 5205 cum
2984 5151 3163 5205 omnia
3186 5151 3332 5206 celsa
3359 5167 3568 5209 merea-

1981 5233 2133 5307 niini,
2163 5249 2402 5295 nostram
2434 5239 2686 5295 invidiam
2716 5241 2903 5310 tangit,
2936 5241 2981 5295 si
3009 5241 3137 5310 quid
3158 5242 3312 5298 vobis
3342 5242 3571 5301 fortasse

1977 5489 2035 5535 ut
2055 5478 2610 5552 indicatiocusprisci
2637 5483 2871 5535 auctoris
2896 5481 2962 5535 de
2977 5481 3318 5552 pontificibus
3334 5481 3571 5539 Roman.

1979 5553 2029 5629 in
2082 5550 2188 5604 vita
2224 5548 2464 5629 Marcelli
2518 5552 2858 5629 νίψω-,ξιμιὰ
2904 5548 3193 5629 Raroniutn
3225 5554 3283 5609 in
3326 5554 3470 5611 notis
3501 5553 3570 5610 ad

1978 5619 2259 5691 Martyrol.
2295 5620 2524 5676 Roman.
2552 5619 2637 5678 die
2668 5622 2730 5676 lii
2756 5619 2874 5677 Jan.
2910 5621 3101 5681 JL’BL'l‘.
