3988 6178
373 298 482 356 58’:

372 508 631 563 illustrem
646 508 954 575 Argolicum
979 507 1309 577 pncfectum:
1330 505 1549 559 urbana:
1569 503 1829 572 dignitate
1848 517 1969 571 pro-

371 616 681 665 movemus;
714 609 774 654 ut
801 608 854 654 et
878 599 968 653 ille
999 608 1264 670 augeatur
1293 596 1545 660 fascibus,
1578 606 1634 651 et
1656 595 1810 650 vobis
1831 593 1967 647 tanti

365 691 563 762 judicis
581 690 799 744 minime
822 691 1175 745 subtrahatur
1195 699 1439 744 ornatus.
1463 687 1625 743 Scitis
1648 686 1810 748 enim,
1826 698 1969 753 saepe

373 801 440 838 ex
457 783 560 837 hac
583 781 784 835 familia
809 782 951 836 viros
974 781 1235 835 enituisse
1253 779 1569 850 praecipuos.
1589 773 1968 831 Recordamini

372 872 615 945 provecti
669 888 828 927 avum
877 871 1103 942 perfecti
1158 871 1426 939 dogmatis
1465 871 1674 924 honore
1716 868 1966 932 ditatum,

374 964 529 1036 cujus
551 964 824 1019 innoxiam
838 962 965 1035 [ed.,
983 961 1298 1032 maximam]
1318 959 1620 1016 facundiam
1640 957 1754 1013 fora
1777 959 1968 1011 mirata

373 1065 519 1111 sunt.
553 1054 768 1111 Studuit
809 1069 958 1119 vero,
1003 1069 1125 1108 cum
1168 1052 1466 1107 abundaret
1499 1050 1740 1119 eloquio,
1766 1048 1964 1113 sciens,

373 1146 586 1202 dicendi
616 1147 849 1216 peritum
893 1144 1093 1199 debere
1120 1158 1239 1199 esse
1268 1143 1504 1213 puritate
1532 1141 1884 1211 conspicuum
1910 1149 1965 1193 ⁸.

373 1238 470 1295 llis
500 1239 705 1294 meritis
735 1238 803 1292 ad
832 1238 1098 1293 bonorum
1128 1239 1272 1291 celsa
1304 1235 1628 1306 perductus,
1660 1234 1976 1303 largitiones

373 1346 555 1386 sacras
576 1328 678 1383 lida
699 1329 940 1399 protexit
968 1326 1240 1395 custodia,
1259 1326 1488 1395 implens
1509 1326 1675 1381 etiam
1705 1324 1972 1392 doctrina,

374 1437 538 1492 quam
560 1420 1199 1492 susceperat‘magisterii
1229 1419 1547 1490 dignitatem
1571 1418 1598 1457 δ
1621 1438 1633 1472 :
1654 1419 1727 1473 ita
1750 1419 1803 1473 in
1825 1427 1980 1473 utro-

375 1528 480 1583 que
510 1513 786 1579 laudatus,
839 1521 899 1566 ut
943 1512 997 1566 in
1042 1512 1267 1580 singulis
1294 1511 1609 1565 crederetur
1637 1526 1756 1565 esse
1784 1510 1975 1581 prteei-

373 1620 531 1675 puus.
566 1603 787 1659 Accedit
815 1605 977 1659 etiam
1008 1602 1250 1675 provecti
1281 1602 1647 1658 nobilissimus
1675 1610 1848 1672 pater,
1881 1600 1974 1671 qui

374 1695 643 1750 eomitiva:
671 1696 998 1765 privatarum
1041 1693 1235 1749 infulas
1277 1693 1476 1748 nullius
1524 1694 1835 1749 acerbitate
1884 1708 1979 1748 ca-

1619 301 1689 353 BI.
1733 296 2009 352 AURELII
2049 296 2447 354 CASSIODORI

371 417 623 473 defuerit.
657 416 909 483 Proinde,
941 417 1089 488 quod
1116 416 1363 473 felicibus
1391 415 1668 470 sanciatur
1693 413 1967 483 auspiciis!
1998 422 2047 479 Λ

3547 292 3650 351 584

2619 415 2945 471 EPISTOLA
2974 414 3086 471 XIV
3098 457 3110 470 .

2072 524 2317 563 AURIGENI
2344 524 2467 563 νιειο
2493 524 2826 572 VENERABILI,
2845 524 3111 573 EPISCOI’O,
3136 520 3502 561 TIIEODOIIICUS
3533 520 3660 559 REX.

2075 597 2269 670 Scribit
2296 599 2566 652 lulianum
2596 599 2838 670 conqueri
2865 615 3081 652 uxorem
3100 614 3268 670 suam,
3292 596 3372 670 vel
3391 612 3473 649 res
3493 612 3525 670 ᾳ
3551 594 3668 649 sub-

2144 669 2267 723 ditis
2288 671 2514 738 episwpi
2544 666 3046 739 fuisse'subtractas;
3068 677 3117 720 et
3139 669 3304 737 jubet,
3329 668 3374 719 si
3398 666 3552 719 modo
3581 681 3667 719 res

2142 742 2220 794 ita
2247 755 2302 793 se
2330 739 2585 803 habuerit,
2618 747 2673 792 ut
2704 755 2821 793 reus
2843 740 3221 810 quamprimum
3241 739 3520 807 plectatur.

2147 850 2408 918 Quamvis
2444 851 2649 922 judicio
2673 862 2855 909 vestro
2892 851 3178 906 credamus
3211 851 3391 905 omnia
3425 849 3666 905 facinora

2076 943 2380 1014 displicere,
2415 944 2648 998 maxime
2670 958 2700 997 a
2730 943 2881 998 vobis
2923 942 3243 998 conﬁdimus
3272 940 3667 997 exsecrandum

2079 1036 2199 1108 [ms.
2231 1037 2393 1103 Aud.,
2428 1037 2851 1108 obsecrandmn]
2898 1038 3042 1108 quod
3085 1037 3410 1092 matrimonii
3439 1037 3667 1107 genialis

2077 1130 2356 1201 impugnat
2379 1130 2651 1186 allectum.
2686 1122 2893 1198 Quibus
2920 1132 3064 1186 enim
3095 1133 3290 1190 animis
3318 1148 3349 1187 a
3377 1132 3666 1189 continen-

2077 1222 2221 1278 tibus
2262 1223 2542 1293 accipitur,
2594 1223 2739 1294 quod
2785 1224 2950 1278 etiam
2996 1223 3259 1279 laicorum
3304 1219 3666 1280 detestatione

2077 1315 2398 1370 damnatur?
2418 1314 2662 1371 Julianus
2686 1317 2865 1385 itaque
2895 1317 3050 1372 nobis
3074 1317 3403 1390 lacrymabili
3426 1318 3665 1374 aditione

2079 1414 2409 1476 conquestus
2451 1415 2551 1474 est,
2582 1422 2806 1463 uxorem
2834 1422 3010 1474 suam,
3050 1409 3135 1464 vel
3166 1424 3253 1463 res
3287 1424 3316 1463 a
3348 1410 3537 1464 vestris
3564 1410 3669 1463 ho-

2077 1497 2309 1552 minibus
2331 1497 2524 1569 injusta
2553 1499 2900 1568 usurpatione
2928 1514 3198 1568 pervasas.
3236 1498 3383 1556 Unde
3414 1502 3456 1556 si
3480 1516 3666 1556 veram

2077 1591 2395 1662 petitionem
2419 1591 2772 1661 supplicantis
2800 1591 3110 1659 agnoscitis,
3155 1607 3256 1648 nec
3282 1608 3342 1648 se
3370 1594 3666 1649 rationabi-

2076 1684 2203 1739 liter
2217 1683 2459 1754 pulsatus
2480 1683 2732 1748 absolvit,
2756 1684 2809 1737 in
2822 1691 3099 1739 auctorem
3122 1682 3244 1739 facti
3265 1683 3383 1741 sine
3412 1686 3665 1742 tarditate

374 1786 593 1841 lumnia:
633 1785 971 1857 profanavit,
1038 1785 1131 1856 qui
1171 1783 1431 1840 aﬂ'ectans
1471 1784 1626 1839 fama:
1663 1783 1970 1850 commoda,

2085 1776 2255 1847 aliqua
2283 1783 2545 1831 resecate.
2577 1774 2775 1828 Malum
2803 1774 2947 1830 enim
2976 1790 3100 1830 cum
3125 1784 3471 1846 perseverat,
3504 1791 3665 1847 auge-

376 1877 618 1947 pecunia:
648 1876 885 1945 neglexit
910 1882 1231 1946 augmenta;
1259 1882 1334 1939 et,
1366 1873 1512 1943 quod
1542 1888 1725 1928 rarum
1755 1873 1969 1929 virtutis

375 1966 684 2036 exemplum
714 1975 830 2035 est,
875 1966 959 2021 bis
988 1966 1100 2034 egit
1127 1981 1187 2020 se
1217 1966 1553 2036 temporibus
1572 1965 1966 2034 continentem,

375 2055 571 2125 quibus
598 2056 802 2112 crimen
847 2057 1074 2113 avaritia
1101 2072 1209 2112 non
1241 2056 1494 2112 habebat.
1530 2055 1796 2128 Principis
1824 2055 1969 2111 enim

374 2151 714 2221 propositum
748 2150 896 2217 facit,
946 2159 1041 2206 aut
1097 2149 1621 2221 negligerejudices,
1655 2156 1747 2204 aut
1786 2163 1970 2205 amare

378 2243 621 2298 virtutes.
672 2242 775 2298 Tot
818 2232 981 2312 igitur
1008 2243 1233 2312 originis
1270 2243 1596 2298 documenta
1638 2241 1975 2313 praemittens

375 2332 503 2406 [ed.,
524 2332 886 2404 promittens],
913 2333 1195 2389 credamus
1217 2335 1360 2388 bona
1383 2332 1449 2387 de
1478 2332 1644 2387 nobili
1670 2348 1682 2385 :
1710 2332 1836 2402 quia
1857 2331 1969 2385 lau-

375 2424 568 2480 dabilis
589 2441 726 2480 vena
756 2434 939 2481 servat
965 2426 1248 2494 originem,
1271 2434 1327 2480 et
1348 2423 1578 2479 ﬁdeliter
1596 2423 1829 2494 posteris
1858 2430 1971 2478 tra-

376 2513 492 2580 dit,
542 2528 662 2582 quzn
712 2514 767 2568 in
813 2529 872 2568 se
918 2515 1152 2583 gloriosa
1193 2514 1602 2569 transmissione
1648 2513 1969 2584 promeruit.

376 2603 578 2659 Favete
605 2618 766 2674 ergo,
801 2604 860 2658 P.
893 2604 953 2658 C.
974 2644 988 2668 ,
1021 2606 1218 2660 vestris
1247 2604 1598 2673 dignitatibus
1626 2613 1970 2673 consecrato,

379 2705 437 2751 ut
462 2695 528 2750 ad
558 2692 765 2765 majora
797 2698 1051 2753 virtutum
1083 2698 1351 2753 desideria
1393 2698 1681 2754 coneitetis
1706 2714 1845 2769 quos
1873 2711 1975 2754 nos

378 2802 659 2843 munerum
691 2787 865 2861 [msa.,
901 2788 1174 2860 nimirum]
1210 2805 1571 2860 provocamus
1600 2788 1885 2860 exemplis.

921 2920 1257 2977 EPISTOLA
1286 2921 1422 2977 XIII.

529 3029 824 3071 SUNIIIVADO
853 3031 978 3071 VIIIO
1002 3031 1261 3070 SENATORI
1293 3030 1659 3070 THEODOBICUS
1686 3031 1812 3070 REX.

381 3106 538 3164 Illum
558 3109 761 3174 laudat,
790 3120 838 3162 et
856 3108 1003 3180 jubet
1024 3119 1083 3181 ut
1101 3118 1239 3181 petat
1264 3108 1557 3173 Samnium,
1575 3109 1757 3181 jurgia
1775 3107 1968 3163 Roma-

701 3197 883 3234 norum
904 3197 1019 3233 cum
1047 3180 1229 3234 Cottiis
1253 3183 1650 3251 compositurus.

455 3291 720 3345 Labnrmn
756 3301 967 3347 tuorum
992 3294 1150 3361 longa
1178 3294 1419 3359 srrvitia,
1453 3302 1508 3348 et
1537 3292 1829 3363 explorata:
1851 3289 1975 3346 ﬁdei

382 3385 549 3439 multa
575 3385 896 3440 documenta
919 3385 1022 3440 hoc
1051 3386 1207 3439 nobis
1229 3384 1490 3454 judicium
1523 3384 1764 3449 tradmit,
1797 3394 1855 3439 ut
1883 3383 1975 3454 qui

383 3483 504 3530 tuos
530 3474 742 3530 animos
771 3476 1079 3529 moderatus
1108 3490 1187 3540 es,
1216 3491 1358 3530 nune
1386 3475 1494 3547 45
1518 3475 1708 3529 alienis
1735 3475 1977 3529 moribus

382 3566 724 3636 prmferaris;
766 3575 820 3621 et
850 3575 1074 3636 prtestes
1104 3566 1248 3637 imm,
1281 3566 1442 3629 Aud.,
1476 3564 1656 3636 pares]
1687 3566 1978 3635 provinciae

382 3656 741 3726 disciplinam,
792 3659 885 3726 qui
930 3657 1169 3727 privatus
1217 3657 1410 3712 amasti
1465 3658 1876 3713 continentiam.
1926 3657 1978 3713 Is

383 3748 526 3803 enim
559 3758 741 3819 potest
781 3750 917 3805 alios
965 3750 1106 3804 bene
1136 3763 1352 3818 regere,
1403 3750 1494 3818 qui
1539 3764 1599 3804 se
1645 3748 1849 3803 studuit
1877 3750 1977 3806 sub

383 3838 583 3895 decore
628 3847 879 3895 tractare.
939 3838 1305 3893 Samnitarum
1355 3839 1537 3908 itaque
1585 3838 1978 3907 supplicatione

384 3929 640 3997 permoti,
674 3928 778 3983 hoc
805 3928 1046 3983 remedio
1074 3929 1346 3984 credimus
1378 3928 1749 3983 laborantibus
1781 3922 1980 3984 subve-

386 4018 519 4084 niri,
560 4019 606 4073 si
652 4018 1107 4087 spectabilitatem
1140 4028 1285 4072 tuam
1311 4018 1625 4087 juberemus
1654 4019 1723 4074 ad
1750 4020 1980 4075 linienda

382 4109 557 4179 iurgia
584 4108 722 4183 [atii,
757 4111 1017 4165 sumenda
1052 4109 1292 4181 negotia]
1325 4110 1617 4181 proﬁcisci.
1654 4110 1809 4166 Unde
1841 4128 1983 4169 nunc

387 4199 613 4266 enitere,
643 4207 700 4254 ut
719 4208 837 4253 tam
864 4199 1008 4255 bono
1027 4199 1232 4269 judicio
1256 4200 1510 4256 laudabili
1540 4204 1870 4272 respondeas
1897 4205 1982 4258 in-

385 4291 577 4347 stituto
611 4309 624 4345 :
655 4299 949 4362 aptumque
977 4292 1176 4346 nostris
1198 4293 1379 4362 prmbe
1405 4292 1697 4358 mandatis,
1731 4295 1823 4363 qui
1848 4294 1980 4349 hac-

387 4389 545 4437 tenus
590 4383 805 4452 propria
851 4394 1045 4452 sponte
1075 4383 1344 4454 placuisti.
1380 4383 1523 4439 Intra
1552 4386 1733 4455 itaque
1758 4387 1979 4456 provin-

385 4474 524 4529 ciam
550 4475 773 4528 Sanmii.
807 4474 862 4528 Si
892 4476 1035 4546 quod
1067 4476 1339 4546 negotium
1366 4475 1612 4531 Romano
1639 4493 1759 4532 cum
1789 4477 1982 4533 Gothis

386 4573 492 4633 est,
509 4573 602 4619 aut
621 4565 801 4621 Gotho
823 4569 1108 4624 emerserit
1130 4568 1351 4639 aliquod
1373 4585 1493 4625 cum
1508 4568 1784 4637 Romanis,
1800 4570 1979 4640 legum

385 4654 823 4713 consideratione
852 4658 1116 4725 delinies;
1162 4676 1265 4716 nec
1292 4660 1657 4730 permittimus
1686 4661 1980 4717 indiscreto

380 4744 505 4815 jure
532 4746 715 4802 vivere
742 4763 882 4817 quos
912 4765 1019 4804 uno
1048 4759 1179 4806 voto
1203 4750 1455 4806 volumus
1490 4751 1786 4806 vindicare.
1831 4750 1977 4807 Cen-

384 4838 529 4894 sebis
554 4852 685 4909 ergo
735 4841 789 4895 in
831 4856 1139 4910 commune,
1188 4859 1310 4913 qua:
1353 4854 1479 4899 sunt
1507 4845 1679 4900 amica
1703 4844 1974 4915 justitize:

384 4929 512 4999 quia
540 4931 715 4986 nescit
758 4945 1019 5001 personas
1066 4933 1366 5003 respicere,
1398 4936 1492 5005 qui
1532 4950 1741 4991 meram
1770 4937 1976 5007 cogitat

383 5021 715 5091 aequitatem.

460 5189 485 5217 α
518 5178 837 5256 Eloquentia
869 5182 1174 5256 innocentia
1203 5191 1306 5239 est.
1339 5184 1599 5255 Apuleius
1625 5184 1783 5256 Apol.
1815 5186 1880 5254 l;
1918 5196 1977 5243 et

383 5250 479 5306 lib.
510 5266 623 5320 vin,
654 5267 740 5320 ep.
780 5251 862 5308 ΓΞ.
893 5252 1087 5307 Juuur.

456 5321 484 5359 δ
509 5319 818 5396 μειςίειςξὶξι
843 5323 1091 5393 dignitas.
1108 5323 1319 5396 Deliae
1342 5334 1465 5394 post
1492 5326 1587 5382 lib.
1612 5343 1667 5393 x,
1696 5327 1855 5396 epist.
1879 5327 1970 5384 55.

384 5390 638 5469 Magister
665 5390 997 5469 ofﬁciorum,
1027 5394 1118 5469 qui
1145 5390 1402 5469 militibus
1425 5390 1763 5469 przetorianis
1793 5401 1970 5469 prtuli-

383 5460 909 5540 ciebatur,_Zosimus
934 5465 1027 5540 ηιξ
1040 5464 1243 5521 Histor.
1269 5460 1516 5535 Cuiacius
1538 5468 1591 5522 in
1622 5478 1733 5525 tres
1757 5460 1970 5540 postre-

385 5546 505 5585 mos
532 5529 745 5587 Codicis
769 5532 953 5590 libros.
988 5534 1156 5590 Fons.

463 5598 620 5688 illic
650 5611 834 5688 postea
876 5619 1096 5688 regnum
1140 5605 1798 5688 Gothommadeptusgst
1842 5628 1854 5665 :
1900 5611 1967 5667 ad

387 5685 547 5743 quem
577 5681 749 5728 exstat
773 5671 1094 5729 Theoderici
1123 5676 1280 5745 epist.
1310 5675 1399 5742 59,
1424 5678 1518 5735 lib.
1551 5671 1667 5749 seq.
1696 5680 1863 5737 Fons.

462 5739 489 5778 ἀ
518 5738 886 5820 Theodericus
899 5744 1099 5820 Gallias
1116 5745 1444 5801 Francorum
1466 5752 1816 5820 oppressione
1840 5753 1967 5807 libe-

391 5820 551 5881 ravit,
584 5809 845 5873 Venantio
873 5825 927 5873 et
953 5813 1263 5886 lmportuno
1292 5832 1453 5889 coss.,
1487 5809 1555 5876 at
1573 5820 1714 5878 idem
1754 5820 1966 5880 Cassio-

2077 1876 2189 1934 tur,
2216 1875 2272 1921 et
2300 1864 2646 1920 remediabile
2674 1865 2876 1921 bonum
2903 1873 2988 1921 est
3031 1866 3085 1921 in
3112 1874 3425 1937 peccatum,
3453 1870 3665 1925 acceleo

2077 1966 2196 2012 rata
2216 1957 2505 2013 correctio.

2632 2099 2966 2157 EPIST’OLA
2991 2102 3109 2159 XV.

2167 2207 2524 2249 THEODLHADO
2558 2203 2581 2232 °
2613 2209 2736 2248 νιιιο
2760 2209 3021 2250 εεΝΑτοιιι
3051 2211 3417 2253 τιιιςουοιιιοῐῐε
3444 2214 3574 2253 REX.

2078 2284 2427 2341 Committitur
2454 2285 2566 2356 ejus
2583 2284 3203 2363 judicioexaminandua,
3227 2289 3313 2360 qui
3339 2290 3498 2345 Sana:
3514 2291 3665 2363 judi-

2606 2356 2742 2409 cium
2771 2357 3137 2412 declinaverat.

2145 2447 2344 2518 Injuria
2371 2447 2586 2517 quidem
2616 2457 2800 2503 nostra
2827 2461 2910 2505 est
2939 2451 3059 2505 Ιωὸἱὶ
3086 2453 3316 2521 justitia,
3347 2454 3471 2523 quia
3497 2454 3665 2512 viola-

2075 2543 2253 2598 tiones
2294 2555 2480 2595 earum
2531 2556 2709 2595 rerum
2754 2543 2947 2597 merito
2976 2544 3042 2597 ad
3085 2560 3184 2598 nos
3226 2546 3489 2602 trahimus
3531 2563 3669 2618 quas

2076 2646 2340 2686 amamus.
2376 2628 2528 2685 Unde
2567 2630 2697 2684 illud
2726 2632 2957 2686 maxime
2988 2633 3212 2687 inultum
3243 2650 3363 2690 esse
3391 2651 3497 2688 non
3529 2637 3672 2706 pati-

2077 2738 2229 2787 mur,
2275 2721 2420 2791 quod
2467 2721 2521 2776 in
2549 2730 2918 2792 contemptum
2951 2733 3149 2778 nostra:
3169 2724 3425 2793 jussiunis
3453 2734 3673 2781 constat

2078 2817 2394 2872 admissum.
2422 2815 2553 2883 Quae
2582 2816 2725 2871 enim
2750 2818 3095 2887 prmsumptio
3124 2818 3404 2887 plectenda
3434 2836 3543 2873 non
3572 2836 3672 2874 au-

2077 2912 2222 2978 deat,
2253 2911 2298 2965 si
2327 2923 2495 2964 sacrae
2518 2909 2776 2978 jussionis
2802 2910 3095 2964 reverenda
3125 2913 3482 2965 contemnat?
3510 2910 3658 2966 Ideo

2077 3018 2186 3073 que
2229 3002 2379 3057 illum
2402 3043 2418 3069 ,
2448 3015 2609 3071 quem
2640 3001 2838 3057 dudum
2871 3001 2938 3056 ad
2966 3002 3065 3056 viri
3098 3002 3319 3058 illustris
3348 3003 3508 3059 Sonac
3531 3006 3675 3073 judi-

2078 3096 2220 3149 cium
2253 3093 2590 3148 decrerimus
2616 3093 2936 3155 convenire,
2988 3094 3077 3163 qui
3110 3108 3169 3148 se
3212 3096 3505 3150 inveterata
3559 3096 3671 3169 [τά.

2004 3154 2049 3218 C
2081 3185 2200 3249 .40.,
2232 3180 2480 3252 iuventa]
2530 3182 2829 3237 calliditate
2870 3184 3156 3247 subtraxit,
3208 3186 3444 3239 examini
3490 3154 3676 3241 vestro

2080 3272 2465 3329 committimus
2495 3272 2820 3327 audiendum
2848 3291 2861 3337 ;
2894 3282 2953 3327 ut
2985 3272 3142 3328 li..em
3175 3275 3314 3329 det's
3348 3275 3527 3343 jurgio
3558 3276 3675 3345 ple-

2082 3365 2249 3420 ctibili
2278 3364 2679 3419 machinatione
2700 3364 2886 3419 dilato.
2906 3364 3162 3421 Prmstate
3183 3367 3364 3436 itaque
3389 3368 3677 3424 audientis:

2082 3472 2291 3525 curam,
2324 3465 2383 3512 ut
2403 3458 2628 3527 iustitia:
2668 3458 2820 3512 vobis
2850 3468 3061 3514 crescat
3090 3461 3296 3530 opinio,
3325 3461 3543 3532 quando
3574 3477 3677 3532 pro

2083 3548 2328 3605 remedio
2376 3549 2715 3606 causantium
2764 3550 3175 3605 committuntur
3219 3552 3372 3607 vobis
3425 3553 3677 3623 ambigua

2080 3642 2400 3711 iurgiorum.

2626 3774 2959 3830 EPISTOLA
2994 3776 3131 3833 XVI.

2254 3885 2505 3925 ϐεηειιο
2533 3886 2656 3925 νικο
2684 3886 2945 3927 SENATORI
2976 3886 3339 3928 THBODOBICUS
3366 3888 3493 3927 REX.

2087 3963 2315 4018 Mittitur
2356 3964 2409 4015 in
2442 3961 2644 4035 Gallias
2673 3964 2838 4035 oﬁicio
2866 3964 3044 4016 vicarii
3071 3966 3434 4034 prmfectorum
3465 3967 3677 4035 functu-

2268 4050 2375 4095 rus,
2400 4044 2449 4086 et
2475 4035 2521 4086 ei
2551 4034 2743 4086 dantur
2762 4033 2987 4103 plurima
3014 4042 3061 4086 et
3090 4033 3243 4088 utilia
3273 4033 3494 4090 monita.

2156 4124 2394 4179 Firmum
2423 4134 2508 4178 est
2532 4122 2789 4192 judicium
2815 4123 2968 4192 cujus
2990 4130 3203 4179 tenetur
3229 4126 3555 4195 exemplum,
3574 4141 3677 4182 nec

2086 4219 2239 4273 locus
2267 4215 2604 4285 ambiguitati
2630 4217 2983 4286 relinquitur,
3029 4218 3120 4273 ubi
3149 4220 3519 4289 experimenta
3549 4237 3676 4291 pro-

2084 4311 2285 4366 babilia
2330 4308 2710 4378 sull'ragantur.
2760 4310 3172 4382 Exploravimus
3200 4314 3498 4371 elﬁcaciam
3529 4325 3678 4373 tuam

2084 4418 2182 4474 per
2202 4403 2445 4457 diversos
2466 4401 2738 4457 industriaa
2759 4402 2982 4472 gradus;
3011 4405 3105 4459 sed
3134 4421 3242 4459 non
3266 4405 3526 4476 imparem
3558 4423 3676 4463 me-

2007 4537 2060 4596 Β
2084 4495 2236 4551 ruisti
2266 4494 2493 4564 gratiam
2511 4536 2526 4562 ,
2578 4494 2742 4548 variis
2770 4495 3073 4550 actionibus
3100 4497 3380 4565 arqualitcr
3410 4499 3673 4568 approba-

2084 4594 2190 4640 tns.
2227 4585 2365 4642 lline
2394 4594 2479 4640 est
2506 4585 2650 4655 quod
2682 4586 2932 4656 prmsenti
2964 4595 3208 4656 tempore
3230 4588 3281 4641 in
3312 4589 3514 4643 Gallias
3534 4587 3559 4625 ά
3584 4607 3675 4644 no-

2082 4676 2183 4741 bis,
2209 4675 2320 4730 Dco
2349 4675 2674 4742 auxiliante,
2723 4673 3036 4744 subjugatas
3063 4675 3193 4748 [ed.,
3227 4676 3520 4746 subiectas.
3561 4677 3675 4735 Ms.

2083 4766 2177 4834 R.,
2205 4762 2556 4836 substitutos]
2576 4807 2590 4831 ,
2641 4765 2897 4820 vicarium
2930 4774 2983 4821 te
3020 4766 3399 4836 przefectorum
3430 4778 3453 4806 ο
3486 4780 3675 4826 nostra

2078 4859 2247 4915 mittit
2271 4858 2582 4914 auctoritas.
2619 4856 2772 4913 Unde
2794 4859 3067 4929 perpende
3096 4860 3272 4929 qualia
3303 4860 3453 4918 dcte
3481 4863 3677 4918 videa-

2078 4968 2201 5008 mur
2228 4950 2428 5005 habere
2450 4949 2672 5020 judicia,
2704 4950 2919 5020 quando
2942 4951 3012 5007 ad
3041 4950 3160 5008 illos
3182 4954 3413 5024 populos
3441 4956 3676 5012 mitteris

2080 5041 2453 5111 corrigendos,
2483 5057 2621 5110 quos
2651 5041 2852 5097 nostris
2875 5042 3123 5099 laudibus
3150 5046 3463 5115 specialiter
3489 5048 3675 5103 credi-

2078 5192 2244 5248 dorus
2268 5199 2450 5243 noster
2475 5189 2526 5242 in
2553 5187 2727 5243 Fastis
2754 5190 3125 5246 consularibus
3153 5193 3359 5248 scribit.
3388 5192 3635 5251 Fonnsn.

2153 5273 2176 5300 ε
2209 5261 2450 5334 Vicarius
2479 5267 2562 5314 est
2588 5273 2677 5327 qui
2722 5267 2777 5334 et
2817 5258 3124 5334 in_bistoria
3155 5263 3300 5317 beati
3340 5263 3675 5334 Apollinaris

2076 5332 2327 5404 martyris
2344 5330 2956 5404 judexgatqueivicarius
2979 5332 3314 5401 praefecturae
3336 5330 3670 5404 nominatur,

2077 5402 2362 5475 propterea
2390 5402 2553 5472 quod,
2588 5410 2649 5456 ut
2675 5403 2828 5457 aiunt
2850 5403 2886 5475 l.
2910 5403 2933 5456 l
2957 5443 2973 5469 ,
3002 5420 3052 5460 c.
3085 5405 3149 5459 de
3176 5406 3269 5475 οΙῙ.
3297 5408 3392 5461 υἱε.
3410 5423 3429 5471 ;
3461 5407 3501 5460 l.
3534 5406 3587 5472 l,
3616 5402 3669 5465 c.

2078 5475 2144 5528 de
2195 5474 2419 5547 proxim.
2474 5488 2612 5526 sacr.
2657 5475 2816 5547 scrin.
2867 5474 2959 5547 lib.
3006 5490 3100 5540 κη,
3153 5474 3509 5547 imperatores
3562 5493 3673 5547 pro

2075 5544 2326 5614 pnnfeeto
2356 5543 2617 5614 dioeceses
2645 5545 2747 5598 sibi
2784 5544 3020 5599 creditas
3065 5543 3388 5614 temperant,
3433 5557 3489 5600 et
3539 5543 3673 5605 ideo

2075 5613 2327 5685 vicariam
2356 5613 2728 5685 praefecturam
2753 5614 3204 5685 in_inscriptione,
3229 5618 3263 5672 l.
3300 5618 3333 5671 5
3360 5613 3422 5671 C.
3449 5617 3668 5674 Theod.

2071 5684 2139 5738 de
2168 5684 2406 5751 sponsal.
2426 5726 2441 5751 ,
2473 5693 2529 5737 et
2559 5684 2592 5736 Ι.
2624 5685 2657 5737 5
2680 5683 2741 5737 C.
2789 5683 3093 5740 TheodJle
3139 5689 3264 5741 tam.
3294 5688 3385 5742 lib.
3429 5698 3486 5742 et
3512 5690 3672 5746 vices

2070 5755 2598 5842 ιῃςιηῖθςιίγιωιιψὶο
2645 5770 2805 5842 agere
2849 5756 2916 5842 in“
2953 5756 3333 5830 inscriptione,
3376 5758 3411 5817 Ι.
3464 5758 3667 5817 ιίῖοιι.

2081 5824 2274 5883 l‘bcod.
2308 5825 2374 5882 de
2403 5824 2600 5891 usuris,
2631 5824 2843 5881 dicitur.
2877 5825 3063 5883 Bnoss.
