3988 6178
232 220 334 275 585

228 435 312 482 est
339 425 407 479 de
429 424 536 478 illis
565 422 794 492 amplius
822 436 941 477 esse
969 422 1285 487 sollicitum,
1314 421 1457 477 unde
1497 423 1597 477 sibi
1628 422 1819 477 trium-

229 518 462 589 phorum
492 514 707 570 venisse
737 514 901 570 sentit
923 520 1290 583 augmentum.
1341 513 1454 583 Age
1480 514 1642 582 igitur
1663 530 1819 569 man-

230 609 375 672 data,
408 606 454 661 si
485 603 639 677 cupis
664 604 718 659 in
747 614 799 660 te
829 603 1100 675 prolicere
1143 612 1327 658 nostra
1352 603 1553 673 judicia
1585 624 1597 658 :
1633 606 1820 660 turbu-

230 700 376 754 lenta
405 712 515 753 non
557 712 726 764 ames,
759 711 922 750 avara
952 695 1183 760 declina,
1229 703 1288 749 ut
1316 696 1476 749 talem
1507 704 1560 751 te
1584 696 1821 766 judiccm

231 790 508 863 provincia
525 788 664 846 fessa
679 789 959 860 suscipiat,
984 788 1194 857 qualem
1217 787 1516 854 Romanum
1531 789 1824 861 principem

1508 212 1868 268 VARIARUM
1917 211 2115 267 HBER
2156 212 2242 265 l'l.

228 351 348 389 llillS
376 329 691 402 acquisitos.
720 328 894 385 Chara
924 336 1007 385 est
1032 327 1257 399 principi
1280 328 1446 398 gloria
1470 346 1484 393 ;
1517 338 1571 383 et
1594 345 1813 385 necesse
1844 335 1889 390 Α

3402 210 3505 268 596

2440 323 2767 381 EPISTULA
2809 323 2987 377 XVlll.

2098 432 2345 473 GEMELLO
2371 433 2494 471 vtae
2524 432 2779 470 sument
2811 431 3169 471 'l‘ltEObOtthUS
3195 432 3321 469 nsx.
3346 412 3359 419 ’

1922 509 2076 565 Iubet
2122 519 2178 563 ut
2226 507 2442 579 Magno,
2475 508 2561 579 qui
2592 506 2653 560 ab
2683 508 2906 579 hostium
2948 506 3180 576 partibus
3227 506 3295 579 ad
3341 508 3515 561 natale

1960 581 2126 635 solum
2150 576 2496 645 remeaberat,‘
2511 577 2644 631 bona
2666 578 2777 631 sine
2809 576 2917 630 ulla
2946 592 3091 629 mora
3116 577 3475 630 restituantur.

1996 671 2270 726 Mereatur
2318 671 2487 735 bona,
2536 669 2629 737 qui
2680 675 2920 722 nostram
2966 665 3066 720 visi
3117 673 3243 721 sunt
3293 665 3519 735 elegisse

1927 762 2264 818 clementiam
2282 780 2296 828 ;
2311 769 2369 816 ut
2387 776 2482 816 eos
2509 761 2775 816 veraciter
2795 758 3088 829 judicasse,
3112 773 3208 827 per
3231 768 3518 826 augmenta

235 847 599 941 lransmisisse
663 847 977 954 cognoscat.
1002 847 1016 857 .
1047 848 1327 938 Desiderat
1384 847 1547 938 viros.
1582 847 1827 954 egregios
1928 851 2143 954 Propria
2173 850 2440 954 Ρθδῗίξῐψδ
2476 848 2780 954 9§“_’"d"°'
2805 847 2958 954 Qum
3002 849 3046 954 Si
3086 847 3282 902 talibus
3312 848 3519 954 publica

233 986 425 1032 coacta
457 975 702 1031 cladibus
721 974 852 1030 suis.
884 973 1048 1030 Ellice
1076 982 1136 1028 ut
1161 975 1359 1029 victam
1390 973 1551 1029 fuisse
1574 975 1823 1029 delectet.

234 1067 376 1121 Nihil
406 1066 517 1121 tale
538 1066 738 1122 sentiat
763 1065 923 1135 quale
952 1064 1256 1134 patiebatur
1274 1079 1396 1119 cum
1425 1063 1654 1118 Romam
1682 1080 1828 1133 qua:-

235 1166 401 1213 reret.
455 1156 730 1211 Abscedat
755 1155 931 1210 omnis
956 1154 1022 1211 de
1064 1154 1371 1209 calamitate
1399 1155 1637 1210 tristitia.
1670 1154 1831 1209 Sere-

235 1256 399 1304 netur
429 1246 648 1301 tandem
691 1246 907 1301 nubilus
948 1245 1149 1301 vultus.
1203 1244 1357 1300 Nunc
1403 1245 1548 1299 illam
1594 1245 1831 1315 gaudere

235 1340 515 1404 convenit,
547 1354 670 1393 cum
697 1337 764 1393 ad
788 1353 884 1392 sua
913 1345 1039 1392 vota
1069 1337 1400 1408 pervenerit.

773 1448 1108 1505 EPISTOLA
1143 1449 1303 1505 XVI].

239 1560 512 1600 USIVEBSIS
541 1557 970 1598 PROVINCIALIBUS
989 1556 1291 1597 GALLIARUI
1313 1555 1678 1596 THEODOBICUS
1704 1555 1829 1603 REX,

238 1636 529 1690 Dennntiat
559 1651 613 1687 se
648 1632 929 1686 Gemellum
971 1633 1217 1686 vicarium
1258 1633 1618 1702 praefectorum
1651 1632 1722 1684 ad
1750 1648 1833 1702 re-

311 1707 538 1777 gendam
564 1704 1088 1777 eorumprovinciam
1115 1704 1334 1767 misisse,
1362 1701 1413 1755 et
1434 1702 1580 1771 jubet
1625 1710 1682 1754 ut
1721 1701 1832 1772 ejus
1870 1718 1910 1776 Β

310 1773 578 1828 inundatis
607 1773 869 1827 obediant.

322 1868 581 1923 Libenter
605 1864 903 1936 parendum
923 1872 1004 1918 est
1035 1862 1292 1917 Romana:
1320 1863 1720 1929 consuetudini,
1751 1864 1837 1921 cui

243 1960 376 2015 estis
403 1965 527 2029 post
554 1956 712 2023 longa
737 1963 981 2025 tempora
1008 1953 1273 2019 restituti;
1298 1954 1423 2024 quia
1450 1962 1632 2022 gratus
1661 1953 1733 2008 ibi
1753 1968 1839 2007 re-

1928 945 2086 1001 decet
2114 944 2345 1016 prospici
2374 943 2645 1013 largitate,
2674 951 2877 1013 quanto
2906 944 3075 1012 magis
3116 959 3212 998 eos
3255 958 3354 998 sua
3401 943 3518 1012 dig»

1929 1049 2057 1088 nutu
2100 1041 2183 1089 est
2210 1032 2510 1103 possidere,
2540 1032 2682 1103 quod
2715 1048 3001 1088 commune
3041 1048 3237 1088 munus
3265 1033 3525 1102 probatur

1932 1141 2054 1182 esse
2096 1126 2351 1195 justitite?
2398 1125 2718 1195 Spectabilis
2764 1126 2944 1194 itaque
2996 1125 3245 1194 Magnus,
3288 1126 3521 1180 hostium

1934 1223 2344 1294 conversatione
2371 1221 2644 1283 damnata,
2668 1220 2811 1289 quod
2861 1228 3015 1274 natus
3045 1229 3127 1275 est
3153 1220 3517 1283 reminiscens,

1935 1312 2002 1366 ad
2032 1313 2330 1366 Romanum
2378 1310 2691 1380 repatriavit
2733 1311 3014 1379 imperium
3048 1307 3239 1377 :eujns
3281 1310 3522 1363 absentia

1936 1401 2223 1470 contigisse
2251 1399 2468 1465 dicitur,
2485 1408 2544 1453 ut
2570 1399 2685 1467 ejus
2714 1400 2978 1469 potuisset
3002 1400 3177 1469 perire
3201 1399 3523 1453 substantia.

1939 1490 2114 1559 Atque
2141 1488 2266 1545 ideo
2288 1489 2539 1559 prmsenti
2556 1489 2798 1558 jussione
2820 1490 3090 1544 sancimus
3122 1496 3385 1558 quatenus
3416 1495 3524 1540 lam

1940 1579 1991 1633 in
2039 1578 2181 1647 agris
2218 1593 2379 1648 quam
2425 1578 2704 1647 mancipiis
2752 1578 3003 1641 urbanis,
3036 1586 3130 1631 aut
3177 1575 3417 1643 rusticis,
3444 1577 3528 1630 vel

1944 1667 2199 1738 quidquid
2246 1668 2344 1723 sibi
2373 1676 2686 1740 competens
2727 1667 2969 1737 quolibet
3008 1665 3168 1720 modo
3198 1681 3341 1720 nunc
3370 1668 3532 1722 amis-

1940 1773 2058 1815 sum
2080 1759 2279 1829 poterit
2304 1759 2563 1829 probare,
2592 1759 2706 1813 sine
2727 1758 2904 1827 aliqua
2942 1757 3193 1812 tarditate
3225 1767 3528 1826 recuperat,

1940 1851 2180 1906 retinens
2207 1865 2275 1905 ex
2302 1858 2483 1906 nostra
2513 1848 2830 1904 auctoritate
2846 1847 3066 1903 dominii
3090 1846 3178 1916 jus
3200 1862 3362 1903 omne
3388 1848 3531 1916 quod

1942 1941 2157 2008 habuit;
2182 1956 2282 1998 nec
2316 1942 2665 2011 quaestionem
2707 1956 2829 1995 eum
2857 1940 2925 1995 de
2971 1940 3129 1994 rebus
3173 1939 3276 1993 sibi
3316 1939 3531 2007 antiqua

243 2065 463 2120 gressus
492 2057 576 2104 est
621 2048 713 2102 ubi
759 2055 1069 2117 provectum
1108 2054 1317 2102 vestros
1345 2053 1555 2099 constat
1593 2045 1843 2101 habuisse
1943 2032 2285 2101 possessione
2332 2032 2759 2101 competentibus
2805 2030 3053 2086 volumus
3106 2029 3404 2094 sustinere,
3446 2031 3533 2083 cui

247 2144 504 2213 majores.
550 2141 727 2211 Atque
776 2139 897 2194 ideo
942 2138 995 2193 in
1045 2136 1317 2205 antiquam
1365 2136 1699 2202 libertatem,
1731 2137 1842 2191 Deo

245 2240 561 2304 prmstantc,
584 2229 846 2293 revocati,
872 2228 1138 2282 vestimini
1164 2226 1402 2282 moribus
1423 2227 1618 2295 togatis
1641 2226 1721 2299 [id
1745 2235 1840 2289 est,

249 2319 533 2389 Romanis]
549 2330 604 2385 3;
636 2318 818 2375 exuite
845 2317 1168 2379 barbariem,
1193 2313 1408 2385 abjicite
1445 2315 1702 2369 mentium
1726 2329 1847 2369 cru-

248 2414 526 2470 delitatem
552 2427 567 2478 ;
597 2412 721 2481 quia
750 2410 848 2466 sub
900 2410 1152 2478 aequitate
1191 2407 1356 2462 nostri
1406 2405 1711 2478 temporisb
1740 2424 1847 2464 non

250 2525 346 2564 vos
372 2508 538 2563 decet
564 2506 746 2561 vivere
785 2504 1024 2559 moribus
1052 2501 1262 2556 alienis.
1298 2500 1525 2555 Proinde
1567 2500 1634 2555 de
1661 2515 1848 2556 neces—

251 2599 504 2655 sitatibus
529 2596 723 2653 vestris
752 2596 934 2650 innata
976 2593 1134 2649 nobis
1173 2589 1582 2645 mansuetudine
1609 2590 1849 2659 cogitan-

253 2700 333 2747 tes
366 2689 557 2761 (quod
603 2688 833 2743 feliciter
874 2686 1074 2742 dictum
1106 2686 1244 2758 sit),
1289 2683 1636 2757 spectabilem
1676 2683 1850 2737 virum

253 2781 584 2849 Cemellum,
612 2779 869 2835 vicarium
895 2777 1287 2848 pmfectorum,
1304 2777 1407 2832 iide
1436 2776 1588 2831 nobis
1614 2783 1671 2830 et
1699 2774 1854 2829 indu-

256 2876 384 2929 stria
426 2873 865 2943 comprobatum,
894 2871 1002 2943 46
1047 2868 1587 2941 ad-componendam
1638 2868 1854 2940 provin-

257 2958 395 3023 ciam
425 2966 753 3022 credidimus
780 2963 1144 3034 dirigendum;
1177 2971 1458 3033 sperantes
1486 2962 1537 3017 in
1558 2961 1706 3017 nullo
1731 2976 1852 3017 eum

1944 2121 2209 2192 propositi
2239 2122 2409 2179 nosfri
2434 2129 2517 2177 est
2538 2122 2700 2177 etiam
2730 2135 2867 2176 nova
2890 2129 3166 2190 praestare.

2115 2275 2449 2333 EPISTOLA
2475 2276 2615 2345 th,
2647 2278 2749 2332 site
2786 2234 3374 2332 communemad

2367 2386 2579 2427 DANIELI
2609 2386 2970 2426 THEODORICUS
3000 2387 3124 2425 REX.

1952 2460 2042 2515 Illi
2067 2462 2410 2517 marmorario
2433 2464 2743 2532 peritissimo
2772 2462 3068 2533 conceditur
3087 2463 3309 2533 facultas
3329 2462 3537 2533 dispen-

2023 2533 2174 2585 sandi
2204 2548 2353 2586 arcas
2390 2548 2708 2586 marmoreas
2744 2534 2799 2586 in
2836 2532 2962 2586 urbe
2993 2532 3243 2587 Rauenna
3288 2532 3358 2586 ad
3400 2532 3542 2601 sepe-

2023 2601 2197 2656 lienda
2217 2602 2573 2674 defunctorum
2598 2618 2836 2671 corpora.

2025 2690 2193 2746 Decet
2220 2698 2279 2745 ut
2304 2691 2505 2760 palatio
2535 2699 2718 2746 nostro
2746 2691 3101 2747 servientibus
3124 2690 3281 2761 iustis
3310 2708 3544 2749 commu-

1957 2781 2037 2837 dis
2061 2781 2421 2848 consulamus,
2445 2782 2570 2852 quia
2610 2780 2913 2837 fructuosus
2934 2782 3093 2838 debet
3120 2798 3240 2838 esse
3266 2783 3419 2839 labor
3445 2800 3549 2854 po.-

1956 2873 2162 2940 blicus;
2199 2881 2260 2929 ut
2284 2874 2529 2943 quamvis
2557 2872 2816 2941 obsequia
2846 2872 3001 2929 nobis
3026 2875 3256 2942 gratuita
3286 2874 3410 2944 jure
3451 2877 3544 2930 de-

1959 2964 2227 3034 beantur,
2266 2966 2481 3021 servitia
2530 2973 2711 3019 tamen
2767 2980 2864 3035 per
2904 2964 3179 3021 moderata
3226 2970 3542 3037 compendia

256 3076 421 3131 posse
453 3059 785 3129 dtlinquere,
817 3056 908 3126 qui
936 3056 1091 3111 nobis
1118 3064 1402 3125 peccantes
1430 3053 1665 3122 graviter
1698 3052 1853 3108 intel-
1881 3084 1928 3149 Ο
1958 3070 2331 3127 provocemus.
2364 3054 2429 3109 Et
2450 3056 2572 3111 ideo
2592 3056 2721 3111 artis
2752 3063 2854 3111 tuae
2880 3056 3069 3126 peritia
3090 3056 3359 3124 delectati,
3384 3076 3543 3130 quam

258 3148 375 3219 ligit
422 3149 733 3218 displicere.
790 3145 1126 3216 Quapmpter
1167 3144 1590 3200 ordinationibus
1628 3143 1743 3214 ejus
1789 3160 1857 3199 ex

261 3242 468 3297 nostris
484 3239 813 3310 jussionibus
838 3238 1082 3306 obcdite,
1110 3237 1235 3309 quia
1267 3253 1388 3292 eum
1420 3236 1686 3292 credimus
1708 3236 1860 3291 vobis

263 3332 551 3403 profutura
579 3330 888 3385 decernere.
914 3328 1159 3399 Recipite
1180 3327 1433 3398 paulatim
1456 3327 1715 3384 veridicos
1730 3327 1857 3397 [ed.,

257 3418 550 3492 juridicos]
581 3435 780 3477 mores.
802 3419 919 3474 Non
948 3420 1017 3474 sit
1044 3419 1255 3475 novitas
1282 3419 1531 3483 molesta,
1558 3432 1676 3487 qua:
1695 3418 1862 3487 proba

263 3521 367 3570 est.
395 3511 542 3580 Quid
570 3513 712 3567 enim
743 3519 921 3581 potest
949 3525 1068 3565 esse
1110 3507 1315 3565 felicius
1339 3524 1500 3579 quam
1529 3509 1772 3564 homines
1797 3508 1865 3563 de

263 3604 396 3659 solis
426 3601 639 3671 legibus
653 3601 942 3666 conlidere,
968 3609 1024 3656 et
1050 3615 1206 3656 casus
1234 3599 1470 3669 reliquos
1494 3613 1601 3652 non
1631 3598 1864 3653 timere?

267 3692 392 3746 Jura
423 3690 643 3761 publica
667 3690 962 3746 certissima
990 3697 1115 3745 sunt
1133 3689 1378 3743 humana:
1398 3689 1521 3742 vitae
1545 3687 1759 3753 solatia,
1782 3688 1869 3742 iti-

270 3780 554 3836 ﬁrmorum
600 3780 821 3847 auxilia,
852 3788 1131 3850 potentum
1180 3777 1350 3834 frena.
1402 3777 1594 3834 Amate
1631 3778 1775 3833 unde
1815 3784 1869 3832 et

266 3872 541 3926 securitas
561 3871 729 3938 venit,
744 3878 800 3925 et
818 3870 1145 3925 conscientia
1174 3866 1401 3939 proiicit.
1417 3866 1699 3923 Gentilitas
1725 3868 1869 3923 enim

272 3962 402 4016 vivit
429 3961 499 4015 ad
521 3960 764 4016 libitum:
786 3960 875 4016 ubi
905 3961 1075 4029 magis
1099 3960 1304 4030 reperit
1330 3965 1560 4014 mortem
1597 3957 1869 4028 prepriam

269 4057 360 4126 qui
390 4062 578 4127 potest
604 4055 807 4111 habere
834 4053 976 4124 quod
1024 4054 1252 4124 placeat.
1283 4052 1393 4108 Vos
1428 4051 1540 4121 jam
1579 4050 1754 4106 securi
1783 4065 1873 4103 os-

273 4155 484 4202 tentate
511 4146 727 4201 divitias
753 4153 1059 4217 parentum.
1092 4144 1241 4199 Bona
1270 4143 1431 4210 longo
1469 4142 1571 4197 situ
1597 4139 1871 4196 recondita

274 4237 576 4306 [nodantur
603 4238 656 4292 in
686 4237 861 4293 lucem
896 4255 909 4291 :
941 4237 1066 4306 quia
1104 4243 1313 4290 tantum
1353 4234 1472 4304 quis
1515 4233 1743 4288 nobilior
1791 4237 1875 4286 est

273 4339 537 4399 quantum
577 4336 635 4385 et
654 4329 893 4385 moribus
920 4328 1103 4400 probis
1130 4335 1184 4382 et
1211 4326 1480 4383 luculenta
1510 4323 1762 4380 facultate
1786 4339 1876 4380 re-

1961 3149 2016 3204 in
2046 3147 2368 3205 excavandis
2394 3155 2556 3219 atque
2583 3148 2836 3203 ornandis
2881 3149 3238 3205 marmoribus
3266 3150 3548 3221 diligenter

1959 3256 2200 3307 exerces,
2228 3240 2479 3310 praesenti
2519 3242 2839 3295 auctoritate
2864 3240 3234 3309 concedimus,
3265 3252 3345 3307 ut,
3381 3253 3429 3296 Ie
3462 3259 3545 3296 ra-

1960 3332 2290 3388 tionabiliter
2308 3331 2609 3394 ordinante,
2635 3332 3012 3401 dispensentur
3039 3347 3177 3387 arcze
3208 3348 3333 3401 quae
3361 3336 3412 3388 in
3441 3333 3548 3387 Ra-

1960 3422 2176 3478 vennati
2199 3421 2330 3476 urbe
2358 3421 2424 3475 ad
2454 3420 2790 3476 recondenda
2811 3420 2995 3476 funera
3015 3421 3398 3486 distrahuntur,
3418 3439 3550 3492 qua-

1965 3528 2083 3568 rum
2103 3512 2367 3568 beneﬁcio
2394 3511 2652 3568 cadavera
2683 3512 2734 3566 in
2763 3513 3007 3583 supernis
3034 3513 3254 3568 humata
3293 3525 3436 3579 sunt,
3470 3515 3553 3568 lu-

1964 3604 2206 3674 gentium
2234 3618 2341 3658 non
2384 3618 2547 3673 parva
2573 3601 2911 3658 consolatio:
2937 3604 3188 3672 quoniam
3221 3605 3409 3659 anima:
3434 3613 3553 3657 tau-

1967 3704 2079 3748 tum
2103 3693 2170 3748 de
2197 3691 2379 3747 mundi
2400 3692 2814 3747 conversatione
2838 3691 3132 3758 discedunt,
3164 3708 3392 3763 corpora
3422 3709 3551 3747 vero

1969 3783 2156 3840 dulces
2201 3782 2471 3854 quondam
2520 3782 2838 3853 superstites
2886 3796 2995 3837 non
3045 3782 3372 3851 relinquunt.
3419 3781 3554 3836 Hinc

1969 3875 2289 3947 quibusdam
2318 3875 2541 3930 veniunt
2566 3873 2635 3929 ad
2664 3874 2893 3946 pretium
2921 3873 3157 3940 dolores,
3182 3882 3236 3929 et
3260 3873 3550 3929 miserabili

1972 3975 2120 4022 sorte
2140 3972 2390 4021 votorum
2418 3965 2611 4021 crescit
2638 3963 3001 4021 mercantibus
3026 3963 3094 4018 de
3116 3964 3351 4018 humana
3382 3972 3557 4019 morte

1971 4056 2367 4126 compendium.
2397 4054 2476 4110 Ita
2501 4064 2682 4110 tamen
2699 4097 2715 4123 ,
2736 4063 2797 4109 ut
2817 4069 2925 4110 non
2961 4055 3032 4110 sit
3059 4054 3311 4124 iniquitas
3333 4055 3433 4110 sub
3454 4055 3556 4110 hac

1973 4148 2259 4203 occasione
2284 4147 2559 4214 taxari,ne
2589 4153 2851 4215 coganbtr
2877 4147 3059 4203 miseri
3085 4148 3226 4202 inter
3251 4148 3443 4203 acerba
3471 4147 3558 4202 lu-

1973 4246 2154 4293 ctuum
2180 4239 2363 4307 gravia
2406 4240 2624 4310 plorare
2655 4240 2934 4309 dispendia
2985 4239 3335 4306 facultatum;
3364 4249 3420 4295 et
3458 4256 3558 4295 ne-

1976 4328 2134 4386 fanda
2158 4331 2445 4388 devotione
2473 4331 2772 4396 constricti,
2800 4342 2892 4386 aut
2920 4340 3209 4400 urgeantur
3237 4331 3561 4402 patrimonia

276 4419 498 4475 luxerit.
531 4418 660 4475 ldeo
685 4421 828 4475 enim
855 4420 1009 4475 vobis
1034 4419 1364 4490 prmfecturm
1392 4416 1648 4471 vicarium
1676 4415 1873 4470 direxi-
1907 4450 1953 4510 ο
1976 4436 2077 4492 pro
2114 4422 2340 4478 mortuis
2366 4423 2624 4493 perdere,
2655 4429 2747 4477 aut
2785 4422 2983 4476 dilecta
3023 4436 3249 4493 corpora
3292 4421 3563 4478 vilissimis

277 4528 420 4580 mus,
441 4519 501 4565 ut
520 4526 645 4566 cum
671 4518 821 4566 tanta
851 4510 1108 4581 dignitate
1135 4518 1192 4565 et
1230 4508 1442 4565 civilem
1478 4506 1756 4563 videamur
1783 4523 1871 4562 re-

275 4603 459 4669 gulam
485 4602 810 4661 destinasse.
841 4600 1292 4672 Fruamini,quod
1321 4607 1531 4654 tantum
1553 4597 1871 4653 audiebatis.

278 4693 572 4762 lntelligite
589 4694 836 4750 homines
857 4710 971 4750 non
995 4702 1105 4749 tam
1127 4707 1389 4764 corporea
1406 4692 1461 4751 vi
1480 4706 1638 4761 quam
1666 4691 1876 4747 ratione

279 4786 544 4855 pmfeni,
576 4795 633 4843 et
651 4787 772 4843 illos
793 4788 985 4844 merito
1012 4801 1256 4843 crescere
1282 4786 1373 4857 qui
1391 4792 1618 4857 possunt
1645 4784 1763 4840 aliis
1786 4783 1874 4855 ju-

280 4885 358 4932 st:
390 4883 674 4947 praestare.

351 5018 379 5046 ι
415 5007 615 5080 ίτθεειιί
634 5025 812 5080 mores
836 5008 1077 5065 barbaris
1099 5015 1460 5080 Opponuntur.
1476 5007 1885 5080 Togaﬁomana

285 5080 381 5133 luit
411 5079 450 5132 l.
483 5076 575 5144 5‘2,
615 5078 709 5134 sed
755 5081 856 5134 etsi
888 5076 1215 5149 accepto,'l).
1249 5079 1315 5133 de
1338 5076 1587 5149 jur._ﬁsﬁc.
1620 5076 1756 5149 Plin.
1787 5078 1879 5133 lib.

285 5164 357 5206 tv.
407 5150 572 5218 epist.
613 5150 915 5203 Audistine.
954 5147 1067 5205 Cic.
1101 5166 1201 5219 pro
1246 5147 1417 5219 Corn.
1453 5147 1637 5202 Balbo.
1685 5147 1887 5219 Carent

288 5235 386 5274 usu
414 5227 556 5289 toga:
584 5220 853 5289 peregrini
879 5262 891 5285 ,
916 5218 1131 5275 barbari
1161 5229 1216 5275 et
1242 5220 1275 5273 ii
1314 5218 1507 5289 quibus
1536 5233 1673 5289 aqua
1698 5225 1752 5273 et
1774 5218 1883 5288 igni

288 5288 648 5345 interdicitur.
680 5288 831 5344 Paul.
864 5291 954 5345 lib.
989 5306 1064 5350 ut.
1099 5292 1183 5345 tit.
1215 5289 1268 5344 4.
1299 5288 1582 5357 Cingulum
1613 5288 1883 5343 Romanos

287 5358 536 5430 cinxisse;
541 5360 861 5430 adnotatum
892 5376 921 5415 a
951 5359 1224 5416 Macrobio
1244 5370 1326 5414 est
1353 5361 1446 5415 lib.
1474 5374 1546 5425 vt,
1577 5374 1698 5430 cap.
1729 5357 1763 5411 5
1783 5359 1882 5413 Sa-

291 5430 488 5501 turnal.
520 5427 586 5482 Et
614 5429 749 5484 infra
788 5429 1027 5486 Cassiod.
1076 5431 1129 5485 in
1182 5430 1407 5485 formula
1454 5427 1689 5501 punicei.
1732 5430 1877 5484 url).:

293 5496 493 5571 llabitu
527 5509 576 5554 te
594 5510 793 5571 togata:
813 5502 1086 5571 dignitatis
1110 5502 1405 5571 amavimus
1434 5496 1730 5571 utriindutus
1753 5509 1886 5554 veste

294 5564 551 5642 Romulea
573 5564 699 5642 jura
720 5564 1174 5642 debea'sraﬂ'ectare
1205 5569 1455 5626 Romana.
1487 5570 1722 5626 FOBNEB.

332 5637 392 5718 Lb
422 5637 682 5696 Soletitue
698 5655 821 5718 esse
850 5637 1177 5718 principibus
1206 5643 1284 5718 sui
1310 5642 1494 5718 seculi
1520 5650 1742 5718 sectam,
1773 5639 1889 5695 feli-

301 5710 546 5780 citatem,
574 5725 776 5777 mores,
807 5711 972 5779 leges,
995 5710 1183 5767 laudes
1202 5712 1431 5787 denique
1453 5712 1745 5778 celebrare,
1773 5725 1889 5767 cre-

719 5803 992 5864 Pnnon.
1033 5800 1172 5864 LXI
1192 5805 1267 5866 Χ.

1979 4510 2150 4569 foveis
2181 4513 2360 4583 potius
2387 4512 2633 4569 dolentes
2661 4512 2912 4581 abjicere.
2954 4511 3036 4568 Sit
3060 4512 3253 4567 modus
3291 4513 3344 4568 in
3371 4514 3565 4569 volun-

1981 4610 2093 4657 tate
2119 4603 2477 4673 poscentium,
2510 4602 2725 4673 quando
2756 4603 2867 4673 ipsa
2911 4602 3186 4659 miseratio
3215 4619 3311 4675 pro
3339 4604 3563 4660 ementi-

1981 4695 2082 4752 bus
2123 4695 2250 4769 [ed.,
2283 4695 2582 4751 moderatio
2626 4693 3078 4768 promercntibus]
3120 4696 3268 4752 facit.
3302 4695 3433 4751 Nam
3462 4695 3560 4750 mi-

1982 4802 2085 4842 nus
2111 4786 2272 4841 debet
2301 4786 2441 4856 laedi,
2465 4788 2551 4842 cui
2593 4786 2822 4858 amplius
2849 4801 2948 4858 pro
2976 4786 3190 4859 pietatis
3217 4786 3395 4841 oflicio
3422 4786 3565 4839 vide-

1983 4884 2072 4933 tur
2091 4877 2312 4950 imponi.

1986 5010 2081 5067 bra
2108 5009 2162 5065 in
2185 5025 2371 5065 eorum
2403 5007 2868 5066 constitutionibus
2894 5006 3096 5062 mentio
3117 5006 3295 5065 docet.
3318 5020 3435 5076 sup.
3460 5005 3497 5059 l.
3528 5021 3568 5068 ι,

1986 5083 2144 5151 epist.
2176 5080 2210 5133 6
2242 5098 2254 5133 :
2282 5081 2477 5135 chuli
2523 5078 2814 5151 beatitudo;
2845 5078 3025 5151 13):“,
3052 5077 3209 5149 epist.
3242 5076 3311 5130 15
3344 5095 3356 5129 :
3383 5074 3568 5130 Nostri

1986 5146 2229 5221 temporis
2251 5149 2877 5224 justitiam;_.lustiuian.:
2908 5146 3401 5224 Sect9__'nostr0rum
3446 5155 3568 5199 tem-

1983 5214 2167 5292 porum
2195 5214 2297 5275 no'n
2320 5222 2532 5292 patitur,
2553 5220 2587 5273 l.
2605 5221 2700 5274 ult.
2716 5236 2763 5273 c.
2778 5219 2843 5292 de
2864 5225 3003 5292 pact.
3025 5214 3351 5292 Obtrectator
3371 5227 3570 5292 nostro-

1984 5285 2101 5345 rum
2146 5285 2448 5360 temporum,
2480 5290 2516 5343 Ι.
2552 5305 2643 5343 un.
2679 5305 2728 5343 e.
2766 5285 3110 5360 Signisimp.
3146 5285 3295 5360 {nam
3325 5287 3390 5341 ad
3411 5301 3569 5360 quam

1987 5362 2158 5430 legem
2212 5356 2427 5415 Gnccus
2472 5360 2791 5415 scholiastes
2838 5356 3103 5430 Basilicon
3152 5356 3245 5411 lib.
3265 5358 3573 5430 _Lx_colligit

1988 5426 2227 5501 etim-qui
2249 5430 2504 5501 prircipis
2547 5430 2798 5501 sarculum
2827 5426 3172 5501 criminatur,
3195 5426 3525 5501 pri_nci_pi_ip
3562 5447 3572 5477 ε

1987 5495 2308 5556 maledicere
2336 5495 2524 5564 videri,
2550 5514 2656 5571 quo
2683 5499 2751 5553 de
2771 5498 3026 5571 instituto
3043 5495 3329 5571 aliquando
3356 5495 3405 5551 iu
3427 5495 3571 5571 δριν-

1988 5572 2157 5628 ction.
2189 5571 2357 5634 libris,
2405 5585 2543 5641 quos
2566 5567 2904 5642 propediem
2944 5567 3119 5624 editos
3148 5567 3350 5693 curaibo
3377 5567 3572 5621 Cdlssl“

1990 5658 2125 5693 ram.
3308 5652 3500 5693 oaxen.

1989 5658 2125 5700 ram.
3263 5652 3500 5695 I‘VOBNEII.

3033 5798 3103 5857 19
