3988 6178
399 282 500 337 587

934 389 1259 445 EPISTOLA
1299 388 1416 443 XX.

399 497 646 538 CBIIODE
674 493 697 520 ⁸
728 498 901 539 SAJONI
936 500 1002 537 ΕΤ
1046 498 1408 538 FERBOCINCTO
1450 494 1773 551 APPARITORI.
1822 492 1994 533 τηεο-

1008 569 1224 609 DORICUS
1265 571 1389 608 REX.

401 644 641 699 Decernit
666 654 721 697 ut
743 645 787 698 si
823 642 1050 716 Faustus
1078 662 1141 698 ea
1173 662 1285 716 qua:
1307 645 1577 700 Castorius
1597 640 1999 716 possidebutnjel

472 716 634 768 titulis
680 715 998 786 ingravarit,
1030 716 1106 768 vel
1141 713 1342 783 privata
1368 713 1721 786 usurpatione
1754 713 1994 773 detinuit,

471 802 593 858 mox
613 786 659 837 ei
681 785 933 853 praedium
964 802 1078 838 cum
1093 787 1204 858 alio
1226 784 1458 858 ejusdem
1479 784 1651 853 pretii,
1684 784 1786 837 illis
1808 798 1997 853 cogen-

473 853 623 918 tibus,
657 871 689 907 a
714 870 989 923 pervasere
1010 853 1284 910 reddatur.

476 968 623 1024 Inter
649 967 913 1037 gloriosas
953 968 1161 1039 reipub.
1194 984 1370 1034 curas,
1403 984 1536 1038 quas
1562 964 1771 1038 perpeti
1800 961 2003 1030 cogita-

404 1060 581 1122 tione,
610 1057 720 1112 Deo
773 1057 1087 1125 auxiliante,
1120 1060 1474 1125 revolvimus,
1516 1056 1665 1114 cordi
1705 1064 1891 1111 nostro
1920 1058 2005 1106 est

403 1150 647 1204 levamen
678 1148 989 1215 humilium;
1022 1157 1080 1205 ut
1109 1158 1298 1206 contra
1320 1150 1615 1221 potentiam
1646 1146 2003 1217 superborum

409 1249 601 1300 nostra:
622 1240 837 1311 pietatis
865 1242 1135 1311 erigamus
1147 1243 1505 1308 obstaculum,
1528 1256 1628 1297 nec
1655 1241 1816 1295 liceat
1844 1235 2004 1306 quid-

412 1349 568 1402 quam
607 1333 874 1403 apud'nos
894 1334 1157 1403 audacias,
1188 1334 1341 1401 cujus
1368 1343 1451 1390 est
1479 1325 2003 1404 propositi,superba

413 1424 639 1480 calcare.
690 1424 921 1481 Castorii
970 1425 1131 1494 igitur
1183 1424 1348 1480 flebili
1391 1425 1698 1493 calamitate
1750 1416 2006 1491 permoti.

411 1531 572 1586 quem
603 1516 836 1571 exitialis
882 1516 1145 1572 hactenus
1183 1517 1518 1572 diversorum
1565 1513 1760 1584 pressit
1787 1508 2004 1573 invidia,

410 1609 752 1665 occasionem
795 1609 1023 1680 praebuit
1062 1608 1384 1665 salutaribus
1424 1605 1758 1671 constitutis;
1803 1609 1862 1657 ut
1889 1600 2010 1671 plus

409 1700 618 1756 valeret
644 1707 844 1755 nostrae
872 1700 1088 1770 pietatis
1132 1699 1409 1767 auxilium,
1433 1713 1594 1768 quam
1643 1695 1823 1764 iniqua
1853 1689 2008 1747 calli-

412 1790 551 1845 ditas
596 1790 983 1860 improborum.
1009 1789 1186 1860 Atque
1230 1789 1354 1846 ideo
1391 1785 1646 1860 praesenti
1689 1781 2009 1839 auctoritate
2039 1782 2086 1843 Β

411 1879 751 1937 decernimus
779 1889 838 1935 ut
863 1880 908 1935 si
933 1879 1216 1951 praefectus
1246 1879 1328 1935 vir
1346 1876 1664 1948 magniﬁcus
1691 1874 1916 1929 Faustus
1939 1884 2003 1926 ea

412 1988 532 2044 quae
561 1972 836 2030 Castorius
876 1973 1207 2044 possidebat,
1228 1970 1317 2028 vel
1357 1970 1524 2027 titulis
1572 1965 1891 2039 ingravavit,
1919 1961 2007 2018 vel
2052 2008 2057 2015 .

413 2063 619 2133 privata
659 2065 1010 2135 usurpatione
1036 2063 1296 2135 detinuit,
1320 2080 1447 2120 mox
1482 2064 1533 2120 ei
1562 2063 1818 2134 praedium
1837 2102 1854 2130 ,
1883 2074 2006 2116 cum

415 2152 523 2207 alio
544 2152 781 2222 ejusdem
812 2152 989 2208 meriti
1020 2152 1072 2220 δ,
1092 2154 1249 2209 vobis
1292 2153 1696 2209 imminentibus
1717 2194 1733 2219 ,
1760 2166 1793 2206 a
1819 2163 2011 2222 perva-

415 2257 539 2298 sore
565 2242 847 2310 reddatur;
880 2251 939 2298 ut
967 2243 1276 2299 crudelibus
1305 2243 1515 2299 damnis
1545 2242 1766 2309 afﬂicto,
1798 2239 2012 2312 pietatis

416 2341 615 2388 nostra:
660 2333 902 2390 remedio
931 2333 1294 2389 consulamus.
1326 2333 1431 2405 47
1461 2333 1519 2388 Si
1561 2332 1683 2403 quis
1727 2338 1910 2385 autem
1958 2328 2010 2382 in

419 2427 520 2480 hac
546 2426 962 2496 prmsumptione
989 2426 1196 2481 medius
1224 2426 1440 2499 [Juret.,
1471 2428 1604 2498 forte
1632 2420 1902 2493 modicus]
1933 2421 2014 2475 in—

418 2517 652 2582 venitur,
679 2524 737 2570 ut
765 2516 832 2570 ad
860 2531 924 2570 ea
953 2530 1072 2585 quae
1096 2516 1245 2585 jussa
1266 2525 1393 2574 sunt
1420 2517 1645 2572 idoneus
1672 2522 1907 2585 nequeat
1935 2514 2017 2568 in-

418 2607 624 2672 veniri,
656 2606 722 2661 ad
752 2621 853 2663 nos
894 2606 1137 2663 reducite
1163 2607 1390 2662 vinculis
1428 2607 1713 2676 illigatum,
1753 2613 1814 2658 ut
1856 2616 2015 2673 pcena

421 2695 596 2765 possit
623 2694 897 2765 satisﬁeri,
927 2695 1080 2764 cujus
1128 2695 1382 2754 facinoris
1425 2696 1652 2753 facultas
1686 2710 1793 2750 non
1821 2691 2019 2750 sufﬁcit

422 2786 632 2841 ultioni.
654 2784 768 2840 Tali
798 2786 961 2855 igitur
989 2786 1307 2843 confusione
1331 2787 1443 2858 jam
1473 2787 1667 2856 iniquae
1694 2786 1892 2841 mentis
1920 2785 2022 2839 im-

423 2883 577 2946 petus
623 2875 1007 2945 conquiescat,
1038 2891 1108 2932 ne
1165 2892 1276 2932 non
1330 2884 1442 2931 tam
1497 2873 1805 2931 Castorium
1859 2888 2020 2943 quam

428 2974 671 3022 nostrum
715 2974 900 3023 votum
942 2976 1258 3038 persecutus
1299 2982 1421 3024 esse
1468 2966 1733 3022 videatur.
1765 2965 1920 3032 Quod
1975 2963 2022 3019 si

427 3060 654 3132 posthac
678 3059 920 3129 qualibet
947 3060 1238 3116 occasione
1264 3074 1407 3131 saepe
1449 3066 1805 3115 memoratum
1833 3056 2025 3113 Casto-

428 3152 566 3206 rium
594 3160 754 3207 notus
792 3151 885 3206 ille
921 3150 1115 3206 artifex
1161 3165 1358 3207 nocere
1397 3149 1703 3215 tentaverit,
1752 3148 2017 3220 quinqua-
2050 3149 2096 3211 C

431 3244 584 3312 ginta
606 3243 864 3300 librarum
914 3243 1032 3298 auri
1058 3243 1256 3298 mulcta
1286 3224 1531 3312 protinus
1574 3241 1812 3297 feriatur.
1837 3240 2026 3308 Sitque

429 3334 604 3404 major
620 3334 945 3390 cruciatibus
976 3348 1135 3405 paena
1177 3334 1445 3405 respicere
1473 3333 1715 3400 illaesum,
1746 3347 1906 3404 quem
1950 3331 2026 3388 vi-

434 3427 573 3481 dere-
589 3425 918 3482 desideravit
951 3424 1228 3482 afflictum.
1263 3424 1345 3479 En
1383 3423 1586 3481 factum
1622 3424 1768 3494 quod
1807 3432 2028 3480 cunctas

433 3517 678 3588 protinus
726 3524 993 3588 temperet
1039 3532 1104 3573 ac
1150 3516 1387 3586 corrigat
1433 3525 1732 3587 potestates
1751 3558 1767 3585 ,
1789 3516 2026 3587 praetorii

437 3607 718 3678 praefectus
744 3608 998 3665 bacchari
1045 3624 1155 3665 non
1194 3617 1279 3665 est
1306 3610 1359 3664 in
1388 3609 1604 3664 humilis
1647 3608 1866 3664 lzcsione
1907 3623 2030 3678 per-

436 3700 662 3765 missus;
692 3708 749 3755 et
785 3701 927 3755 cuia
956 3700 1112 3756 nobis
1139 3700 1435 3770 assurgitur
1457 3739 1474 3764 ,
1505 3697 1771 3755 ofﬁciendi
1789 3707 2030 3771 potestas

438 3794 649 3850 miseris
675 3794 983 3863 abrogatur.
1002 3793 1142 3851 Hinc
1169 3809 1359 3852 omnes
1383 3794 1687 3865 intelligant
1710 3809 1819 3865 quo
1842 3807 2031 3849 amore

440 3884 771 3941 delectemur
818 3885 1084 3955 aequitatis
1109 3928 1126 3955 ,
1156 3894 1217 3942 ut
1259 3896 1316 3943 et
1356 3887 1656 3958 potentiam
1723 3892 2031 3941 nostrorum

438 3976 677 4045 judicum
703 3978 932 4035 velimus
958 3979 1575 4051 imminuere,quatenus
1599 3979 1741 4035 bona
1754 3977 2031 4034 conscien-

443 4067 532 4122 tiae
560 4066 828 4137 possimus
845 4081 1062 4138 augere.

970 4220 1303 4279 EPISTULA
1359 4223 1502 4279 XXI.

624 4327 827 4395 Ρᾼυετο
864 4328 987 4370 νιιιο
1022 4330 1268 4372 ιιιυετιι
1314 4331 1681 4373 τιιεουοιιιαυδ
1720 4332 1848 4371 REX.

450 4418 549 4492 Illi
566 4429 784 4492 quatuor
830 4424 1082 4478 mensium
1127 4424 1350 4480 inducite
1377 4425 1448 4479 ad
1493 4441 1745 4480 secessum
1795 4424 1859 4478 ab
1910 4426 2033 4478 mbe

517 4490 690 4612 gentm
708 4493 761 4545 in
783 4495 1099 4561 provinciam
1125 4496 1369 4549 utilitatis
1398 4498 1626 4567 propriae
1653 4512 1812 4549 causa
1842 4512 2028 4550 conce-

553 4576 621 4612 un
649 4577 730 4612 ur.

553 4576 730 4614 untur.

1621 278 1690 330 Μ.
1735 275 2011 331 AURELII
2053 272 2458 331 CASSIODORI

2023 394 2064 449 Α
2098 386 2362 441 τηωηίιηιε
2378 385 2577 456 jugiter
2600 385 2907 441 immoranti
2927 383 3537 456 disponendasutilitatis
3559 399 3684 454 pro—

2063 4537 2113 4596 D

3580 271 3681 328 588

2100 477 2229 547 prim
2256 491 2417 531 causa
2458 475 2701 531 inducias
2747 476 2841 530 tibi
2889 474 3132 546 postulas
3160 473 3361 529 debere
3416 474 3685 541 concedi;

2099 581 2208 620 non
2233 564 2379 634 quod
2428 565 2691 619 habitatio
2722 573 2828 619 tam
2876 566 3017 621 clara
3069 565 3379 636 pertaedeat,
3410 564 3506 620 sed
3548 566 3691 636 quod

2102 651 2312 711 dulcior
2349 655 2441 710 ﬁat
2473 665 2729 711 renovata
2771 656 3058 726 regressio.
3102 656 3278 727 Atque
3328 656 3448 712 ideo
3498 657 3691 712 illustri

2102 747 2454 823 magnitudini
2498 757 2604 802 tuae
2631 747 2920 802 secedendi
2967 748 3035 803 ad
3079 748 3410 817 provinciam
3459 758 3692 818 quatuor

2102 838 2366 894 mensium
2412 838 2655 894 inducias
2680 838 2848 909 pietas
2878 849 3062 895 nostra
3110 840 3332 908 largitur
3358 859 3371 894 :
3406 842 3479 895 ita
3510 850 3567 895 ut
3594 857 3691 896 ex-

2104 930 2263 1001 pletis
2291 929 2496 985 eisdem
2521 973 2538 998 ,
2569 930 2637 985 ad
2675 940 2902 1001 penates
2948 932 3197 1003 proprios
3227 933 3403 989 redire
3432 933 3651 988 festines
3677 951 3691 996 ;

2104 1028 2370 1090 quatenus
2394 1020 2655 1076 habitatio
2678 1020 2942 1085 Romana,
2968 1037 3127 1090 quam
3149 1024 3429 1092 multiplici
3449 1024 3698 1079 volumus

2105 1109 2332 1166 densere
2373 1119 2663 1176 conventu,
2694 1111 2983 1166 subtractis
3030 1112 3237 1176 incolis,
3284 1121 3550 1168 terrarum
3577 1114 3697 1183 opi-

2106 1200 2384 1256 natissima
2417 1211 2439 1239 ο
2468 1216 2577 1254 non
2617 1208 2876 1255 rarescat.
2911 1201 3024 1258 lloc
3052 1203 3212 1256 etiam
3244 1212 3301 1258 et
3326 1205 3480 1259 vobis
3521 1205 3694 1274 aptis-

2106 1290 2300 1343 simum
2347 1288 2673 1358 judicamus,
2725 1292 2944 1358 quando
2991 1302 3211 1347 senator
3255 1292 3532 1348 Romanus
3567 1295 3699 1349 alibi

2109 1381 2277 1450 p05sit
2298 1380 2481 1435 dolere
2508 1379 2768 1434 tardatus.
2797 1380 2896 1435 Ubi
2927 1391 3005 1436 est
3056 1381 3146 1437 illa
3185 1383 3357 1452 gratia
3385 1393 3693 1454 parentum,

2109 1474 2198 1526 ubi
2228 1480 2375 1526 tanta
2396 1473 2651 1528 mmnium
2676 1475 2845 1542 possit
2873 1476 3066 1545 respici
3092 1476 3464 1545 pulchritudo?
3492 1476 3700 1533 Piaculi

2108 1576 2279 1630 genus
2303 1570 2410 1630 est,
2438 1564 2716 1618 absentem
2739 1565 2841 1619 sibi
2866 1564 3091 1620 Romam
3122 1567 3323 1622 diutius
3357 1567 3532 1624 facere
3556 1611 3572 1636 ,
3603 1571 3698 1638 qui

2111 1655 2164 1709 in
2195 1669 2259 1710 ea
2284 1663 2512 1725 possunt
2537 1656 2846 1711 constitutis
2875 1657 3075 1712 laribus
3104 1658 3370 1713 habitare.

2538 1829 2546 1836 .
2633 1787 2963 1844 EPISTOLA
3000 1788 3161 1844 XXII.

2214 1893 2557 1935 Διιτειιιῡοκο
2597 1894 2718 1934 νιιιο
2765 1895 3010 1935 ιιιυετιιι
3051 1896 3418 1937 τηεουοιιιουε
3456 1898 3583 1938 κει.

2226 1967 2391 2024 Vocat
2418 1968 2563 2023 illum
2603 1970 2673 2022 ad
2701 1970 2876 2024 autaut
2904 1979 2953 2025 et
2979 1970 3050 2024 ad
3076 1974 3390 2027 consortium
3416 1989 3587 2028 suum

2182 2082 2442 2152 Congruit
2488 2083 2801 2139 comitatum
2850 2092 3093 2139 nostrum
3141 2084 3271 2140 viris
3298 2102 3399 2143 nos
3440 2086 3705 2144 decorare

2112 2175 2401 2243 nobilibus,
2443 2181 2501 2229 ut
2547 2183 2602 2229 et
2647 2175 2861 2230 illorum
2886 2176 3166 2247 expleatur
3186 2186 3391 2247 votum,
3441 2187 3498 2234 et
3540 2180 3708 2236 obse-

2112 2268 2297 2337 quium
2328 2276 2572 2322 nostrum
2599 2276 2795 2323 ornent
2828 2270 3016 2323 merita
3046 2285 3421 2340 personarum.
3466 2269 3708 2326 Proinde

2114 2359 2537 2428 magnitudinem
2561 2368 2706 2414 tuam
2735 2359 2801 2414 ad
2828 2369 3150 2431 conspectus
3179 2371 3412 2427 nostros,
3437 2378 3578 2432 quos
3608 2364 3709 2418 tibi

2115 2466 2223 2504 non
2254 2450 2572 2518 ambigimus
2593 2465 2713 2505 esse
2738 2451 3090 2519 gratissimos,
3122 2451 3208 2507 his
3245 2453 3477 2509 oraculis
3502 2468 3704 2510 evoca-

2116 2555 2268 2606 mns;
2303 2548 2361 2594 ut
2384 2541 2477 2610 qui
2509 2540 2668 2609 longa
2700 2541 2974 2597 nobiscum
3005 2551 3166 2599 aetate
3193 2553 3436 2599 versatus
3462 2560 3541 2610 es,
3568 2561 3711 2614 pne-

2116 2633 2304 2688 sentiae
2332 2641 2531 2687 nostrae
2576 2632 2862 2688 dulcedine
2891 2635 3142 2703 capiaris.
3177 2634 3421 2690 Festinat
3446 2635 3593 2690 enim
3644 2636 3711 2691 ad

2119 2723 2436 2793 principem,
2471 2722 2559 2793 qui
2593 2722 2675 2776 vel
2725 2724 2896 2777 solum
2945 2731 3126 2793 potest
3175 2725 3361 2780 videre
3390 2725 3711 2795 propitium.

2120 2814 2256 2869 Nam
2285 2814 2371 2870 cui
2412 2814 2543 2869 libet
2590 2813 2717 2886 [Ed.
2756 2816 2876 2881 Ac.,
2907 2814 3050 2888 licet]
3096 2814 3296 2870 habere
3325 2824 3504 2870 nostra
3534 2816 3713 2871 collo-

2122 2907 2247 2977 quia
2275 2904 2329 2972 ά,
2358 2921 2579 2961 munera
2610 2907 2783 2961 credit
2819 2922 2938 2962 esse
2980 2908 3179 2963 divina.
3212 2907 3552 2979 Quapropter
3606 2924 3714 2964 non

2125 2997 2398 3052 tardamus
2423 2996 2746 3052 desiderium
2773 3039 2786 3062 ,
2815 2997 2967 3067 cujus
2996 3006 3246 3068 optamus
3274 3008 3575 3070 aspectum.
3611 2999 3717 3055 Ve-

2128 3090 2243 3145 nire
2269 3098 2323 3144 te
2351 3089 2675 3160 gaudentem
2703 3089 2991 3156 credimus,
3039 3105 3198 3160 quem
3256 3089 3507 3146 alacriter
3545 3090 3715 3146 susti-

2126 3195 2334 3236 nemus.

2641 3294 2977 3351 EPISTOLA
3012 3294 3194 3350 XXIII.

2130 3400 2407 3442 CULOSSEO
2443 3402 2568 3442 νιιιο
2605 3402 2851 3443 ιιιυετιιι
2876 3429 2890 3453 ,
2934 3403 3142 3452 COIIITI,
3186 3401 3550 3443 THIODOBICUS
3594 3404 3723 3444 κει.

2132 3496 2223 3553 Illi
2253 3500 2524 3554 committit
2563 3501 2789 3570 regimen
2837 3482 3133 3557 Pannonia:
3162 3502 3486 3570 Sirmiensis,
3516 3513 3573 3557 et
3604 3520 3722 3558 eum

2199 3570 2517 3624 salutaribus
2561 3570 2634 3625 ad
2659 3572 2753 3625 hoc
2782 3588 2967 3626 munus
3013 3574 3139 3627 bene
3168 3574 3457 3628 obeundum
3505 3574 3727 3628 monitis

2200 3640 2403 3694 imbuit.

2202 3750 2362 3806 Juvat
2386 3753 2629 3823 probatis
2648 3754 2946 3810 ordinanda
2976 3754 3256 3824 mandare,
3285 3756 3551 3825 siquidem
3586 3767 3644 3813 et
3662 3757 3730 3813 de

2133 3843 2329 3898 talibus
2374 3842 2632 3912 judicium
2661 3846 2858 3915 gaudet
2908 3847 3170 3916 eligentis,
3203 3856 3259 3903 et
3287 3861 3477 3905 eorum
3527 3863 3729 3904 secura

2131 3938 2434 3993 substantia
2459 3946 2562 4005 est,
2593 3954 2715 4008 quae
2744 3940 3096 3995 committitur
3123 3940 3447 4012 approbatis.
3488 3940 3633 3996 Nam
3673 3948 3733 3995 ut

2132 4038 2381 4100 optamus
2396 4045 2517 4086 esse
2542 4031 2635 4100 qui
2678 4032 2797 4103 [πω.
2830 4031 2966 4085 And.
3008 4032 3158 4104 quid]
3190 4032 3425 4101 placeat,
3459 4031 3534 4085 ita
3565 4017 3728 4087 cura;

2131 4137 2253 4178 mus
2280 4130 2340 4176 ut
2367 4122 2460 4190 qui
2509 4122 2803 4192 placuerit,
2833 4123 3117 4177 enitescat.
3169 4121 3400 4177 Proinde
3446 4121 3734 4193 prosperis

2133 4213 2373 4269 initiatus
2396 4214 2651 4284 auspiciis
2670 4214 2736 4268 ad
2757 4213 3106 4270 Sirmiensem
3136 4212 3469 4270 Pannoniam
3492 4220 3541 4279 ε,
3559 4230 3734 4285 quon-

2133 4303 2259 4358 dam
2300 4304 2484 4359 sedem
2513 4301 2837 4373 Gothorum,
2865 4303 3230 4374 proﬁciscere,
3271 4304 3492 4360 illustris
3519 4303 3733 4376 cinguli

2132 4395 2394 4464 dignitate
2422 4397 2743 4466 praecinctus
2759 4435 2775 4462 ,
2802 4396 3254 4465 commissamquc
3276 4396 3371 4451 tibi
3391 4398 3733 4467 provinciam

2136 4486 2299 4542 armis
2327 4496 2571 4556 protege,
2607 4485 2730 4556 jure
2758 4502 3027 4557 compone
3053 4504 3068 4554 ;
3096 4496 3157 4542 ut
3179 4488 3431 4557 antiquos
3469 4487 3723 4544 defenso-

2136 4594 2225 4635 res
2251 4578 2493 4648 recipere
2521 4578 2641 4633 laeta
2668 4579 2856 4649 possit,
2883 4594 3003 4648 quae
3049 4594 3108 4635 se
3157 4579 3359 4634 nostris
3409 4581 3735 4650 parentibus

518 4665 775 4723 llumame
827 4674 1229 4730 consuetudinis
1276 4691 1395 4732 mos
1445 4683 1530 4731 est
1580 4683 1639 4730 ut
1667 4676 1871 4731 variata
1917 4676 2037 4747 plus
2138 4672 2368 4727 feliciter
2392 4672 2637 4742 paruisse
2679 4673 2978 4742 cognoscit.
3009 4672 3162 4727 Nosti
3191 4687 3295 4743 qua
3325 4682 3380 4728 te
3408 4673 3571 4728 nobis
3600 4688 3730 4729 con-

448 4759 664 4827 capiaut
692 4755 816 4829 |Ed.
843 4762 935 4813 Ac.
961 4770 1009 4814 et
1040 4772 1136 4816 vet.
1171 4764 1287 4818 cod.
1322 4762 1451 4818 For.
1482 4762 1747 4836 sapiant];
1772 4773 1829 4820 et
1856 4780 2040 4833 quam-

2139 4762 2462 4847 versationis
2484 4763 2795 4818 sinceritate
2814 4760 3176 4819 cemmendes.
3200 4762 3328 4818 Sola
3356 4763 3450 4818 tibi
3479 4763 3736 4835 placendi

447 4847 527 4901 vis
557 4848 607 4900 in
658 4864 691 4901 ιι
706 4864 810 4903 ςυιη
863 4849 1165 4906 habeantur
1211 4854 1406 4907 eximia
1427 4895 1441 4919 ,
1492 4853 1765 4909 fastidium
1820 4862 2041 4924 praestet
2137 4853 2225 4907 via
2252 4865 2354 4920 est,
2377 4855 2420 4909 si
2449 4868 2568 4924 qua:
2592 4855 2831 4923 gerimus
2856 4854 3110 4909 imiteris.
3133 4853 3399 4924 Equitati
3427 4853 3553 4910 fave
3582 4854 3628 4920 τ,
3649 4855 3731 4907 in-

447 4953 608 4992 clune
636 4939 781 5008 quod
810 4939 992 4996 satiat.
1035 4940 1269 4998 Proinde
1296 4943 1465 4998 sacris
1512 4942 1590 5017 [id
1633 4954 1712 4999 est
1758 4926 2038 5017 Romanis]

522 5153 546 5180 ⁸
572 5142 872 5221 Μεηρςιάη.
893 5141 1167 5221 Τναηυὶιις.
1199 5143 1324 5201 Mss.
1356 5145 1403 5199 R
1430 5185 1445 5210 ,
1490 5144 1780 5215 Gravialte;
1834 5149 1952 5218 Cuj.
1985 5157 2040 5205 et

455 5213 642 5275 Forn.,
676 5212 936 5268 Trimulus.

521 5283 548 5358 _b
579 5281 706 5358 .l_ure
733 5284 871 5340 civili
903 5293 1148 5356 raptores
1176 5287 1229 5358 in
1260 5287 1477 5358 triplum
1521 5289 1689 5343 teneri
1738 5306 1897 5346 nemo
1941 5306 2037 5345 ne-

451 5354 570 5433 scit.
604 5352 661 5433 In
692 5352 1206 5433 pervasorém_,__qui
1237 5358 1289 5411 in
1322 5352 1528 5433 alienos
1558 5372 1717 5433 agros
1763 5362 2030 5433 irrumpit,

453 5423 596 5477 actio
628 5423 678 5476 in
706 5425 924 5493 duplum
954 5423 1216 5489 redditur,
1248 5442 1317 5482 ex
1341 5423 1679 5483 Constantini
1709 5431 1777 5484 ad
1808 5423 2030 5486 Bassum

459 5492 856 5567 entistitutioue,
888 5509 1006 5565 quae
1033 5505 1211 5567 exstat
1257 5498 1395 5566 apud
1442 5497 1548 5553 Jul.
1588 5499 1939 5567 Frontinum,
1964 5501 2032 5556 de

453 5562 686 5640 Limitib.
719 5562 930 5640 θετον.)
961 5574 1016 5640 et
1046 5566 1081 5619 I.
1112 5565 1163 5629 4,
1186 5583 1244 5640 g.
1276 5562 1352 5640 ﬁn
1382 5585 1492 5640 reg.
1527 5568 1764 5640 Fonuen.

529 5637 552 5672 ε
582 5630 673 5708 S_ic
715 5630 1134 5708 opinatiss‘imam
1186 5630 1413 5708 Rhodon
1442 5630 1600 5693 vocat
1637 5639 1827 5696 Florus
1852 5640 1942 5695 Iib.
1971 5657 2030 5708 ll,

454 5716 575 5781 cap.
609 5701 659 5765 7,
688 5713 743 5755 ut
770 5720 831 5756 ex
1050 5708 1296 5781 restituit
1334 5706 1553 5781 Pighius
1581 5710 1647 5763 ad
1676 5710 1852 5765 Valer.
1886 5701 2028 5766 Max;

456 5770 551 5827 lib.
581 5785 634 5828 tv
657 5808 673 5836 ,
718 5786 839 5842 cap.
878 5772 931 5827 8.
965 5773 1130 5844 Cujus
1156 5784 1334 5833 tamen
1375 5770 1875 5849 interpretationem
1902 5782 2033 5836 dicit

2144 4947 2447 5002 nocentiam
2478 4947 2644 5002 animi
2672 4946 2869 5003 virtute
2894 4945 3154 5011 defende;
3183 4962 3242 5001 ut
3282 4947 3425 5003 inter
3447 4948 3735 5002 nationum

2145 5149 2209 5203 D.
2230 5149 2459 5219 Juretus
2479 5150 2632 5219 rejici
2658 5149 2877 5205 debere.

2215 5217 2241 5256 ἀ
2271 5218 2517 5290 Colloqui
2541 5217 2663 5275 cum
2694 5221 3019 5290 imperatore
3050 5235 3299 5291 magnum
3325 5222 3606 5292 quidpiam
3636 5235 3734 5292 rex

2144 5289 2514 5344 Theudoricus
2543 5300 2748 5356 censet,
2773 5289 2858 5344 ’ut
2886 5304 2940 5345 et
2969 5289 3167 5346 mensae
3205 5289 3479 5357 adhiberi;
3523 5306 3637 5360 qua
3668 5290 3737 5343 de

2144 5375 2202 5414 re
2233 5361 2367 5414 infra
2395 5361 2634 5430 pluribus
2662 5402 2676 5427 ,
2709 5362 2800 5415 lib.
2834 5377 2884 5416 v1
2911 5400 2927 5424 ,
2959 5360 3118 5417 form.
3169 5362 3223 5427 9,
3257 5373 3313 5417 et
3340 5378 3441 5418 nos
3481 5361 3737 5416 nonnihil

2164 5430 2236 5485 ib.
2261 5446 2339 5497 Ill,
2360 5446 2481 5500 cap.
2510 5429 2600 5498 15,
2625 5431 2854 5500 Select"
2888 5432 3178 5499 attigimus.
3205 5431 3442 5488 FORNEB.

2217 5511 2239 5537 ο
2269 5499 2579 5572 Sirmiensis
2620 5499 2892 5556 Pannonia
2922 5502 3193 5572 quondam
3217 5503 3375 5559 sedes
3402 5500 3737 5558 Gothorum.

2136 5568 2253 5624 Non
2269 5586 2451 5639 pauca:
2472 5571 2742 5625 Caesarum
2769 5568 3184 5628 constitutiones
3212 5573 3265 5627 in
3289 5572 3487 5628 Codice
3510 5579 3742 5624 exstant

2137 5639 2498 5712 dathirmii,
2528 5650 2588 5695 ut
2608 5656 2796 5712 earum
2819 5643 3146 5712 subscriptio
3166 5643 3386 5698 indicat.
3412 5641 3662 5712 Ennaea.

2213 5709 2233 5749 ῐ
2267 5709 2342 5765 De
2368 5711 2672 5785 Gothorum
2697 5711 2900 5783 justitia
2923 5709 3047 5769 vide
3088 5712 3318 5785 PrOcop.
3344 5713 3413 5769 de
3436 5709 3592 5765 Bello
3620 5709 3739 5764 Go-

2137 5781 2372 5859 thprum.
2407 5780 2595 5838 Baoss.
