  <div class='ocr_page' id='page_1' title='image "/cluster/home/n/w/nwhite01/storage/ocr_20150623/69/hvd.32044054758727/322.png"; bbox 0 0 3988 6178; ppageno 0'>
   <div class='ocr_carea' id='block_1_1' title="bbox 266 301 370 362">
    <p class='ocr_par' dir='ltr' id='par_1_1' title="bbox 266 301 370 362">
     <span class='ocr_line' id='line_1_1' title="bbox 266 301 370 362; baseline 0 -2"><span class='ocrx_word' id='word_1_1' title='bbox 266 301 370 362; x_wconf 65' lang='grc' dir='ltr'><strong>ωε</strong></span> 
     </span>
    </p>
   </div>
   <div class='ocr_carea' id='block_1_2' title="bbox 1540 288 2252 353">
    <p class='ocr_par' dir='ltr' id='par_1_2' title="bbox 1540 288 2252 353">
     <span class='ocr_line' id='line_1_2' title="bbox 1540 288 2252 353; baseline -0.01 0"><span class='ocrx_word' id='word_1_2' title='bbox 1540 293 1900 353; x_wconf 72' lang='lat' dir='ltr'><strong>VARIABUM</strong></span> <span class='ocrx_word' id='word_1_3' title='bbox 1939 288 2138 347; x_wconf 81' lang='lat' dir='ltr'><strong>LIBER</strong></span> <span class='ocrx_word' id='word_1_4' title='bbox 2167 289 2252 346; x_wconf 91' lang='lat' dir='ltr'><strong>III.</strong></span> 
     </span>
    </p>
   </div>
   <div class='ocr_carea' id='block_1_3' title="bbox 3419 275 3527 335">
    <p class='ocr_par' dir='ltr' id='par_1_3' title="bbox 3419 275 3527 335">
     <span class='ocr_line' id='line_1_3' title="bbox 3419 275 3527 335; baseline -0.028 -1"><span class='ocrx_word' id='word_1_5' title='bbox 3419 275 3527 335; x_wconf 74' lang='lat'><strong>590</strong></span> 
     </span>
    </p>
   </div>
   <div class='ocr_carea' id='block_1_4' title="bbox 262 395 3530 484">
    <p class='ocr_par' dir='ltr' id='par_1_4' title="bbox 262 395 3530 484">
     <span class='ocr_line' id='line_1_4' title="bbox 262 395 3530 484; baseline -0.008 -9"><span class='ocrx_word' id='word_1_6' title='bbox 262 419 706 476; x_wconf 74' lang='lat' dir='ltr'><strong>consuetudinem</strong></span> <span class='ocrx_word' id='word_1_7' title='bbox 737 433 1062 484; x_wconf 79' lang='lat' dir='ltr'><strong>perversam,</strong></span> <span class='ocrx_word' id='word_1_8' title='bbox 1093 415 1388 472; x_wconf 76' lang='lat' dir='ltr'><strong>Gothorum</strong></span> <span class='ocrx_word' id='word_1_9' title='bbox 1420 410 1591 482; x_wconf 86' lang='lat' dir='ltr'><strong>possis</strong></span> <span class='ocrx_word' id='word_1_10' title='bbox 1615 408 1841 464; x_wconf 87' lang='lat' dir='ltr'><strong>demon-</strong></span> <span class='ocrx_word' id='word_1_11' title='bbox 1871 409 1920 466; x_wconf 80' lang='grc' dir='ltr'>Α</span> <span class='ocrx_word' id='word_1_12' title='bbox 1947 403 2128 458; x_wconf 82' lang='lat' dir='ltr'><strong>vivere</strong></span> <span class='ocrx_word' id='word_1_13' title='bbox 2149 441 2165 468; x_wconf 89' lang='lat'><strong>,</strong></span> <span class='ocrx_word' id='word_1_14' title='bbox 2207 398 2658 471; x_wconf 85' lang='lat' dir='ltr'><strong>quemadmodum</strong></span> <span class='ocrx_word' id='word_1_15' title='bbox 2713 408 2966 470; x_wconf 82' lang='lat' dir='ltr'><strong>parentes</strong></span> <span class='ocrx_word' id='word_1_16' title='bbox 3012 406 3247 466; x_wconf 87' lang='lat' dir='ltr'><strong>nostros,</strong></span> <span class='ocrx_word' id='word_1_17' title='bbox 3301 395 3530 453; x_wconf 87' lang='lat' dir='ltr'><strong>Domino</strong></span> 
     </span>
    </p>
   </div>
   <div class='ocr_carea' id='block_1_5' title="bbox 263 490 2800 578">
    <p class='ocr_par' dir='ltr' id='par_1_5' title="bbox 263 490 2800 578">
     <span class='ocr_line' id='line_1_5' title="bbox 263 490 2800 578; baseline -0.008 -12"><span class='ocrx_word' id='word_1_18' title='bbox 263 518 436 567; x_wconf 86' lang='lat' dir='ltr'><strong>strare</strong></span> <span class='ocrx_word' id='word_1_19' title='bbox 474 509 741 578; x_wconf 77' lang='lat' dir='ltr'><strong>justitiam</strong></span> <span class='ocrx_word' id='word_1_20' title='bbox 767 497 834 563; x_wconf 50' lang='grc' dir='ltr'><strong>τίς</strong></span> <span class='ocrx_word' id='word_1_21' title='bbox 858 509 950 578; x_wconf 89' lang='lat' dir='ltr'><strong>qui</strong></span> <span class='ocrx_word' id='word_1_22' title='bbox 989 503 1067 563; x_wconf 86' lang='lat' dir='ltr'><strong>sic</strong></span> <span class='ocrx_word' id='word_1_23' title='bbox 1090 522 1306 577; x_wconf 83' lang='lat' dir='ltr'><strong>semper</strong></span> <span class='ocrx_word' id='word_1_24' title='bbox 1333 504 1549 558; x_wconf 91' lang='lat' dir='ltr'><strong>fuerunt</strong></span> <span class='ocrx_word' id='word_1_25' title='bbox 1587 500 1641 554; x_wconf 92' lang='lat' dir='ltr'><strong>in</strong></span> <span class='ocrx_word' id='word_1_26' title='bbox 1671 497 1845 568; x_wconf 82' lang='lat' dir='ltr'><strong>laudis</strong></span> <span class='ocrx_word' id='word_1_27' title='bbox 1948 501 2257 565; x_wconf 74' lang='lat' dir='ltr'><strong>prtestante,</strong></span> <span class='ocrx_word' id='word_1_28' title='bbox 2287 492 2509 549; x_wconf 86' lang='lat' dir='ltr'><strong>cernitis</strong></span> <span class='ocrx_word' id='word_1_29' title='bbox 2536 490 2800 548; x_wconf 81' lang='lat' dir='ltr'><strong>ﬂoruisse.</strong></span> 
     </span>
    </p>
   </div>
   <div class='ocr_carea' id='block_1_6' title="bbox 263 595 1848 667">
    <p class='ocr_par' dir='ltr' id='par_1_6' title="bbox 263 595 1848 667">
     <span class='ocr_line' id='line_1_6' title="bbox 263 595 1848 667; baseline -0.007 -11"><span class='ocrx_word' id='word_1_30' title='bbox 263 601 446 656; x_wconf 87' lang='lat' dir='ltr'><strong>medio</strong></span> <span class='ocrx_word' id='word_1_31' title='bbox 482 600 783 667; x_wconf 89' lang='lat' dir='ltr'><strong>constituti,</strong></span> <span class='ocrx_word' id='word_1_32' title='bbox 816 608 875 654; x_wconf 93' lang='lat' dir='ltr'><strong>ut</strong></span> <span class='ocrx_word' id='word_1_33' title='bbox 903 607 959 654; x_wconf 92' lang='lat' dir='ltr'><strong>et</strong></span> <span class='ocrx_word' id='word_1_34' title='bbox 982 598 1345 653; x_wconf 82' lang='lat' dir='ltr'><strong>Romanorum</strong></span> <span class='ocrx_word' id='word_1_35' title='bbox 1391 595 1729 666; x_wconf 87' lang='lat' dir='ltr'><strong>prudentiam</strong></span> <span class='ocrx_word' id='word_1_36' title='bbox 1756 607 1848 646; x_wconf 63' lang='lat' dir='ltr'><strong>cau</strong></span> 
     </span>
    </p>
   </div>
   <div class='ocr_carea' id='block_1_7' title="bbox 264 681 1848 760">
    <p class='ocr_par' dir='ltr' id='par_1_7' title="bbox 264 681 1848 760">
     <span class='ocr_line' id='line_1_7' title="bbox 264 681 1848 760; baseline -0.004 -17"><span class='ocrx_word' id='word_1_37' title='bbox 264 697 485 760; x_wconf 91' lang='lat' dir='ltr'><strong>perent,</strong></span> <span class='ocrx_word' id='word_1_38' title='bbox 528 697 583 743; x_wconf 90' lang='lat' dir='ltr'><strong>et</strong></span> <span class='ocrx_word' id='word_1_39' title='bbox 626 689 880 742; x_wconf 79' lang='lat' dir='ltr'><strong>virtutem</strong></span> <span class='ocrx_word' id='word_1_40' title='bbox 919 687 1157 755; x_wconf 87' lang='lat' dir='ltr'><strong>gentium</strong></span> <span class='ocrx_word' id='word_1_41' title='bbox 1204 685 1560 755; x_wconf 88' lang='lat' dir='ltr'><strong>possiderent.</strong></span> <span class='ocrx_word' id='word_1_42' title='bbox 1608 681 1848 738; x_wconf 83' lang='lat' dir='ltr'><strong>Remove</strong></span> 
     </span>
    </p>
   </div>
   <div class='ocr_carea' id='block_1_8' title="bbox 264 775 1844 849">
    <p class='ocr_par' dir='ltr' id='par_1_8' title="bbox 264 775 1844 849">
     <span class='ocr_line' id='line_1_8' title="bbox 264 775 1844 849; baseline -0.006 -14"><span class='ocrx_word' id='word_1_43' title='bbox 264 779 682 835; x_wconf 83' lang='lat' dir='ltr'><strong>consuetudines</strong></span> <span class='ocrx_word' id='word_1_44' title='bbox 722 779 1099 833; x_wconf 88' lang='lat' dir='ltr'><strong>abominanter</strong></span> <span class='ocrx_word' id='word_1_45' title='bbox 1143 776 1358 832; x_wconf 89' lang='lat' dir='ltr'><strong>inolitas</strong></span> <span class='ocrx_word' id='word_1_46' title='bbox 1401 776 1536 849; x_wconf 77' lang='grc' dir='ltr'><strong>[αιὶἱ,</strong></span> <span class='ocrx_word' id='word_1_47' title='bbox 1575 775 1844 831; x_wconf 89' lang='lat' dir='ltr'><strong>inoblitas.</strong></span> 
     </span>
    </p>
   </div>
   <div class='ocr_carea' id='block_1_9' title="bbox 263 866 1850 941">
    <p class='ocr_par' dir='ltr' id='par_1_9' title="bbox 263 866 1850 941">
     <span class='ocr_line' id='line_1_9' title="bbox 263 866 1850 941; baseline -0.001 -19"><span class='ocrx_word' id='word_1_48' title='bbox 263 870 388 933; x_wconf 79' lang='lat' dir='ltr'><strong>Alii,</strong></span> <span class='ocrx_word' id='word_1_49' title='bbox 419 868 640 941; x_wconf 85' lang='lat' dir='ltr'><strong>inditas]</strong></span> <span class='ocrx_word' id='word_1_50' title='bbox 670 868 698 909; x_wconf 72' lang='grc' dir='ltr'>ι)</span> <span class='ocrx_word' id='word_1_51' title='bbox 731 887 744 922; x_wconf 87' lang='lat'><strong>:</strong></span> <span class='ocrx_word' id='word_1_52' title='bbox 774 870 953 924; x_wconf 82' lang='lat' dir='ltr'><strong>verbis</strong></span> <span class='ocrx_word' id='word_1_53' title='bbox 984 869 1056 924; x_wconf 87' lang='lat' dir='ltr'><strong>ibi</strong></span> <span class='ocrx_word' id='word_1_54' title='bbox 1105 869 1302 937; x_wconf 78' lang='lat' dir='ltr'><strong>potius,</strong></span> <span class='ocrx_word' id='word_1_55' title='bbox 1354 883 1463 921; x_wconf 87' lang='lat' dir='ltr'><strong>non</strong></span> <span class='ocrx_word' id='word_1_56' title='bbox 1502 866 1666 922; x_wconf 86' lang='lat' dir='ltr'><strong>armis</strong></span> <span class='ocrx_word' id='word_1_57' title='bbox 1690 881 1850 921; x_wconf 89' lang='lat' dir='ltr'><strong>causa</strong></span> 
     </span>
    </p>
   </div>
   <div class='ocr_carea' id='block_1_10' title="bbox 265 955 1903 1028">
    <p class='ocr_par' dir='ltr' id='par_1_10' title="bbox 265 955 1903 1028">
     <span class='ocr_line' id='line_1_10' title="bbox 265 955 1903 1028; baseline -0.003 -16"><span class='ocrx_word' id='word_1_58' title='bbox 265 966 564 1013; x_wconf 83' lang='lat' dir='ltr'><strong>tractetur:</strong></span> <span class='ocrx_word' id='word_1_59' title='bbox 597 974 703 1013; x_wconf 91' lang='lat' dir='ltr'><strong>non</strong></span> <span class='ocrx_word' id='word_1_60' title='bbox 730 959 803 1014; x_wconf 88' lang='lat' dir='ltr'><strong>sit</strong></span> <span class='ocrx_word' id='word_1_61' title='bbox 831 957 1132 1012; x_wconf 86' lang='lat' dir='ltr'><strong>convicium</strong></span> <span class='ocrx_word' id='word_1_62' title='bbox 1163 955 1430 1024; x_wconf 89' lang='lat' dir='ltr'><strong>negotium</strong></span> <span class='ocrx_word' id='word_1_63' title='bbox 1460 955 1703 1024; x_wconf 86' lang='lat' dir='ltr'><strong>perdere,</strong></span> <span class='ocrx_word' id='word_1_64' title='bbox 1727 971 1850 1010; x_wconf 89' lang='lat' dir='ltr'><strong>cum</strong></span> <span class='ocrx_word' id='word_1_65' title='bbox 1897 1019 1903 1028; x_wconf 32' lang='lat'><strong><em>‘</em></strong></span> 
     </span>
    </p>
   </div>
   <div class='ocr_carea' id='block_1_11' title="bbox 263 1046 1852 1121">
    <p class='ocr_par' dir='ltr' id='par_1_11' title="bbox 263 1046 1852 1121">
     <span class='ocr_line' id='line_1_11' title="bbox 263 1046 1852 1121; baseline -0.003 -18"><span class='ocrx_word' id='word_1_66' title='bbox 263 1066 365 1120; x_wconf 91' lang='lat' dir='ltr'><strong>pro</strong></span> <span class='ocrx_word' id='word_1_67' title='bbox 395 1066 456 1105; x_wconf 89' lang='lat' dir='ltr'><strong>re</strong></span> <span class='ocrx_word' id='word_1_68' title='bbox 484 1049 762 1120; x_wconf 86' lang='lat' dir='ltr'><strong>abjurator</strong></span> <span class='ocrx_word' id='word_1_69' title='bbox 783 1049 956 1104; x_wconf 92' lang='lat' dir='ltr'><strong>aliena</strong></span> <span class='ocrx_word' id='word_1_70' title='bbox 985 1047 1118 1121; x_wconf 83' lang='lat' dir='ltr'><strong>[alii,</strong></span> <span class='ocrx_word' id='word_1_71' title='bbox 1143 1048 1358 1118; x_wconf 87' lang='lat' dir='ltr'><strong>proprie</strong></span> <span class='ocrx_word' id='word_1_72' title='bbox 1379 1047 1653 1114; x_wconf 87' lang='lat' dir='ltr'><strong>abjuratOr</strong></span> <span class='ocrx_word' id='word_1_73' title='bbox 1669 1046 1852 1118; x_wconf 88' lang='lat' dir='ltr'><strong>alieni]</strong></span> 
     </span>
    </p>
   </div>
   <div class='ocr_carea' id='block_1_12' title="bbox 264 1139 1855 1210">
    <p class='ocr_par' dir='ltr' id='par_1_12' title="bbox 264 1139 1855 1210">
     <span class='ocr_line' id='line_1_12' title="bbox 264 1139 1855 1210; baseline -0.003 -12"><span class='ocrx_word' id='word_1_74' title='bbox 264 1145 487 1208; x_wconf 86' lang='lat' dir='ltr'><strong>furtum,</strong></span> <span class='ocrx_word' id='word_1_75' title='bbox 518 1159 626 1197; x_wconf 87' lang='lat' dir='ltr'><strong>non</strong></span> <span class='ocrx_word' id='word_1_76' title='bbox 649 1144 881 1197; x_wconf 89' lang='lat' dir='ltr'><strong>animam</strong></span> <span class='ocrx_word' id='word_1_77' title='bbox 911 1141 1099 1196; x_wconf 85' lang='lat' dir='ltr'><strong>reddat</strong></span> <span class='ocrx_word' id='word_1_78' title='bbox 1125 1158 1137 1192; x_wconf 90' lang='lat'><strong>:</strong></span> <span class='ocrx_word' id='word_1_79' title='bbox 1163 1156 1231 1196; x_wconf 91' lang='lat' dir='ltr'><strong>ne</strong></span> <span class='ocrx_word' id='word_1_80' title='bbox 1257 1141 1376 1210; x_wconf 91' lang='lat' dir='ltr'><strong>plus</strong></span> <span class='ocrx_word' id='word_1_81' title='bbox 1421 1140 1648 1194; x_wconf 88' lang='lat' dir='ltr'><strong>intentio</strong></span> <span class='ocrx_word' id='word_1_82' title='bbox 1683 1139 1855 1193; x_wconf 82' lang='lat' dir='ltr'><strong>civilis</strong></span> 
     </span>
    </p>
   </div>
   <div class='ocr_carea' id='block_1_13' title="bbox 265 1229 1856 1302">
    <p class='ocr_par' dir='ltr' id='par_1_13' title="bbox 265 1229 1856 1302">
     <span class='ocr_line' id='line_1_13' title="bbox 265 1229 1856 1302; baseline -0.001 -16"><span class='ocrx_word' id='word_1_83' title='bbox 265 1231 444 1302; x_wconf 86' lang='lat' dir='ltr'><strong>rapiat</strong></span> <span class='ocrx_word' id='word_1_84' title='bbox 466 1247 630 1300; x_wconf 90' lang='lat' dir='ltr'><strong>quam</strong></span> <span class='ocrx_word' id='word_1_85' title='bbox 679 1232 817 1288; x_wconf 89' lang='lat' dir='ltr'><strong>bella</strong></span> <span class='ocrx_word' id='word_1_86' title='bbox 863 1239 1201 1286; x_wconf 83' lang='lat' dir='ltr'><strong>consumant.</strong></span> <span class='ocrx_word' id='word_1_87' title='bbox 1242 1229 1406 1286; x_wconf 88' lang='lat' dir='ltr'><strong>Scuta</strong></span> <span class='ocrx_word' id='word_1_88' title='bbox 1445 1230 1498 1284; x_wconf 89' lang='lat' dir='ltr'><strong>in</strong></span> <span class='ocrx_word' id='word_1_89' title='bbox 1539 1230 1725 1284; x_wconf 88' lang='lat' dir='ltr'><strong>hostes</strong></span> <span class='ocrx_word' id='word_1_90' title='bbox 1749 1230 1856 1284; x_wconf 89' lang='lat' dir='ltr'><strong>eri-</strong></span> 
     </span>
    </p>
   </div>
   <div class='ocr_carea' id='block_1_14' title="bbox 267 1319 1856 1392">
    <p class='ocr_par' dir='ltr' id='par_1_14' title="bbox 267 1319 1856 1392">
     <span class='ocr_line' id='line_1_14' title="bbox 267 1319 1856 1392; baseline -0.002 -14"><span class='ocrx_word' id='word_1_91' title='bbox 267 1332 422 1392; x_wconf 86' lang='lat' dir='ltr'><strong>gant,</strong></span> <span class='ocrx_word' id='word_1_92' title='bbox 451 1337 562 1377; x_wconf 91' lang='lat' dir='ltr'><strong>non</strong></span> <span class='ocrx_word' id='word_1_93' title='bbox 585 1323 639 1376; x_wconf 92' lang='lat' dir='ltr'><strong>in</strong></span> <span class='ocrx_word' id='word_1_94' title='bbox 670 1330 942 1392; x_wconf 86' lang='lat' dir='ltr'><strong>parentes.</strong></span> <span class='ocrx_word' id='word_1_95' title='bbox 972 1319 1038 1375; x_wconf 88' lang='lat' dir='ltr'><strong>Et</strong></span> <span class='ocrx_word' id='word_1_96' title='bbox 1067 1337 1134 1376; x_wconf 91' lang='lat' dir='ltr'><strong>ne</strong></span> <span class='ocrx_word' id='word_1_97' title='bbox 1175 1336 1333 1390; x_wconf 88' lang='lat' dir='ltr'><strong>quem</strong></span> <span class='ocrx_word' id='word_1_98' title='bbox 1362 1319 1501 1376; x_wconf 87' lang='lat' dir='ltr'><strong>forte</strong></span> <span class='ocrx_word' id='word_1_99' title='bbox 1531 1321 1598 1376; x_wconf 92' lang='lat' dir='ltr'><strong>ad</strong></span> <span class='ocrx_word' id='word_1_100' title='bbox 1625 1330 1856 1377; x_wconf 90' lang='lat' dir='ltr'><strong>mortem</strong></span> 
     </span>
    </p>
   </div>
   <div class='ocr_carea' id='block_1_15' title="bbox 269 1413 1859 1485">
    <p class='ocr_par' dir='ltr' id='par_1_15' title="bbox 269 1413 1859 1485">
     <span class='ocr_line' id='line_1_15' title="bbox 269 1413 1859 1485; baseline 0 -16"><span class='ocrx_word' id='word_1_101' title='bbox 269 1414 523 1469; x_wconf 87' lang='lat' dir='ltr'><strong>videatur</strong></span> <span class='ocrx_word' id='word_1_102' title='bbox 569 1413 906 1485; x_wconf 64' lang='lat' dir='ltr'><strong>praecipitare</strong></span> <span class='ocrx_word' id='word_1_103' title='bbox 947 1421 1264 1484; x_wconf 87' lang='lat' dir='ltr'><strong>paupertas,</strong></span> <span class='ocrx_word' id='word_1_104' title='bbox 1311 1413 1476 1469; x_wconf 88' lang='lat' dir='ltr'><strong>redde</strong></span> <span class='ocrx_word' id='word_1_105' title='bbox 1520 1429 1619 1484; x_wconf 92' lang='lat' dir='ltr'><strong>pro</strong></span> <span class='ocrx_word' id='word_1_106' title='bbox 1663 1413 1859 1470; x_wconf 86' lang='lat' dir='ltr'><strong>talibus</strong></span> 
     </span>
    </p>
   </div>
   <div class='ocr_carea' id='block_1_16' title="bbox 268 1501 1859 1574">
    <p class='ocr_par' dir='ltr' id='par_1_16' title="bbox 268 1501 1859 1574">
     <span class='ocr_line' id='line_1_16' title="bbox 268 1501 1859 1574; baseline 0 -17"><span class='ocrx_word' id='word_1_107' title='bbox 268 1504 570 1574; x_wconf 88' lang='lat' dir='ltr'><strong>gloriosum</strong></span> <span class='ocrx_word' id='word_1_108' title='bbox 618 1503 777 1573; x_wconf 89' lang='lat' dir='ltr'><strong>plane</strong></span> <span class='ocrx_word' id='word_1_109' title='bbox 823 1501 1096 1558; x_wconf 88' lang='lat' dir='ltr'><strong>damnum.</strong></span> <span class='ocrx_word' id='word_1_110' title='bbox 1141 1501 1400 1558; x_wconf 87' lang='lat' dir='ltr'><strong>Lecturus</strong></span> <span class='ocrx_word' id='word_1_111' title='bbox 1425 1518 1456 1556; x_wconf 89' lang='lat' dir='ltr'><strong>a</strong></span> <span class='ocrx_word' id='word_1_112' title='bbox 1485 1503 1639 1558; x_wconf 91' lang='lat' dir='ltr'><strong>nobis</strong></span> <span class='ocrx_word' id='word_1_113' title='bbox 1675 1504 1859 1572; x_wconf 74' lang='lat' dir='ltr'><strong>gratia:</strong></span> 
     </span>
    </p>
   </div>
   <div class='ocr_carea' id='block_1_17' title="bbox 273 1593 1860 1665">
    <p class='ocr_par' dir='ltr' id='par_1_17' title="bbox 273 1593 1860 1665">
     <span class='ocr_line' id='line_1_17' title="bbox 273 1593 1860 1665; baseline 0.001 -17"><span class='ocrx_word' id='word_1_114' title='bbox 273 1594 607 1650; x_wconf 86' lang='lat' dir='ltr'><strong>uberrimum</strong></span> <span class='ocrx_word' id='word_1_115' title='bbox 634 1593 886 1657; x_wconf 88' lang='lat' dir='ltr'><strong>fructum,</strong></span> <span class='ocrx_word' id='word_1_116' title='bbox 937 1594 978 1650; x_wconf 88' lang='lat' dir='ltr'><strong>si</strong></span> <span class='ocrx_word' id='word_1_117' title='bbox 1020 1593 1176 1649; x_wconf 89' lang='lat' dir='ltr'><strong>civile</strong></span> <span class='ocrx_word' id='word_1_118' title='bbox 1221 1594 1293 1649; x_wconf 89' lang='lat' dir='ltr'><strong>ibi</strong></span> <span class='ocrx_word' id='word_1_119' title='bbox 1333 1594 1571 1665; x_wconf 83' lang='lat' dir='ltr'><strong>potueris</strong></span> <span class='ocrx_word' id='word_1_120' title='bbox 1615 1593 1860 1664; x_wconf 85' lang='lat' dir='ltr'><strong>plantare</strong></span> 
     </span>
    </p>
   </div>
   <div class='ocr_carea' id='block_1_18' title="bbox 273 1683 1863 1756">
    <p class='ocr_par' dir='ltr' id='par_1_18' title="bbox 273 1683 1863 1756">
     <span class='ocr_line' id='line_1_18' title="bbox 273 1683 1863 1756; baseline -0.001 -16"><span class='ocrx_word' id='word_1_121' title='bbox 273 1686 646 1756; x_wconf 89' lang='lat' dir='ltr'><strong>propositum;</strong></span> <span class='ocrx_word' id='word_1_122' title='bbox 689 1692 744 1739; x_wconf 91' lang='lat' dir='ltr'><strong>et</strong></span> <span class='ocrx_word' id='word_1_123' title='bbox 773 1684 969 1739; x_wconf 86' lang='lat' dir='ltr'><strong>nostris</strong></span> <span class='ocrx_word' id='word_1_124' title='bbox 994 1699 1122 1739; x_wconf 88' lang='lat' dir='ltr'><strong>vere</strong></span> <span class='ocrx_word' id='word_1_125' title='bbox 1157 1683 1370 1752; x_wconf 91' lang='lat' dir='ltr'><strong>judiciis</strong></span> <span class='ocrx_word' id='word_1_126' title='bbox 1395 1683 1633 1754; x_wconf 83' lang='lat' dir='ltr'><strong>dignum,</strong></span> <span class='ocrx_word' id='word_1_127' title='bbox 1668 1683 1714 1737; x_wconf 89' lang='lat' dir='ltr'><strong>si</strong></span> <span class='ocrx_word' id='word_1_128' title='bbox 1753 1683 1863 1738; x_wconf 88' lang='lat' dir='ltr'><strong>dis-</strong></span> 
     </span>
    </p>
   </div>
   <div class='ocr_carea' id='block_1_19' title="bbox 275 1771 1942 1846">
    <p class='ocr_par' dir='ltr' id='par_1_19' title="bbox 275 1771 1942 1846">
     <span class='ocr_line' id='line_1_19' title="bbox 275 1771 1942 1846; baseline -0.002 -16"><span class='ocrx_word' id='word_1_129' title='bbox 275 1771 533 1846; x_wconf 87' lang='lat' dir='ltr'><strong>pendium</strong></span> <span class='ocrx_word' id='word_1_130' title='bbox 563 1773 728 1842; x_wconf 83' lang='lat' dir='ltr'><strong>judex</strong></span> <span class='ocrx_word' id='word_1_131' title='bbox 757 1774 968 1839; x_wconf 84' lang='lat' dir='ltr'><strong>subeat,</strong></span> <span class='ocrx_word' id='word_1_132' title='bbox 1007 1782 1066 1828; x_wconf 90' lang='lat' dir='ltr'><strong>ut</strong></span> <span class='ocrx_word' id='word_1_133' title='bbox 1095 1776 1258 1829; x_wconf 90' lang='lat' dir='ltr'><strong>vitam</strong></span> <span class='ocrx_word' id='word_1_134' title='bbox 1285 1774 1554 1844; x_wconf 86' lang='lat' dir='ltr'><strong>periturus</strong></span> <span class='ocrx_word' id='word_1_135' title='bbox 1597 1774 1860 1842; x_wconf 82' lang='lat' dir='ltr'><strong>acquirat.</strong></span> <span class='ocrx_word' id='word_1_136' title='bbox 1896 1784 1942 1842; x_wconf 79' lang='grc' dir='ltr'><strong>Β</strong></span> 
     </span>
    </p>
   </div>
   <div class='ocr_carea' id='block_1_20' title="bbox 277 1865 1866 1936">
    <p class='ocr_par' dir='ltr' id='par_1_20' title="bbox 277 1865 1866 1936">
     <span class='ocr_line' id='line_1_20' title="bbox 277 1865 1866 1936; baseline -0.001 -16"><span class='ocrx_word' id='word_1_137' title='bbox 277 1867 620 1936; x_wconf 80' lang='lat' dir='ltr'><strong>Quapmpter</strong></span> <span class='ocrx_word' id='word_1_138' title='bbox 640 1865 976 1920; x_wconf 90' lang='lat' dir='ltr'><strong>consuetudo</strong></span> <span class='ocrx_word' id='word_1_139' title='bbox 992 1873 1176 1921; x_wconf 90' lang='lat' dir='ltr'><strong>nostra</strong></span> <span class='ocrx_word' id='word_1_140' title='bbox 1205 1865 1334 1920; x_wconf 85' lang='lat' dir='ltr'><strong>feris</strong></span> <span class='ocrx_word' id='word_1_141' title='bbox 1357 1865 1628 1920; x_wconf 87' lang='lat' dir='ltr'><strong>mentibus</strong></span> <span class='ocrx_word' id='word_1_142' title='bbox 1656 1865 1866 1920; x_wconf 82' lang='lat' dir='ltr'><strong>insera-</strong></span> 
     </span>
    </p>
   </div>
   <div class='ocr_carea' id='block_1_21' title="bbox 278 1954 1867 2022">
    <p class='ocr_par' dir='ltr' id='par_1_21' title="bbox 278 1954 1867 2022">
     <span class='ocr_line' id='line_1_21' title="bbox 278 1954 1867 2022; baseline 0.001 -13"><span class='ocrx_word' id='word_1_143' title='bbox 278 1964 390 2022; x_wconf 81' lang='lat' dir='ltr'><strong>tur,</strong></span> <span class='ocrx_word' id='word_1_144' title='bbox 433 1954 608 2011; x_wconf 90' lang='lat' dir='ltr'><strong>donec</strong></span> <span class='ocrx_word' id='word_1_145' title='bbox 638 1956 974 2011; x_wconf 89' lang='lat' dir='ltr'><strong>truculentus</strong></span> <span class='ocrx_word' id='word_1_146' title='bbox 1000 1956 1212 2011; x_wconf 87' lang='lat' dir='ltr'><strong>animus</strong></span> <span class='ocrx_word' id='word_1_147' title='bbox 1246 1955 1386 2012; x_wconf 87' lang='lat' dir='ltr'><strong>velle</strong></span> <span class='ocrx_word' id='word_1_148' title='bbox 1413 1955 1595 2010; x_wconf 89' lang='lat' dir='ltr'><strong>vivere</strong></span> <span class='ocrx_word' id='word_1_149' title='bbox 1631 1969 1867 2011; x_wconf 89' lang='lat' dir='ltr'><strong>consue-</strong></span> 
     </span>
    </p>
   </div>
   <div class='ocr_carea' id='block_1_22' title="bbox 279 2055 420 2105">
    <p class='ocr_par' dir='ltr' id='par_1_22' title="bbox 279 2055 420 2105">
     <span class='ocr_line' id='line_1_22' title="bbox 279 2055 420 2105; baseline -0.021 0"><span class='ocrx_word' id='word_1_150' title='bbox 279 2055 420 2105; x_wconf 66' lang='lat' dir='ltr'><strong>Scal.</strong></span> 
     </span>
    </p>
   </div>
   <div class='ocr_carea' id='block_1_23' title="bbox 805 2137 1348 2195">
    <p class='ocr_par' dir='ltr' id='par_1_23' title="bbox 805 2137 1348 2195">
     <span class='ocr_line' id='line_1_23' title="bbox 805 2137 1348 2195; baseline -0.002 -2"><span class='ocrx_word' id='word_1_151' title='bbox 805 2137 1136 2195; x_wconf 86' lang='lat' dir='ltr'><strong>EPISTOLA</strong></span> <span class='ocrx_word' id='word_1_152' title='bbox 1163 2137 1348 2193; x_wconf 87' lang='lat' dir='ltr'><strong>XXIV.</strong></span> 
     </span>
    </p>
   </div>
   <div class='ocr_carea' id='block_1_24' title="bbox 283 2265 1872 2314">
    <p class='ocr_par' dir='ltr' id='par_1_24' title="bbox 283 2265 1872 2314">
     <span class='ocr_line' id='line_1_24' title="bbox 283 2265 1872 2314; baseline -0.002 -7"><span class='ocrx_word' id='word_1_153' title='bbox 283 2267 554 2309; x_wconf 67' lang='grc' dir='ltr'>υκινειιειε</span> <span class='ocrx_word' id='word_1_154' title='bbox 577 2267 844 2314; x_wconf 67' lang='grc' dir='ltr'>ηλιιιιΑιιιε,</span> <span class='ocrx_word' id='word_1_155' title='bbox 871 2268 936 2306; x_wconf 81' lang='grc' dir='ltr'>ΕΤ</span> <span class='ocrx_word' id='word_1_156' title='bbox 965 2266 1188 2306; x_wconf 69' lang='lat' dir='ltr'><strong>ROMANIS</strong></span> <span class='ocrx_word' id='word_1_157' title='bbox 1219 2267 1318 2306; x_wconf 78' lang='grc' dir='ltr'>ιέιι</span> <span class='ocrx_word' id='word_1_158' title='bbox 1346 2266 1636 2306; x_wconf 73' lang='grc' dir='ltr'><strong>ΡΑΝΝΟΝΙΑΙ</strong></span> <span class='ocrx_word' id='word_1_159' title='bbox 1659 2265 1872 2305; x_wconf 66' lang='grc' dir='ltr'>(ςυιιδτι-</span> 
     </span>
    </p>
   </div>
   <div class='ocr_carea' id='block_1_25' title="bbox 729 2337 1432 2388">
    <p class='ocr_par' dir='ltr' id='par_1_25' title="bbox 729 2337 1432 2388">
     <span class='ocr_line' id='line_1_25' title="bbox 729 2337 1432 2388; baseline 0 -12"><span class='ocrx_word' id='word_1_160' title='bbox 729 2338 884 2376; x_wconf 83' lang='lat' dir='ltr'><strong>&#39;I&#39;U&#39;I&#39;IS</strong></span> <span class='ocrx_word' id='word_1_161' title='bbox 915 2337 1278 2377; x_wconf 77' lang='lat' dir='ltr'><strong>&#39;I&#39;IIEODOBICUS</strong></span> <span class='ocrx_word' id='word_1_162' title='bbox 1307 2337 1432 2388; x_wconf 69' lang='lat' dir='ltr'><strong>REX.</strong></span> 
     </span>
    </p>
   </div>
   <div class='ocr_carea' id='block_1_26' title="bbox 287 2430 1869 2497">
    <p class='ocr_par' dir='ltr' id='par_1_26' title="bbox 287 2430 1869 2497">
     <span class='ocr_line' id='line_1_26' title="bbox 287 2430 1869 2497; baseline -0.002 -11"><span class='ocrx_word' id='word_1_163' title='bbox 287 2432 542 2497; x_wconf 65' lang='lat' dir='ltr'><strong>Praecipit</strong></span> <span class='ocrx_word' id='word_1_164' title='bbox 563 2443 618 2484; x_wconf 85' lang='lat' dir='ltr'><strong>ut</strong></span> <span class='ocrx_word' id='word_1_165' title='bbox 641 2431 898 2486; x_wconf 69' lang='lat' dir='ltr'><strong>Colossazo</strong></span> <span class='ocrx_word' id='word_1_166' title='bbox 927 2431 1186 2496; x_wconf 81' lang='lat' dir='ltr'><strong>obediant,</strong></span> <span class='ocrx_word' id='word_1_167' title='bbox 1207 2439 1256 2484; x_wconf 93' lang='lat' dir='ltr'><strong>et</strong></span> <span class='ocrx_word' id='word_1_168' title='bbox 1277 2430 1500 2484; x_wconf 77' lang='lat' dir='ltr'><strong>duellum</strong></span> <span class='ocrx_word' id='word_1_169' title='bbox 1520 2441 1869 2496; x_wconf 75' lang='lat' dir='ltr'><strong>exsecrentur,</strong></span> 
     </span>
    </p>
   </div>
   <div class='ocr_carea' id='block_1_27' title="bbox 683 2501 1485 2572">
    <p class='ocr_par' dir='ltr' id='par_1_27' title="bbox 683 2501 1485 2572">
     <span class='ocr_line' id='line_1_27' title="bbox 683 2501 1485 2572; baseline -0.002 -18"><span class='ocrx_word' id='word_1_170' title='bbox 683 2501 964 2556; x_wconf 78' lang='lat' dir='ltr'><strong>Gothorum</strong></span> <span class='ocrx_word' id='word_1_171' title='bbox 988 2502 1277 2572; x_wconf 78' lang='lat' dir='ltr'><strong>exemplum</strong></span> <span class='ocrx_word' id='word_1_172' title='bbox 1303 2503 1485 2555; x_wconf 77' lang='lat' dir='ltr'><strong>secuti.</strong></span> 
     </span>
    </p>
   </div>
   <div class='ocr_carea' id='block_1_28' title="bbox 337 2612 1871 2684">
    <p class='ocr_par' dir='ltr' id='par_1_28' title="bbox 337 2612 1871 2684">
     <span class='ocr_line' id='line_1_28' title="bbox 337 2612 1871 2684; baseline -0.002 -14"><span class='ocrx_word' id='word_1_173' title='bbox 337 2612 666 2671; x_wconf 60' lang='lat' dir='ltr'><strong>Institutum</strong></span> <span class='ocrx_word' id='word_1_174' title='bbox 692 2630 847 2670; x_wconf 90' lang='lat' dir='ltr'><strong>suum</strong></span> <span class='ocrx_word' id='word_1_175' title='bbox 885 2613 1221 2684; x_wconf 89' lang='lat' dir='ltr'><strong>providentia</strong></span> <span class='ocrx_word' id='word_1_176' title='bbox 1262 2621 1447 2669; x_wconf 85' lang='lat' dir='ltr'><strong>nostra</strong></span> <span class='ocrx_word' id='word_1_177' title='bbox 1495 2627 1606 2668; x_wconf 90' lang='lat' dir='ltr'><strong>non</strong></span> <span class='ocrx_word' id='word_1_178' title='bbox 1651 2612 1871 2682; x_wconf 88' lang='lat' dir='ltr'><strong>deserit,</strong></span> 
     </span>
    </p>
   </div>
   <div class='ocr_carea' id='block_1_29' title="bbox 285 2701 1874 2775">
    <p class='ocr_par' dir='ltr' id='par_1_29' title="bbox 285 2701 1874 2775">
     <span class='ocr_line' id='line_1_29' title="bbox 285 2701 1874 2775; baseline -0.004 -12"><span class='ocrx_word' id='word_1_179' title='bbox 285 2721 410 2763; x_wconf 73' lang='lat' dir='ltr'><strong>cun</strong></span> <span class='ocrx_word' id='word_1_180' title='bbox 439 2705 696 2774; x_wconf 86' lang='lat' dir='ltr'><strong>subjectis</strong></span> <span class='ocrx_word' id='word_1_181' title='bbox 722 2718 936 2774; x_wconf 91' lang='lat' dir='ltr'><strong>semper</strong></span> <span class='ocrx_word' id='word_1_182' title='bbox 957 2703 1184 2769; x_wconf 87' lang='lat' dir='ltr'><strong>intenta,</strong></span> <span class='ocrx_word' id='word_1_183' title='bbox 1214 2701 1491 2774; x_wconf 83' lang='lat' dir='ltr'><strong>profutura</strong></span> <span class='ocrx_word' id='word_1_184' title='bbox 1520 2703 1787 2775; x_wconf 84' lang='lat' dir='ltr'><strong>disponit;</strong></span> <span class='ocrx_word' id='word_1_185' title='bbox 1817 2709 1874 2757; x_wconf 92' lang='lat' dir='ltr'><strong>ut</strong></span> 
     </span>
    </p>
   </div>
   <div class='ocr_carea' id='block_1_30' title="bbox 289 2795 1876 2869">
    <p class='ocr_par' dir='ltr' id='par_1_30' title="bbox 289 2795 1876 2869">
     <span class='ocr_line' id='line_1_30' title="bbox 289 2795 1876 2869; baseline -0.002 -15"><span class='ocrx_word' id='word_1_186' title='bbox 289 2800 357 2854; x_wconf 86' lang='lat' dir='ltr'><strong>ad</strong></span> <span class='ocrx_word' id='word_1_187' title='bbox 384 2799 652 2866; x_wconf 80' lang='lat' dir='ltr'><strong>majorem</strong></span> <span class='ocrx_word' id='word_1_188' title='bbox 678 2797 1019 2852; x_wconf 90' lang='lat' dir='ltr'><strong>devotionem</strong></span> <span class='ocrx_word' id='word_1_189' title='bbox 1047 2797 1386 2852; x_wconf 89' lang='lat' dir='ltr'><strong>concitentur</strong></span> <span class='ocrx_word' id='word_1_190' title='bbox 1421 2795 1540 2869; x_wconf 74' lang='grc' dir='ltr'><strong>[πη.</strong></span> <span class='ocrx_word' id='word_1_191' title='bbox 1574 2797 1732 2860; x_wconf 85' lang='lat' dir='ltr'><strong>Aud.,</strong></span> <span class='ocrx_word' id='word_1_192' title='bbox 1764 2796 1876 2851; x_wconf 86' lang='lat' dir='ltr'><strong>dis-</strong></span> 
     </span>
    </p>
   </div>
   <div class='ocr_carea' id='block_1_31' title="bbox 289 2884 1877 2960">
    <p class='ocr_par' dir='ltr' id='par_1_31' title="bbox 289 2884 1877 2960">
     <span class='ocr_line' id='line_1_31' title="bbox 289 2884 1877 2960; baseline -0.001 -18"><span class='ocrx_word' id='word_1_193' title='bbox 289 2889 615 2960; x_wconf 89' lang='lat' dir='ltr'><strong>positionem</strong></span> <span class='ocrx_word' id='word_1_194' title='bbox 651 2884 1034 2957; x_wconf 87' lang='lat' dir='ltr'><strong>cont&#39;erantur],</strong></span> <span class='ocrx_word' id='word_1_195' title='bbox 1063 2886 1151 2955; x_wconf 88' lang='lat' dir='ltr'><strong>qui</strong></span> <span class='ocrx_word' id='word_1_196' title='bbox 1186 2887 1270 2942; x_wconf 91' lang='lat' dir='ltr'><strong>sui</strong></span> <span class='ocrx_word' id='word_1_197' title='bbox 1289 2902 1474 2941; x_wconf 88' lang='lat' dir='ltr'><strong>curam</strong></span> <span class='ocrx_word' id='word_1_198' title='bbox 1498 2902 1597 2946; x_wconf 89' lang='lat' dir='ltr'><strong>nos</strong></span> <span class='ocrx_word' id='word_1_199' title='bbox 1624 2887 1877 2942; x_wconf 88' lang='lat' dir='ltr'><strong>habuisse</strong></span> 
     </span>
    </p>
   </div>
   <div class='ocr_carea' id='block_1_32' title="bbox 290 2975 1876 3048">
    <p class='ocr_par' dir='ltr' id='par_1_32' title="bbox 290 2975 1876 3048">
     <span class='ocr_line' id='line_1_32' title="bbox 290 2975 1876 3048; baseline -0.003 -14"><span class='ocrx_word' id='word_1_200' title='bbox 290 2985 647 3048; x_wconf 88' lang='lat' dir='ltr'><strong>cognoscunt.</strong></span> <span class='ocrx_word' id='word_1_201' title='bbox 697 2975 833 3032; x_wconf 82' lang='lat' dir='ltr'><strong>Hinc</strong></span> <span class='ocrx_word' id='word_1_202' title='bbox 868 2985 952 3032; x_wconf 90' lang='lat' dir='ltr'><strong>est</strong></span> <span class='ocrx_word' id='word_1_203' title='bbox 997 2976 1142 3047; x_wconf 91' lang='lat' dir='ltr'><strong>quod</strong></span> <span class='ocrx_word' id='word_1_204' title='bbox 1182 2975 1456 3042; x_wconf 67' lang='lat' dir='ltr'><strong>Colossteo</strong></span> <span class='ocrx_word' id='word_1_205' title='bbox 1503 2977 1617 3032; x_wconf 90' lang='lat' dir='ltr'><strong>viro</strong></span> <span class='ocrx_word' id='word_1_206' title='bbox 1663 2976 1876 3043; x_wconf 86' lang='lat' dir='ltr'><strong>illustri,</strong></span> 
     </span>
    </p>
   </div>
   <div class='ocr_carea' id='block_1_33' title="bbox 292 3068 1876 3139">
    <p class='ocr_par' dir='ltr' id='par_1_33' title="bbox 292 3068 1876 3139">
     <span class='ocr_line' id='line_1_33' title="bbox 292 3068 1876 3139; baseline -0.001 -14"><span class='ocrx_word' id='word_1_207' title='bbox 292 3072 517 3127; x_wconf 83' lang='lat' dir='ltr'><strong>nomine</strong></span> <span class='ocrx_word' id='word_1_208' title='bbox 559 3070 869 3139; x_wconf 88' lang='lat' dir='ltr'><strong>viribusque</strong></span> <span class='ocrx_word' id='word_1_209' title='bbox 915 3068 1265 3139; x_wconf 64' lang='lat' dir='ltr'><strong>praepotenti,</strong></span> <span class='ocrx_word' id='word_1_210' title='bbox 1303 3068 1747 3138; x_wconf 76' lang='lat' dir='ltr'><strong>gubernationem</strong></span> <span class='ocrx_word' id='word_1_211' title='bbox 1783 3085 1876 3124; x_wconf 89' lang='lat' dir='ltr'><strong>ve-</strong></span> 
     </span>
    </p>
   </div>
   <div class='ocr_carea' id='block_1_34' title="bbox 291 3143 1950 3230">
    <p class='ocr_par' dir='ltr' id='par_1_34' title="bbox 291 3143 1950 3230">
     <span class='ocr_line' id='line_1_34' title="bbox 291 3143 1950 3230; baseline -0.002 -13"><span class='ocrx_word' id='word_1_212' title='bbox 291 3171 464 3217; x_wconf 81' lang='lat' dir='ltr'><strong>stram</strong></span> <span class='ocrx_word' id='word_1_213' title='bbox 489 3202 507 3228; x_wconf 92' lang='lat'><strong>,</strong></span> <span class='ocrx_word' id='word_1_214' title='bbox 555 3159 1028 3229; x_wconf 80' lang='lat' dir='ltr'><strong>defensionemque</strong></span> <span class='ocrx_word' id='word_1_215' title='bbox 1073 3160 1473 3227; x_wconf 89' lang='lat' dir='ltr'><strong>commisimus;</strong></span> <span class='ocrx_word' id='word_1_216' title='bbox 1532 3170 1593 3216; x_wconf 89' lang='lat' dir='ltr'><strong>ut</strong></span> <span class='ocrx_word' id='word_1_217' title='bbox 1630 3162 1721 3230; x_wconf 91' lang='lat' dir='ltr'><strong>qui</strong></span> <span class='ocrx_word' id='word_1_218' title='bbox 1765 3175 1876 3216; x_wconf 68' lang='lat' dir='ltr'><strong>suae</strong></span> <span class='ocrx_word' id='word_1_219' title='bbox 1903 3143 1950 3205; x_wconf 67' lang='grc' dir='ltr'><strong>(ἶ</strong></span> 
     </span>
    </p>
   </div>
   <div class='ocr_carea' id='block_1_35' title="bbox 292 3251 1877 3322">
    <p class='ocr_par' dir='ltr' id='par_1_35' title="bbox 292 3251 1877 3322">
     <span class='ocr_line' id='line_1_35' title="bbox 292 3251 1877 3322; baseline -0.004 -12"><span class='ocrx_word' id='word_1_220' title='bbox 292 3254 561 3310; x_wconf 83' lang='lat' dir='ltr'><strong>hactenus</strong></span> <span class='ocrx_word' id='word_1_221' title='bbox 587 3252 754 3307; x_wconf 87' lang='lat' dir='ltr'><strong>multa</strong></span> <span class='ocrx_word' id='word_1_222' title='bbox 781 3251 930 3307; x_wconf 90' lang='lat' dir='ltr'><strong>dedit</strong></span> <span class='ocrx_word' id='word_1_223' title='bbox 955 3253 1322 3322; x_wconf 71' lang='lat' dir='ltr'><strong>eXperimenta</strong></span> <span class='ocrx_word' id='word_1_224' title='bbox 1354 3252 1581 3318; x_wconf 89' lang='lat' dir='ltr'><strong>virtutis,</strong></span> <span class='ocrx_word' id='word_1_225' title='bbox 1618 3260 1877 3320; x_wconf 79' lang='lat' dir='ltr'><strong>augeatur</strong></span> 
     </span>
    </p>
   </div>
   <div class='ocr_carea' id='block_1_36' title="bbox 294 3341 1880 3416">
    <p class='ocr_par' dir='ltr' id='par_1_36' title="bbox 294 3341 1880 3416">
     <span class='ocr_line' id='line_1_36' title="bbox 294 3341 1880 3416; baseline -0.001 -18"><span class='ocrx_word' id='word_1_226' title='bbox 294 3344 477 3414; x_wconf 89' lang='lat' dir='ltr'><strong>potius</strong></span> <span class='ocrx_word' id='word_1_227' title='bbox 508 3343 562 3396; x_wconf 92' lang='lat' dir='ltr'><strong>in</strong></span> <span class='ocrx_word' id='word_1_228' title='bbox 589 3341 798 3397; x_wconf 89' lang='lat' dir='ltr'><strong>futuris.</strong></span> <span class='ocrx_word' id='word_1_229' title='bbox 828 3341 1004 3412; x_wconf 82' lang='lat' dir='ltr'><strong>Atque</strong></span> <span class='ocrx_word' id='word_1_230' title='bbox 1033 3342 1153 3397; x_wconf 88' lang='lat' dir='ltr'><strong>ideo</strong></span> <span class='ocrx_word' id='word_1_231' title='bbox 1183 3342 1500 3412; x_wconf 88' lang='lat' dir='ltr'><strong>parientiam</strong></span> <span class='ocrx_word' id='word_1_232' title='bbox 1529 3342 1606 3416; x_wconf 83' lang='lat' dir='ltr'><strong>[id</strong></span> <span class='ocrx_word' id='word_1_233' title='bbox 1625 3353 1718 3396; x_wconf 73' lang='grc' dir='ltr'><strong>ἐει</strong></span> <span class='ocrx_word' id='word_1_234' title='bbox 1746 3343 1880 3398; x_wconf 90' lang='lat' dir='ltr'><strong>obe-</strong></span> 
     </span>
    </p>
   </div>
   <div class='ocr_carea' id='block_1_37' title="bbox 295 3431 1881 3504">
    <p class='ocr_par' dir='ltr' id='par_1_37' title="bbox 295 3431 1881 3504">
     <span class='ocr_line' id='line_1_37' title="bbox 295 3431 1881 3504; baseline -0.001 -15"><span class='ocrx_word' id='word_1_235' title='bbox 295 3431 591 3498; x_wconf 87' lang='lat' dir='ltr'><strong>dientiam;</strong></span> <span class='ocrx_word' id='word_1_236' title='bbox 619 3431 724 3487; x_wconf 83' lang='lat' dir='ltr'><strong>Ed.</strong></span> <span class='ocrx_word' id='word_1_237' title='bbox 754 3433 871 3499; x_wconf 81' lang='lat' dir='ltr'><strong>Ac.,</strong></span> <span class='ocrx_word' id='word_1_238' title='bbox 897 3431 1232 3504; x_wconf 81' lang='lat' dir='ltr'><strong>patientiam]</strong></span> <span class='ocrx_word' id='word_1_239' title='bbox 1259 3444 1281 3472; x_wconf 82' lang='grc' dir='ltr'><strong>ο</strong></span> <span class='ocrx_word' id='word_1_240' title='bbox 1312 3441 1543 3487; x_wconf 91' lang='lat' dir='ltr'><strong>vestram</strong></span> <span class='ocrx_word' id='word_1_241' title='bbox 1566 3435 1760 3504; x_wconf 63' lang='lat' dir='ltr'><strong>saepius</strong></span> <span class='ocrx_word' id='word_1_242' title='bbox 1787 3448 1881 3504; x_wconf 82' lang='lat' dir='ltr'><strong>ap-</strong></span> 
     </span>
    </p>
   </div>
   <div class='ocr_carea' id='block_1_38' title="bbox 297 3522 1880 3596">
    <p class='ocr_par' dir='ltr' id='par_1_38' title="bbox 297 3522 1880 3596">
     <span class='ocr_line' id='line_1_38' title="bbox 297 3522 1880 3596; baseline 0 -19"><span class='ocrx_word' id='word_1_243' title='bbox 297 3522 608 3596; x_wconf 83' lang='lat' dir='ltr'><strong>probatam,</strong></span> <span class='ocrx_word' id='word_1_244' title='bbox 639 3536 781 3576; x_wconf 90' lang='lat' dir='ltr'><strong>nunc</strong></span> <span class='ocrx_word' id='word_1_245' title='bbox 806 3536 1021 3591; x_wconf 90' lang='lat' dir='ltr'><strong>quoque</strong></span> <span class='ocrx_word' id='word_1_246' title='bbox 1047 3523 1236 3577; x_wconf 87' lang='lat' dir='ltr'><strong>eodem</strong></span> <span class='ocrx_word' id='word_1_247' title='bbox 1263 3531 1528 3592; x_wconf 67' lang='lat' dir='ltr'><strong>praesente</strong></span> <span class='ocrx_word' id='word_1_248' title='bbox 1555 3531 1880 3590; x_wconf 85' lang='lat' dir='ltr'><strong>monstrate;</strong></span> 
     </span>
    </p>
   </div>
   <div class='ocr_carea' id='block_1_39' title="bbox 297 3613 1883 3683">
    <p class='ocr_par' dir='ltr' id='par_1_39' title="bbox 297 3613 1883 3683">
     <span class='ocr_line' id='line_1_39' title="bbox 297 3613 1883 3683; baseline 0.001 -16"><span class='ocrx_word' id='word_1_249' title='bbox 297 3622 571 3683; x_wconf 88' lang='lat' dir='ltr'><strong>quatenus</strong></span> <span class='ocrx_word' id='word_1_250' title='bbox 598 3613 652 3667; x_wconf 91' lang='lat' dir='ltr'><strong>in</strong></span> <span class='ocrx_word' id='word_1_251' title='bbox 678 3613 762 3667; x_wconf 89' lang='lat' dir='ltr'><strong>his</strong></span> <span class='ocrx_word' id='word_1_252' title='bbox 788 3627 907 3682; x_wconf 68' lang='lat' dir='ltr'><strong>quae</strong></span> <span class='ocrx_word' id='word_1_253' title='bbox 933 3627 1033 3682; x_wconf 92' lang='lat' dir='ltr'><strong>pro</strong></span> <span class='ocrx_word' id='word_1_254' title='bbox 1076 3613 1226 3682; x_wconf 90' lang='lat' dir='ltr'><strong>regni</strong></span> <span class='ocrx_word' id='word_1_255' title='bbox 1255 3615 1429 3668; x_wconf 86' lang='lat' dir='ltr'><strong>nostri</strong></span> <span class='ocrx_word' id='word_1_256' title='bbox 1460 3613 1690 3668; x_wconf 87' lang='lat' dir='ltr'><strong>utilitate</strong></span> <span class='ocrx_word' id='word_1_257' title='bbox 1717 3615 1883 3669; x_wconf 88' lang='lat' dir='ltr'><strong>ratio-</strong></span> 
     </span>
    </p>
   </div>
   <div class='ocr_carea' id='block_1_40' title="bbox 299 3702 1888 3774">
    <p class='ocr_par' dir='ltr' id='par_1_40' title="bbox 299 3702 1888 3774">
     <span class='ocr_line' id='line_1_40' title="bbox 299 3702 1888 3774; baseline 0.003 -19"><span class='ocrx_word' id='word_1_258' title='bbox 299 3702 558 3758; x_wconf 86' lang='lat' dir='ltr'><strong>nabiliter</strong></span> <span class='ocrx_word' id='word_1_259' title='bbox 577 3702 780 3768; x_wconf 86' lang='lat' dir='ltr'><strong>agenda</strong></span> <span class='ocrx_word' id='word_1_260' title='bbox 802 3703 1132 3772; x_wconf 67' lang='lat' dir='ltr'><strong>praeceperit,</strong></span> <span class='ocrx_word' id='word_1_261' title='bbox 1152 3703 1437 3758; x_wconf 90' lang='lat' dir='ltr'><strong>devotione</strong></span> <span class='ocrx_word' id='word_1_262' title='bbox 1460 3703 1724 3774; x_wconf 89' lang='lat' dir='ltr'><strong>probabili</strong></span> <span class='ocrx_word' id='word_1_263' title='bbox 1745 3719 1888 3759; x_wconf 92' lang='lat' dir='ltr'><strong>com-</strong></span> 
     </span>
    </p>
   </div>
   <div class='ocr_carea' id='block_1_41' title="bbox 301 3791 1882 3864">
    <p class='ocr_par' dir='ltr' id='par_1_41' title="bbox 301 3791 1882 3864">
     <span class='ocr_line' id='line_1_41' title="bbox 301 3791 1882 3864; baseline 0.003 -18"><span class='ocrx_word' id='word_1_264' title='bbox 301 3793 595 3863; x_wconf 89' lang='lat' dir='ltr'><strong>pleantur:</strong></span> <span class='ocrx_word' id='word_1_265' title='bbox 629 3793 756 3861; x_wconf 88' lang='lat' dir='ltr'><strong>quia</strong></span> <span class='ocrx_word' id='word_1_266' title='bbox 783 3791 938 3847; x_wconf 87' lang='lat' dir='ltr'><strong>fidem</strong></span> <span class='ocrx_word' id='word_1_267' title='bbox 965 3794 1263 3848; x_wconf 84' lang='lat' dir='ltr'><strong>constantia</strong></span> <span class='ocrx_word' id='word_1_268' title='bbox 1304 3796 1513 3864; x_wconf 84' lang='lat' dir='ltr'><strong>probat,</strong></span> <span class='ocrx_word' id='word_1_269' title='bbox 1545 3802 1601 3849; x_wconf 91' lang='lat' dir='ltr'><strong>et</strong></span> <span class='ocrx_word' id='word_1_270' title='bbox 1627 3794 1714 3850; x_wconf 90' lang='lat' dir='ltr'><strong>ille</strong></span> <span class='ocrx_word' id='word_1_271' title='bbox 1741 3795 1882 3850; x_wconf 83' lang='lat' dir='ltr'><strong>inte-</strong></span> 
     </span>
    </p>
   </div>
   <div class='ocr_carea' id='block_1_42' title="bbox 303 3883 1888 3956">
    <p class='ocr_par' dir='ltr' id='par_1_42' title="bbox 303 3883 1888 3956">
     <span class='ocr_line' id='line_1_42' title="bbox 303 3883 1888 3956; baseline 0.004 -21"><span class='ocrx_word' id='word_1_272' title='bbox 303 3884 557 3950; x_wconf 86' lang='lat' dir='ltr'><strong>gritatem</strong></span> <span class='ocrx_word' id='word_1_273' title='bbox 586 3883 819 3952; x_wconf 60' lang='lat' dir='ltr'><strong>propriae</strong></span> <span class='ocrx_word' id='word_1_274' title='bbox 846 3883 1039 3938; x_wconf 86' lang='lat' dir='ltr'><strong>asserit</strong></span> <span class='ocrx_word' id='word_1_275' title='bbox 1063 3885 1276 3951; x_wconf 91' lang='lat' dir='ltr'><strong>mentis,</strong></span> <span class='ocrx_word' id='word_1_276' title='bbox 1301 3884 1391 3953; x_wconf 92' lang='lat' dir='ltr'><strong>qui</strong></span> <span class='ocrx_word' id='word_1_277' title='bbox 1409 3885 1625 3954; x_wconf 89' lang='lat' dir='ltr'><strong>jugibus</strong></span> <span class='ocrx_word' id='word_1_278' title='bbox 1649 3888 1888 3956; x_wconf 87' lang='lat' dir='ltr'><strong>persistit</strong></span> 
     </span>
    </p>
   </div>
   <div class='ocr_carea' id='block_1_43' title="bbox 304 3972 1883 4046">
    <p class='ocr_par' dir='ltr' id='par_1_43' title="bbox 304 3972 1883 4046">
     <span class='ocr_line' id='line_1_43' title="bbox 304 3972 1883 4046; baseline 0.004 -19"><span class='ocrx_word' id='word_1_279' title='bbox 304 3973 605 4042; x_wconf 82' lang='lat' dir='ltr'><strong>obsequiis.</strong></span> <span class='ocrx_word' id='word_1_280' title='bbox 629 3972 763 4028; x_wconf 91' lang='lat' dir='ltr'><strong>Illud</strong></span> <span class='ocrx_word' id='word_1_281' title='bbox 790 3982 1051 4046; x_wconf 75' lang='lat' dir='ltr'><strong>praeterea</strong></span> <span class='ocrx_word' id='word_1_282' title='bbox 1079 3990 1176 4030; x_wconf 89' lang='lat' dir='ltr'><strong>vos</strong></span> <span class='ocrx_word' id='word_1_283' title='bbox 1204 3975 1470 4032; x_wconf 87' lang='lat' dir='ltr'><strong>credimus</strong></span> <span class='ocrx_word' id='word_1_284' title='bbox 1497 3975 1883 4042; x_wconf 85' lang='lat' dir='ltr'><strong>admonendos,</strong></span> 
     </span>
    </p>
   </div>
   <div class='ocr_carea' id='block_1_44' title="bbox 305 4061 1887 4136">
    <p class='ocr_par' dir='ltr' id='par_1_44' title="bbox 305 4061 1887 4136">
     <span class='ocr_line' id='line_1_44' title="bbox 305 4061 1887 4136; baseline 0.004 -19"><span class='ocrx_word' id='word_1_285' title='bbox 305 4071 367 4117; x_wconf 89' lang='lat' dir='ltr'><strong>ut</strong></span> <span class='ocrx_word' id='word_1_286' title='bbox 394 4078 504 4116; x_wconf 91' lang='lat' dir='ltr'><strong>non</strong></span> <span class='ocrx_word' id='word_1_287' title='bbox 537 4061 589 4116; x_wconf 91' lang='lat' dir='ltr'><strong>in</strong></span> <span class='ocrx_word' id='word_1_288' title='bbox 635 4078 748 4130; x_wconf 90' lang='lat' dir='ltr'><strong>vos,</strong></span> <span class='ocrx_word' id='word_1_289' title='bbox 779 4063 877 4118; x_wconf 87' lang='lat' dir='ltr'><strong>sed</strong></span> <span class='ocrx_word' id='word_1_290' title='bbox 919 4064 972 4117; x_wconf 94' lang='lat' dir='ltr'><strong>in</strong></span> <span class='ocrx_word' id='word_1_291' title='bbox 1002 4064 1212 4119; x_wconf 90' lang='lat' dir='ltr'><strong>hostem</strong></span> <span class='ocrx_word' id='word_1_292' title='bbox 1257 4064 1443 4120; x_wconf 64' lang='lat' dir='ltr'><strong>saevire</strong></span> <span class='ocrx_word' id='word_1_293' title='bbox 1485 4066 1733 4136; x_wconf 90' lang='lat' dir='ltr'><strong>cupiatis.</strong></span> <span class='ocrx_word' id='word_1_294' title='bbox 1782 4068 1887 4123; x_wconf 81' lang='lat' dir='ltr'><strong>Res</strong></span> 
     </span>
    </p>
   </div>
   <div class='ocr_carea' id='block_1_45' title="bbox 307 4152 1890 4228">
    <p class='ocr_par' dir='ltr' id='par_1_45' title="bbox 307 4152 1890 4228">
     <span class='ocr_line' id='line_1_45' title="bbox 307 4152 1890 4228; baseline 0.006 -23"><span class='ocrx_word' id='word_1_295' title='bbox 307 4167 476 4221; x_wconf 87' lang='lat' dir='ltr'><strong>parva</strong></span> <span class='ocrx_word' id='word_1_296' title='bbox 500 4166 609 4206; x_wconf 90' lang='lat' dir='ltr'><strong>non</strong></span> <span class='ocrx_word' id='word_1_297' title='bbox 635 4167 733 4207; x_wconf 87' lang='lat' dir='ltr'><strong>vos</strong></span> <span class='ocrx_word' id='word_1_298' title='bbox 753 4152 915 4208; x_wconf 89' lang='lat' dir='ltr'><strong>ducat</strong></span> <span class='ocrx_word' id='word_1_299' title='bbox 938 4153 1006 4208; x_wconf 89' lang='lat' dir='ltr'><strong>ad</strong></span> <span class='ocrx_word' id='word_1_300' title='bbox 1031 4160 1272 4209; x_wconf 83' lang='lat' dir='ltr'><strong>extrema</strong></span> <span class='ocrx_word' id='word_1_301' title='bbox 1300 4155 1627 4210; x_wconf 89' lang='lat' dir='ltr'><strong>discrimina.</strong></span> <span class='ocrx_word' id='word_1_302' title='bbox 1659 4157 1890 4228; x_wconf 79' lang='lat' dir='ltr'><strong>Acquie—</strong></span> 
     </span>
    </p>
   </div>
   <div class='ocr_carea' id='block_1_46' title="bbox 305 4241 1888 4312">
    <p class='ocr_par' dir='ltr' id='par_1_46' title="bbox 305 4241 1888 4312">
     <span class='ocr_line' id='line_1_46' title="bbox 305 4241 1888 4312; baseline 0.005 -15"><span class='ocrx_word' id='word_1_303' title='bbox 305 4243 442 4297; x_wconf 85' lang='lat' dir='ltr'><strong>scite</strong></span> <span class='ocrx_word' id='word_1_304' title='bbox 464 4241 706 4311; x_wconf 68' lang='lat' dir='ltr'><strong>justitite,</strong></span> <span class='ocrx_word' id='word_1_305' title='bbox 750 4257 857 4312; x_wconf 88' lang='lat' dir='ltr'><strong>qua</strong></span> <span class='ocrx_word' id='word_1_306' title='bbox 899 4245 1128 4300; x_wconf 91' lang='lat' dir='ltr'><strong>mundus</strong></span> <span class='ocrx_word' id='word_1_307' title='bbox 1172 4245 1402 4302; x_wconf 69' lang='lat' dir='ltr'><strong>ltetatur.</strong></span> <span class='ocrx_word' id='word_1_308' title='bbox 1444 4246 1553 4302; x_wconf 88' lang='lat' dir='ltr'><strong>Cur</strong></span> <span class='ocrx_word' id='word_1_309' title='bbox 1598 4248 1667 4304; x_wconf 86' lang='lat' dir='ltr'><strong>ad</strong></span> <span class='ocrx_word' id='word_1_310' title='bbox 1697 4265 1888 4306; x_wconf 87' lang='lat' dir='ltr'><strong>mono-</strong></span> 
     </span>
    </p>
   </div>
   <div class='ocr_carea' id='block_1_47' title="bbox 308 4331 1890 4406">
    <p class='ocr_par' dir='ltr' id='par_1_47' title="bbox 308 4331 1890 4406">
     <span class='ocr_line' id='line_1_47' title="bbox 308 4331 1890 4406; baseline 0.007 -21"><span class='ocrx_word' id='word_1_311' title='bbox 308 4331 582 4386; x_wconf 84' lang='lat' dir='ltr'><strong>machiam</strong></span> <span class='ocrx_word' id='word_1_312' title='bbox 605 4335 901 4399; x_wconf 85' lang='lat' dir='ltr'><strong>recurritis,</strong></span> <span class='ocrx_word' id='word_1_313' title='bbox 929 4335 1022 4404; x_wconf 91' lang='lat' dir='ltr'><strong>qui</strong></span> <span class='ocrx_word' id='word_1_314' title='bbox 1060 4336 1306 4392; x_wconf 89' lang='lat' dir='ltr'><strong>venalem</strong></span> <span class='ocrx_word' id='word_1_315' title='bbox 1327 4336 1562 4406; x_wconf 87' lang='lat' dir='ltr'><strong>jndieem</strong></span> <span class='ocrx_word' id='word_1_316' title='bbox 1591 4355 1699 4398; x_wconf 88' lang='lat' dir='ltr'><strong>non</strong></span> <span class='ocrx_word' id='word_1_317' title='bbox 1727 4341 1890 4398; x_wconf 90' lang='lat' dir='ltr'><strong>habe-</strong></span> 
     </span>
    </p>
   </div>
   <div class='ocr_carea' id='block_1_48' title="bbox 307 4423 1886 4496">
    <p class='ocr_par' dir='ltr' id='par_1_48' title="bbox 307 4423 1886 4496">
     <span class='ocr_line' id='line_1_48' title="bbox 307 4423 1886 4496; baseline 0.005 -18"><span class='ocrx_word' id='word_1_318' title='bbox 307 4423 421 4478; x_wconf 74' lang='lat' dir='ltr'><strong>tis?</strong></span> <span class='ocrx_word' id='word_1_319' title='bbox 473 4423 737 4494; x_wconf 87' lang='lat' dir='ltr'><strong>Deponite</strong></span> <span class='ocrx_word' id='word_1_320' title='bbox 777 4423 997 4490; x_wconf 88' lang='lat' dir='ltr'><strong>ferrum,</strong></span> <span class='ocrx_word' id='word_1_321' title='bbox 1045 4427 1136 4496; x_wconf 91' lang='lat' dir='ltr'><strong>qui</strong></span> <span class='ocrx_word' id='word_1_322' title='bbox 1186 4441 1291 4482; x_wconf 91' lang='lat' dir='ltr'><strong>non</strong></span> <span class='ocrx_word' id='word_1_323' title='bbox 1337 4427 1548 4484; x_wconf 87' lang='lat' dir='ltr'><strong>habetis</strong></span> <span class='ocrx_word' id='word_1_324' title='bbox 1595 4429 1886 4486; x_wconf 88' lang='lat' dir='ltr'><strong>inimicum.</strong></span> 
     </span>
    </p>
   </div>
   <div class='ocr_carea' id='block_1_49' title="bbox 2480 606 3007 662">
    <p class='ocr_par' dir='ltr' id='par_1_49' title="bbox 2480 606 3007 662">
     <span class='ocr_line' id='line_1_49' title="bbox 2480 606 3007 662; baseline 0.002 -1"><span class='ocrx_word' id='word_1_325' title='bbox 2480 607 2810 662; x_wconf 81' lang='lat' dir='ltr'><strong>EPISTOLA</strong></span> <span class='ocrx_word' id='word_1_326' title='bbox 2842 606 3007 662; x_wconf 84' lang='lat' dir='ltr'><strong>XXV.</strong></span> 
     </span>
    </p>
   </div>
   <div class='ocr_carea' id='block_1_50' title="bbox 2030 712 3455 763">
    <p class='ocr_par' dir='ltr' id='par_1_50' title="bbox 2030 712 3455 763">
     <span class='ocr_line' id='line_1_50' title="bbox 2030 712 3455 763; baseline -0.002 -6"><span class='ocrx_word' id='word_1_327' title='bbox 2030 716 2240 757; x_wconf 73' lang='lat' dir='ltr'><strong>SIIIEONI</strong></span> <span class='ocrx_word' id='word_1_328' title='bbox 2266 715 2389 756; x_wconf 70' lang='lat' dir='ltr'><strong>VIRO</strong></span> <span class='ocrx_word' id='word_1_329' title='bbox 2417 715 2680 763; x_wconf 71' lang='lat' dir='ltr'><strong>ILLUS&#39;I‘RI,</strong></span> <span class='ocrx_word' id='word_1_330' title='bbox 2705 714 2906 763; x_wconf 72' lang='grc' dir='ltr'>(ξοιιιτι,</span> <span class='ocrx_word' id='word_1_331' title='bbox 2939 712 3300 754; x_wconf 76' lang='grc' dir='ltr'><strong>τιιεουσιιιευε</strong></span> <span class='ocrx_word' id='word_1_332' title='bbox 3328 715 3455 754; x_wconf 72' lang='lat' dir='ltr'><strong>REX.</strong></span> 
     </span>
    </p>
   </div>
   <div class='ocr_carea' id='block_1_51' title="bbox 1952 790 3532 861">
    <p class='ocr_par' dir='ltr' id='par_1_51' title="bbox 1952 790 3532 861">
     <span class='ocr_line' id='line_1_51' title="bbox 1952 790 3532 861; baseline -0.001 -13"><span class='ocrx_word' id='word_1_333' title='bbox 1952 791 2042 848; x_wconf 83' lang='lat' dir='ltr'><strong>Illi</strong></span> <span class='ocrx_word' id='word_1_334' title='bbox 2072 793 2342 848; x_wconf 80' lang='lat' dir='ltr'><strong>committit</strong></span> <span class='ocrx_word' id='word_1_335' title='bbox 2384 808 2476 861; x_wconf 86' lang='lat' dir='ltr'><strong>per</strong></span> <span class='ocrx_word' id='word_1_336' title='bbox 2514 790 2836 844; x_wconf 83' lang='lat' dir='ltr'><strong>Dalmatiam</strong></span> <span class='ocrx_word' id='word_1_337' title='bbox 2883 790 3164 861; x_wconf 72' lang='lat' dir='ltr'><strong>siliquatici</strong></span> <span class='ocrx_word' id='word_1_338' title='bbox 3212 792 3430 857; x_wconf 82' lang='lat' dir='ltr'><strong>titulum,</strong></span> <span class='ocrx_word' id='word_1_339' title='bbox 3481 801 3532 847; x_wconf 81' lang='lat' dir='ltr'><strong>et</strong></span> 
     </span>
    </p>
   </div>
   <div class='ocr_carea' id='block_1_52' title="bbox 2016 859 3532 985">
    <p class='ocr_par' dir='ltr' id='par_1_52' title="bbox 2016 859 3532 985">
     <span class='ocr_line' id='line_1_52' title="bbox 2016 859 3532 985; baseline 0.001 -71"><span class='ocrx_word' id='word_1_340' title='bbox 2016 863 2241 985; x_wconf 57' lang='lat' dir='ltr'><strong>{lubet</strong></span> <span class='ocrx_word' id='word_1_341' title='bbox 2271 859 2518 932; x_wconf 69' lang='lat' dir='ltr'><strong>ferrariae</strong></span> <span class='ocrx_word' id='word_1_342' title='bbox 2547 877 2700 914; x_wconf 86' lang='lat' dir='ltr'><strong>venas</strong></span> <span class='ocrx_word' id='word_1_343' title='bbox 2735 859 2990 932; x_wconf 60' lang='lat' dir='ltr'><strong>inquirat,‘</strong></span> <span class='ocrx_word' id='word_1_344' title='bbox 3028 859 3252 931; x_wconf 77' lang='lat' dir='ltr'><strong>ferrique</strong></span> <span class='ocrx_word' id='word_1_345' title='bbox 3288 863 3532 916; x_wconf 68' lang='lat' dir='ltr'><strong>utilitates</strong></span> 
     </span>
     <span class='ocr_line' id='line_1_53' title="bbox 2061 941 2283 985; baseline -0.005 0"><span class='ocrx_word' id='word_1_346' title='bbox 2061 948 2187 985; x_wconf 71' lang='grc' dir='ltr'><strong>εδει-ι</strong></span> <span class='ocrx_word' id='word_1_347' title='bbox 2244 941 2283 985; x_wconf 88' lang='lat' dir='ltr'><strong>t.</strong></span> 
     </span>
    </p>
   </div>
   <div class='ocr_carea' id='block_1_53' title="bbox 2061 941 2283 985">
    <p class='ocr_par' dir='ltr' id='par_1_53' title="bbox 2061 941 2283 985">
     <span class='ocr_line' id='line_1_54' title="bbox 2061 941 2283 985; baseline -0.005 0"><span class='ocrx_word' id='word_1_348' title='bbox 2061 941 2283 985; x_wconf 74' lang='lat' dir='ltr'><strong>escribtt.</strong></span> 
     </span>
    </p>
   </div>
   <div class='ocr_carea' id='block_1_54' title="bbox 2027 1008 3535 1092">
    <p class='ocr_par' dir='ltr' id='par_1_54' title="bbox 2027 1008 3535 1092">
     <span class='ocr_line' id='line_1_55' title="bbox 2027 1008 3535 1092; baseline -0.001 -15"><span class='ocrx_word' id='word_1_349' title='bbox 2027 1021 2282 1077; x_wconf 83' lang='lat' dir='ltr'><strong>Amamus</strong></span> <span class='ocrx_word' id='word_1_350' title='bbox 2309 1021 2536 1092; x_wconf 89' lang='lat' dir='ltr'><strong>publicis</strong></span> <span class='ocrx_word' id='word_1_351' title='bbox 2556 1021 2857 1076; x_wconf 87' lang='lat' dir='ltr'><strong>actionibus</strong></span> <span class='ocrx_word' id='word_1_352' title='bbox 2877 1036 3139 1092; x_wconf 86' lang='lat' dir='ltr'><strong>personas</strong></span> <span class='ocrx_word' id='word_1_353' title='bbox 3163 1008 3400 1076; x_wconf 79' lang='lat' dir='ltr'><strong>inserere</strong></span> <span class='ocrx_word' id='word_1_354' title='bbox 3420 1036 3535 1076; x_wconf 85' lang='lat' dir='ltr'><strong>mo-</strong></span> 
     </span>
    </p>
   </div>
   <div class='ocr_carea' id='block_1_55' title="bbox 1957 1109 3534 1182">
    <p class='ocr_par' dir='ltr' id='par_1_55' title="bbox 1957 1109 3534 1182">
     <span class='ocr_line' id='line_1_56' title="bbox 1957 1109 3534 1182; baseline -0.001 -14"><span class='ocrx_word' id='word_1_355' title='bbox 1957 1129 2077 1168; x_wconf 85' lang='lat' dir='ltr'><strong>rum</strong></span> <span class='ocrx_word' id='word_1_356' title='bbox 2103 1112 2372 1182; x_wconf 87' lang='lat' dir='ltr'><strong>probitate</strong></span> <span class='ocrx_word' id='word_1_357' title='bbox 2399 1110 2735 1180; x_wconf 84' lang='lat' dir='ltr'><strong>conspicuas,</strong></span> <span class='ocrx_word' id='word_1_358' title='bbox 2786 1120 2844 1166; x_wconf 91' lang='lat' dir='ltr'><strong>ut</strong></span> <span class='ocrx_word' id='word_1_359' title='bbox 2889 1126 2988 1182; x_wconf 89' lang='lat' dir='ltr'><strong>per</strong></span> <span class='ocrx_word' id='word_1_360' title='bbox 3014 1111 3270 1180; x_wconf 86' lang='lat' dir='ltr'><strong>obsequia</strong></span> <span class='ocrx_word' id='word_1_361' title='bbox 3300 1109 3534 1166; x_wconf 79' lang='lat' dir='ltr'><strong>fidelium</strong></span> 
     </span>
    </p>
   </div>
   <div class='ocr_carea' id='block_1_56' title="bbox 1959 1199 3538 1270">
    <p class='ocr_par' dir='ltr' id='par_1_56' title="bbox 1959 1199 3538 1270">
     <span class='ocr_line' id='line_1_57' title="bbox 1959 1199 3538 1270; baseline -0.003 -10"><span class='ocrx_word' id='word_1_362' title='bbox 1959 1204 2113 1260; x_wconf 91' lang='lat' dir='ltr'><strong>nobis</strong></span> <span class='ocrx_word' id='word_1_363' title='bbox 2141 1210 2348 1259; x_wconf 87' lang='lat' dir='ltr'><strong>crescat</strong></span> <span class='ocrx_word' id='word_1_364' title='bbox 2374 1203 2616 1258; x_wconf 86' lang='lat' dir='ltr'><strong>utilitatis</strong></span> <span class='ocrx_word' id='word_1_365' title='bbox 2644 1210 3007 1270; x_wconf 79' lang='lat' dir='ltr'><strong>augmentum.</strong></span> <span class='ocrx_word' id='word_1_366' title='bbox 3056 1199 3287 1257; x_wconf 84' lang='lat' dir='ltr'><strong>Proinde</strong></span> <span class='ocrx_word' id='word_1_367' title='bbox 3313 1201 3538 1258; x_wconf 83' lang='lat' dir='ltr'><strong>sinceri-</strong></span> 
     </span>
    </p>
   </div>
   <div class='ocr_carea' id='block_1_57' title="bbox 1959 1290 3539 1364">
    <p class='ocr_par' dir='ltr' id='par_1_57' title="bbox 1959 1290 3539 1364">
     <span class='ocr_line' id='line_1_58' title="bbox 1959 1290 3539 1364; baseline -0.001 -16"><span class='ocrx_word' id='word_1_368' title='bbox 1959 1300 2124 1348; x_wconf 85' lang='lat' dir='ltr'><strong>tatem</strong></span> <span class='ocrx_word' id='word_1_369' title='bbox 2167 1293 2329 1348; x_wconf 91' lang='lat' dir='ltr'><strong>animi</strong></span> <span class='ocrx_word' id='word_1_370' title='bbox 2377 1294 2454 1346; x_wconf 92' lang='lat' dir='ltr'><strong>tui</strong></span> <span class='ocrx_word' id='word_1_371' title='bbox 2501 1307 2596 1362; x_wconf 87' lang='lat' dir='ltr'><strong>per</strong></span> <span class='ocrx_word' id='word_1_372' title='bbox 2636 1292 2896 1363; x_wconf 66' lang='lat' dir='ltr'><strong>prteclara</strong></span> <span class='ocrx_word' id='word_1_373' title='bbox 2942 1291 3060 1364; x_wconf 60' lang='grc' dir='ltr'><strong>[ηις.</strong></span> <span class='ocrx_word' id='word_1_374' title='bbox 3091 1290 3182 1360; x_wconf 83' lang='grc' dir='ltr'><strong>Α.,</strong></span> <span class='ocrx_word' id='word_1_375' title='bbox 3230 1292 3539 1346; x_wconf 83' lang='lat' dir='ltr'><strong>sinceritate</strong></span> 
     </span>
    </p>
   </div>
   <div class='ocr_carea' id='block_1_58' title="bbox 1961 1377 3540 1453">
    <p class='ocr_par' dir='ltr' id='par_1_58' title="bbox 1961 1377 3540 1453">
     <span class='ocr_line' id='line_1_59' title="bbox 1961 1377 3540 1453; baseline -0.001 -15"><span class='ocrx_word' id='word_1_376' title='bbox 1961 1385 2124 1451; x_wconf 82' lang='lat' dir='ltr'><strong>animi</strong></span> <span class='ocrx_word' id='word_1_377' title='bbox 2152 1385 2226 1438; x_wconf 89' lang='lat' dir='ltr'><strong>tui</strong></span> <span class='ocrx_word' id='word_1_378' title='bbox 2268 1382 2546 1453; x_wconf 66' lang='lat' dir='ltr'><strong>praeclara,</strong></span> <span class='ocrx_word' id='word_1_379' title='bbox 2574 1380 2696 1452; x_wconf 84' lang='lat' dir='ltr'><strong>etc.]</strong></span> <span class='ocrx_word' id='word_1_380' title='bbox 2725 1382 3045 1437; x_wconf 64' lang='lat' dir='ltr'><strong>documenta</strong></span> <span class='ocrx_word' id='word_1_381' title='bbox 3076 1391 3380 1445; x_wconf 86' lang='lat' dir='ltr'><strong>noscentes,</strong></span> <span class='ocrx_word' id='word_1_382' title='bbox 3428 1377 3540 1436; x_wconf 85' lang='lat' dir='ltr'><strong>sili-</strong></span> 
     </span>
    </p>
   </div>
   <div class='ocr_carea' id='block_1_59' title="bbox 1962 1466 3541 1542">
    <p class='ocr_par' dir='ltr' id='par_1_59' title="bbox 1962 1466 3541 1542">
     <span class='ocr_line' id='line_1_60' title="bbox 1962 1466 3541 1542; baseline -0.001 -16"><span class='ocrx_word' id='word_1_383' title='bbox 1962 1472 2160 1542; x_wconf 88' lang='lat' dir='ltr'><strong>quatici</strong></span> <span class='ocrx_word' id='word_1_384' title='bbox 2191 1471 2403 1526; x_wconf 88' lang='lat' dir='ltr'><strong>titulum</strong></span> <span class='ocrx_word' id='word_1_385' title='bbox 2450 1484 2610 1540; x_wconf 86' lang='lat' dir='ltr'><strong>quem</strong></span> <span class='ocrx_word' id='word_1_386' title='bbox 2659 1466 2759 1526; x_wconf 85' lang='lat' dir='ltr'><strong>[ide</strong></span> <span class='ocrx_word' id='word_1_387' title='bbox 2788 1471 3145 1526; x_wconf 90' lang='lat' dir='ltr'><strong>dominicatus</strong></span> <span class='ocrx_word' id='word_1_388' title='bbox 3168 1470 3288 1540; x_wconf 92' lang='lat' dir='ltr'><strong>jure</strong></span> <span class='ocrx_word' id='word_1_389' title='bbox 3315 1468 3541 1526; x_wconf 85' lang='lat' dir='ltr'><strong>dedera-</strong></span> 
     </span>
    </p>
   </div>
   <div class='ocr_carea' id='block_1_60' title="bbox 1953 1560 3542 1630">
    <p class='ocr_par' dir='ltr' id='par_1_60' title="bbox 1953 1560 3542 1630">
     <span class='ocr_line' id='line_1_61' title="bbox 1953 1560 3542 1630; baseline -0.001 -14"><span class='ocrx_word' id='word_1_390' title='bbox 1953 1578 2084 1616; x_wconf 83' lang='lat' dir='ltr'><strong>mus</strong></span> <span class='ocrx_word' id='word_1_391' title='bbox 2109 1561 2438 1617; x_wconf 86' lang='lat' dir='ltr'><strong>discussione</strong></span> <span class='ocrx_word' id='word_1_392' title='bbox 2461 1560 2772 1616; x_wconf 89' lang='lat' dir='ltr'><strong>lndictionis</strong></span> <span class='ocrx_word' id='word_1_393' title='bbox 2799 1561 3006 1630; x_wconf 68' lang='lat' dir='ltr'><strong>primm,</strong></span> <span class='ocrx_word' id='word_1_394' title='bbox 3031 1561 3296 1626; x_wconf 65' lang='lat' dir='ltr'><strong>secundas,</strong></span> <span class='ocrx_word' id='word_1_395' title='bbox 3327 1561 3409 1615; x_wconf 90' lang='lat' dir='ltr'><strong>vel</strong></span> <span class='ocrx_word' id='word_1_396' title='bbox 3434 1568 3542 1614; x_wconf 83' lang='lat' dir='ltr'><strong>ter-</strong></span> 
     </span>
    </p>
   </div>
   <div class='ocr_carea' id='block_1_61' title="bbox 1966 1649 3542 1724">
    <p class='ocr_par' dir='ltr' id='par_1_61' title="bbox 1966 1649 3542 1724">
     <span class='ocr_line' id='line_1_62' title="bbox 1966 1649 3542 1724; baseline -0.001 -19"><span class='ocrx_word' id='word_1_397' title='bbox 1966 1651 2056 1706; x_wconf 73' lang='lat' dir='ltr'><strong>tiae</strong></span> <span class='ocrx_word' id='word_1_398' title='bbox 2084 1651 2162 1724; x_wconf 85' lang='lat' dir='ltr'><strong>(id</strong></span> <span class='ocrx_word' id='word_1_399' title='bbox 2189 1659 2264 1706; x_wconf 79' lang='lat' dir='ltr'><strong>est</strong></span> <span class='ocrx_word' id='word_1_400' title='bbox 2289 1668 2377 1705; x_wconf 86' lang='lat' dir='ltr'><strong>an.</strong></span> <span class='ocrx_word' id='word_1_401' title='bbox 2408 1651 2528 1705; x_wconf 80' lang='lat' dir='ltr'><strong>Chr.</strong></span> <span class='ocrx_word' id='word_1_402' title='bbox 2565 1649 2686 1716; x_wconf 85' lang='lat'><strong>508,</strong></span> <span class='ocrx_word' id='word_1_403' title='bbox 2720 1650 2842 1720; x_wconf 81' lang='lat'><strong>509,</strong></span> <span class='ocrx_word' id='word_1_404' title='bbox 2869 1650 3019 1722; x_wconf 80' lang='grc'><strong>510),</strong></span> <span class='ocrx_word' id='word_1_405' title='bbox 3070 1667 3167 1722; x_wconf 91' lang='lat' dir='ltr'><strong>per</strong></span> <span class='ocrx_word' id='word_1_406' title='bbox 3213 1649 3542 1721; x_wconf 83' lang='lat' dir='ltr'><strong>provinciam</strong></span> 
     </span>
    </p>
   </div>
   <div class='ocr_carea' id='block_1_62' title="bbox 1968 1742 3545 1813">
    <p class='ocr_par' dir='ltr' id='par_1_62' title="bbox 1968 1742 3545 1813">
     <span class='ocr_line' id='line_1_63' title="bbox 1968 1742 3545 1813; baseline 0.001 -17"><span class='ocrx_word' id='word_1_407' title='bbox 1968 1742 2284 1797; x_wconf 85' lang='lat' dir='ltr'><strong>Dalmatiam</strong></span> <span class='ocrx_word' id='word_1_408' title='bbox 2313 1742 2580 1798; x_wconf 81' lang='lat' dir='ltr'><strong>ordinatio</strong></span> <span class='ocrx_word' id='word_1_409' title='bbox 2609 1742 2701 1796; x_wconf 90' lang='lat' dir='ltr'><strong>tibi</strong></span> <span class='ocrx_word' id='word_1_410' title='bbox 2733 1753 2916 1797; x_wconf 85' lang='lat' dir='ltr'><strong>nostra</strong></span> <span class='ocrx_word' id='word_1_411' title='bbox 2961 1743 3277 1810; x_wconf 89' lang='lat' dir='ltr'><strong>committit;</strong></span> <span class='ocrx_word' id='word_1_412' title='bbox 3325 1753 3382 1796; x_wconf 91' lang='lat' dir='ltr'><strong>ut</strong></span> <span class='ocrx_word' id='word_1_413' title='bbox 3410 1758 3545 1813; x_wconf 81' lang='lat' dir='ltr'><strong>quo-</strong></span> 
     </span>
    </p>
   </div>
   <div class='ocr_carea' id='block_1_63' title="bbox 1969 1833 3546 1905">
    <p class='ocr_par' dir='ltr' id='par_1_63' title="bbox 1969 1833 3546 1905">
     <span class='ocr_line' id='line_1_64' title="bbox 1969 1833 3546 1905; baseline 0 -15"><span class='ocrx_word' id='word_1_414' title='bbox 1969 1835 2101 1890; x_wconf 89' lang='lat' dir='ltr'><strong>libet</strong></span> <span class='ocrx_word' id='word_1_415' title='bbox 2128 1835 2381 1890; x_wconf 90' lang='lat' dir='ltr'><strong>damnum</strong></span> <span class='ocrx_word' id='word_1_416' title='bbox 2411 1834 2611 1889; x_wconf 82' lang='lat' dir='ltr'><strong>fraudis</strong></span> <span class='ocrx_word' id='word_1_417' title='bbox 2635 1836 2861 1904; x_wconf 91' lang='lat' dir='ltr'><strong>vestigio</strong></span> <span class='ocrx_word' id='word_1_418' title='bbox 2887 1834 3154 1905; x_wconf 90' lang='lat' dir='ltr'><strong>publicum</strong></span> <span class='ocrx_word' id='word_1_419' title='bbox 3183 1843 3234 1890; x_wconf 90' lang='lat' dir='ltr'><strong>te</strong></span> <span class='ocrx_word' id='word_1_420' title='bbox 3264 1833 3420 1888; x_wconf 83' lang='lat' dir='ltr'><strong>fuerit</strong></span> <span class='ocrx_word' id='word_1_421' title='bbox 3448 1851 3546 1890; x_wconf 78' lang='lat' dir='ltr'><strong>ex-</strong></span> 
     </span>
    </p>
   </div>
   <div class='ocr_carea' id='block_1_64' title="bbox 1967 1922 3547 1997">
    <p class='ocr_par' dir='ltr' id='par_1_64' title="bbox 1967 1922 3547 1997">
     <span class='ocr_line' id='line_1_65' title="bbox 1967 1922 3547 1997; baseline 0.001 -17"><span class='ocrx_word' id='word_1_422' title='bbox 1967 1924 2214 1997; x_wconf 88' lang='lat' dir='ltr'><strong>plorante</strong></span> <span class='ocrx_word' id='word_1_423' title='bbox 2237 1935 2534 1994; x_wconf 87' lang='lat' dir='ltr'><strong>repertum,</strong></span> <span class='ocrx_word' id='word_1_424' title='bbox 2557 1926 2744 1994; x_wconf 88' lang='lat' dir='ltr'><strong>procul</strong></span> <span class='ocrx_word' id='word_1_425' title='bbox 2769 1926 2930 1981; x_wconf 90' lang='lat' dir='ltr'><strong>dubio</strong></span> <span class='ocrx_word' id='word_1_426' title='bbox 2959 1922 3156 1982; x_wconf 87' lang='lat' dir='ltr'><strong>nostris</strong></span> <span class='ocrx_word' id='word_1_427' title='bbox 3181 1927 3384 1980; x_wconf 77' lang='lat' dir='ltr'><strong>:erariis</strong></span> <span class='ocrx_word' id='word_1_428' title='bbox 3409 1926 3547 1982; x_wconf 89' lang='lat' dir='ltr'><strong>infe-</strong></span> 
     </span>
    </p>
   </div>
   <div class='ocr_carea' id='block_1_65' title="bbox 1969 2014 3546 2088">
    <p class='ocr_par' dir='ltr' id='par_1_65' title="bbox 1969 2014 3546 2088">
     <span class='ocr_line' id='line_1_66' title="bbox 1969 2014 3546 2088; baseline 0.001 -18"><span class='ocrx_word' id='word_1_429' title='bbox 1969 2023 2162 2070; x_wconf 89' lang='lat' dir='ltr'><strong>ratur:</strong></span> <span class='ocrx_word' id='word_1_430' title='bbox 2190 2015 2314 2084; x_wconf 89' lang='lat' dir='ltr'><strong>quia</strong></span> <span class='ocrx_word' id='word_1_431' title='bbox 2361 2031 2466 2070; x_wconf 91' lang='lat' dir='ltr'><strong>non</strong></span> <span class='ocrx_word' id='word_1_432' title='bbox 2497 2023 2700 2069; x_wconf 90' lang='lat' dir='ltr'><strong>tantum</strong></span> <span class='ocrx_word' id='word_1_433' title='bbox 2731 2015 2879 2070; x_wconf 88' lang='lat' dir='ltr'><strong>lucra</strong></span> <span class='ocrx_word' id='word_1_434' title='bbox 2926 2014 3236 2086; x_wconf 77' lang='lat' dir='ltr'><strong>qumrimus,</strong></span> <span class='ocrx_word' id='word_1_435' title='bbox 3287 2027 3546 2088; x_wconf 88' lang='lat' dir='ltr'><strong>quantum</strong></span> 
     </span>
    </p>
   </div>
   <div class='ocr_carea' id='block_1_66' title="bbox 1970 2102 3548 2175">
    <p class='ocr_par' dir='ltr' id='par_1_66' title="bbox 1970 2102 3548 2175">
     <span class='ocr_line' id='line_1_67' title="bbox 1970 2102 3548 2175; baseline 0.001 -17"><span class='ocrx_word' id='word_1_436' title='bbox 1970 2120 2151 2160; x_wconf 87' lang='lat' dir='ltr'><strong>mores</strong></span> <span class='ocrx_word' id='word_1_437' title='bbox 2188 2105 2548 2173; x_wconf 86' lang='lat' dir='ltr'><strong>subjectorum</strong></span> <span class='ocrx_word' id='word_1_438' title='bbox 2595 2102 2996 2175; x_wconf 88' lang='lat' dir='ltr'><strong>deprehendere</strong></span> <span class='ocrx_word' id='word_1_439' title='bbox 3043 2105 3374 2160; x_wconf 84' lang='lat' dir='ltr'><strong>festinamus.</strong></span> <span class='ocrx_word' id='word_1_440' title='bbox 3405 2102 3548 2160; x_wconf 73' lang='lat' dir='ltr'><strong>Pue-</strong></span> 
     </span>
    </p>
   </div>
   <div class='ocr_carea' id='block_1_67' title="bbox 1972 2192 3550 2264">
    <p class='ocr_par' dir='ltr' id='par_1_67' title="bbox 1972 2192 3550 2264">
     <span class='ocr_line' id='line_1_68' title="bbox 1972 2192 3550 2264; baseline 0.003 -17"><span class='ocrx_word' id='word_1_441' title='bbox 1972 2203 2116 2249; x_wconf 89' lang='lat' dir='ltr'><strong>terea</strong></span> <span class='ocrx_word' id='word_1_442' title='bbox 2148 2193 2398 2249; x_wconf 88' lang='lat' dir='ltr'><strong>Ierrarias</strong></span> <span class='ocrx_word' id='word_1_443' title='bbox 2425 2209 2588 2250; x_wconf 86' lang='lat' dir='ltr'><strong>venas</strong></span> <span class='ocrx_word' id='word_1_444' title='bbox 2616 2192 2884 2264; x_wconf 72' lang='lat' dir='ltr'><strong>prtedicta:</strong></span> <span class='ocrx_word' id='word_1_445' title='bbox 2908 2193 3183 2250; x_wconf 74' lang='lat' dir='ltr'><strong>Dalmatia:</strong></span> <span class='ocrx_word' id='word_1_446' title='bbox 3216 2195 3464 2251; x_wconf 89' lang='lat' dir='ltr'><strong>cuniculo</strong></span> <span class='ocrx_word' id='word_1_447' title='bbox 3495 2205 3550 2252; x_wconf 88' lang='lat' dir='ltr'><strong>te</strong></span> 
     </span>
    </p>
   </div>
   <div class='ocr_carea' id='block_1_68' title="bbox 1971 2286 3550 2356">
    <p class='ocr_par' dir='ltr' id='par_1_68' title="bbox 1971 2286 3550 2356">
     <span class='ocr_line' id='line_1_69' title="bbox 1971 2286 3550 2356; baseline -0.001 -15"><span class='ocrx_word' id='word_1_448' title='bbox 1971 2286 2212 2341; x_wconf 90' lang='lat' dir='ltr'><strong>veritatis</strong></span> <span class='ocrx_word' id='word_1_449' title='bbox 2229 2287 2478 2354; x_wconf 86' lang='lat' dir='ltr'><strong>jubemus</strong></span> <span class='ocrx_word' id='word_1_450' title='bbox 2502 2286 2792 2355; x_wconf 86' lang='lat' dir='ltr'><strong>inquirere,</strong></span> <span class='ocrx_word' id='word_1_451' title='bbox 2809 2286 2898 2341; x_wconf 90' lang='lat' dir='ltr'><strong>ubi</strong></span> <span class='ocrx_word' id='word_1_452' title='bbox 2922 2286 3150 2354; x_wconf 85' lang='lat' dir='ltr'><strong>rigorem</strong></span> <span class='ocrx_word' id='word_1_453' title='bbox 3172 2286 3297 2341; x_wconf 89' lang='lat' dir='ltr'><strong>ferri</strong></span> <span class='ocrx_word' id='word_1_454' title='bbox 3321 2289 3550 2356; x_wconf 90' lang='lat' dir='ltr'><strong>parturit</strong></span> 
     </span>
    </p>
   </div>
   <div class='ocr_carea' id='block_1_69' title="bbox 1973 2376 3544 2448">
    <p class='ocr_par' dir='ltr' id='par_1_69' title="bbox 1973 2376 3544 2448">
     <span class='ocr_line' id='line_1_70' title="bbox 1973 2376 3544 2448; baseline 0.001 -19"><span class='ocrx_word' id='word_1_455' title='bbox 1973 2385 2184 2432; x_wconf 89' lang='lat' dir='ltr'><strong>terrena</strong></span> <span class='ocrx_word' id='word_1_456' title='bbox 2214 2376 2480 2443; x_wconf 87' lang='lat' dir='ltr'><strong>mollities,</strong></span> <span class='ocrx_word' id='word_1_457' title='bbox 2513 2389 2569 2432; x_wconf 89' lang='lat' dir='ltr'><strong>et</strong></span> <span class='ocrx_word' id='word_1_458' title='bbox 2595 2377 2716 2445; x_wconf 84' lang='lat' dir='ltr'><strong>igne</strong></span> <span class='ocrx_word' id='word_1_459' title='bbox 2745 2377 3078 2448; x_wconf 84' lang='lat' dir='ltr'><strong>decoquitur,</strong></span> <span class='ocrx_word' id='word_1_460' title='bbox 3131 2387 3189 2432; x_wconf 93' lang='lat' dir='ltr'><strong>ut</strong></span> <span class='ocrx_word' id='word_1_461' title='bbox 3215 2377 3269 2433; x_wconf 91' lang='lat' dir='ltr'><strong>in</strong></span> <span class='ocrx_word' id='word_1_462' title='bbox 3297 2379 3544 2432; x_wconf 88' lang='lat' dir='ltr'><strong>duritiem</strong></span> 
     </span>
    </p>
   </div>
   <div class='ocr_carea' id='block_1_70' title="bbox 1974 2465 3550 2538">
    <p class='ocr_par' dir='ltr' id='par_1_70' title="bbox 1974 2465 3550 2538">
     <span class='ocr_line' id='line_1_71' title="bbox 1974 2465 3550 2538; baseline 0.001 -18"><span class='ocrx_word' id='word_1_463' title='bbox 1974 2465 2342 2520; x_wconf 87' lang='lat' dir='ltr'><strong>transferatur.</strong></span> <span class='ocrx_word' id='word_1_464' title='bbox 2393 2466 2548 2534; x_wconf 87' lang='lat' dir='ltr'><strong>Hinc,</strong></span> <span class='ocrx_word' id='word_1_465' title='bbox 2601 2468 2891 2522; x_wconf 78' lang='lat' dir='ltr'><strong>auxiliante</strong></span> <span class='ocrx_word' id='word_1_466' title='bbox 2920 2468 3048 2533; x_wconf 87' lang='lat' dir='ltr'><strong>Deo,</strong></span> <span class='ocrx_word' id='word_1_467' title='bbox 3098 2467 3335 2523; x_wconf 77' lang='lat' dir='ltr'><strong>defensio</strong></span> <span class='ocrx_word' id='word_1_468' title='bbox 3365 2471 3550 2538; x_wconf 73' lang='lat' dir='ltr'><strong>ptrizn</strong></span> 
     </span>
    </p>
   </div>
   <div class='ocr_carea' id='block_1_71' title="bbox 1975 2557 3550 2628">
    <p class='ocr_par' dir='ltr' id='par_1_71' title="bbox 1975 2557 3550 2628">
     <span class='ocr_line' id='line_1_72' title="bbox 1975 2557 3550 2628; baseline 0.002 -18"><span class='ocrx_word' id='word_1_469' title='bbox 1975 2557 2156 2622; x_wconf 90' lang='lat' dir='ltr'><strong>venit;</strong></span> <span class='ocrx_word' id='word_1_470' title='bbox 2188 2557 2312 2610; x_wconf 90' lang='lat' dir='ltr'><strong>hinc</strong></span> <span class='ocrx_word' id='word_1_471' title='bbox 2338 2569 2586 2624; x_wconf 87' lang='lat' dir='ltr'><strong>agrorum</strong></span> <span class='ocrx_word' id='word_1_472' title='bbox 2613 2557 2816 2612; x_wconf 89' lang='lat' dir='ltr'><strong>utilitas</strong></span> <span class='ocrx_word' id='word_1_473' title='bbox 2847 2567 3190 2628; x_wconf 87' lang='lat' dir='ltr'><strong>procuratur,</strong></span> <span class='ocrx_word' id='word_1_474' title='bbox 3233 2567 3288 2612; x_wconf 91' lang='lat' dir='ltr'><strong>et</strong></span> <span class='ocrx_word' id='word_1_475' title='bbox 3325 2558 3378 2613; x_wconf 93' lang='lat' dir='ltr'><strong>in</strong></span> <span class='ocrx_word' id='word_1_476' title='bbox 3422 2575 3550 2614; x_wconf 87' lang='lat' dir='ltr'><strong>usus</strong></span> 
     </span>
    </p>
   </div>
   <div class='ocr_carea' id='block_1_72' title="bbox 1975 2645 3547 2717">
    <p class='ocr_par' dir='ltr' id='par_1_72' title="bbox 1975 2645 3547 2717">
     <span class='ocr_line' id='line_1_73' title="bbox 1975 2645 3547 2717; baseline 0.003 -17"><span class='ocrx_word' id='word_1_477' title='bbox 1975 2645 2222 2700; x_wconf 73' lang='lat' dir='ltr'><strong>humanae</strong></span> <span class='ocrx_word' id='word_1_478' title='bbox 2278 2647 2401 2700; x_wconf 68' lang='lat' dir='ltr'><strong>vitae</strong></span> <span class='ocrx_word' id='word_1_479' title='bbox 2455 2646 2735 2715; x_wconf 74' lang='lat' dir='ltr'><strong>multiplici</strong></span> <span class='ocrx_word' id='word_1_480' title='bbox 2794 2646 3182 2702; x_wconf 87' lang='lat' dir='ltr'><strong>commoditate</strong></span> <span class='ocrx_word' id='word_1_481' title='bbox 3234 2647 3547 2717; x_wconf 91' lang='lat' dir='ltr'><strong>porrigitur.</strong></span> 
     </span>
    </p>
   </div>
   <div class='ocr_carea' id='block_1_73' title="bbox 1976 2738 3549 2811">
    <p class='ocr_par' dir='ltr' id='par_1_73' title="bbox 1976 2738 3549 2811">
     <span class='ocr_line' id='line_1_74' title="bbox 1976 2738 3549 2811; baseline 0.003 -19"><span class='ocrx_word' id='word_1_482' title='bbox 1976 2738 2124 2794; x_wconf 82' lang='lat' dir='ltr'><strong>Auro</strong></span> <span class='ocrx_word' id='word_1_483' title='bbox 2153 2739 2254 2809; x_wconf 90' lang='lat' dir='ltr'><strong>ipsi</strong></span> <span class='ocrx_word' id='word_1_484' title='bbox 2282 2739 2528 2810; x_wconf 90' lang='lat' dir='ltr'><strong>imperat,</strong></span> <span class='ocrx_word' id='word_1_485' title='bbox 2553 2749 2609 2794; x_wconf 92' lang='lat' dir='ltr'><strong>et</strong></span> <span class='ocrx_word' id='word_1_486' title='bbox 2629 2741 2832 2796; x_wconf 91' lang='lat' dir='ltr'><strong>servire</strong></span> <span class='ocrx_word' id='word_1_487' title='bbox 2859 2740 3005 2810; x_wconf 85' lang='lat' dir='ltr'><strong>cogit</strong></span> <span class='ocrx_word' id='word_1_488' title='bbox 3031 2739 3326 2810; x_wconf 89' lang='lat' dir='ltr'><strong>locupletes</strong></span> <span class='ocrx_word' id='word_1_489' title='bbox 3347 2756 3549 2811; x_wconf 83' lang='lat' dir='ltr'><strong>paupe-</strong></span> 
     </span>
    </p>
   </div>
   <div class='ocr_carea' id='block_1_74' title="bbox 1976 2826 3551 2900">
    <p class='ocr_par' dir='ltr' id='par_1_74' title="bbox 1976 2826 3551 2900">
     <span class='ocr_line' id='line_1_75' title="bbox 1976 2826 3551 2900; baseline 0.001 -16"><span class='ocrx_word' id='word_1_490' title='bbox 1976 2829 2123 2884; x_wconf 92' lang='lat' dir='ltr'><strong>ribus</strong></span> <span class='ocrx_word' id='word_1_491' title='bbox 2150 2838 2462 2885; x_wconf 85' lang='lat' dir='ltr'><strong>constanter</strong></span> <span class='ocrx_word' id='word_1_492' title='bbox 2487 2830 2726 2884; x_wconf 89' lang='lat' dir='ltr'><strong>armatis.</strong></span> <span class='ocrx_word' id='word_1_493' title='bbox 2758 2826 3023 2884; x_wconf 88' lang='lat' dir='ltr'><strong>Convenit</strong></span> <span class='ocrx_word' id='word_1_494' title='bbox 3053 2831 3234 2900; x_wconf 88' lang='lat' dir='ltr'><strong>itaque</strong></span> <span class='ocrx_word' id='word_1_495' title='bbox 3261 2829 3402 2886; x_wconf 87' lang='lat' dir='ltr'><strong>hanc</strong></span> <span class='ocrx_word' id='word_1_496' title='bbox 3427 2845 3551 2900; x_wconf 87' lang='lat' dir='ltr'><strong>spe-</strong></span> 
     </span>
    </p>
   </div>
   <div class='ocr_carea' id='block_1_75' title="bbox 1977 2917 3550 2989">
    <p class='ocr_par' dir='ltr' id='par_1_75' title="bbox 1977 2917 3550 2989">
     <span class='ocr_line' id='line_1_76' title="bbox 1977 2917 3550 2989; baseline 0.001 -16"><span class='ocrx_word' id='word_1_497' title='bbox 1977 2917 2112 2974; x_wconf 90' lang='lat' dir='ltr'><strong>ciem</strong></span> <span class='ocrx_word' id='word_1_498' title='bbox 2138 2917 2378 2986; x_wconf 90' lang='lat' dir='ltr'><strong>diligenti</strong></span> <span class='ocrx_word' id='word_1_499' title='bbox 2407 2917 2746 2988; x_wconf 90' lang='lat' dir='ltr'><strong>indagationc</strong></span> <span class='ocrx_word' id='word_1_500' title='bbox 2769 2918 2970 2985; x_wconf 88' lang='lat' dir='ltr'><strong>rimari,</strong></span> <span class='ocrx_word' id='word_1_501' title='bbox 3001 2934 3098 2989; x_wconf 89' lang='lat' dir='ltr'><strong>per</strong></span> <span class='ocrx_word' id='word_1_502' title='bbox 3123 2933 3283 2988; x_wconf 89' lang='lat' dir='ltr'><strong>quam</strong></span> <span class='ocrx_word' id='word_1_503' title='bbox 3313 2927 3368 2974; x_wconf 90' lang='lat' dir='ltr'><strong>et</strong></span> <span class='ocrx_word' id='word_1_504' title='bbox 3393 2919 3550 2976; x_wconf 85' lang='lat' dir='ltr'><strong>nobis</strong></span> 
     </span>
    </p>
   </div>
   <div class='ocr_carea' id='block_1_76' title="bbox 1978 3007 3548 3078">
    <p class='ocr_par' dir='ltr' id='par_1_76' title="bbox 1978 3007 3548 3078">
     <span class='ocr_line' id='line_1_77' title="bbox 1978 3007 3548 3078; baseline 0.001 -16"><span class='ocrx_word' id='word_1_505' title='bbox 1978 3007 2128 3063; x_wconf 90' lang='lat' dir='ltr'><strong>lucra</strong></span> <span class='ocrx_word' id='word_1_506' title='bbox 2171 3013 2524 3077; x_wconf 90' lang='lat' dir='ltr'><strong>generantur,</strong></span> <span class='ocrx_word' id='word_1_507' title='bbox 2577 3014 2630 3063; x_wconf 90' lang='lat' dir='ltr'><strong>et</strong></span> <span class='ocrx_word' id='word_1_508' title='bbox 2675 3007 2918 3063; x_wconf 87' lang='lat' dir='ltr'><strong>hostibus</strong></span> <span class='ocrx_word' id='word_1_509' title='bbox 2964 3017 3318 3078; x_wconf 88' lang='lat' dir='ltr'><strong>procurantur</strong></span> <span class='ocrx_word' id='word_1_510' title='bbox 3364 3009 3548 3063; x_wconf 80' lang='lat' dir='ltr'><strong>exitia.</strong></span> 
     </span>
    </p>
   </div>
   <div class='ocr_carea' id='block_1_77' title="bbox 1979 3083 3544 3170">
    <p class='ocr_par' dir='ltr' id='par_1_77' title="bbox 1979 3083 3544 3170">
     <span class='ocr_line' id='line_1_78' title="bbox 1979 3083 3544 3170; baseline 0.004 -20"><span class='ocrx_word' id='word_1_511' title='bbox 1979 3094 2107 3152; x_wconf 85' lang='lat' dir='ltr'><strong>Esto</strong></span> <span class='ocrx_word' id='word_1_512' title='bbox 2135 3111 2265 3166; x_wconf 84' lang='lat' dir='ltr'><strong>ergo</strong></span> <span class='ocrx_word' id='word_1_513' title='bbox 2289 3096 2359 3151; x_wconf 89' lang='lat' dir='ltr'><strong>de</strong></span> <span class='ocrx_word' id='word_1_514' title='bbox 2380 3083 2615 3150; x_wconf 58' lang='lat' dir='ltr'><strong>an’tel‘ata</strong></span> <span class='ocrx_word' id='word_1_515' title='bbox 2645 3095 2764 3170; x_wconf 74' lang='grc' dir='ltr'>[ιιιε.</span> <span class='ocrx_word' id='word_1_516' title='bbox 2781 3097 2872 3163; x_wconf 82' lang='lat' dir='ltr'><strong>A.,</strong></span> <span class='ocrx_word' id='word_1_517' title='bbox 2903 3094 3192 3168; x_wconf 78' lang='lat' dir='ltr'><strong>antefactaj</strong></span> <span class='ocrx_word' id='word_1_518' title='bbox 3212 3098 3544 3156; x_wconf 82' lang='lat' dir='ltr'><strong>discussione</strong></span> 
     </span>
    </p>
   </div>
   <div class='ocr_carea' id='block_1_78' title="bbox 1982 3185 3556 3258">
    <p class='ocr_par' dir='ltr' id='par_1_78' title="bbox 1982 3185 3556 3258">
     <span class='ocr_line' id='line_1_79' title="bbox 1982 3185 3556 3258; baseline -0.001 -15"><span class='ocrx_word' id='word_1_519' title='bbox 1982 3187 2266 3256; x_wconf 90' lang='lat' dir='ltr'><strong>sollicitus,</strong></span> <span class='ocrx_word' id='word_1_520' title='bbox 2316 3185 2449 3242; x_wconf 92' lang='lat' dir='ltr'><strong>etin</strong></span> <span class='ocrx_word' id='word_1_521' title='bbox 2475 3186 2702 3256; x_wconf 88' lang='lat' dir='ltr'><strong>publicis</strong></span> <span class='ocrx_word' id='word_1_522' title='bbox 2729 3186 3043 3242; x_wconf 88' lang='lat' dir='ltr'><strong>utilitatibus</strong></span> <span class='ocrx_word' id='word_1_523' title='bbox 3092 3195 3447 3258; x_wconf 75' lang='lat' dir='ltr'><strong>temperatus;</strong></span> <span class='ocrx_word' id='word_1_524' title='bbox 3496 3198 3556 3243; x_wconf 89' lang='lat' dir='ltr'><strong>ut</strong></span> 
     </span>
    </p>
   </div>
   <div class='ocr_carea' id='block_1_79' title="bbox 1983 3275 3556 3348">
    <p class='ocr_par' dir='ltr' id='par_1_79' title="bbox 1983 3275 3556 3348">
     <span class='ocr_line' id='line_1_80' title="bbox 1983 3275 3556 3348; baseline 0.001 -16"><span class='ocrx_word' id='word_1_525' title='bbox 1983 3285 2228 3333; x_wconf 91' lang='lat' dir='ltr'><strong>nostrum</strong></span> <span class='ocrx_word' id='word_1_526' title='bbox 2256 3275 2576 3330; x_wconf 87' lang='lat' dir='ltr'><strong>rationabile</strong></span> <span class='ocrx_word' id='word_1_527' title='bbox 2603 3276 2974 3346; x_wconf 89' lang='lat' dir='ltr'><strong>compendium</strong></span> <span class='ocrx_word' id='word_1_528' title='bbox 3002 3277 3280 3332; x_wconf 86' lang='lat' dir='ltr'><strong>crescendi</strong></span> <span class='ocrx_word' id='word_1_529' title='bbox 3311 3278 3405 3332; x_wconf 86' lang='lat' dir='ltr'><strong>tibi</strong></span> <span class='ocrx_word' id='word_1_530' title='bbox 3439 3289 3556 3348; x_wconf 79' lang='lat' dir='ltr'><strong>pos-</strong></span> 
     </span>
    </p>
   </div>
   <div class='ocr_carea' id='block_1_80' title="bbox 1980 3369 2758 3439">
    <p class='ocr_par' dir='ltr' id='par_1_80' title="bbox 1980 3369 2758 3439">
     <span class='ocr_line' id='line_1_81' title="bbox 1980 3369 2758 3439; baseline -0.005 -15"><span class='ocrx_word' id='word_1_531' title='bbox 1980 3369 2052 3424; x_wconf 91' lang='lat' dir='ltr'><strong>sit</strong></span> <span class='ocrx_word' id='word_1_532' title='bbox 2075 3382 2366 3439; x_wconf 86' lang='lat' dir='ltr'><strong>procurat&#39;e</strong></span> <span class='ocrx_word' id='word_1_533' title='bbox 2394 3374 2758 3436; x_wconf 89' lang='lat' dir='ltr'><strong>augmentum.</strong></span> 
     </span>
    </p>
   </div>
   <div class='ocr_carea' id='block_1_81' title="bbox 2496 3476 3039 3535">
    <p class='ocr_par' dir='ltr' id='par_1_81' title="bbox 2496 3476 3039 3535">
     <span class='ocr_line' id='line_1_82' title="bbox 2496 3476 3039 3535; baseline 0.009 -5"><span class='ocrx_word' id='word_1_534' title='bbox 2496 3476 2826 3533; x_wconf 81' lang='lat' dir='ltr'><strong>EPISTOLA</strong></span> <span class='ocrx_word' id='word_1_535' title='bbox 2855 3477 3039 3535; x_wconf 87' lang='lat' dir='ltr'><strong>XXVI.</strong></span> 
     </span>
    </p>
   </div>
   <div class='ocr_carea' id='block_1_82' title="bbox 2088 3583 3450 3635">
    <p class='ocr_par' dir='ltr' id='par_1_82' title="bbox 2088 3583 3450 3635">
     <span class='ocr_line' id='line_1_83' title="bbox 2088 3583 3450 3635; baseline 0.001 -10"><span class='ocrx_word' id='word_1_536' title='bbox 2088 3585 2236 3625; x_wconf 76' lang='lat' dir='ltr'><strong>OSUNI</strong></span> <span class='ocrx_word' id='word_1_537' title='bbox 2261 3583 2383 3624; x_wconf 74' lang='lat' dir='ltr'><strong>VIBO</strong></span> <span class='ocrx_word' id='word_1_538' title='bbox 2409 3585 2674 3633; x_wconf 77' lang='lat' dir='ltr'><strong>ILLUSTBI,</strong></span> <span class='ocrx_word' id='word_1_539' title='bbox 2704 3585 2904 3635; x_wconf 76' lang='lat' dir='ltr'><strong>COIITI,</strong></span> <span class='ocrx_word' id='word_1_540' title='bbox 2937 3585 3297 3628; x_wconf 73' lang='grc' dir='ltr'><strong>τιιεουοιιιςυε</strong></span> <span class='ocrx_word' id='word_1_541' title='bbox 3325 3589 3450 3628; x_wconf 71' lang='lat' dir='ltr'><strong>IEX.</strong></span> 
     </span>
    </p>
   </div>
   <div class='ocr_carea' id='block_1_83' title="bbox 1985 3658 3552 3732">
    <p class='ocr_par' dir='ltr' id='par_1_83' title="bbox 1985 3658 3552 3732">
     <span class='ocr_line' id='line_1_84' title="bbox 1985 3658 3552 3732; baseline 0.004 -18"><span class='ocrx_word' id='word_1_542' title='bbox 1985 3660 2134 3714; x_wconf 75' lang='lat' dir='ltr'><strong>lubet</strong></span> <span class='ocrx_word' id='word_1_543' title='bbox 2165 3668 2219 3712; x_wconf 83' lang='lat' dir='ltr'><strong>ut</strong></span> <span class='ocrx_word' id='word_1_544' title='bbox 2245 3659 2444 3732; x_wconf 75' lang='lat' dir='ltr'><strong>solatia</strong></span> <span class='ocrx_word' id='word_1_545' title='bbox 2473 3658 2704 3714; x_wconf 84' lang='lat' dir='ltr'><strong>Simeoni</strong></span> <span class='ocrx_word' id='word_1_546' title='bbox 2743 3660 2812 3712; x_wconf 84' lang='lat' dir='ltr'><strong>ad</strong></span> <span class='ocrx_word' id='word_1_547' title='bbox 2837 3676 2898 3713; x_wconf 88' lang='lat' dir='ltr'><strong>ea</strong></span> <span class='ocrx_word' id='word_1_548' title='bbox 2936 3678 3030 3732; x_wconf 80' lang='lat' dir='ltr'><strong>pro</strong></span> <span class='ocrx_word' id='word_1_549' title='bbox 3059 3664 3237 3732; x_wconf 77' lang='lat' dir='ltr'><strong>quibus</strong></span> <span class='ocrx_word' id='word_1_550' title='bbox 3260 3665 3316 3717; x_wconf 85' lang='lat' dir='ltr'><strong>in</strong></span> <span class='ocrx_word' id='word_1_551' title='bbox 3342 3663 3552 3720; x_wconf 81' lang='lat' dir='ltr'><strong>Panno-</strong></span> 
     </span>
    </p>
   </div>
   <div class='ocr_carea' id='block_1_84' title="bbox 2197 3731 3340 3803">
    <p class='ocr_par' dir='ltr' id='par_1_84' title="bbox 2197 3731 3340 3803">
     <span class='ocr_line' id='line_1_85' title="bbox 2197 3731 3340 3803; baseline 0.003 -21"><span class='ocrx_word' id='word_1_552' title='bbox 2197 3731 2339 3782; x_wconf 82' lang='lat' dir='ltr'><strong>nium</strong></span> <span class='ocrx_word' id='word_1_553' title='bbox 2360 3731 2543 3784; x_wconf 80' lang='lat' dir='ltr'><strong>missus</strong></span> <span class='ocrx_word' id='word_1_554' title='bbox 2574 3732 2689 3800; x_wconf 76' lang='lat' dir='ltr'><strong>fuit,</strong></span> <span class='ocrx_word' id='word_1_555' title='bbox 2727 3731 3016 3784; x_wconf 79' lang='lat' dir='ltr'><strong>necessaria</strong></span> <span class='ocrx_word' id='word_1_556' title='bbox 3046 3731 3148 3785; x_wconf 79' lang='lat' dir='ltr'><strong>non</strong></span> <span class='ocrx_word' id='word_1_557' title='bbox 3176 3743 3340 3803; x_wconf 73' lang='lat' dir='ltr'><strong>neget.</strong></span> 
     </span>
    </p>
   </div>
   <div class='ocr_carea' id='block_1_85' title="bbox 2057 3820 3559 3896">
    <p class='ocr_par' dir='ltr' id='par_1_85' title="bbox 2057 3820 3559 3896">
     <span class='ocr_line' id='line_1_86' title="bbox 2057 3820 3559 3896; baseline 0.003 -20"><span class='ocrx_word' id='word_1_558' title='bbox 2057 3820 2312 3888; x_wconf 86' lang='lat' dir='ltr'><strong>Quamvis</strong></span> <span class='ocrx_word' id='word_1_559' title='bbox 2339 3821 2634 3890; x_wconf 78' lang='lat' dir='ltr'><strong>prudentiae</strong></span> <span class='ocrx_word' id='word_1_560' title='bbox 2677 3830 2778 3876; x_wconf 74' lang='lat' dir='ltr'><strong>tute</strong></span> <span class='ocrx_word' id='word_1_561' title='bbox 2804 3822 2874 3877; x_wconf 92' lang='lat' dir='ltr'><strong>sit</strong></span> <span class='ocrx_word' id='word_1_562' title='bbox 2897 3823 3113 3877; x_wconf 90' lang='lat' dir='ltr'><strong>utilitati</strong></span> <span class='ocrx_word' id='word_1_563' title='bbox 3143 3825 3365 3894; x_wconf 71' lang='lat' dir='ltr'><strong>publica:</strong></span> <span class='ocrx_word' id='word_1_564' title='bbox 3392 3825 3559 3896; x_wconf 78' lang='lat' dir='ltr'><strong>depu-</strong></span> 
     </span>
    </p>
   </div>
   <div class='ocr_carea' id='block_1_86' title="bbox 1988 3911 3565 3982">
    <p class='ocr_par' dir='ltr' id='par_1_86' title="bbox 1988 3911 3565 3982">
     <span class='ocr_line' id='line_1_87' title="bbox 1988 3911 3565 3982; baseline 0.004 -16"><span class='ocrx_word' id='word_1_565' title='bbox 1988 3913 2116 3967; x_wconf 90' lang='lat' dir='ltr'><strong>tatis</strong></span> <span class='ocrx_word' id='word_1_566' title='bbox 2160 3911 2301 3967; x_wconf 90' lang='lat' dir='ltr'><strong>ferre</strong></span> <span class='ocrx_word' id='word_1_567' title='bbox 2329 3913 2657 3982; x_wconf 66' lang='lat' dir='ltr'><strong>prtesidium,</strong></span> <span class='ocrx_word' id='word_1_568' title='bbox 2705 3921 2883 3968; x_wconf 89' lang='lat' dir='ltr'><strong>tamen</strong></span> <span class='ocrx_word' id='word_1_569' title='bbox 2934 3911 3229 3970; x_wconf 89' lang='lat' dir='ltr'><strong>admonitio</strong></span> <span class='ocrx_word' id='word_1_570' title='bbox 3274 3925 3458 3971; x_wconf 88' lang='lat' dir='ltr'><strong>nostra</strong></span> <span class='ocrx_word' id='word_1_571' title='bbox 3503 3933 3565 3972; x_wconf 88' lang='lat' dir='ltr'><strong>se</strong></span> 
     </span>
    </p>
   </div>
   <div class='ocr_carea' id='block_1_87' title="bbox 1989 4001 3565 4070">
    <p class='ocr_par' dir='ltr' id='par_1_87' title="bbox 1989 4001 3565 4070">
     <span class='ocr_line' id='line_1_88' title="bbox 1989 4001 3565 4070; baseline 0.003 -12"><span class='ocrx_word' id='word_1_572' title='bbox 1989 4001 2243 4068; x_wconf 87' lang='lat' dir='ltr'><strong>cumulat,</strong></span> <span class='ocrx_word' id='word_1_573' title='bbox 2281 4007 2340 4057; x_wconf 90' lang='lat' dir='ltr'><strong>ut</strong></span> <span class='ocrx_word' id='word_1_574' title='bbox 2367 4004 2609 4059; x_wconf 87' lang='lat' dir='ltr'><strong>securius</strong></span> <span class='ocrx_word' id='word_1_575' title='bbox 2637 4003 2748 4070; x_wconf 88' lang='lat' dir='ltr'><strong>Iiat,</strong></span> <span class='ocrx_word' id='word_1_576' title='bbox 2795 4004 2883 4060; x_wconf 90' lang='lat' dir='ltr'><strong>ubi</strong></span> <span class='ocrx_word' id='word_1_577' title='bbox 2910 4019 2970 4060; x_wconf 88' lang='lat' dir='ltr'><strong>se</strong></span> <span class='ocrx_word' id='word_1_578' title='bbox 3015 4006 3317 4061; x_wconf 87' lang='lat' dir='ltr'><strong>reverentia</strong></span> <span class='ocrx_word' id='word_1_579' title='bbox 3366 4017 3565 4063; x_wconf 66' lang='lat' dir='ltr'><strong>nostra:</strong></span> 
     </span>
    </p>
   </div>
   <div class='ocr_carea' id='block_1_88' title="bbox 1986 4093 3564 4166">
    <p class='ocr_par' dir='ltr' id='par_1_88' title="bbox 1986 4093 3564 4166">
     <span class='ocr_line' id='line_1_89' title="bbox 1986 4093 3564 4166; baseline 0.002 -17"><span class='ocrx_word' id='word_1_580' title='bbox 1986 4095 2241 4165; x_wconf 87' lang='lat' dir='ltr'><strong>jussionis</strong></span> <span class='ocrx_word' id='word_1_581' title='bbox 2267 4095 2658 4153; x_wconf 86' lang='lat' dir='ltr'><strong>accommodat.</strong></span> <span class='ocrx_word' id='word_1_582' title='bbox 2691 4093 2998 4152; x_wconf 89' lang='lat' dir='ltr'><strong>Simeonem</strong></span> <span class='ocrx_word' id='word_1_583' title='bbox 3046 4097 3228 4166; x_wconf 88' lang='lat' dir='ltr'><strong>itaque</strong></span> <span class='ocrx_word' id='word_1_584' title='bbox 3251 4097 3424 4152; x_wconf 91' lang='lat' dir='ltr'><strong>virum</strong></span> <span class='ocrx_word' id='word_1_585' title='bbox 3452 4099 3564 4153; x_wconf 84' lang='lat' dir='ltr'><strong>cla—</strong></span> 
     </span>
    </p>
   </div>
   <div class='ocr_carea' id='block_1_89' title="bbox 1991 4183 3564 4255">
    <p class='ocr_par' dir='ltr' id='par_1_89' title="bbox 1991 4183 3564 4255">
     <span class='ocr_line' id='line_1_90' title="bbox 1991 4183 3564 4255; baseline 0.002 -15"><span class='ocrx_word' id='word_1_586' title='bbox 1991 4185 2280 4252; x_wconf 85' lang='lat' dir='ltr'><strong>rissimum,</strong></span> <span class='ocrx_word' id='word_1_587' title='bbox 2311 4183 2462 4255; x_wconf 91' lang='lat' dir='ltr'><strong>cujus</strong></span> <span class='ocrx_word' id='word_1_588' title='bbox 2491 4184 2626 4241; x_wconf 79' lang='lat' dir='ltr'><strong>ﬁdes</strong></span> <span class='ocrx_word' id='word_1_589' title='bbox 2654 4186 2781 4241; x_wconf 92' lang='lat' dir='ltr'><strong>olim</strong></span> <span class='ocrx_word' id='word_1_590' title='bbox 2809 4186 2964 4243; x_wconf 88' lang='lat' dir='ltr'><strong>nobis</strong></span> <span class='ocrx_word' id='word_1_591' title='bbox 2991 4194 3073 4242; x_wconf 89' lang='lat' dir='ltr'><strong>est</strong></span> <span class='ocrx_word' id='word_1_592' title='bbox 3115 4186 3327 4255; x_wconf 86' lang='lat' dir='ltr'><strong>cognita</strong></span> <span class='ocrx_word' id='word_1_593' title='bbox 3357 4188 3438 4242; x_wconf 86' lang='lat' dir='ltr'><strong>vel</strong></span> <span class='ocrx_word' id='word_1_594' title='bbox 3468 4187 3564 4243; x_wconf 85' lang='lat' dir='ltr'><strong>de-</strong></span> 
     </span>
    </p>
   </div>
   <div class='ocr_carea' id='block_1_90' title="bbox 1993 4275 3568 4348">
    <p class='ocr_par' dir='ltr' id='par_1_90' title="bbox 1993 4275 3568 4348">
     <span class='ocr_line' id='line_1_91' title="bbox 1993 4275 3568 4348; baseline 0.001 -17"><span class='ocrx_word' id='word_1_595' title='bbox 1993 4278 2139 4334; x_wconf 87' lang='lat' dir='ltr'><strong>votio</strong></span> <span class='ocrx_word' id='word_1_596' title='bbox 2169 4275 2536 4348; x_wconf 88' lang='lat' dir='ltr'><strong>comprobata,</strong></span> <span class='ocrx_word' id='word_1_597' title='bbox 2584 4275 2652 4331; x_wconf 88' lang='lat' dir='ltr'><strong>ad</strong></span> <span class='ocrx_word' id='word_1_598' title='bbox 2693 4276 3088 4332; x_wconf 82' lang='lat' dir='ltr'><strong>ordinationem</strong></span> <span class='ocrx_word' id='word_1_599' title='bbox 3131 4279 3434 4346; x_wconf 86' lang='lat' dir='ltr'><strong>siliquatici,</strong></span> <span class='ocrx_word' id='word_1_600' title='bbox 3466 4294 3568 4334; x_wconf 88' lang='lat' dir='ltr'><strong>nec</strong></span> 
     </span>
    </p>
   </div>
   <div class='ocr_carea' id='block_1_91' title="bbox 1993 4365 3566 4435">
    <p class='ocr_par' dir='ltr' id='par_1_91' title="bbox 1993 4365 3566 4435">
     <span class='ocr_line' id='line_1_92' title="bbox 1993 4365 3566 4435; baseline -0.001 -14"><span class='ocrx_word' id='word_1_601' title='bbox 1993 4381 2101 4422; x_wconf 91' lang='lat' dir='ltr'><strong>non</strong></span> <span class='ocrx_word' id='word_1_602' title='bbox 2153 4365 2516 4430; x_wconf 90' lang='lat' dir='ltr'><strong>ferrariarum,</strong></span> <span class='ocrx_word' id='word_1_603' title='bbox 2564 4365 2631 4420; x_wconf 88' lang='lat' dir='ltr'><strong>ad</strong></span> <span class='ocrx_word' id='word_1_604' title='bbox 2659 4366 2990 4435; x_wconf 89' lang='lat' dir='ltr'><strong>provinciam</strong></span> <span class='ocrx_word' id='word_1_605' title='bbox 3035 4365 3350 4420; x_wconf 88' lang='lat' dir='ltr'><strong>Dalmatiam</strong></span> <span class='ocrx_word' id='word_1_606' title='bbox 3382 4375 3566 4422; x_wconf 86' lang='lat' dir='ltr'><strong>nostra</strong></span> 
     </span>
    </p>
   </div>
   <div class='ocr_carea' id='block_1_92' title="bbox 1997 4439 3561 4525">
    <p class='ocr_par' dir='ltr' id='par_1_92' title="bbox 1997 4439 3561 4525">
     <span class='ocr_line' id='line_1_93' title="bbox 1997 4439 3561 4525; baseline 0.001 -13"><span class='ocrx_word' id='word_1_607' title='bbox 1997 4455 2337 4512; x_wconf 90' lang='lat' dir='ltr'><strong>ordinatione</strong></span> <span class='ocrx_word' id='word_1_608' title='bbox 2363 4455 2675 4510; x_wconf 76' lang='lat' dir='ltr'><strong>direximus.</strong></span> <span class='ocrx_word' id='word_1_609' title='bbox 2705 4453 2806 4512; x_wconf 88' lang='lat' dir='ltr'><strong>Cui</strong></span> <span class='ocrx_word' id='word_1_610' title='bbox 2833 4439 3065 4525; x_wconf 69' lang='lat' dir='ltr'><strong>eipetita</strong></span> <span class='ocrx_word' id='word_1_611' title='bbox 3099 4457 3290 4513; x_wconf 85' lang='lat' dir='ltr'><strong>solatia</strong></span> <span class='ocrx_word' id='word_1_612' title='bbox 3332 4472 3438 4515; x_wconf 91' lang='lat' dir='ltr'><strong>non</strong></span> <span class='ocrx_word' id='word_1_613' title='bbox 3468 4474 3561 4514; x_wconf 90' lang='lat' dir='ltr'><strong>ne-</strong></span> 
     </span>
    </p>
   </div>
   <div class='ocr_carea' id='block_1_93' title="bbox 308 4507 1877 4619">
    <p class='ocr_par' dir='ltr' id='par_1_93' title="bbox 308 4514 1877 4593">
     <span class='ocr_line' id='line_1_94' title="bbox 308 4514 1877 4593; baseline 0.006 -25"><span class='ocrx_word' id='word_1_614' title='bbox 308 4514 557 4571; x_wconf 82' lang='lat' dir='ltr'><strong>Pessime</strong></span> <span class='ocrx_word' id='word_1_615' title='bbox 578 4525 765 4571; x_wconf 90' lang='lat' dir='ltr'><strong>contra</strong></span> <span class='ocrx_word' id='word_1_616' title='bbox 805 4527 1054 4588; x_wconf 89' lang='lat' dir='ltr'><strong>parentes</strong></span> <span class='ocrx_word' id='word_1_617' title='bbox 1077 4520 1283 4588; x_wconf 85' lang='lat' dir='ltr'><strong>erigitis</strong></span> <span class='ocrx_word' id='word_1_618' title='bbox 1317 4521 1612 4588; x_wconf 86' lang='lat' dir='ltr'><strong>brachium,</strong></span> <span class='ocrx_word' id='word_1_619' title='bbox 1644 4538 1744 4593; x_wconf 90' lang='lat' dir='ltr'><strong>pro</strong></span> <span class='ocrx_word' id='word_1_620' title='bbox 1769 4525 1877 4592; x_wconf 20' lang='lat' dir='ltr'><strong>quia</strong></span> 
     </span>
    </p>
   </div>
   <div class='ocr_carea' id='block_1_94' title="bbox 1982 4507 3571 4619">
    <p class='ocr_par' dir='ltr' id='par_1_94' title="bbox 1996 4507 3571 4619">
     <span class='ocr_line' id='line_1_95' title="bbox 1996 4507 3571 4619; baseline 0 -17"><span class='ocrx_word' id='word_1_621' title='bbox 1996 4546 2150 4616; x_wconf 88' lang='lat' dir='ltr'><strong>getis,</strong></span> <span class='ocrx_word' id='word_1_622' title='bbox 2175 4553 2234 4600; x_wconf 91' lang='lat' dir='ltr'><strong>ut</strong></span> <span class='ocrx_word' id='word_1_623' title='bbox 2252 4545 2551 4601; x_wconf 86' lang='lat' dir='ltr'><strong>sublimitas</strong></span> <span class='ocrx_word' id='word_1_624' title='bbox 2574 4553 2666 4600; x_wconf 89' lang='lat' dir='ltr'><strong>tua</strong></span> <span class='ocrx_word' id='word_1_625' title='bbox 2686 4545 2842 4601; x_wconf 88' lang='lat' dir='ltr'><strong>nobis</strong></span> <span class='ocrx_word' id='word_1_626' title='bbox 2867 4507 3289 4604; x_wconf 66' lang='lat' dir='ltr'><strong>commendatior</strong></span> <span class='ocrx_word' id='word_1_627' title='bbox 3315 4546 3430 4619; x_wconf 84' lang='lat' dir='ltr'><strong>Iiat,</strong></span> <span class='ocrx_word' id='word_1_628' title='bbox 3448 4563 3571 4605; x_wconf 91' lang='lat' dir='ltr'><strong>cum</strong></span> 
     </span>
    </p>
   </div>
   <div class='ocr_carea' id='block_1_95' title="bbox 308 4607 1893 4682">
    <p class='ocr_par' dir='ltr' id='par_1_95' title="bbox 308 4607 1893 4682">
     <span class='ocr_line' id='line_1_96' title="bbox 308 4607 1893 4682; baseline 0.006 -22"><span class='ocrx_word' id='word_1_629' title='bbox 308 4607 416 4660; x_wconf 82' lang='lat' dir='ltr'><strong>bus</strong></span> <span class='ocrx_word' id='word_1_630' title='bbox 445 4614 658 4660; x_wconf 87' lang='lat' dir='ltr'><strong>constat</strong></span> <span class='ocrx_word' id='word_1_631' title='bbox 686 4607 918 4676; x_wconf 86' lang='lat' dir='ltr'><strong>gloriose</strong></span> <span class='ocrx_word' id='word_1_632' title='bbox 956 4609 1314 4666; x_wconf 90' lang='lat' dir='ltr'><strong>moriendum.</strong></span> <span class='ocrx_word' id='word_1_633' title='bbox 1347 4609 1483 4676; x_wconf 84' lang='lat' dir='ltr'><strong>Quid</strong></span> <span class='ocrx_word' id='word_1_634' title='bbox 1526 4626 1660 4682; x_wconf 91' lang='lat' dir='ltr'><strong>opus</strong></span> <span class='ocrx_word' id='word_1_635' title='bbox 1687 4621 1770 4669; x_wconf 90' lang='lat' dir='ltr'><strong>est</strong></span> <span class='ocrx_word' id='word_1_636' title='bbox 1792 4615 1893 4668; x_wconf 84' lang='lat' dir='ltr'><strong>bo-</strong></span> 
     </span>
    </p>
   </div>
   <div class='ocr_carea' id='block_1_96' title="bbox 309 4697 1896 4770">
    <p class='ocr_par' dir='ltr' id='par_1_96' title="bbox 309 4697 1896 4770">
     <span class='ocr_line' id='line_1_97' title="bbox 309 4697 1896 4770; baseline 0.006 -21"><span class='ocrx_word' id='word_1_637' title='bbox 309 4697 448 4750; x_wconf 85' lang='lat' dir='ltr'><strong>mini</strong></span> <span class='ocrx_word' id='word_1_638' title='bbox 496 4697 694 4766; x_wconf 79' lang='lat' dir='ltr'><strong>lingua,</strong></span> <span class='ocrx_word' id='word_1_639' title='bbox 739 4699 785 4753; x_wconf 87' lang='lat' dir='ltr'><strong>si</strong></span> <span class='ocrx_word' id='word_1_640' title='bbox 829 4713 1046 4754; x_wconf 88' lang='lat' dir='ltr'><strong>causam</strong></span> <span class='ocrx_word' id='word_1_641' title='bbox 1089 4714 1279 4756; x_wconf 89' lang='lat' dir='ltr'><strong>manus</strong></span> <span class='ocrx_word' id='word_1_642' title='bbox 1326 4709 1452 4770; x_wconf 87' lang='lat' dir='ltr'><strong>agat</strong></span> <span class='ocrx_word' id='word_1_643' title='bbox 1498 4704 1746 4758; x_wconf 82' lang='lat' dir='ltr'><strong>armata?</strong></span> <span class='ocrx_word' id='word_1_644' title='bbox 1789 4704 1896 4759; x_wconf 82' lang='lat' dir='ltr'><strong>Aut</strong></span> 
     </span>
    </p>
   </div>
   <div class='ocr_carea' id='block_1_97' title="bbox 312 4787 1896 4865">
    <p class='ocr_par' dir='ltr' id='par_1_97' title="bbox 312 4787 1896 4865">
     <span class='ocr_line' id='line_1_98' title="bbox 312 4787 1896 4865; baseline 0.004 -24"><span class='ocrx_word' id='word_1_645' title='bbox 312 4787 461 4842; x_wconf 88' lang='lat' dir='ltr'><strong>unde</strong></span> <span class='ocrx_word' id='word_1_646' title='bbox 509 4802 615 4857; x_wconf 80' lang='lat' dir='ltr'><strong>pax</strong></span> <span class='ocrx_word' id='word_1_647' title='bbox 661 4803 783 4844; x_wconf 87' lang='lat' dir='ltr'><strong>esse</strong></span> <span class='ocrx_word' id='word_1_648' title='bbox 823 4789 1080 4856; x_wconf 87' lang='lat' dir='ltr'><strong>creditur,</strong></span> <span class='ocrx_word' id='word_1_649' title='bbox 1109 4791 1156 4846; x_wconf 90' lang='lat' dir='ltr'><strong>si</strong></span> <span class='ocrx_word' id='word_1_650' title='bbox 1182 4791 1280 4846; x_wconf 91' lang='lat' dir='ltr'><strong>sub</strong></span> <span class='ocrx_word' id='word_1_651' title='bbox 1317 4791 1572 4850; x_wconf 88' lang='lat' dir='ltr'><strong>civilitate</strong></span> <span class='ocrx_word' id='word_1_652' title='bbox 1597 4795 1896 4865; x_wconf 82' lang='lat' dir='ltr'><strong>pugnetur?</strong></span> 
     </span>
    </p>
   </div>
   <div class='ocr_carea' id='block_1_98' title="bbox 310 4877 1894 4957">
    <p class='ocr_par' dir='ltr' id='par_1_98' title="bbox 310 4877 1894 4957">
     <span class='ocr_line' id='line_1_99' title="bbox 310 4877 1894 4957; baseline 0.006 -26"><span class='ocrx_word' id='word_1_653' title='bbox 310 4877 604 4932; x_wconf 84' lang='lat' dir='ltr'><strong>lmitamini</strong></span> <span class='ocrx_word' id='word_1_654' title='bbox 647 4888 796 4934; x_wconf 87' lang='lat' dir='ltr'><strong>certe</strong></span> <span class='ocrx_word' id='word_1_655' title='bbox 842 4880 1051 4936; x_wconf 83' lang='lat' dir='ltr'><strong>Gothos</strong></span> <span class='ocrx_word' id='word_1_656' title='bbox 1096 4891 1329 4950; x_wconf 85' lang='lat' dir='ltr'><strong>nostros,</strong></span> <span class='ocrx_word' id='word_1_657' title='bbox 1382 4884 1470 4954; x_wconf 89' lang='lat' dir='ltr'><strong>qui</strong></span> <span class='ocrx_word' id='word_1_658' title='bbox 1519 4881 1650 4941; x_wconf 85' lang='lat' dir='ltr'><strong>foris</strong></span> <span class='ocrx_word' id='word_1_659' title='bbox 1693 4887 1894 4957; x_wconf 61' lang='lat' dir='ltr'><strong>praelia,</strong></span> 
     </span>
    </p>
   </div>
   <div class='ocr_carea' id='block_1_99' title="bbox 313 4968 1899 5034">
    <p class='ocr_par' dir='ltr' id='par_1_99' title="bbox 313 4968 1899 5034">
     <span class='ocr_line' id='line_1_100' title="bbox 313 4968 1899 5034; baseline 0.008 -14"><span class='ocrx_word' id='word_1_660' title='bbox 313 4968 463 5022; x_wconf 88' lang='lat' dir='ltr'><strong>intus</strong></span> <span class='ocrx_word' id='word_1_661' title='bbox 491 4977 692 5024; x_wconf 83' lang='lat' dir='ltr'><strong>norunt</strong></span> <span class='ocrx_word' id='word_1_662' title='bbox 718 4984 975 5027; x_wconf 80' lang='lat' dir='ltr'><strong>exercere</strong></span> <span class='ocrx_word' id='word_1_663' title='bbox 1001 4971 1340 5028; x_wconf 86' lang='lat' dir='ltr'><strong>modestiam.</strong></span> <span class='ocrx_word' id='word_1_664' title='bbox 1386 4971 1477 5029; x_wconf 89' lang='lat' dir='ltr'><strong>Sic</strong></span> <span class='ocrx_word' id='word_1_665' title='bbox 1507 4989 1606 5031; x_wconf 86' lang='lat' dir='ltr'><strong>vos</strong></span> <span class='ocrx_word' id='word_1_666' title='bbox 1652 4977 1899 5034; x_wconf 80' lang='lat' dir='ltr'><strong>volumus</strong></span> 
     </span>
    </p>
   </div>
   <div class='ocr_carea' id='block_1_100' title="bbox 393 5163 1896 5246">
    <p class='ocr_par' dir='ltr' id='par_1_100' title="bbox 393 5163 1896 5246">
     <span class='ocr_line' id='line_1_101' title="bbox 393 5163 1896 5246; baseline 0.003 -2"><span class='ocrx_word' id='word_1_667' title='bbox 393 5174 416 5200; x_wconf 85' lang='lat'>&#39;</span> <span class='ocrx_word' id='word_1_668' title='bbox 464 5163 764 5246; x_wconf 59' lang='lat' dir='ltr'><strong>09¢?th</strong></span> <span class='ocrx_word' id='word_1_669' title='bbox 813 5176 991 5246; x_wconf 59' lang='lat' dir='ltr'><strong>tamen</strong></span> <span class='ocrx_word' id='word_1_670' title='bbox 1040 5175 1252 5246; x_wconf 55' lang='lat' dir='ltr'><strong>septem</strong></span> <span class='ocrx_word' id='word_1_671' title='bbox 1301 5169 1596 5246; x_wconf 61' lang='lat' dir='ltr'><strong>perﬁdam.</strong></span> <span class='ocrx_word' id='word_1_672' title='bbox 1640 5185 1695 5229; x_wconf 67' lang='lat' dir='ltr'><strong>at</strong></span> <span class='ocrx_word' id='word_1_673' title='bbox 1742 5179 1896 5246; x_wconf 78' lang='lat' dir='ltr'><strong>pudi-</strong></span> 
     </span>
    </p>
   </div>
   <div class='ocr_carea' id='block_1_101' title="bbox 311 5234 1897 5314">
    <p class='ocr_par' dir='ltr' id='par_1_101' title="bbox 311 5234 1897 5314">
     <span class='ocr_line' id='line_1_102' title="bbox 311 5234 1897 5314; baseline 0.009 -26"><span class='ocrx_word' id='word_1_674' title='bbox 311 5249 458 5314; x_wconf 73' lang='lat' dir='ltr'><strong>cam,</strong></span> <span class='ocrx_word' id='word_1_675' title='bbox 492 5236 568 5289; x_wconf 90' lang='lat' dir='ltr'><strong>ait</strong></span> <span class='ocrx_word' id='word_1_676' title='bbox 595 5234 829 5290; x_wconf 82' lang='lat' dir='ltr'><strong>Salvian.</strong></span> <span class='ocrx_word' id='word_1_677' title='bbox 863 5234 1064 5314; x_wconf 64' lang='lat' dir='ltr'><strong>lib.__vii</strong></span> <span class='ocrx_word' id='word_1_678' title='bbox 1083 5238 1150 5295; x_wconf 87' lang='lat' dir='ltr'><strong>de</strong></span> <span class='ocrx_word' id='word_1_679' title='bbox 1178 5234 1519 5314; x_wconf 67' lang='lat' dir='ltr'><strong>Providentia</strong></span> <span class='ocrx_word' id='word_1_680' title='bbox 1551 5234 1897 5314; x_wconf 49' lang='lat' dir='ltr'><strong>g&#39;inter&#39;quos</strong></span> 
     </span>
    </p>
   </div>
   <div class='ocr_carea' id='block_1_102' title="bbox 311 5304 1888 5428">
    <p class='ocr_par' dir='ltr' id='par_1_102' title="bbox 311 5304 1888 5428">
     <span class='ocr_line' id='line_1_103' title="bbox 311 5304 1888 5428; baseline 0.009 -70"><span class='ocrx_word' id='word_1_681' title='bbox 311 5304 469 5428; x_wconf 48' lang='grc' dir='ltr'><strong>ἓιᾶ</strong></span> <span class='ocrx_word' id='word_1_682' title='bbox 492 5313 837 5369; x_wconf 81' lang='lat' dir='ltr'><strong>scortatores,</strong></span> <span class='ocrx_word' id='word_1_683' title='bbox 887 5307 1019 5361; x_wconf 90' lang='lat' dir='ltr'><strong>nulli</strong></span> <span class='ocrx_word' id='word_1_684' title='bbox 1045 5309 1298 5379; x_wconf 88' lang='lat' dir='ltr'><strong>impudici</strong></span> <span class='ocrx_word' id='word_1_685' title='bbox 1340 5312 1464 5377; x_wconf 89' lang='lat' dir='ltr'><strong>sint,</strong></span> <span class='ocrx_word' id='word_1_686' title='bbox 1513 5313 1611 5369; x_wconf 90' lang='lat' dir='ltr'><strong>nisi</strong></span> <span class='ocrx_word' id='word_1_687' title='bbox 1642 5304 1888 5372; x_wconf 71' lang='lat' dir='ltr'><strong>Romani.</strong></span> 
     </span>
    </p>
   </div>
   <div class='ocr_carea' id='block_1_103' title="bbox 365 5389 489 5429">
    <p class='ocr_par' dir='ltr' id='par_1_103' title="bbox 365 5389 489 5429">
     <span class='ocr_line' id='line_1_104' title="bbox 365 5389 489 5429; baseline -0.016 0"><span class='ocrx_word' id='word_1_688' title='bbox 365 5389 489 5429; x_wconf 79' lang='grc' dir='ltr'>οιιιι.</span> 
     </span>
    </p>
   </div>
   <div class='ocr_carea' id='block_1_104' title="bbox 396 5444 1888 5522">
    <p class='ocr_par' dir='ltr' id='par_1_104' title="bbox 396 5444 1888 5522">
     <span class='ocr_line' id='line_1_105' title="bbox 396 5444 1888 5522; baseline 0.009 -26"><span class='ocrx_word' id='word_1_689' title='bbox 396 5447 503 5515; x_wconf 69' lang='grc'><strong>48</strong></span> <span class='ocrx_word' id='word_1_690' title='bbox 528 5445 554 5482; x_wconf 72' lang='grc' dir='ltr'>ι»</span> <span class='ocrx_word' id='word_1_691' title='bbox 578 5444 1014 5522; x_wconf 73' lang='lat' dir='ltr'><strong>Consuetudines</strong></span> <span class='ocrx_word' id='word_1_692' title='bbox 1033 5449 1270 5522; x_wconf 65' lang='lat' dir='ltr'><strong>inclitas,</strong></span> <span class='ocrx_word' id='word_1_693' title='bbox 1290 5450 1412 5507; x_wconf 83' lang='lat' dir='ltr'><strong>infr.</strong></span> <span class='ocrx_word' id='word_1_694' title='bbox 1429 5451 1522 5508; x_wconf 90' lang='lat' dir='ltr'><strong>lib.</strong></span> <span class='ocrx_word' id='word_1_695' title='bbox 1539 5470 1631 5522; x_wconf 88' lang='lat' dir='ltr'><strong>vn,</strong></span> <span class='ocrx_word' id='word_1_696' title='bbox 1649 5455 1803 5510; x_wconf 89' lang='lat' dir='ltr'><strong>form.</strong></span> <span class='ocrx_word' id='word_1_697' title='bbox 1837 5459 1888 5510; x_wconf 70' lang='lat'><strong>2.</strong></span> 
     </span>
    </p>
   </div>
   <div class='ocr_carea' id='block_1_105' title="bbox 310 5512 1894 5586">
    <p class='ocr_par' dir='ltr' id='par_1_105' title="bbox 310 5512 1894 5586">
     <span class='ocr_line' id='line_1_106' title="bbox 310 5512 1894 5586; baseline 0.001 -18"><span class='ocrx_word' id='word_1_698' title='bbox 310 5512 391 5568; x_wconf 81' lang='lat' dir='ltr'><strong>Et</strong></span> <span class='ocrx_word' id='word_1_699' title='bbox 418 5512 578 5585; x_wconf 71' lang='lat' dir='ltr'><strong>supra</strong></span> <span class='ocrx_word' id='word_1_700' title='bbox 609 5516 701 5570; x_wconf 86' lang='lat' dir='ltr'><strong>tib.</strong></span> <span class='ocrx_word' id='word_1_701' title='bbox 734 5531 770 5578; x_wconf 86' lang='grc' dir='ltr'>ι,</span> <span class='ocrx_word' id='word_1_702' title='bbox 802 5517 960 5586; x_wconf 79' lang='lat' dir='ltr'><strong>epist.</strong></span> <span class='ocrx_word' id='word_1_703' title='bbox 993 5518 1078 5572; x_wconf 84' lang='grc'><strong>10.</strong></span> <span class='ocrx_word' id='word_1_704' title='bbox 1105 5512 1517 5583; x_wconf 77' lang='lat' dir='ltr'><strong>Consuetudinis</strong></span> <span class='ocrx_word' id='word_1_705' title='bbox 1555 5512 1770 5582; x_wconf 72' lang='lat' dir='ltr'><strong>nomine</strong></span> <span class='ocrx_word' id='word_1_706' title='bbox 1814 5528 1894 5586; x_wconf 89' lang='lat' dir='ltr'><strong>in-</strong></span> 
     </span>
    </p>
   </div>
   <div class='ocr_carea' id='block_1_106' title="bbox 312 5585 1890 5656">
    <p class='ocr_par' dir='ltr' id='par_1_106' title="bbox 312 5585 1890 5656">
     <span class='ocr_line' id='line_1_107' title="bbox 312 5585 1890 5656; baseline 0.011 -18"><span class='ocrx_word' id='word_1_707' title='bbox 312 5585 502 5652; x_wconf 78' lang='lat' dir='ltr'><strong>tellige</strong></span> <span class='ocrx_word' id='word_1_708' title='bbox 530 5586 582 5640; x_wconf 89' lang='lat' dir='ltr'><strong>id</strong></span> <span class='ocrx_word' id='word_1_709' title='bbox 611 5601 682 5653; x_wconf 89' lang='lat' dir='ltr'><strong>qu</strong></span> <span class='ocrx_word' id='word_1_710' title='bbox 708 5585 921 5656; x_wconf 59' lang='lat' dir='ltr'><strong>ulsolet</strong></span> <span class='ocrx_word' id='word_1_711' title='bbox 948 5589 1126 5656; x_wconf 88' lang='lat' dir='ltr'><strong>pendi,</strong></span> <span class='ocrx_word' id='word_1_712' title='bbox 1167 5591 1412 5648; x_wconf 85' lang='lat' dir='ltr'><strong>videlicet</strong></span> <span class='ocrx_word' id='word_1_713' title='bbox 1462 5594 1737 5650; x_wconf 88' lang='lat' dir='ltr'><strong>tributum.</strong></span> <span class='ocrx_word' id='word_1_714' title='bbox 1787 5585 1890 5654; x_wconf 80' lang='lat' dir='ltr'><strong>Sc-</strong></span> 
     </span>
    </p>
   </div>
   <div class='ocr_carea' id='block_1_107' title="bbox 314 5654 1894 5727">
    <p class='ocr_par' dir='ltr' id='par_1_107' title="bbox 314 5654 1894 5727">
     <span class='ocr_line' id='line_1_108' title="bbox 314 5654 1894 5727; baseline 0.009 -18"><span class='ocrx_word' id='word_1_715' title='bbox 314 5657 518 5711; x_wconf 74' lang='lat' dir='ltr'><strong>Icninia</strong></span> <span class='ocrx_word' id='word_1_716' title='bbox 547 5654 824 5725; x_wconf 84' lang='lat' dir='ltr'><strong>vectigalia</strong></span> <span class='ocrx_word' id='word_1_717' title='bbox 854 5654 1031 5726; x_wconf 74' lang='lat' dir='ltr'><strong>vocat,</strong></span> <span class='ocrx_word' id='word_1_718' title='bbox 1063 5657 1097 5710; x_wconf 94' lang='lat' dir='ltr'><strong>I.</strong></span> <span class='ocrx_word' id='word_1_719' title='bbox 1133 5659 1183 5727; x_wconf 77' lang='grc' dir='ltr'><strong>ί,</strong></span> <span class='ocrx_word' id='word_1_720' title='bbox 1231 5660 1292 5716; x_wconf 90' lang='lat' dir='ltr'><strong>D.</strong></span> <span class='ocrx_word' id='word_1_721' title='bbox 1325 5664 1393 5718; x_wconf 82' lang='lat' dir='ltr'><strong>de</strong></span> <span class='ocrx_word' id='word_1_722' title='bbox 1421 5666 1682 5721; x_wconf 87' lang='lat' dir='ltr'><strong>munerib.</strong></span> <span class='ocrx_word' id='word_1_723' title='bbox 1713 5676 1766 5721; x_wconf 83' lang='lat' dir='ltr'><strong>et</strong></span> <span class='ocrx_word' id='word_1_724' title='bbox 1796 5669 1894 5723; x_wconf 83' lang='lat' dir='ltr'><strong>ho-</strong></span> 
     </span>
    </p>
   </div>
   <div class='ocr_carea' id='block_1_108' title="bbox 1999 4634 3060 4706">
    <p class='ocr_par' dir='ltr' id='par_1_108' title="bbox 1999 4634 3060 4706">
     <span class='ocr_line' id='line_1_109' title="bbox 1999 4634 3060 4706; baseline 0 -16"><span class='ocrx_word' id='word_1_725' title='bbox 1999 4636 2206 4692; x_wconf 88' lang='lat' dir='ltr'><strong>actibus</strong></span> <span class='ocrx_word' id='word_1_726' title='bbox 2227 4650 2284 4692; x_wconf 87' lang='lat' dir='ltr'><strong>se</strong></span> <span class='ocrx_word' id='word_1_727' title='bbox 2308 4635 2536 4705; x_wconf 88' lang='lat' dir='ltr'><strong>publicis</strong></span> <span class='ocrx_word' id='word_1_728' title='bbox 2563 4634 2801 4706; x_wconf 65' lang='lat' dir='ltr'><strong>praebere</strong></span> <span class='ocrx_word' id='word_1_729' title='bbox 2826 4634 3060 4692; x_wconf 89' lang='lat' dir='ltr'><strong>festinat.</strong></span> 
     </span>
    </p>
   </div>
   <div class='ocr_carea' id='block_1_109' title="bbox 2502 4745 3067 4805">
    <p class='ocr_par' dir='ltr' id='par_1_109' title="bbox 2502 4745 3067 4805">
     <span class='ocr_line' id='line_1_110' title="bbox 2502 4745 3067 4805; baseline 0.002 -3"><span class='ocrx_word' id='word_1_730' title='bbox 2502 4746 2832 4805; x_wconf 80' lang='lat' dir='ltr'><strong>EPISTOLA</strong></span> <span class='ocrx_word' id='word_1_731' title='bbox 2857 4745 3067 4804; x_wconf 84' lang='lat' dir='ltr'><strong>XXVII.</strong></span> 
     </span>
    </p>
   </div>
   <div class='ocr_carea' id='block_1_110' title="bbox 1995 4852 3575 4906">
    <p class='ocr_par' dir='ltr' id='par_1_110' title="bbox 1995 4852 3575 4906">
     <span class='ocr_line' id='line_1_111' title="bbox 1995 4852 3575 4906; baseline 0 -12"><span class='ocrx_word' id='word_1_732' title='bbox 1995 4853 2174 4895; x_wconf 67' lang='lat' dir='ltr'><strong>JOARNI</strong></span> <span class='ocrx_word' id='word_1_733' title='bbox 2199 4853 2323 4895; x_wconf 80' lang='grc' dir='ltr'><strong>νικο</strong></span> <span class='ocrx_word' id='word_1_734' title='bbox 2352 4853 2630 4902; x_wconf 74' lang='lat' dir='ltr'><strong>SENATORI,</strong></span> <span class='ocrx_word' id='word_1_735' title='bbox 2659 4852 2949 4893; x_wconf 71' lang='lat' dir='ltr'><strong>CONSULARI</strong></span> <span class='ocrx_word' id='word_1_736' title='bbox 2973 4854 3268 4906; x_wconf 65' lang='grc' dir='ltr'><strong>(ΞΑΙΡΔΒΙΒ,</strong></span> <span class='ocrx_word' id='word_1_737' title='bbox 3284 4853 3575 4894; x_wconf 75' lang='grc' dir='ltr'>τιιιοιιοιιι-</span> 
     </span>
    </p>
   </div>
   <div class='ocr_carea' id='block_1_111' title="bbox 2667 4922 2915 4963">
    <p class='ocr_par' dir='ltr' id='par_1_111' title="bbox 2667 4922 2915 4963">
     <span class='ocr_line' id='line_1_112' title="bbox 2667 4922 2915 4963; baseline -0.008 0"><span class='ocrx_word' id='word_1_738' title='bbox 2667 4922 2762 4963; x_wconf 72' lang='lat' dir='ltr'><strong>COS</strong></span> <span class='ocrx_word' id='word_1_739' title='bbox 2791 4923 2915 4962; x_wconf 73' lang='grc' dir='ltr'><strong>κει.</strong></span> 
     </span>
    </p>
   </div>
   <div class='ocr_carea' id='block_1_112' title="bbox 2002 4998 3574 5072">
    <p class='ocr_par' dir='ltr' id='par_1_112' title="bbox 2002 4998 3574 5072">
     <span class='ocr_line' id='line_1_113' title="bbox 2002 4998 3574 5072; baseline 0 -17"><span class='ocrx_word' id='word_1_740' title='bbox 2002 4998 2162 5056; x_wconf 82' lang='lat' dir='ltr'><strong>Illum</strong></span> <span class='ocrx_word' id='word_1_741' title='bbox 2199 5001 2344 5055; x_wconf 80' lang='lat' dir='ltr'><strong>varia</strong></span> <span class='ocrx_word' id='word_1_742' title='bbox 2377 5016 2495 5072; x_wconf 67' lang='lat' dir='ltr'><strong>1am</strong></span> <span class='ocrx_word' id='word_1_743' title='bbox 2521 5000 2870 5070; x_wconf 76' lang='lat' dir='ltr'><strong>persecutione</strong></span> <span class='ocrx_word' id='word_1_744' title='bbox 2886 5000 3142 5072; x_wconf 67' lang='lat' dir='ltr'><strong>junctum</strong></span> <span class='ocrx_word' id='word_1_745' title='bbox 3186 5008 3354 5055; x_wconf 69' lang='lat' dir='ltr'><strong>utetur</strong></span> <span class='ocrx_word' id='word_1_746' title='bbox 3379 5016 3414 5054; x_wconf 78' lang='grc' dir='ltr'><strong><em>ο</em></strong></span> <span class='ocrx_word' id='word_1_747' title='bbox 3438 5015 3574 5071; x_wconf 71' lang='grc' dir='ltr'><strong>ρνανο</strong></span> 
     </span>
    </p>
   </div>
   <div class='ocr_carea' id='block_1_113' title="bbox 2002 5165 3580 5268">
    <p class='ocr_par' dir='ltr' id='par_1_113' title="bbox 2002 5165 3580 5268">
     <span class='ocr_line' id='line_1_114' title="bbox 2002 5165 3580 5268; baseline 0 -19"><span class='ocrx_word' id='word_1_748' title='bbox 2002 5193 2184 5268; x_wconf 48' lang='lat' dir='ltr'><strong>nou-ib;</strong></span> <span class='ocrx_word' id='word_1_749' title='bbox 2216 5188 2501 5268; x_wconf 84' lang='lat' dir='ltr'><strong>J_ustinian.</strong></span> <span class='ocrx_word' id='word_1_750' title='bbox 2542 5165 2646 5252; x_wconf 69' lang='grc' dir='ltr'><strong>τὰῖ</strong></span> <span class='ocrx_word' id='word_1_751' title='bbox 2670 5189 2954 5268; x_wconf 75' lang='grc' dir='ltr'><strong>ὡρισμένας</strong></span> <span class='ocrx_word' id='word_1_752' title='bbox 3000 5193 3261 5254; x_wconf 73' lang='grc' dir='ltr'><strong>συνηθείας</strong></span> <span class='ocrx_word' id='word_1_753' title='bbox 3296 5191 3432 5249; x_wconf 84' lang='lat' dir='ltr'><strong>Nov.</strong></span> <span class='ocrx_word' id='word_1_754' title='bbox 3479 5190 3580 5249; x_wconf 67' lang='grc' dir='ltr'><strong>ηδ</strong></span> 
     </span>
    </p>
   </div>
   <div class='ocr_carea' id='block_1_114' title="bbox 2001 5260 3575 5398">
    <p class='ocr_par' dir='ltr' id='par_1_114' title="bbox 2001 5260 3575 5398">
     <span class='ocr_line' id='line_1_115' title="bbox 2001 5260 2813 5318; baseline 0 0"><span class='ocrx_word' id='word_1_755' title='bbox 2001 5273 2059 5318; x_wconf 79' lang='lat' dir='ltr'><strong>et</strong></span> <span class='ocrx_word' id='word_1_756' title='bbox 2085 5261 2206 5314; x_wconf 74' lang='grc'><strong>128.</strong></span> <span class='ocrx_word' id='word_1_757' title='bbox 2234 5260 2399 5317; x_wconf 72' lang='lat' dir='ltr'><strong>Fonn.</strong></span> <span class='ocrx_word' id='word_1_758' title='bbox 2713 5260 2724 5268; x_wconf 90' lang='grc'><em>’</em></span> <span class='ocrx_word' id='word_1_759' title='bbox 2805 5260 2813 5263; x_wconf 76' lang='grc'><em>’</em></span> 
     </span>
     <span class='ocr_line' id='line_1_116' title="bbox 2079 5329 3575 5398; baseline 0.003 -16"><span class='ocrx_word' id='word_1_760' title='bbox 2079 5341 2102 5369; x_wconf 74' lang='grc' dir='ltr'>ε</span> <span class='ocrx_word' id='word_1_761' title='bbox 2133 5330 2476 5395; x_wconf 86' lang='lat' dir='ltr'><strong>Parientiam,</strong></span> <span class='ocrx_word' id='word_1_762' title='bbox 2519 5338 2578 5382; x_wconf 91' lang='lat' dir='ltr'><strong>ut</strong></span> <span class='ocrx_word' id='word_1_763' title='bbox 2606 5329 2728 5398; x_wconf 80' lang='lat' dir='ltr'><strong>infr.</strong></span> <span class='ocrx_word' id='word_1_764' title='bbox 2759 5329 2852 5384; x_wconf 89' lang='lat' dir='ltr'><strong>lib.</strong></span> <span class='ocrx_word' id='word_1_765' title='bbox 2881 5345 2973 5395; x_wconf 85' lang='lat' dir='ltr'><strong>vn,</strong></span> <span class='ocrx_word' id='word_1_766' title='bbox 3020 5330 3175 5385; x_wconf 83' lang='lat' dir='ltr'><strong>form.</strong></span> <span class='ocrx_word' id='word_1_767' title='bbox 3209 5330 3310 5398; x_wconf 70' lang='lat'><strong>27;</strong></span> <span class='ocrx_word' id='word_1_768' title='bbox 3360 5334 3396 5386; x_wconf 95' lang='lat' dir='ltr'><strong>l.</strong></span> <span class='ocrx_word' id='word_1_769' title='bbox 3445 5331 3494 5396; x_wconf 83' lang='lat' dir='ltr'><strong>I,</strong></span> <span class='ocrx_word' id='word_1_770' title='bbox 3527 5349 3575 5388; x_wconf 90' lang='lat' dir='ltr'><strong>c.</strong></span> 
     </span>
    </p>
   </div>
   <div class='ocr_carea' id='block_1_115' title="bbox 2002 5396 3582 5484">
    <p class='ocr_par' dir='ltr' id='par_1_115' title="bbox 2002 5396 3582 5484">
     <span class='ocr_line' id='line_1_117' title="bbox 2002 5396 3582 5484; baseline 0.001 -30"><span class='ocrx_word' id='word_1_771' title='bbox 2002 5401 2088 5484; x_wconf 73' lang='lat' dir='ltr'><strong>qui</strong></span> <span class='ocrx_word' id='word_1_772' title='bbox 2116 5415 2210 5484; x_wconf 56' lang='lat' dir='ltr'><strong>pro</strong></span> <span class='ocrx_word' id='word_1_773' title='bbox 2246 5416 2353 5484; x_wconf 67' lang='lat' dir='ltr'><strong>sua</strong></span> <span class='ocrx_word' id='word_1_774' title='bbox 2388 5396 3179 5484; x_wconf 12' lang='lat' dir='ltr'><strong>jurisdniParientiamhautcm</strong></span> <span class='ocrx_word' id='word_1_775' title='bbox 3225 5396 3388 5472; x_wconf 85' lang='lat' dir='ltr'><strong>paulo</strong></span> <span class='ocrx_word' id='word_1_776' title='bbox 3437 5411 3582 5473; x_wconf 70' lang='lat' dir='ltr'><strong>post,</strong></span> 
     </span>
    </p>
   </div>
   <div class='ocr_carea' id='block_1_116' title="bbox 2000 5467 3586 5607">
    <p class='ocr_par' dir='ltr' id='par_1_116' title="bbox 2000 5467 3586 5607">
     <span class='ocr_line' id='line_1_118' title="bbox 2002 5467 3581 5542; baseline 0.001 -18"><span class='ocrx_word' id='word_1_777' title='bbox 2002 5467 2057 5524; x_wconf 77' lang='lat' dir='ltr'><strong>et</strong></span> <span class='ocrx_word' id='word_1_778' title='bbox 2101 5467 2354 5538; x_wconf 83' lang='lat' dir='ltr'><strong>obsequia</strong></span> <span class='ocrx_word' id='word_1_779' title='bbox 2383 5467 2481 5537; x_wconf 85' lang='lat' dir='ltr'><strong>pro</strong></span> <span class='ocrx_word' id='word_1_780' title='bbox 2510 5467 2698 5522; x_wconf 89' lang='lat' dir='ltr'><strong>eodem</strong></span> <span class='ocrx_word' id='word_1_781' title='bbox 2732 5472 3022 5539; x_wconf 84' lang='lat' dir='ltr'><strong>usurpavit.</strong></span> <span class='ocrx_word' id='word_1_782' title='bbox 3055 5469 3170 5525; x_wconf 83' lang='lat' dir='ltr'><strong>Non</strong></span> <span class='ocrx_word' id='word_1_783' title='bbox 3196 5467 3354 5526; x_wconf 69' lang='lat' dir='ltr'><strong>nemo</strong></span> <span class='ocrx_word' id='word_1_784' title='bbox 3386 5467 3581 5542; x_wconf 53' lang='lat' dir='ltr'><strong>paron;</strong></span> 
     </span>
     <span class='ocr_line' id='line_1_119' title="bbox 2000 5536 3586 5607; baseline 0.001 -15"><span class='ocrx_word' id='word_1_785' title='bbox 2000 5538 2130 5592; x_wconf 88' lang='lat' dir='ltr'><strong>tiam</strong></span> <span class='ocrx_word' id='word_1_786' title='bbox 2155 5538 2299 5606; x_wconf 84' lang='lat' dir='ltr'><strong>legit,</strong></span> <span class='ocrx_word' id='word_1_787' title='bbox 2323 5538 2378 5590; x_wconf 78' lang='grc' dir='ltr'><strong>(Ι.</strong></span> <span class='ocrx_word' id='word_1_788' title='bbox 2403 5537 2438 5590; x_wconf 94' lang='lat' dir='ltr'><strong>l.</strong></span> <span class='ocrx_word' id='word_1_789' title='bbox 2463 5536 2854 5607; x_wconf 85' lang='lat' dir='ltr'><strong>nn.,ub_ivulgo</strong></span> <span class='ocrx_word' id='word_1_790' title='bbox 2870 5541 3203 5607; x_wconf 85' lang='lat' dir='ltr'><strong>patientiam,</strong></span> <span class='ocrx_word' id='word_1_791' title='bbox 3234 5549 3293 5597; x_wconf 92' lang='lat' dir='ltr'><strong>ut</strong></span> <span class='ocrx_word' id='word_1_792' title='bbox 3323 5541 3410 5598; x_wconf 88' lang='lat' dir='ltr'><strong>hic</strong></span> <span class='ocrx_word' id='word_1_793' title='bbox 3432 5557 3586 5597; x_wconf 79' lang='lat' dir='ltr'><strong>men-</strong></span> 
     </span>
    </p>
   </div>
   <div class='ocr_carea' id='block_1_117' title="bbox 1998 5575 3587 5732">
    <p class='ocr_par' dir='ltr' id='par_1_117' title="bbox 1998 5575 3587 5732">
     <span class='ocr_line' id='line_1_120' title="bbox 1999 5575 3587 5732; baseline 0.003 -70"><span class='ocrx_word' id='word_1_794' title='bbox 1999 5575 2130 5663; x_wconf 66' lang='grc' dir='ltr'><strong>35ἑὲ</strong></span> <span class='ocrx_word' id='word_1_795' title='bbox 2155 5575 2311 5732; x_wconf 52' lang='lat' dir='ltr'><strong>Elii;</strong></span> <span class='ocrx_word' id='word_1_796' title='bbox 2324 5575 2853 5675; x_wconf 55' lang='grc' dir='ltr'><strong>ἒὶὲἒόἱῶἶῖᾯὲἱὴἴῖ</strong></span> <span class='ocrx_word' id='word_1_797' title='bbox 2870 5575 3410 5684; x_wconf 67' lang='grc' dir='ltr'><strong>ἓίἷέεῖὲ’ίῖ“ἑ“ἇέιέ¹ξχ’ἰέι“</strong></span> <span class='ocrx_word' id='word_1_798' title='bbox 3429 5575 3587 5667; x_wconf 70' lang='grc' dir='ltr'><strong>ἑὲζίἒῖ.</strong></span> 
     </span>
     <span class='ocr_line' id='line_1_121' title="bbox 1998 5675 3014 5732; baseline 0 0"><span class='ocrx_word' id='word_1_799' title='bbox 1998 5676 2099 5732; x_wconf 91' lang='lat' dir='ltr'><strong>tuit</strong></span> <span class='ocrx_word' id='word_1_800' title='bbox 2123 5677 2158 5732; x_wconf 92' lang='lat' dir='ltr'><strong>li</strong></span> <span class='ocrx_word' id='word_1_801' title='bbox 2203 5719 2214 5731; x_wconf 96' lang='lat'><strong>.</strong></span> <span class='ocrx_word' id='word_1_802' title='bbox 2247 5694 2284 5732; x_wconf 90' lang='grc' dir='ltr'>ι.</span> <span class='ocrx_word' id='word_1_803' title='bbox 2309 5692 2427 5732; x_wconf 85' lang='lat' dir='ltr'><strong>can.</strong></span> <span class='ocrx_word' id='word_1_804' title='bbox 2459 5677 2510 5732; x_wconf 83' lang='lat'><strong>6.</strong></span> <span class='ocrx_word' id='word_1_805' title='bbox 2542 5675 2822 5732; x_wconf 84' lang='lat' dir='ltr'><strong>Obscrvat.</strong></span> <span class='ocrx_word' id='word_1_806' title='bbox 2849 5677 3014 5732; x_wconf 64' lang='lat' dir='ltr'><strong>Fons.</strong></span> 
     </span>
    </p>
   </div>
   <div class='ocr_carea' id='block_1_118' title="bbox 2024 5692 3014 5746">
    <p class='ocr_par' dir='ltr' id='par_1_118' title="bbox 2024 5692 3014 5746">
     <span class='ocr_line' id='line_1_122' title="bbox 2024 5692 3014 5746; baseline 0.003 -16"><span class='ocrx_word' id='word_1_807' title='bbox 2024 5692 2099 5731; x_wconf 83' lang='grc' dir='ltr'>ιιιι</span> <span class='ocrx_word' id='word_1_808' title='bbox 2125 5692 2214 5733; x_wconf 89' lang='lat' dir='ltr'><strong>III).</strong></span> <span class='ocrx_word' id='word_1_809' title='bbox 2247 5694 2284 5744; x_wconf 82' lang='lat' dir='ltr'><strong>I,</strong></span> <span class='ocrx_word' id='word_1_810' title='bbox 2309 5692 2427 5746; x_wconf 70' lang='grc' dir='ltr'>οιιρ.</span> <span class='ocrx_word' id='word_1_811' title='bbox 2459 5692 2510 5741; x_wconf 79' lang='grc' dir='ltr'><strong>υ,</strong></span> <span class='ocrx_word' id='word_1_812' title='bbox 2542 5692 2822 5734; x_wconf 66' lang='grc' dir='ltr'><strong>υυεοιγιιῑ.</strong></span> <span class='ocrx_word' id='word_1_813' title='bbox 2849 5692 3014 5737; x_wconf 70' lang='grc' dir='ltr'>ιιόιιιι.</span> 
     </span>
    </p>
   </div>
  </div>
