3988 6178
320 235 426 294 593

1591 237 1955 294 VARIARUM
2002 238 2205 296 LIBER
2239 240 2327 296 III.

3497 247 3606 306 59b

317 352 533 423 rapidas
562 315 675 408 non
717 351 937 407 minima
982 351 1346 408 sollicitudine
1375 352 1615 420 navigari
1641 370 1652 403 :
1683 368 1751 408 ne
1781 369 1915 423 prze-
1944 358 1995 416 Α
2020 352 2309 424 direptioni
2331 363 2413 411 est
2441 356 2808 414 mollissrmum
2835 359 3141 429 plumbum,
3165 362 3232 418 de
3254 374 3447 421 ornatu
3471 381 3609 424 mte-

316 444 543 513 eipitato
574 443 803 498 torrenti
833 442 1037 496 marina
1067 442 1274 512 possint
1300 439 1577 510 naufragia
1615 443 1902 498 sustinere.

318 533 450 588 IIinc
472 531 648 587 Roma
680 531 985 600 singularis,
1009 533 1209 602 quanta
1237 532 1288 585 in
1319 540 1372 586 te
1398 533 1498 595 sit,
1526 539 1704 601 potest
1732 533 1908 601 colligi

316 621 649 690 magnitudo.
682 620 814 689 Quae
859 623 1004 677 enim
1053 622 1264 677 urbium
1311 623 1508 678 audeat
1534 623 1640 677 tuis
1665 624 1913 678 culmini-

317 713 418 768 bus
445 712 799 778 contendere,
830 711 1045 782 quando
1076 728 1176 768 nec
1203 712 1310 766 ima
1343 720 1432 767 tua
1474 721 1698 783 possunt
1726 714 1913 767 simili-

317 801 558 858 tudinem
601 802 879 873 reperire?
906 801 973 854 Et
1003 802 1126 857 ideo
1156 802 1465 872 supradicto
1505 801 1699 857 Joanni
1749 801 1912 858 oflicii

315 896 485 951 nostri
510 895 707 951 solatia
733 911 835 951 vos
862 896 1104 966 prtebere
1131 910 1416 951 censemus
1441 913 1452 948 :
1482 896 1735 964 quoniam
1767 895 1914 950 ordi-

316 985 565 1040 nationes
593 993 810 1041 nostras
839 984 1078 1055 publicas
1103 984 1351 1040 volumus
1375 985 1596 1053 implere
1623 999 1912 1053 personas;

317 1073 560 1143 privatas
586 1089 776 1129 manus
816 1081 1149 1140 amoventes,
1179 1087 1297 1142 qua:
1318 1073 1572 1127 audacius
1600 1081 1915 1140 merguntur

318 1170 541 1227 illicitis.

828 1276 1159 1333 EPISTOLA
1198 1276 1390 1332 XXXI.

546 1386 769 1426 SENA'I‘UI
800 1386 947 1426 UBBIS
975 1385 1133 1424 BOH£
1166 1384 1532 1424 THEODORICUS
1560 1384 1687 1423 REX.

328 1463 529 1520 Scribit
562 1480 616 1516 se
646 1462 845 1517 misisse
872 1460 1130 1515 Joannem
1159 1461 1228 1512 ad
1255 1459 1695 1531 inquirendumiu
1724 1474 1811 1512 eos
1830 1456 1915 1528 qui

394 1550 551 1603 aquas
580 1534 865 1602 formarum
909 1531 978 1603 ad
994 1599 1009 1603 Α
1014 1531 1292 1603 proprium
1324 1528 1487 1603 usum
1522 1528 1912 1593 derivaverant,

391 1598 623 1657 et'etiain
649 1603 703 1654 in
732 1617 819 1654 eos
858 1602 944 1670 qui
992 1599 1098 1669 50
1140 1614 1212 1653 res
1248 1609 1297 1652 et
1323 1598 1587 1670 plumbum
1615 1604 1914 1670 exuarnatu

393 1672 633 1725 manium
676 1666 1028 1735 abstulerant;
1053 1666 1104 1722 et
1133 1678 1188 1721 ut
1240 1666 1338 1739 ipsi
1369 1684 1421 1721 ut
1452 1669 1530 1722 his
1571 1668 1767 1720 auxilio
1812 1666 1907 1730 sit,

399 1742 660 1795 admonet.

397 1833 650 1900 Quamvis
698 1831 957 1887 universa:
1009 1830 1218 1900 reipub.
1268 1837 1468 1885 nostrte
1522 1827 1906 1898 infatigabilem

326 1939 510 1978 curam
542 1920 910 1977 desideremus
949 1920 1278 1990 impendere,
1308 1927 1391 1985 et,
1425 1918 1535 1973 Deo
1576 1915 1808 1983 favente,
1844 1916 1911 1972 ad

326 2023 525 2069 statum
554 2014 836 2083 pristinum
865 2012 1177 2068 Studeamus
1205 2018 1398 2068 cuncta
1424 2024 1703 2076 revocare,
1733 2016 1912 2064 tamen

325 2105 582 2160 Romam
605 2103 837 2182 civitatis
864 2101 1177 2158 sollicitiora
1206 2115 1306 2157 nos
1333 2107 1619 2169 augmenta
1647 2098 1913 2154 constrin-

320 2205 484 2266 gunt,
519 2197 608 2252 ubi
635 2181 895 2266 quidquid
939 2194 1150 2250 decoris
1191 2191 1534 2262 impenditur,
1575 2189 1914 2261 generalibus

320 2289 528 2360 gaudiis
554 2289 857 2344 exhibetur.
891 2285 1142 2342 Pervenit
1187 2285 1371 2354 itaque
1400 2282 1472 2338 ad
1510 2290 1750 2337 nostram
1779 2296 1912 2336 con-

321 2381 635 2446 scientiam,
685 2378 1029 2448 suggestione
1071 2376 1398 2444 multorum,
1429 2388 1548 2444 quae
1594 2387 1759 2443 prava
1805 2385 1914 2425 non

322 2479 505 2543 potest
552 2469 892 2524 dissimulare
936 2467 1254 2532 commissa,
1301 2466 1456 2536 plura
1504 2466 1561 2520 in
1606 2461 1914 2543 praeiudicio

324 2563 471 2617 urbis
500 2560 757 2616 Romanae
786 2558 1131 2614 detestabiles
1156 2564 1573 2628 praesumptores
1601 2568 1911 2619 assumere;

325 2661 381 2707 ut
408 2653 495 2707 cui
527 2667 625 2707 nos
651 2666 918 2707 summum
950 2649 1315 2704 desideramus
1341 2648 1600 2727 adbibere
1642 2647 1875 2709 SllIIiIlm
1894 2683 1910 2710 ,

326 2743 512 2797 dolum
561 2743 797 2813 patiatur
841 2741 1120 2811 iniustum.
1162 2740 1504 2812 Quapropter
1550 2739 1916 2796 Ordinationes

326 2845 542 2890 nostras
569 2835 638 2890 ad
666 2843 898 2890 vestram
927 2832 1152 2888 facimus
1182 2831 1429 2889 nutitiam
1458 2831 1760 2903 pervenire,
1792 2829 1914 2900 qui-

324 2930 421 2987 bus
442 2928 673 2998 amplius
697 2927 968 2983 credimus
998 2925 1230 2981 civitatis
1257 2933 1449 2979 vestrae
1489 2922 1767 2994 dispendia
1796 2922 1911 2977 dis-

321 3021 546 3093 plicere.
575 3019 779 3074 Dicitur
807 3032 955 3086 ergo,
987 3015 1258 3072 commodi
1310 3030 1436 3070 cura
1464 3013 1687 3085 privati,
1717 3028 1911 3082 aquam

2020 445 2169 500 nium
2221 443 2529 501 referuntur
2578 463 2698 503 esse
2736 449 2979 518 sublata,
3021 466 3141 522 qua:
3188 464 3440 511 auctores
3480 472 3611 514 suos

2017 534 2226 593 saeculis
2249 550 2650 595 consecrarunt.
2683 539 2781 596 Ais
2809 544 2950 597 enim
2976 541 3143 600 Jonos
3172 544 3463 602 Thessaliae
3488 564 3605 616 rex,

2018 627 2291 697 plumbum
2340 628 2507 683 Midas
2554 639 2809 699 regnator
2857 631 3101 703 Phrygiae
3151 647 3487 705 repererunt.
3541 637 3608 691 Et

2018 734 2178 788 quam
2209 720 2464 775 miserum
2507 730 2613 789 est,
2642 730 2701 776 ut
2728 723 2870 779 unde
2900 723 3094 780 famam
3141 728 3490 796 providentiae
3519 708 3607 785 alii

2018 818 2389 879 susceperunt,
2421 826 2523 867 nos
2570 813 2881 882 opinionem
2930 817 3270 887 negligentia:
3318 819 3608 876 incurrisse

2014 900 2334 955 videamur?
2364 900 2587 972 Templa
2615 905 2777 958 etiam
2821 914 2877 960 et
2914 906 3034 963 loca
3074 909 3317 979 publica,
3348 926 3468 981 quae
3511 929 3601 986 pe-

2018 991 2256 1046 tentibus
2287 992 2472 1049 multis
2499 993 2567 1048 ad
2596 996 2992 1066 reparationem
3018 1001 3361 1069 contulimus,
3390 1004 3602 1060 subver-

2016 1082 2151 1136 sioni
2184 1083 2362 1151 potius
2401 1083 2563 1139 fuisse
2606 1089 2930 1158 mancipata.
2962 1089 3034 1146 Et
3060 1093 3312 1161 quoniam
3348 1095 3609 1153 malarum

2016 1189 2197 1227 rerum
2227 1175 2538 1232 emendatio
2560 1193 2661 1234 nos
2688 1180 2951 1252 delectat,
2980 1199 3047 1240 ue
3075 1200 3330 1243 concessa
3357 1188 3609 1245 videatur

2015 1281 2082 1318 ex
2124 1266 2489 1324 taciturnitate
2533 1269 2778 1339 licentia,
2808 1272 3069 1331 Joannem
3106 1278 3281 1334 virum
3329 1283 3603 1350 speclabi-
3658 1294 3677 1325 -'
3725 1304 3741 1321 ο

2016 1353 2122 1407 lem
2169 1354 2401 1411 electum
2442 1368 2627 1415 nostra
2666 1359 2873 1429 jnstitia
2899 1363 2967 1419 ad
2994 1365 3111 1422 haec
3137 1383 3255 1438 qua:
3283 1385 3444 1440 supra
3486 1386 3601 1426 me-

2015 1445 2379 1513 moravimus,
2422 1448 2716 1506 direximus
2759 1452 3111 1523 inquirenda;
3157 1464 3218 1512 ut
3263 1467 3457 1515 cuncta
3504 1476 3602 1516 suo

2015 1536 2202 1592 ordine
2230 1538 2497 1606 discussa,
2532 1542 2686 1597 nobis
2731 1544 3009 1601 relationis
3054 1546 3317 1617 obsequio
3359 1549 3603 1607 luciden-

2015 1634 2129 1694 tur;
2157 1634 2419 1699 quatenus
2443 1631 2571 1701 quid
2591 1632 2659 1687 de
2684 1634 2905 1703 singulis
2932 1637 3113 1703 rebus,
3141 1648 3234 1693 aut
3261 1638 3328 1694 de
3354 1654 3610 1710 praesum-

1947 1733 1987 1791 Β
2015 1717 2257 1786 ptoribus
2285 1733 2469 1775 earum
2502 1721 2615 1776 fieri
2646 1731 2922 1792 oporteat,
2954 1742 3104 1782 more
3143 1735 3341 1783 nostra:
3382 1728 3601 1798 justitia:

2014 1822 2352 1864 censeamus.
2385 1810 2649 1867 Adhibete
2676 1826 2818 1869 nunc
2846 1816 3020 1871 studia
3038 1856 3051 1877 ,
3100 1827 3352 1887 praistate
3381 1820 3601 1887 solatia;

2014 1905 2074 1952 ut
2101 1899 2533 1971 inquisitionem,
2563 1918 2726 1972 quam
2755 1905 3064 1962 debueratis
3094 1917 3296 1977 petere,
3327 1918 3477 1978 grata
3520 1911 3599 1966 vi-

2012 1987 2249 2046 deamini
2273 2000 2455 2049 mente
2476 1994 2768 2063 complere.

2525 2126 2856 2183 EPISTULA
2899 2127 3105 2185 XXXII.

2191 2233 2438 2274 εἱειειειιο
2467 2234 2585 2273 νιίιο
2614 2233 2875 2273 SENATORI
2905 2236 3267 2276 TIIEODORICUS
3296 2239 3423 2277 REX.

2016 2306 2213 2384 Scribit
2239 2325 2293 2384 se
2317 2307 2723 2384 Arelatensibus,
2769 2312 2856 2380 qui
2899 2313 3033 2381 regis
3059 2311 3291 2376 partibus
3336 2317 3598 2384 faverunt,

2084 2386 2135 2431 et
2162 2378 2223 2432 ob
2254 2378 2693 2454 hocabsidionem
2732 2378 3075 2454 etlpenufiam
3126 2378 3442 2449 pertulerunt
3463 2426 3478 2451 ,
3511 2378 3601 2454 per

2086 2456 2325 2518 quartam
2354 2450 2687 2504 indictionem
2714 2448 2905 2504 tributa
2932 2452 3218 2506 retaxasse.

2085 2559 2309 2615 Constat
2337 2561 2478 2630 apud
2508 2576 2605 2617 nos
2634 2561 2866 2616 lidelium
2896 2579 3000 2616 non
3030 2563 3205 2631 perire
3230 2565 3443 2617 servitia
3462 2607 3475 2630 ,
3506 2566 3597 2617 SI‘II

2017 2650 2070 2703 in
2115 2650 2356 2704 tristibus
2406 2650 2645 2721 impensa
2692 2651 2934 2721 recipere
2983 2653 3036 2705 in
3087 2654 3308 2707 meliore
3357 2654 3592 2709 furtum.

2016 2741 2416 2796 Arelatensibus
2444 2741 2643 2811 itaque,
2674 2743 2765 2811 qui
2797 2743 2993 2797 nostris
3022 2744 3262 2813 partibus
3303 2747 3592 2814 perdurau-

2015 2838 2097 2887 tes
2132 2832 2380 2907 gloriosae
2422 2832 2717 2889 obsidionis
2750 2834 3026 2903 penuriam
3059 2837 3389 2903 pertulerunt
3419 2836 3594 2908 [Anno

2018 2921 2208 2976 Christi
2236 2920 2294 2974 51
2314 2921 2380 2993 l],
2413 2938 2511 2993 per
2537 2923 2880 2979 indictionem
2904 2932 3145 2993 quartam
3179 2924 3375 2989 liscalia
3402 2927 3596 2979 tributa

2017 3023 2199 3069 nostra
2240 3014 2451 3069 relaxat
2479 3014 2804 3081 humanitas,
2851 3015 2925 3069 ita
2956 3024 3014 3069 ut
3040 3015 3220 3070 futuro
3259 3027 3501 3086 tempore
3528 3016 3596 3071 ad

323 3110 616 3166 formarum
640 3118 689 3176 ⁸,
714 3124 875 3177 quam
897 3122 1106 3165 summo
1132 3106 1351 3161 deceret
1369 3104 1546 3158 studio
1567 3102 1916 3168 connnuniri,
1944 3100 1990 3164 C
2022 3107 2232 3162 solitam
2262 3105 2490 3160 redeant
2533 3105 2892 3172 iunctionem;
2923 3116 3184 3174 quatenus
3210 3116 3267 3161 et
3307 3123 3405 3162 nos
3430 3109 3595 3162 bene—

323 3203 391 3258 ad
435 3217 591 3271 aqua:
638 3201 809 3256 molas
852 3198 1199 3263 exercendas,
1245 3197 1326 3253 vel
1380 3197 1568 3251 hortos
1616 3193 1914 3263 irrigandos

321 3293 488 3347 luisse
536 3292 852 3345 derivatam.
885 3289 1064 3360 Turpe
1103 3289 1231 3355 hoc,
1269 3295 1325 3342 et
1364 3285 1670 3356 miserabile
1719 3285 1771 3340 in
1823 3286 1913 3340 illa

324 3384 457 3437 urbe
500 3382 649 3445 tieri,
680 3380 827 3449 quod
874 3394 972 3450 per
999 3393 1157 3448 agros
1202 3377 1294 3433 vix
1339 3376 1558 3431 deceret
1588 3375 1808 3430 assumi.
1843 3372 1914 3427 Et

323 3474 450 3543 quia
490 3488 602 3527 non
650 3485 935 3541 possumus
981 3468 1198 3524 admissi
1239 3465 1552 3536 qualitatem
1611 3465 1745 3518 ultra
1791 3462 1912 3533 jura

324 3562 597 3632 corrigere
626 3561 718 3634 (ne
744 3561 870 3616 dum
898 3560 1114 3616 fabricis
1144 3559 1401 3630 prodesse
1437 3556 1704 3623 volumus,
1737 3556 1910 3625 legum

325 3652 560 3707 culmina
587 3650 966 3720 destruamus),
997 3650 1043 3706 si
1072 3649 1229 3721 hujus
1271 3647 1670 3705 nefandissima:
1699 3647 1779 3702 rei
1810 3646 1911 3701 do-

324 3744 504 3797 minus
548 3740 819 3796 Tricennii
859 3741 1262 3811 praescriptione
1293 3738 1425 3813 [ed.,
1470 3734 1911 3808 praesumptione]

324 3835 583 3900 munitur,
613 3842 838 3904 accepto
867 3834 1041 3903 pretio
1064 3831 1393 3901 competenti
1422 3845 1576 3884 suum
1605 3827 1801 3882 vendat
1829 3843 1915 3881 er-

323 3939 539 3991 rorem;
567 3934 629 3980 ut
651 3926 796 3995 quod
833 3925 1109 3980 lacsionem
1155 3923 1382 3995 publicis
1410 3928 1631 3991 praestat
1678 3919 1910 3983 fabricis,

324 4033 433 4073 non
464 4028 823 4089 praesumatur
869 4018 1129 4074 ulterius;
1160 4033 1229 4072 ne
1268 4014 1415 4085 quod
1451 4030 1594 4069 nunc
1622 4012 1720 4068 sub
1751 4013 1912 4080 largi-

326 4115 438 4163 tate
483 4109 825 4175 corrigimus,
856 4115 1045 4177 postea
1086 4106 1431 4163 severissime
1478 4105 1827 4159 vindicemus.
1857 4102 1913 4158 Si

322 4212 455 4253 vero
477 4198 588 4253 tale
631 4196 831 4267 aliquid
871 4197 1130 4252 moderna
1183 4196 1600 4266 praesumptione
1649 4200 1913 4249 tentatum

322 4296 437 4350 est,
466 4286 584 4341 sine
612 4287 950 4341 dubitatione
992 4287 1231 4341 tollatur.
1265 4283 1433 4340 Unius
1461 4285 1603 4340 enim
1644 4282 1912 4338 desiderio

323 4393 492 4447 pravo
538 4379 807 4447 generalis
851 4378 1012 4433 debet
1054 4376 1259 4431 utilitas
1304 4374 1586 4441 anteferri,
1621 4374 1706 4429 cui
1746 4374 1830 4429 vel
1857 4374 1910 4428 in

2017 3195 2221 3251 meritis
2249 3195 2669 3251 vicissitudinem
2711 3195 3005 3251 reddidisse
3032 3196 3328 3263 videamur,
3357 3204 3413 3253 et
3440 3198 3508 3252 ab
3527 3198 3595 3251 il-

2017 3286 2101 3352 lis,
2133 3302 2251 3343 cum
2281 3302 2370 3342 res
2396 3286 2724 3359 poposcerit,
2754 3285 2910 3341 solita
2940 3284 3155 3341 devotio
3191 3301 3298 3340 non
3345 3296 3587 3356 negetur.

2015 3376 2287 3431 Satientur
2314 3378 2366 3431 in
2398 3378 2644 3432 libertate
2673 3376 2762 3446 qui
2785 3392 2882 3448 pro
2918 3377 3070 3431 nobis
3100 3378 3153 3431 in
3183 3378 3439 3447 angustiis
3471 3395 3594 3433 esu-

2014 3467 2121 3521 rire
2151 3467 2470 3521 maluerunt.
2512 3467 2635 3522 Sint
2666 3467 2770 3520 laeti
2799 3467 2887 3535 qui
2921 3466 3186 3521 tristitiam
3218 3467 3444 3522 lideliter
3468 3484 3592 3539 per-

2015 3560 2269 3615 tulerunt.
2296 3560 2410 3616 Non
2434 3560 2590 3616 decet
2610 3562 2788 3617 statim
2815 3561 2881 3616 de
2910 3562 3120 3616 tributis
3140 3577 3261 3617 esse
3280 3562 3592 3632 sollicitum,

2012 3652 2103 3721 qui
2132 3668 2314 3708 casum
2344 3655 2432 3707 vix
2456 3656 2630 3724 potuit
2658 3654 2929 3710 declinare
2945 3663 3296 3726 postremum.
3328 3654 3374 3709 A
3399 3657 3594 3728 quietis

2014 3745 2134 3811 ista,
2184 3761 2289 3801 non
2321 3747 2549 3801 obsessis
2580 3747 2914 3815 inquirimus.
2966 3746 3106 3813 Quid
3140 3747 3283 3801 enim
3313 3762 3341 3800 a
3372 3746 3592 3804 domino

1952 3882 1963 3891 .
2013 3837 2127 3906 agri
2160 3838 2342 3908 exigas
2368 3835 2419 3907 δ,
2460 3853 2620 3908 quem
2675 3852 2796 3892 eum
2846 3853 2951 3892 non
2982 3836 3213 3892 coluisse
3252 3837 3594 3906 cognoscas?

2013 3930 2316 3987 Pretiosum
2346 3933 2574 3999 vectigal
2596 3931 2706 4000 jam
2738 3931 2891 3985 nobis
2910 3929 3173 3986 dederunt
3200 3945 3308 3986 suae
3341 3928 3479 3985 ﬁdei.
3510 3930 3597 3986 In-

2008 4021 2211 4093 justum
2241 4032 2323 4077 est
2368 4030 2430 4077 ut
2473 4023 2602 4076 viles
2642 4023 2895 4092 pecunias
2935 4023 3208 4091 exigamus
3249 4022 3317 4077 ab
3347 4022 3451 4078 illis
3499 4021 3593 4094 qui

2012 4116 2275 4186 gloriosas
2302 4116 2656 4172 conscientias
2683 4115 3008 4181 obtulerunt.

2500 4207 2833 4263 EPISTOLA
2872 4207 3106 4262 XXXIII.

2013 4314 2269 4357 ARGOLICO
2290 4316 2413 4356 VIIIO
2442 4316 2702 4365 ILLUSTRI,
2736 4314 3025 4354 ΡΒᾸΞΡΕΟΤΟ
3046 4314 3210 4363 URBIS,
3227 4315 3593 4359 THBODORICUS

2739 4405 2866 4443 REX.

322 4470 500 4524 causis
521 4469 680 4538 justis
708 4485 833 4524 raro
863 4469 1064 4539 poterit
1091 4467 1317 4523 obviari.
1349 4465 1614 4532 Maucipiu
1642 4480 1770 4520 vero
1801 4464 1909 4519 for-

2016 4485 2163 4539 .Iubet
2182 4481 2615 4564 xtl-Armeutarius
2643 4488 2794 4561 atque
2822 4479 3087 4564 Superbus
3097 4485 3218 4564 .ejus
3243 4486 3385 4564 ﬁlius
3412 4489 3593 4543 iisdem

322 4575 530 4615 marum
556 4561 774 4616 servitio
820 4560 1118 4631 principum
1168 4555 1474 4627 provisione
1520 4556 1807 4625 deputata,
1855 4554 1906 4609 in

323 4652 654 4720 privatorum
709 4650 1057 4721 cognovimus
1120 4650 1394 4704 transiisse
1459 4647 1772 4725 dominium.
1810 4645 1909 4701 ὶΕε

322 4727 609 4812 praeterea,
637 4758 747 4797 non
776 4743 1051 4796 minimum
1081 4739 1311 4811 pondus,
1338 4747 1393 4795 et
1420 4738 1563 4809 quod
1590 4737 1902 4793 facillimum

320 4871 427 4928 dici
485 4874 858 4945 placetkquod
890 4875 940 4929 in
978 4890 1043 4929 eo
1077 4890 1216 4945 aqua
1259 4880 1385 4945 stet.
1412 4872 1520 4928 Sed
1549 4882 1606 4945 et
1644 4872 1780 4941 infra
1809 4872 1903 4927 lih.

321 4889 427 4928 utet
485 4889 682 4945 placet,
686 4889 858 4996 5anon
890 4892 940 4929 ιιι
978 4890 1043 4929 eo
1077 4890 1216 4945 aqua
1259 4889 1385 4928 stet.
1412 4889 1520 4928 δω
1549 4889 1606 4929 et
1644 4889 1780 4941 intra

321 4957 464 5067 serg,
494 4945 649 5013 epist.
756 4944 985 5016 ,liquida
1015 4945 1209 5014 ﬂuenta
1239 4944 1527 4997 decurrere.
1560 4943 1796 5024 oaxen.

446 5030 492 5067 s.
548 5013 686 5067 Aud.
727 5023 777 5067 et
812 5017 924 5067 ed..
969 5016 1141 5067 siuna.
1168 5014 1262 5067 Ms.
1290 5011 1467 5067 Reum.
1492 5015 1768 5067 saarmiua.
1795 5058 1796 5062 η

446 5010 492 5090 s.
530 5010 686 5090 'Xud.
727 5023 777 5069 et
812 5010 939 5090 ed.,_
969 5010 1141 5090 signa.
1168 5014 1262 5090 his.
1290 5011 1467 5090 liena,
1492 5015 1768 5090 sagjgtitta,
1795 5010 1906 5066 for-

322 5091 398 5147 te,
426 5085 652 5165 signina,
682 5092 737 5136 ut
766 5080 970 5139 notavit
1003 5080 1059 5136 II.
1093 5080 1271 5150 Cujas.
1299 5080 1429 5136 Vide
1458 5080 1641 5151 εν.ἷὸ
1671 5082 1759 5135 Μ).
1791 5096 1845 5134 v.

397 5162 423 5189 ι
454 5152 694 5189 smmum
725 5169 980 5189 occurrunt“
1013 5154 1234 5189 fni-min“
1291 5168 1353 5189 ην
1389 5152 1401 5189 l
1458 5152 1478 5189 t
1549 5152 1560 5189 ι
1614 5152 1647 5189 tt
1700 5149 1852 5189 nmn:

453 5149 694 5206 Eruenda
725 5169 980 5222 aquarum
1013 5154 1258 5209 formant.
1291 5168 1353 5205 ex
1388 5152 1423 5205 Ι.
1458 5149 1582 5222 1;}.
1614 5152 1666 5205 6.
1697 5149 1904 5222 Omnis,

320 5223 392 5276 de
434 5225 709 5289 aquaeduc.
739 5220 872 5277 Cod.
898 5226 989 5278 lih.
1022 5239 1097 5291 χι,
1127 5222 1216 5279 lib.
1242 5223 1298 5288 7,
1328 5222 1482 5274 form.
1514 5220 1566 5287 6,
1598 5223 1650 5275 in
1682 5220 1908 5276 formula

318 5293 590 5346 comitivte
616 5293 905 5347 formarum
940 5293 1116 5347 Urbis.
1155 5293 1361 5346 Formm
1393 5300 1573 5345 autem
1601 5307 1699 5361 pro
1738 5290 1905 5346 aedili-

320 5362 409 5414 cio
434 5372 815 5433 acistructura,
842 5364 878 5418 l.
908 5363 997 5428 ‘27,
1042 5366 1085 5417 si
1135 5363 1453 5431 pendentes,
1486 5362 1514 5432 ᾗ
1545 5363 1591 5415 si
1618 5362 1908 5433 quidelm-

321 5447 463 5501 cam,
506 5432 568 5485 D.
618 5432 687 5484 de
718 5433 976 5487 usufruct.
1011 5430 1235 5487 formam
1281 5430 1647 5501 aqumdnctns,
1692 5430 1901 5501 Ulpian.

318 5500 655 5574 llarmeuop.
690 5503 762 5557 lib
811 5519 867 5568 ιι,
903 5505 981 5558 tit.
1016 5519 1052 5574 ι,
1081 5517 1242 5571 agens
1270 5500 1343 5558 de
1371 5503 1607 5558 aediliciis
1634 5517 1702 5557 ex
1735 5502 1907 5555 aliena

323 5572 881 5650 fastmctismateria,
906 5572 1097 5650 tida
1128 5584 1301 5640 vocat,
1317 5575 1433 5650 περὶ
1454 5580 1551 5627 τῶν
1575 5575 1623 5637 ἐξ
1645 5574 1908 5646 ἀλλοτρίας

323 5643 441 5697 ὕλης
467 5647 735 5713 γινομένων
756 5643 917 5697 εἱδῶν.
962 5644 1122 5698 FORN.

408 5722 428 5748 ιι
455 5706 735 5769 Ᾱνὶάὶοιόε
760 5714 1078 5769 tributorum
1107 5729 1133 5769 a
1163 5715 1401 5787 principe
1442 5712 1785 5770 inducturum
1810 5726 1908 5769 ex-

2152 4552 2333 4624 quibus
2361 4550 2616 4621 referendi
2646 4551 2824 4616 curiae,
2856 4550 3143 4624 privilegiis
3162 4550 3447 4626 gaudeant.

2078 4645 2299 4700 Gratum
2334 4643 2489 4698 nobis
2517 4650 2598 4696 est
2641 4650 2764 4697 vota
2814 4651 2996 4698 nostra
3044 4644 3174 4719 [ed.,
3204 4651 3417 4724 vestra]
3452 4652 3592 4706 circa

2011 4735 2148 4790 sacri
2171 4733 2372 4788 ordinis
2390 4740 2671 4801 augmenta
2700 4731 2979 4803 proﬁcere.
3011 4733 3281 4794 Lirtamur
3302 4741 3435 4796 tales
3449 4742 3594 4796 viros

2011 4879 2221 4927 actores
2248 4871 2307 4925 D.
2341 4869 2758 4945 Chrysostomus
2787 4872 3102 4945 insectatur,
3128 4877 3219 4945 qui
3246 4877 3314 4932 ab
3346 4879 3596 4945 agricolis

2011 4959 2076 4995 ea
2106 4957 2225 5011 quae
2252 4956 2318 4996 ne
2348 4949 2488 4995 terra
2512 4941 2725 5009 quidem
2753 4944 3081 5011 protulisset,
3114 4941 3442 5013 flagitarent;
3473 4967 3596 5005 90s-

2013 5027 2117 5080 qne
2143 5012 2194 5066 in
2226 5020 2625 5081 comparatione
2649 5026 2763 5081 reg.
2795 5020 2848 5066 et
2882 5015 3130 5068 monach.
3164 5012 3475 5075 communes
3515 5039 3596 5077 re-

2012 5082 2186 5169 ginnis
2208 5082 2406 5169 hostes
2434 5090 2591 5169 vocat
2625 5086 2839 5169 :zeowoi_
2855 5086 3245 5169 τινες-πολέμιοι
3269 5096 3359 5169 τῆς
3390 5094 3595 5161 χώρας,

2014 5154 2143 5233 array.
2171 5155 2255 5207 οὐκ
2284 5156 2532 5235 ἐξήνεγξεν
2548 5154 2593 5233 ⁹ἡ
2620 5160 2707 5223 γῆ.
2744 5160 2908 5235 τοξῦτα
2930 5157 3047 5213 τούς
3069 5154 3324 5235 learn/oi);
3348 5154 3495 5235 εἴξςτῤ
3510 5154 3594 5216 ,5;

2014 5219 2232 5289 réuévot.
2284 5219 2591 5275 Putenlanis
2630 5219 2803 5274 'smnel
2848 5238 2950 5277 cmi
2982 5219 3281 5279 modiorum
3327 5219 3521 5284 dona'ta
3566 5230 3601 5286 Ξ

2015 5292 2370 5361 Symmachus
2401 5292 2490 5346 lib.
2524 5307 2559 5351 ι,
2589 5296 2741 5360 epist.
2769 5290 2858 5346 '59.
2892 5292 2958 5345 Et
2987 5292 3306 5352 Puhlicanos
3330 5302 3601 5356 remissio-

2016 5378 2138 5414 nr-m
2186 5368 2429 5431 petentes
2476 5361 2630 5431 tertia
2680 5363 2943 5431 mercedis
2997 5372 3147 5431 parte
3192 5366 3449 5423 relevavit
3486 5368 3593 5427 Jul.

2014 5429 2206 5506 gesar,
2224 5440 2443 5506 auctore
2471 5430 2696 5506 Sueten.
2730 5429 2845 5506 Huc
2870 5429 3250 5506 pertinetlgli,
3280 5436 3386 5493 Sed
3413 5439 3597 5506 addes,

2016 5500 2043 5572 §
2074 5502 2147 5579 uis
2170 5501 2357 5579 major,
2477 5501 2657 5565 locati,
2686 5508 2736 5551 ct
2877 5504 3135 5579 rv,__epist.
3160 5505 3209 5567 7,
3239 5507 3387 5577 infr.,
3409 5518 3464 5565 et
3483 5500 3601 5579 quae

2015 5568 2053 5645 ᾖ
2075 5568 2292 5645 Bai-tofo
2323 5571 2374 5645 in
2404 5570 2550 5645 hanc
2583 5571 2903 5645 sententiam
2945 5568 3297 5639 disseruntur,
3333 5568 3386 5632 iri
3432 5580 3467 5634 l.
3501 5568 3598 5645 Ill,

2015 5638 2226 5709 Cotem,
2261 5639 2288 5710 §
2322 5639 2419 5693 ult.
2441 5640 2482 5694 D
2521 5639 2587 5696 de
2615 5639 2810 5710 public.
2836 5652 2977 5699 vect.
2998 5638 3601 5707 etco:nmi33.Fon.\':--al
