4004 6194
294 339 401 400 195

304 502 534 596 radiare,
549 533 607 582 ut
621 523 778 580 laude
789 516 1094 588 conspicuis
1113 512 1385 570 deferatur
1403 507 1576 580 gratia
1588 502 1889 596 dignitatis.

233 657 239 664 -
303 619 466 678 Curia
495 591 726 684 namque
769 607 1064 680 disciplinis
1091 611 1337 659 veterum
1387 606 1538 670 patet
1584 595 1700 669 [ms.
1733 591 1894 659 Aud.,

303 707 534 780 placet];
552 720 653 762 nec
677 700 967 772 eijudicari
992 704 1170 769 potest
1183 703 1493 754 extraneus,
1519 689 1608 758 qui
1634 687 1896 742 bonarum

305 772 501 857 artium
519 772 604 854 est
632 795 900 850 alumnus.
919 790 1090 861 Atque
1121 787 1241 842 ideo
1269 782 1488 838 illustris
1503 772 1898 848 magniﬁcentia

309 900 397 946 tua
423 891 478 945 in
499 887 798 944 clarissimo
824 879 1164 938 Armentario
1188 884 1349 944 atque
1380 870 1625 941 Superbo
1649 867 1764 934 cjus
1791 862 1899 914 tilio

308 997 373 1038 ea
403 981 564 1036 faciat
584 977 825 1033 exhiberi
869 987 990 1042 quas
1023 972 1166 1025 circa
1189 963 1498 1022 referendos
1519 960 1682 1015 curiae
1713 967 1736 992 η
1768 967 1902 1007 Cana

309 1078 475 1134 dictat
495 1072 806 1142 antiquitas.
842 1067 938 1125 llic
967 1072 1050 1120 est
1077 1063 1222 1118 enim
1251 1057 1503 1129 prmfatus
1531 1049 1906 1107 Armentarius

311 1169 405 1239 qui
429 1176 482 1224 et
503 1172 786 1240 parentum
808 1160 972 1219 bono,
999 1166 1054 1212 et
1083 1171 1181 1210 suo
1205 1151 1363 1208 nobis
1387 1143 1796 1204 commendatur
1824 1141 1907 1194 in-

315 1228 475 1330 genio
556 1255 778 1324 exigens
799 1248 1004 1305 meritis
1027 1259 1186 1315 quam
1216 1247 1398 1312 sperat
1446 1236 1693 1308 precibus
1742 1228 1912 1299 digni-

319 1321 506 1404 iatem.
533 1321 671 1401 Nam
695 1341 824 1412 quid
852 1339 1064 1408 dignius
1087 1335 1207 1390 siet
1233 1328 1508 1387 senatorio
1536 1325 1794 1382 vestiatur
1817 1321 1912 1374 ho-

321 1453 457 1495 nore
486 1444 670 1504 togata
698 1427 1001 1503 professio?
1036 1424 1098 1483 Ut
1122 1425 1174 1480 in
1201 1422 1290 1476 illa
1313 1419 1467 1474 turba
1498 1416 1784 1472 doctorum
1805 1412 1910 1504 51

317 1530 514 1586 audeat
540 1501 764 1581 liberam
787 1518 1033 1592 proferre
1059 1513 1402 1576 sententiam,
1435 1524 1536 1564 nec
1557 1506 1797 1560 frenetur
1827 1501 1916 1556 im.

317 1618 525 1692 peritia:
553 1623 781 1678 terrore,
797 1625 958 1684 quem
980 1609 1265 1663 hortantur
1286 1601 1354 1657 ad
1380 1613 1566 1656 vocem
1585 1595 1707 1665 jura
1730 1594 1911 1648 facun—

317 1681 439 1766 diae.
495 1705 744 1762 Gloriosa
777 1681 861 1758 est
889 1699 1121 1768 denique
1167 1693 1390 1751 scientia
1421 1691 1718 1745 litterarum
1746 1726 1762 1750 ,
1791 1681 1918 1754 quia

1519 297 1590 356 Μ.
1629 293 1906 354 AURELII
1941 285 2336 351 CASSIODORI

300 449 582 506 emergere
604 433 742 500 [Ac.,
768 421 1115 497 eligere],qui
1144 417 1413 477 senatoria
1445 410 1891 506 mereanturluce
1919 413 1973 472 Α

3473 289 3583 346 596

2525 396 2856 458 EPISTOLA
2879 395 3092 454 XXXV.

2407 507 2619 550 ιιοκυιο
2645 504 3008 547 τηεουοιιιευε
3032 503 3157 542 κει.

1998 584 2290 659 Conﬁrmat
2307 583 2561 711 Zuidquid
2587 582 2689 652 ipsi
2717 581 2926 652 ejusque
2951 579 3107 632 matri
3134 591 3200 630 ea:
3249 577 3392 645 regio
3419 571 3587 631 edicto

2350 654 2541 709 iberius
2563 671 2652 711 per
2681 652 2946 711 pictatinm
2969 654 3310 702 concesserat.

2372 652 2541 709 ὀρέξαι
2562 671 2652 722 per
2680 652 2946 722 pictatinm
2969 654 3310 702 concesserat.

2074 746 2474 802 Liberalitatem
2508 752 2742 797 nostram
2789 741 2996 794 firmam
3036 737 3196 793 decet
3243 744 3430 790 tenere
3458 748 3588 789 con-

2002 839 2254 893 stantiam
2283 855 2295 889 :
2329 835 2453 904 quia
2483 835 2860 889 inconcussum
2882 829 3042 884 debet
3069 843 3188 882 esse
3211 825 3465 896 principis
3492 837 3586 878 vo-

2009 939 2138 993 tum,
2171 944 2270 983 nec
2293 943 2388 996 pro
2417 924 2590 979 studio
2619 923 2972 989 malignorum
2994 917 3244 980 convelli,
3277 914 3424 984 quod
3469 927 3592 968 nos-

2007 1031 2086 1076 tra
2117 1021 2354 1075 noscitur
2376 1023 2737 1089 praeceptione
2767 1012 2984 1069 ﬁrmari.
3001 1013 3176 1080 Atque
3202 1010 3322 1064 ideo
3343 1007 3594 1079 praesenti

2004 1113 2246 1182 jussione
2277 1126 2561 1168 censemus
2581 1116 2640 1163 ut
2663 1105 2916 1177 quidquid
2947 1120 3012 1159 ex
3043 1111 3225 1156 nostra
3253 1099 3596 1156 ordinatione

2011 1205 2296 1274 patricium
2344 1201 2612 1256 Liberium
2643 1199 2737 1253 tibi
2766 1197 3031 1265 matrique
3061 1203 3166 1248 tute
3195 1208 3292 1262 per
3317 1191 3598 1262 pictatium

2015 1295 2096 1364 (id
2125 1304 2222 1361 est,
2253 1309 2354 1366 per
2381 1290 2631 1346 tabellam
2661 1289 2738 1344 vel
2766 1284 3048 1358 scriptum)
3077 1285 3380 1340 constiterit
3425 1282 3597 1353 depu-

2017 1395 2179 1452 tasse,
2202 1385 2255 1438 in
2293 1398 2392 1438 suo
2420 1381 2616 1436 robore
2635 1379 2829 1436 debeat
2850 1391 3198 1448 permanere;
3227 1389 3328 1430 nec
3378 1389 3410 1428 a
3458 1388 3602 1442 quo,

2017 1491 2178 1547 quam
2207 1482 2420 1530 metuas
2448 1470 2871 1527 irrationabilem
2896 1467 3268 1540 quaestionem,
3299 1466 3393 1535 qui
3429 1462 3601 1520 nostri

2015 1566 2265 1625 beneﬁcii
2286 1564 2529 1637 possides
2552 1563 2880 1617 ﬁrmitatem.

2436 1707 2450 1722 ο
2518 1675 2854 1733 EPISTOIA
2893 1673 3130 1729 XXXVI.

317 1798 464 1869 quod
492 1795 723 1867 primum
761 1797 865 1858 est,
919 1789 975 1844 in
1016 1784 1236 1842 homine
1282 1795 1462 1839 mores
1502 1781 1732 1848 purgat;
1759 1770 1904 1842 quod
1933 1772 1981 1834 Β
2077 1787 2339 1830 annoanno
2356 1785 2480 1825 νικο
2506 1781 2769 1830 iuverat,
2804 1781 3005 1828 conm,
3034 1776 3401 1818 runonomcus
3423 1777 3549 1815 nsx.

317 1868 635 1952 secundum,
655 1885 942 1942 verborum
970 1879 1196 1950 gratiam
1221 1872 1594 1946 subministrat
1619 1886 1632 1922 :
1658 1868 1733 1922 ita
1763 1872 1914 1920 utro-

320 1995 428 2050 que
456 1975 720 2034 beneﬁcio
756 1971 1074 2029 mirabiliter
1101 1973 1259 2024 ornat
1287 1974 1343 2022 et
1379 1963 1574 2020 tacitos
1603 1968 1659 2016 et
1685 1957 1913 2027 loquen-

323 2044 424 2126 tes.
454 2067 728 2124 Ducantur
762 2077 892 2135 ergo
920 2061 987 2115 ad
1043 2056 1342 2130 penetralia
1394 2050 1662 2107 libertatis
1715 2044 1917 2101 laudati

324 2162 520 2218 merito
547 2175 666 2226 suo,
689 2156 866 2213 ornati
890 2153 1093 2226 judicio
1110 2159 1298 2207 nostro
1322 2167 1337 2205 :
1361 2143 1596 2202 habituri
1618 2142 1734 2198 sine
1752 2138 1917 2194 dubio

324 2249 687 2320 gratissimum
716 2253 988 2311 senatum,
1017 2255 1247 2312 quorum
1275 2253 1363 2293 ars
1387 2243 1471 2291 est
1502 2233 1678 2288 facere
1715 2231 1783 2286 de
1810 2231 1918 2284 ira-

328 2354 386 2400 to
415 2341 761 2406 benevolum,
793 2339 860 2395 de
880 2342 1132 2407 suspecto
1161 2333 1451 2404 placatum,
1476 2327 1544 2382 de
1573 2333 1793 2380 austero
1823 2320 1918 2375 mi-

329 2443 463 2503 tem,
494 2432 565 2490 de
613 2432 932 2487 adversante
978 2424 1291 2497 propitium.
1340 2417 1480 2490 Quid
1519 2429 1648 2484 ergo
1677 2413 1921 2503 patribus

331 2524 612 2589 imponere
637 2535 742 2576 non
768 2516 959 2588 possit,
989 2515 1084 2589 qui
1105 2513 1324 2572 ﬂectere
1370 2509 1607 2565 animum
1632 2502 1922 2579 judicantis

333 2614 535 2673 evaluit
566 2612 630 2668 η

821 2714 1154 2776 EPISTOLA
1179 2713 1418 2770 XXXIV.

645 2849 1060 2893 IASSILIENSIBUS
1091 2843 1457 2886 TIIEODOBICUS
1486 2841 1617 2882 κει.

341 2965 538 3026 Scribit
558 2982 612 3020 se
641 2965 876 3020 comitem
893 2959 1239 3015 Marabadum
1263 2958 1333 3012 ad
1359 2975 1445 3013 eos
1471 2953 1812 3028 protegendos
1837 2953 1930 3008 nti—

377 3041 532 3107 sisse,
561 3045 610 3092 et
636 3035 871 3107 praecipit
897 3043 956 3088 ut
980 3033 1082 3103 ipsi
1119 3028 1390 3085 libentibus
1415 3025 1604 3082 animis
1623 3025 1890 3081 obediant.

414 3151 684 3224 Propositi
711 3149 882 3208 nostri
909 3156 991 3204 est
1016 3147 1272 3218 probatas
1315 3145 1629 3204 fortitudine
1656 3152 1714 3199 et
1739 3141 1928 3200 mode-

345 3244 559 3301 ratione
583 3255 846 3315 personas
873 3238 939 3293 ad
969 3237 1361 3294 ordinationem
1396 3243 1634 3297 vestram
1661 3233 1932 3290 defensio-

350 3349 582 3406 nemque
609 3334 862 3405 dirigere,
911 3339 972 3387 ut
998 3338 1055 3386 et
1081 3328 1489 3402 provincialium
1519 3325 1657 3382 ratio
1685 3325 1933 3381 sublevee

347 3436 454 3493 tur,
486 3434 542 3482 et
565 3424 770 3482 utilitas
799 3422 1010 3494 publica
1031 3421 1187 3476 bonis
1216 3417 1624 3490 prtesidentibus
1652 3425 1933 3486 augeatur,

348 3517 584 3574 Proinde
611 3515 862 3575 comitem
914 3511 1286 3579 Marabadum,
1329 3509 1486 3565 nobis
1517 3508 1771 3577 aequitate
1794 3521 1936 3562 com-

346 3620 584 3682 pertum,
612 3608 680 3663 ad
713 3605 1100 3662 Massiliensem
1143 3603 1414 3663 civitatem
1446 3600 1771 3658 credidimus
1807 3596 1940 3652 diri-

348 3700 604 3772 gendum,
625 3707 685 3754 ut
710 3695 971 3770 quidquid
999 3695 1065 3749 ad
1085 3693 1431 3750 securitatem
1452 3699 1686 3748 vestram
1713 3689 1801 3744 vel
1829 3687 1936 3744 uti-

351 3791 558 3848 litatem
583 3789 840 3863 pertinet,
870 3787 983 3848 Deo
1022 3785 1268 3856 juvante,
1296 3782 1571 3854 perﬁciat;
1624 3793 1938 3851 memorque

351 3882 539 3952 gratiae
566 3887 785 3944 nostrae,
816 3891 1001 3934 curam
1047 3876 1222 3947 possit
1247 3875 1448 3930 habere
1471 3871 1731 3943 iustitiae:
1759 3870 1935 3928 mino-

352 3970 504 4027 ribus
530 3969 782 4026 solatium
821 3968 977 4034 fcrat,
1034 3965 1389 4022 insolentibus
1438 3963 1784 4020 severitatem
1831 3977 1942 4020 sua:

350 4061 704 4120 districtionis
742 4059 982 4129 objiciat,
1008 4057 1214 4113 nullum
1243 4055 1477 4128 denique
1504 4052 1732 4124 opprimi
1758 4051 1939 4120 iniqua

352 4151 772 4228 praesumptione
797 4149 1070 4222 patiatur;
1108 4146 1204 4203 sed
1231 4160 1420 4208 omnes
1442 4153 1604 4214 cogat
1627 4142 1694 4198 ad
1711 4142 1938 4213 justum,

356 4243 502 4305 unde
526 4249 769 4299 nostrum
822 4253 1039 4311 semper
1063 4237 1222 4295 ﬂoret
1264 4235 1568 4307 imperium.
1600 4233 1943 4304 Quapropter

351 4335 635 4407 designato
655 4332 773 4388 viro
803 4333 856 4387 in
885 4331 969 4388 his
994 4345 1116 4402 quae
1141 4327 1294 4386 vobis
1335 4342 1436 4399 pro
1472 4326 1686 4398 publica
1715 4324 1945 4381 utilitate

357 4425 698 4498 praeceperit,
718 4421 1008 4481 libentibus
1029 4420 1221 4475 animis
1244 4417 1482 4483 obedite,
1510 4425 1570 4472 ut
1591 4416 1722 4471 ﬁdes
1743 4422 1942 4478 vestra,

2018 1863 2557 1936 Imperatradmoneat
2591 1858 2898 1936 Venantiunt
2921 1865 2978 1936 ut
3003 1856 3311 1936 instructam
3331 1866 3608 1936 personant

2089 1921 2160 1988 ad
2187 1935 2360 1987 aulam
2393 1933 2582 1996 mittat,
2605 1944 2720 2000 qua:
2750 1922 3039 1980 rationiﬁus
3064 1923 3293 2000 Firmini
3321 1932 3441 1976 ante
3461 1921 3609 1992 judi—

2088 2021 2168 2059 ces
2190 2021 2221 2056 a
2243 2019 2361 2074 rege
2379 1994 2678 2073 designatos
2705 1999 2872 2052 valeat
2906 1994 3236 2066 respondere.

2090 2114 2312 2170 Pietatis
2339 2120 2538 2168 nostrae
2565 2107 2902 2180 propositum
2928 2113 3030 2170 est,
3055 2101 3374 2159 miserandis
3397 2098 3613 2155 [Ictibus

2021 2205 2351 2262 audientiam
2379 2218 2488 2258 non
2515 2214 2732 2270 negare.
2749 2198 2982 2253 maxime
3010 2211 3130 2251 cum
3159 2193 3324 2248 moris
3353 2191 3522 2245 nostri
3543 2191 3613 2245 sit

2022 2299 2091 2354 ad
2118 2300 2264 2368 leges
2285 2305 2477 2353 cuncta
2505 2294 2876 2357 remittere,ut
2900 2299 2955 2347 et
2975 2303 3312 2359 conquerens
3340 2292 3616 2340 mereatur

2024 2389 2295 2454 enectum,
2326 2397 2384 2444 et
2411 2389 2652 2458 pulsatus
2682 2384 2884 2438 nullum
2914 2399 2975 2438 se
3011 2389 3268 2450 queratur
3296 2377 3609 2434 sustinuisse

2025 2477 2659 2554 prtejudicium.Proinde
2679 2475 2948 2530 Firminus
2977 2473 3107 2543 [ed.,
3137 2467 3392 2539 Firmius]
3423 2478 3617 2522 contra

2025 2572 2364 2643 magniticnm
2392 2570 2566 2624 virum
2594 2566 2874 2639 patricium
2907 2563 3228 2618 Venantium
3255 2575 3316 2614 se
3343 2559 3474 2614 dicit
3519 2557 3618 2611 ha-

2027 2663 2156 2718 bere
2182 2660 2478 2729 negotium,
2510 2664 2566 2713 et
2590 2657 2901 2725 nequenter
2929 2655 2998 2708 ab
3022 2668 3088 2708 eo
3118 2650 3234 2720 ejus
3284 2649 3615 2720 prepositio-

2029 2767 2126 2808 nes
2152 2751 2316 2806 fuisse
2344 2755 2702 2819 contemptas.
2735 2744 2804 2799 Et
2834 2745 2960 2815 quia
2992 2744 3045 2798 in
3075 2743 3252 2798 causis
3280 2754 3499 2808 semper
3537 2745 3624 2792 est

2029 2853 2278 2914 suspecta
2301 2839 2596 2912 potentiae,
2618 2837 2743 2894 dum
2768 2837 2908 2892 velle
2931 2834 3169 2891 creditur
3190 2833 3334 2903 quod
3357 2847 3516 2902 posse
3535 2829 3622 2899 ju-

2033 2935 2263 2999 dicatur,
2293 2930 2592 2988 antefatum
2620 2937 2833 2986 servata
2881 2926 3183 2982 reverentia
3213 2940 3242 2979 a
3277 2932 3330 2978 te
3368 2921 3621 2994 prmcipi-

2033 3039 2152 3080 mus
2179 3023 2489 3088 admoneri;
2518 3029 2575 3077 ut
2601 3021 2700 3076 sub
2721 3019 3017 3090 sponsione
3043 3017 3279 3086 legitima
3302 3015 3622 3070 instructam

1955 3143 2005 3210 C
2036 3130 2322 3188 personam
2342 3115 2410 3168 ad
2435 3112 2752 3170 comitatum
2775 3118 3018 3166 nostrum
3055 3109 3285 3177 dirigere
3305 3122 3364 3163 se
3394 3105 3624 3177 promit-

2037 3217 2132 3274 tat,
2187 3208 2279 3278 qui
2332 3206 2475 3276 apud
2521 3205 2799 3272 delegatos
2852 3211 3004 3258 motu
3061 3201 3474 3270 nostrojudices
3501 3199 3625 3273 [πω.

2038 3299 2198 3366 And.,
2225 3298 2435 3354 monitu
2461 3314 2477 3365 ;
2499 3295 2617 3361 Ac.,
2639 3304 2819 3350 motus
2848 3303 3031 3349 vestro
3053 3289 3277 3364 judicio]
3307 3291 3424 3360 ejus
3450 3291 3627 3345 inten-

2042 3392 2278 3447 tionibus
2303 3391 2484 3445 valeat
2511 3390 2752 3460 przebere
2778 3403 3087 3458 repensum.
3124 3386 3289 3440 Actor
3318 3383 3454 3458 [alii,
3513 3383 3628 3438 Au-

2043 3481 2184 3554 ctor]
2215 3483 2301 3538 hic
2328 3497 2544 3554 pinnam
2571 3496 2685 3536 suae
2709 3489 3027 3550 recepturus
3055 3478 3311 3544 audacire,
3343 3479 3388 3532 si
3437 3484 3628 3533 contra

2042 3575 2381 3647 magniﬁcum
2404 3573 2574 3629 virum
2596 3571 2846 3626 habuerit
2869 3569 3118 3624 falsitatis
3144 3577 3417 3626 eventum.

2520 3680 2848 3742 EPISTULA
2877 3679 3140 3735 XXXVII.

2355 3791 2528 3835 PETRO
2548 3789 2797 3830 EPISCOPO
2821 3787 3182 3828 THEODORICUS
3211 3787 3332 3826 ΒΕΧ.

2040 3887 2266 3944 Jubetnt
2295 3897 2493 3958 partem
2518 3885 2987 3958 facultatisauarn
3009 3881 3320 3958 _¢letincl{at,
3371 3878 3637 3958 Germano

2115 3951 2434 4021 restituat,si
2464 3951 2720 4026 legitimus
2739 3951 2882 4029 [ilius
2909 3955 2976 4029 sit
3007 3951 3465 4029 Thomatis;_quod
3485 3951 3532 4006 si
3560 3953 3639 4023 {a-

2115 4044 2230 4083 cere
2259 4035 2465 4095 renuat,
2491 4023 2701 4079 causam
2726 4023 2832 4078 uult
2859 4024 2933 4078 ad
2957 4023 3131 4078 aulam
3157 4023 3348 4078 vocari.

2119 4141 2176 4205 Si
2208 4143 2261 4198 in
2287 4141 2476 4200 alienis
2501 4138 2677 4198 causis
2703 4137 3090 4197 beatitudinem
3123 4145 3355 4199 vestram
3382 4134 3642 4194 convenit

2051 4232 2313 4299 adhiberi,
2346 4239 2406 4286 ut
2427 4247 2525 4317 per
2570 4244 2668 4285 vos
2707 4229 3036 4300 jurgantium
3089 4229 3348 4300 strepitus
3376 4229 3641 4298 conquie—

2051 4332 2188 4387 seat,
2203 4330 2406 4392 quanto
2428 4322 2597 4390 magis
2613 4319 2679 4375 ad
2697 4335 2792 4376 vos
2817 4319 3017 4375 remitti
3033 4319 3347 4390 debetquod
3363 4335 3463 4375 vos
3483 4335 3638 4390 spec-

2055 4422 2133 4468 tat
2161 4413 2453 4488 auctores?
2482 4411 2635 4482 Aque
2661 4409 2782 4467 ideo
2803 4410 3061 4467 sanctitas
3089 4419 3269 4466 vestra
3298 4425 3329 4464 a
3368 4409 3643 4466 Germano

357 4532 479 4588 quae
493 4517 607 4587 jam
649 4515 918 4587 prioribus
945 4517 1276 4573 monstratur
1299 4508 1584 4580 exemplis,
1607 4507 1939 4580 subsequen-
1970 4523 2026 4584 Β
2055 4521 2151 4561 nos
2179 4504 2354 4560 aditos
2385 4501 2548 4562 ﬂebili
2577 4501 2897 4570 allegatione
2925 4510 3237 4571 cognoscat.
3271 4501 3362 4572 qui
3384 4515 3445 4555 se
3473 4498 3645 4555 ﬁlium

359 4609 503 4666 tibus
528 4622 746 4678 quoque
772 4605 1076 4663 declaretur
1103 4601 1317 4658 indiciis
1342 4619 1355 4655 :
1376 4600 1500 4670 quia
1521 4599 1724 4668 gratius
1739 4604 1821 4652 est
1848 4595 1946 4650 ob-

357 4700 606 4772 sequium
635 4697 780 4769 qnod
807 4695 1096 4753 devotione
1123 4693 1331 4764 perpeti
1353 4691 1673 4748 custoditur.
1713 4687 1822 4743 Nos
1849 4702 1946 4742 au-

360 4801 475 4850 tem
503 4791 730 4848 reddere
779 4788 1078 4859 cogitamus
1122 4785 1302 4842 locum
1329 4781 1705 4850 vicissitudini,
1731 4780 1824 4854 qui
1845 4780 1949 4835 im-

359 4899 530 4959 pensa
557 4879 778 4940 servitia
805 4895 915 4937 non
941 4893 1227 4956 possumus
1260 4875 1523 4936 oblivisci.

434 5067 463 5097 ι
489 5057 550 5113 In
575 5065 710 5122 vett.
737 5056 878 5115 circa
899 5051 1204 5112 reverenda:
1230 5068 1340 5106 cur.
1366 5050 1470 5113 Alii
1494 5049 1702 5122 malunt
1721 5049 1950 5122 refer-en.

357 5130 540 5186 ἀπίω
568 5145 586 5183 :
616 5119 914 5192 referendos
946 5133 1124 5192 tamen
1170 5122 1366 5192 legitur
1407 5122 1570 5192 etiam
1598 5119 1698 5192 lib_.
1718 5135 1757 5184 ι,
1780 5119 1944 5192 epist.

361 5199 454 5255 ιι.
475 5197 638 5256 Forte
665 5188 932 5264 digamma
955 5188 1358 5257 Aioﬁcum'est,
1404 5189 1704 5260 cujusmodi
1755 5188 1949 5264 et"ill_~a

363 5273 420 5344 in
451 5268 690 5344 Etruscis
717 5258 976 5344 ?andect,
1002 5272 1287 5344 ventorum
1317 5264 1352 5315 tl
1380 5258 1483 5344 pro
1501 5267 1782 5344 ventorum
1807 5259 1883 5341 vi,
1909 5258 1949 5344 l_.

363 5339 423 5410 Ο,
453 5339 511 5395 Si
540 5346 679 5410 post,
709 5335 778 5410 de
803 5336 977 5410 pericl
1006 5341 1062 5410 e_t
1088 5348 1286 5390 comm.
1318 5329 1400 5394 rei
1426 5331 1610 5396 vend..,
1639 5329 1952 5410 pmtuerint

365 5398 468 5483 pro
497 5398 821 5483 praebuerint
838 5405 922 5483 ;_l.
936 5404 1000 5483 ᾗ
1021 5403 1286 5483 devacat.
1319 5412 1378 5483 et
1402 5416 1588 5483 excus.
1615 5398 1813 5483 ,ῂιιρῃη
1858 5398 1954 5483 ad.

367 5469 614 5545 visa-pro
645 5474 804 5534 afﬁxa
819 5469 847 5542 ,⁷
865 5475 903 5529 ι.
933 5473 1022 5538 52.
1046 5475 1330 5545 librorum,
1354 5473 1474 5545 §wsi
1503 5470 1627 5545 quid
1652 5469 1956 5545 igitur._De

367 5551 478 5618 leg.
496 5539 547 5614 5,
577 5539 847 5618 provecta}
872 5559 971 5614 pro
1000 5544 1254 5614 profectae
1268 5562 1293 5618 ξ
1314 5539 1469 5603 1.35.
1492 5539 1560 5618 ex
1577 5539 1739 5618 i_'acto.
1761 5542 1813 5618 in
1839 5539 1955 5618 lin,

371 5609 455 5678 De
478 5609 676 5675 incred.
711 5609 914 5680 institJ;
936 5609 1088 5685 _et'ea
1119 5629 1237 5685 qua:
1263 5609 1458 5685 Donat.
1493 5613 1545 5685 i_n
1577 5609 1814 5685 Terentii
1847 5610 1959 5664 An-

371 5692 542 5748 driam
589 5685 882 5748 adnotavit,
933 5683 1111 5750 Dafus,
1137 5681 1356 5751 'cerfus,
1397 5681 1596 5746 corfus,
1628 5696 1726 5750 pro
1756 5682 1955 5742 Davus,

372 5773 582 5826 servus,
603 5771 816 5812 corvus.
848 5751 1070 5825 Quintil.
1115 5753 1208 5812 lib.
1239 5770 1282 5823 ι,
1320 5750 1439 5824 cap.
1473 5751 1560 5807 l5.
1593 5750 1669 5805 Ita
1703 5751 1790 5807 hic
1818 5752 1958 5808 refc-

2051 4599 2344 4669 legitimum
2376 4595 2571 4651 asserit
2595 4593 2866 4664 quondam
2897 4593 3175 4649 Thomatis
3223 4611 3236 4647 :
3282 4591 3467 4648 dicens
3511 4606 3642 4662 par-

2053 4699 2163 4746 tem
2185 4687 2452 4745 facultatis
2473 4686 2642 4758 patris
2668 4687 2749 4741 sui
2775 4701 2806 4741 a
2844 4685 2998 4740 vobis
3021 4685 3268 4751 detineri,
3298 4684 3516 4739 sibimet
3557 4682 3645 4739 Ie-

2054 4782 2209 4851 gihus
2255 4787 2672 4850 competentem.
2721 4778 2826 4849 52
2871 4777 3000 4844 Qua:
3046 4777 3270 4848 petitio,
3320 4777 3367 4832 si
3415 4777 3648 4833 veritate

2055 4873 2289 4940 fulcitur,
2317 4880 2373 4928 et
2419 4871 2678 4941 genitoris
2729 4873 2845 4942 ejus
2892 4871 3248 4927 substantiam
3291 4869 3489 4940 probat
3508 4867 3646 4942 [alii,

2055 5053 2255 5128 rendos
2274 5067 2377 5128 pro
2400 5049 2731 5128 reverendae
2747 5049 2936 5128 eodem
2954 5045 3186 5128 ﬁlo-lum
3205 5061 3357 5128 more
3385 5045 3650 5128 scripturn

2060 5124 2238 5180 fuerit.
2278 5117 2526 5179 Viderint
2548 5121 2640 5188 qui
2686 5119 2740 5174 in
2763 5119 2876 5176 istis
2896 5119 3115 5173 minutis
3143 5117 3471 5188 oculatiores
3494 5117 3649 5186 inge-

2060 5195 2333 5250 niosarum
2363 5187 2667 5260 regularum
2691 5189 2911 5260 laudem
2937 5197 3174 5260 captant.
3205 5187 3370 5260 Fonn.

2130 5263 2248 5322 Non
2277 5271 2403 5318 sunt
2429 5256 2794 5316 confundendi
2825 5256 3092 5314 referendi
3118 5258 3279 5315 curia:
3304 5273 3403 5314 seu
3430 5263 3655 5312 senatus

2062 5349 2186 5390 cum
2211 5331 2590 5388 referendariis
2615 5328 2769 5393 aulae,
2785 5327 3014 5398 quorum
3029 5337 3380 5398 utrorumque
3408 5326 3656 5382 formula:

2061 5411 2279 5461 exstant
2306 5402 2400 5458 lib.
2425 5417 2501 5470 vi,
2530 5399 2687 5456 form.
2724 5397 2815 5467 16,
2843 5398 2932 5454 l7.
2951 5397 3150 5454 Junsr.

2136 5495 2164 5536 ιι
2190 5496 2403 5566 Quanta
2430 5497 2502 5552 sit
2529 5496 2849 5566 eloquentia:
2875 5494 2960 5550 vis
3011 5501 3276 5566 testantur
3298 5491 3486 5566 Virgil.
3515 5488 3608 5545 lib.
3637 5503 3662 5547 ι

2065 5563 2281 5622 ιεηείίί.
2303 5583 2318 5633 ;
2343 5565 2590 5621 Lucanus
2630 5563 2696 5620 ad
2745 5565 3025 5631 Pisonem;
3057 5563 3208 5619 Ovid.
3241 5577 3336 5618 xm
3375 5563 3601 5617 letam.
3636 5575 3658 5626 ς

2065 5637 2184 5693 Val.
2209 5636 2353 5692 Flac.
2382 5636 2473 5690 lib.
2499 5651 2570 5692 tv.
2599 5636 2787 5690 Bnoss.

2145 5741 2166 5771 ε
2198 5729 2387 5788 ϐίω-ο
2409 5731 2462 5786 ἱη
2491 5728 2716 5788 exordio
2746 5739 3006 5786 orationis
3031 5744 3132 5802 pro
3157 5726 3427 5797 Quinctio.
3456 5723 3661 5788 tum.
