3988 6178
261 288 356 346 60f

1530 280 1891 339 VARIARUM
1931 281 2134 336 LIBER
2171 283 2255 338 ιιι.

3429 289 3535 345 602

256 405 369 462 bris
386 401 660 459 ordinatio
686 408 874 473 gerat,
903 401 947 457 si
976 415 1188 456 morum
1216 396 1458 470 probitas
1481 406 1670 455 cuncta
1696 411 1844 451 com-
1878 399 1920 456 Α
2019 400 2250 473 ecclesia;
2295 400 2600 473 refugisset.
2632 415 2836 473 partem
2873 401 3056 470 capitis
3103 403 3288 458 exsilio
3314 404 3371 458 in
3408 403 3538 461 Vul-

253 495 467 569 ponat?
503 494 667 549 Arida
711 494 929 548 siccitas
975 492 1245 547 madentis
1298 491 1490 562 pluviae
1529 488 1845 545 beneficium

255 593 501 656 exoptat.
542 584 844 640 Salutiferis
874 583 1206 640 medentium
1238 582 1484 638 manibus
1510 581 1612 636 nisi
1639 580 1847 635 intirma

253 678 510 734 valetudo
534 692 643 732 non
676 675 899 744 indiget.
949 673 1040 729 Sic
1068 675 1193 728 dum
1223 673 1575 728 imbecillitati
1605 686 1850 727 succum-

255 770 421 834 bitur,
470 767 855 824 :onvenienter
886 765 1120 821 remedia
1153 765 1476 819 tribuuntur.
1509 762 1850 833 Quapropter

253 861 471 916 casinus
512 858 720 928 asperis
766 857 1125 928 praestandum
1156 865 1240 912 est
1283 857 1383 911 sub
1423 855 1645 926 justitize
1692 854 1849 910 laude

252 949 640 1015 moderamen;
696 956 757 1003 ut
806 963 907 1004 nec
957 944 1251 1002 vindictam
1305 946 1543 1001 sinamus
1591 959 1851 1015 superare

250 1050 508 1112 peccata,
541 1055 642 1095 nec
687 1039 902 1110 culpam
930 1037 1188 1093 insultare
1215 1037 1486 1108 patiamur
1513 1036 1719 1106 legibus
1750 1035 1851 1090 im-

252 1132 525 1203 punitam.
562 1129 717 1185 Datis
772 1131 952 1199 itaque
998 1129 1248 1198 precibus
1275 1128 1551 1195 allegasti,
1582 1127 1683 1182 viri
1726 1141 1851 1197 spe-

251 1223 472 1279 ctabilis
520 1221 787 1288 Venantii,
842 1222 1094 1277 Lucaniae
1145 1230 1202 1276 et
1248 1220 1556 1277 Brutiorum
1611 1218 1852 1290 praesulis

252 1311 473 1387 μαῖαι..
487 1313 545 1367 id
557 1324 654 1379 est,
670 1309 1040 1382 correctoris],
1054 1310 1301 1367 odiorum
1316 1319 1371 1365 te
1391 1310 1682 1365 acerbitate
1703 1324 1852 1364 com-

252 1420 528 1476 pressum,
557 1405 815 1461 custodiae
842 1405 1007 1474 longo
1035 1407 1140 1462 situ
1170 1405 1528 1470 laborantem,
1561 1403 1614 1457 in
1639 1401 1851 1458 confes-

252 1495 472 1552 sionem
511 1505 698 1568 raptus
731 1495 928 1552 adultae
953 1496 1144 1567 puellae
1171 1496 1469 1552 Valeriane:
1495 1493 1660 1550 fuisse
1696 1507 1850 1549 com-

254 1587 511 1659 pulsum;
542 1596 601 1642 ut
627 1588 831 1656 gratius
857 1586 1014 1642 fuerit
1035 1603 1186 1657 spem
1211 1588 1331 1644 citae
1360 1586 1550 1642 mortis
1574 1594 1849 1656 expetere,

256 1694 424 1750 quam
455 1686 849 1734 tormentorum
887 1679 1123 1734 crudelia
1163 1679 1448 1735 sustinuere.
1478 1677 1624 1731 Inter
1663 1690 1851 1747 supre-

2021 471 2199 524 canias
2228 470 2449 532 insulas,
2480 486 2592 540 qua:
2620 470 2997 538 describuntur,
3026 485 3385 529 commutasse.

2018 583 2075 636 ln
2124 591 2332 651 partem
2371 590 2397 619 ι
2445 582 2660 652 pietatis
2706 581 2896 637 recidit
2940 583 3181 652 mitigata
3230 585 3536 653 districtio;

1950 682 2005 727 et
2031 675 2129 729 sub
2152 672 2414 729 beneﬁcio
2432 674 2589 743 punit
2616 673 2718 746 [ed.
2746 672 2795 727 Ν
2803 675 2870 730 iv.
2898 682 2945 728 et
2968 674 3142 740 Cum,
3162 676 3424 747 praestat],
3447 694 3538 749 qut

1950 781 2165 836 pinnam
2191 762 2426 820 debitam
2455 765 2827 821 moderatione
2851 766 3190 822 considerata
3219 769 3538 840 palpavetit.

1947 855 2195 911 Jovinum
2225 856 2506 922 curialem,
2538 870 2697 924 quem
2743 864 3018 912 corrector
3045 856 3294 913 Lucania:
3324 858 3539 914 Brutio-

1949 964 2176 1017 rumque
2206 948 2440 1004 .humani
2480 948 2637 1004 nobis
2682 950 2920 1017 suggerit
2961 949 3234 1018 sanguinis
3278 949 3539 1005 effusione

1950 1041 2211 1112 pollutum
2242 1039 2292 1108 δ,
2323 1041 2393 1096 ob
2421 1040 2525 1096 hoc
2550 1039 2693 1110 quod
2723 1049 2921 1094 mutua:
2943 1038 3315 1096 contentionis
3337 1040 3541 1096 ardori-

1959 1146 2050 1187 Jus
2078 1132 2369 1193 excitatus,
2421 1130 2590 1185 rixam
2618 1130 2906 1185 verborum
2948 1145 3127 1200 usque
3163 1131 3228 1185 ad
3276 1130 3538 1187 nefarium

1952 1223 2174 1293 collrgte
2226 1221 2447 1277 deduxit
2490 1222 2811 1277 interitum:
2844 1221 2938 1277 sed
2987 1223 3234 1277 conscius
3284 1222 3409 1279 facti
3456 1226 3540 1279 sui

1953 1318 2094 1373 intra
2122 1318 2363 1373 ecclesiae
2391 1326 2540 1387 septa
2564 1315 2834 1385 refugiens
2863 1325 2910 1380 ο,
2944 1314 3213 1372 declinare
3233 1331 3291 1371 se
3315 1318 3540 1372 credidit

1952 1409 2318 1479 praescriptam
2372 1408 2579 1477 legibus
2632 1407 2926 1472 ultionem,
2979 1407 3244 1463 Vulcania:
3287 1407 3478 1466 insula:
3511 1410 3537 1447 ά

1953 1510 2214 1570 perpetua
2241 1493 2571 1569 relegatione
2595 1500 2937 1562 damnamus;
2965 1508 3025 1555 ut
3046 1509 3099 1555 et
3127 1510 3312 1557 sancto
3339 1502 3542 1573 templo

1954 1596 2313 1650 reverentiam
2351 1593 2604 1648 habuisse
2629 1592 2930 1662 videamur,
2972 1609 3073 1649 nec
3120 1594 3408 1650 vindictam
3437 1596 3543 1651 cri-

1954 1688 2195 1742 minosus
2225 1685 2419 1741 evadat
2455 1686 2510 1741 in
2538 1694 2731 1753 totum,
2763 1686 2855 1755 qui
2885 1686 3158 1742 innocenti
3185 1702 3291 1741 non
3320 1688 3545 1744 credidit

255 1783 379 1825 1³³³³
423 1770 568 1824 enim
617 1767 922 1823 anhelantis
973 1769 1268 1838 39805533:
1318 1779 1502 1824 νοῑιιω
1553 1775 1638 1823 εει
1675 1766 1854 1837 Ροῑίυε
1886 1762 1930 1820 Β
1958 1796 2078 1837 esse
2121 1780 2467 1851 parcendum.
2499 1779 2696 1834 Careat
2740 1777 2967 1849 proinde
3003 1779 3178 1848 patrio
3222 1778 3377 1848 foco,
3422 1794 3541 1834 cum

170 1866 171 1869 ‘
260 1859 443 1930 perire
468 1874 633 1928 quam
660 1860 844 1915 vivere
877 1876 891 1912 :
922 1859 1048 1929 quia
1085 1857 1417 1914 detestabLlis
1449 1873 1641 1913 sensus
1669 1872 1856 1928 poena-

260 1968 381 2008 rum
408 1952 649 2008 excludit
662 1951 982 2008 dulcissimze
1002 1951 1190 2009 salutis
1215 1950 1486 2006 allectum.
1508 1948 1640 2004 illud
1669 1949 1851 2014 etiam,

260 2042 405 2114 quod
436 2043 656 2098 minime
665 2043 874 2112 justitia
897 2051 1190 2114 pateretur,
1208 2041 1486 2109 adjiciens,
1509 2039 1854 2096 defensorum

262 2138 357 2193 tibi
387 2136 687 2207 patrocinia
735 2136 930 2205 saepius
974 2135 1270 2205 postulanti
1324 2133 1491 2189 fuisse
1541 2134 1853 2200 subtracta,

261 2244 384 2285 cum
430 2227 722 2283 adversarii
751 2226 1004 2282 ﬂorentes
1055 2225 1272 2295 ingenio
1319 2224 1480 2278 etiam
1510 2223 1855 2279 innocentem

263 2325 317 2373 te
361 2326 588 2388 possent
629 2317 807 2386 legum
836 2316 1043 2385 laqueis
1070 2316 1332 2383 obligare.
1354 2313 1487 2381 Quae
1532 2312 1854 2383 supplicatio

261 2424 384 2464 cum
434 2409 725 2465 efficaciter
778 2409 1015 2464 animum
1072 2419 1272 2464 nostra;
1322 2408 1540 2477 pietatis
1592 2408 1851 2474 intraret,

260 2503 633 2574 paulatimque
662 2502 729 2557 ad
755 2501 1140 2558 misericordiae
1160 2501 1283 2571 jura
1302 2499 1631 2566 deﬂecteret,
1661 2515 1855 2556 oecur-

261 2594 330 2647 rit
358 2592 669 2648 Brutiorum
698 2592 941 2663 praesulis
982 2592 1146 2647 missa
1192 2592 1414 2656 relatio,
1446 2606 1568 2662 quas
1592 2590 1856 2662 privatam

261 2684 641 2752 allegationem
669 2683 941 2752 tragredia:
965 2699 1075 2739 sum
1102 2698 1239 2740 voce
1262 2684 1622 2754 compressit:
1655 2698 1857 2754 negan-

260 2776 330 2830 do
350 2775 501 2831 credi
523 2784 711 2831 contra
742 2775 909 2843 fidem,
928 2776 1194 2846 publicam
1220 2775 1485 2833 fallaciter
1509 2774 1853 2845 supplicanti.

260 2858 505 2929 Ideoque
527 2860 872 2930 asperitatem
899 2874 1076 2931 pmnae
1103 2867 1289 2915 nostra
1316 2860 1541 2915 lenitate
1567 2860 1855 2926 mollimus,

259 2958 566 3005 statuentes
602 2956 662 3004 ut
701 2964 768 3004 ex
813 2950 900 3005 die
946 2949 1142 3020 prolati
1170 2949 1405 3015 oraculi,
1452 2964 1550 3004 sex
1594 2951 1857 3030 mensium

262 3043 487 3113 patiaris
530 3042 796 3097 exsilium.
827 3043 904 3097 ita
935 3049 990 3097 ut
1034 3042 1165 3098 nulli
1194 3051 1317 3112 post
1343 3043 1630 3100 constituta
1674 3052 1857 3098 nostra

1957 1873 2213 1928 exitiabili
2268 1872 2507 1928 victurus
2550 1870 2796 1926 incendio
2826 1888 2838 1924 :
2868 1871 2955 1925 ubi
2997 1870 3204 1925 viscera
3232 1879 3392 1926 terra:
3434 1886 3542 1926 non

1954 1967 2243 2032 deficiunt,
2302 1981 2424 2020 cum
2481 1973 2560 2019 tot
2612 1963 2820 2018 smculis
2881 1962 3082 2031 jugiter
3134 1970 3539 2018 c0nsumantur.

1955 2056 2195 2111 Flamma
2220 2055 2480 2126 siquidem
2511 2055 2610 2108 ista
2642 2061 2875 2116 terrena,
2905 2067 3024 2123 qua:
3050 2051 3274 2121 alicujus
3301 2053 3546 2122 corporis

1956 2147 2330 2203 imminutione
2356 2144 2611 2205 nutritur,
2644 2144 2687 2197 si
2720 2158 2826 2197 non
2853 2141 3103 2205 absumit,
3135 2140 3495 2209 exstinguitur
3527 2158 3539 2193 :

1955 2239 2111 2293 ardet
2136 2235 2389 2292 continue
2416 2234 2558 2290 inter
2586 2232 2758 2289 undas
2799 2231 3006 2287 medias
3045 2231 3245 2288 montis
3273 2232 3545 2303 quantitas

1956 2326 2251 2392 indefecta;
2277 2339 2375 2380 nec
2397 2323 2678 2389 imminuit,
2709 2321 2854 2393 quod
2884 2322 3079 2377 resolvi
3101 2336 3259 2391 posse
3278 2307 3541 2389 sentitur;

1955 2417 2161 2474 scilicet
2204 2414 2332 2486 quia
2376 2420 2581 2469 naturae
2626 2410 3011 2467 inextricabilis
3056 2411 3298 2481 potentia
3335 2419 3543 2466 tantum

1958 2506 2218 2562 crementi
2247 2503 2493 2560 cautibus
2521 2503 2753 2573 reponit,
2783 2513 3044 2571 quantum
3092 2500 3167 2556 illi
3196 2517 3362 2557 vorax
3392 2488 3546 2571 ignis

1957 2597 2238 2653 ademerit.
2270 2594 2405 2650 Nam
2448 2592 2898 2665 quemadmodum
2946 2606 3076 2647 saxa
3103 2592 3390 2648 incolumia
3419 2607 3543 2662 per-

1957 2696 2259 2753 manerent,
2289 2687 2335 2742 si
2381 2701 2597 2757 semper
2623 2685 2759 2755 ignis
2788 2685 3023 2740 adunata
3051 2683 3413 2755 decoqueret?
3442 2683 3545 2740 Po-

1960 2781 2127 2836 tentia
2155 2779 2416 2849 siquidem
2446 2777 2626 2831 divina
2671 2776 2750 2832 sic
2778 2775 2844 2831 de
2871 2775 3154 2831 contrariis
3198 2774 3359 2829 rebus
3384 2774 3547 2828 mira-

1958 2872 2137 2927 culum
2177 2868 2306 2925 facit
2350 2884 2470 2925 esse
2517 2876 2866 2939 perpetuum,
2897 2875 2958 2921 ut
3002 2867 3180 2937 palam
3227 2872 3547 2935 consumpta

1958 2963 2337 3021 occultissimis
2364 2962 2629 3017 instauret
2654 2959 2974 3029 augmentis,
3010 2972 3128 3029 qua:
3156 2956 3271 3012 vult
3291 2956 3546 3027 tempori-

1960 3055 2058 3109 bus
2079 3063 2224 3109 stare
2248 3052 2531 3108 diuturnis.
2559 3049 2760 3104 Verum
2791 3063 2913 3104 cum
2942 3055 2999 3103 et
3026 3047 3116 3102 alii
3145 3055 3358 3102 montes
3383 3047 3545 3102 moti-

260 3135 359 3189 sub
425 3133 670 3203 qualibet
732 3132 1174 3204 interpretatione
1239 3133 1335 3189 tibi
1395 3132 1556 3189 liceat
1616 3134 1855 3203 objicere

1962 3143 2057 3200 bus
2083 3143 2357 3214 vaporatis
2387 3150 2705 3210 exmstuent,
2755 3139 2931 3195 nullus
2978 3137 3137 3195 simili
3181 3136 3547 3208 appellatione

260 3225 472 3280 crimen
513 3222 781 3278 infamiae:
813 3223 1027 3294 quando
1068 3222 1150 3291 fas
1177 3231 1262 3280 est
1296 3223 1526 3294 principi
1553 3223 1856 3287 maculosus

262 3324 423 3371 notas
460 3315 662 3370 vitiatae
691 3315 957 3386 opinionis
984 3314 1313 3383 abstergere.
1362 3314 1468 3369 Sed
1514 3313 1620 3369 hoc
1663 3322 1856 3369 exacto

262 3414 514 3475 tempore
557 3404 743 3474 patriae
781 3405 1049 3475 rebusque
1077 3405 1326 3460 omnibus
1371 3402 1669 3459 reformato
1707 3403 1852 3477 [Αἰξί.

259 3493 614 3568 άθΙὶιι-ωειο],
634 3495 723 3565 jus
744 3496 839 3551 tibi
867 3496 941 3551 sit
963 3495 1192 3551 liberum
1219 3508 1381 3550 omne
1406 3494 1549 3564 quod
1574 3492 1854 3562 primitus:

261 3589 387 3657 quia
415 3585 568 3642 nulla
590 3595 643 3642 te
666 3587 1018 3655 ingemiscere
1037 3586 1221 3657 probri
1248 3584 1532 3642 adustione
1556 3595 1855 3648 censemus,

264 3692 426 3747 quem
476 3675 765 3747 temporali
812 3676 1061 3733 volumus
1113 3675 1305 3732 exsilio
1354 3675 1602 3731 detineri.
1636 3671 1855 3729 Pmnam

267 3773 427 3826 trium
445 3769 705 3826 librarum
726 3771 843 3826 auri
865 3769 1213 3826 nihilominus
1232 3767 1647 3831 comminantes,
1672 3767 1717 3822 si
1737 3765 1858 3836 quis

265 3876 356 3921 aut
377 3862 679 3931 obviando,
701 3873 795 3919 aut
811 3865 965 3920 aliter
984 3862 1353 3934 intelligendo,
1368 3877 1602 3933 praesens
1617 3869 1856 3917 nostrum

265 3960 476 4015 violare
505 3958 790 4014 tentaverit
815 3958 1185 4014 constitutum.
1211 3955 1323 4012 Sed
1340 3957 1595 4026 quoniam
1618 3956 1729 4010 haec
1749 3963 1859 4010 sta-

269 4059 379 4106 tuta
410 4048 481 4104 ad
513 4048 829 4105 innocentes
869 4048 1118 4104 nolumus
1142 4061 1313 4117 usque
1360 4046 1638 4118 protendi,
1666 4060 1735 4100 ne
1763 4058 1858 4099 sua

267 4144 466 4215 cuique
480 4142 704 4199 minime
723 4141 965 4197 videatur
982 4140 1286 4209 ignorantia
1304 4138 1586 4209 profuisse,
1610 4138 1861 4207 praesenti

264 4237 599 4292 auctoritate
621 4249 719 4290 eos
744 4248 776 4288 a
802 4231 1087 4288 formidine
1114 4231 1404 4286 liberamus
1422 4271 1438 4298 ,
1464 4245 1602 4299 quos
1632 4238 1690 4284 ut
1734 4236 1862 4299 pote

269 4327 610 4391 nescientes,
658 4325 712 4380 in
743 4323 931 4380 eadem
958 4336 1123 4378 causa
1149 4320 1393 4392 quolibet
1419 4321 1542 4376 loco
1580 4321 1671 4396 vel
1718 4328 1859 4374 tem-

268 4432 403 4487 pore
450 4415 759 4471 interfuisse
809 4413 1130 4469 constiterit.
1185 4412 1385 4467 Similis
1438 4410 1579 4465 enim
1651 4410 1862 4466 videtur

268 4510 536 4577 absentis,
565 4510 659 4579 qui
681 4507 1068 4564 conscientiam
1100 4504 1372 4561 criminosi
1401 4520 1510 4559 non
1534 4504 1715 4559 habet.

777 4618 1108 4675 EPISTOLA
1148 4616 1352 4673 XLVII.

363 4728 573 4770 ηυετο
611 4726 900 4767 1³8421³ΕοΤο
932 4726 1211 4766 Ριιιτοιιιο
1238 4724 1604 4781 τῃεουοιιιρυε
1632 4724 1758 4763 REX.

271 4805 469 4862 Scribit
500 4819 559 4857 se
579 4800 767 4858 Iovino
796 4804 1008 4873 collega:
1033 4800 1273 4864 occisori,
1304 4816 1364 4855 eo
1391 4797 1526 4869 quod
1552 4800 1691 4852 intra
1718 4806 1865 4867 septa

349 5038 375 5067 ι
402 5030 549 5084 Casu
589 5027 728 5081 facta
768 5025 938 5082 aedes
983 5025 1316 5091 indulgetur;
1360 5020 1621 5091 consulta:
1657 5036 1761 5075 non
1798 5018 1866 5091 Alit

272 5101 469 5167 gratia.
504 5098 618 5152 lmo
647 5105 870 5166 excepta
901 5109 1113 5217 semper
1140 5089 1491 5159 intelligitur,
1535 5089 1660 5160 quia
1691 5089 1867 5159 capite

278 5171 604 5217 vindicatur.
638 5168 675 5217 Ι.
707 5166 755 5217 l.
791 5166 806 5217 l
860 5166 914 5217 5.
946 5166 981 5217 Ι.
1055 5206 1070 5217 .
1102 5163 1137 5215 l.
1173 5163 1226 5217 ’7.
1249 5161 1285 5216 1.
1318 5160 1371 5217 8.
1401 5160 1532 5215 Cod.
1566 5157 1770 5215 Theod.
1799 5160 1865 5214 de

278 5157 604 5224 vindicatur.
638 5168 675 5221 ι.
707 5157 806 5230 1,Ἰ
860 5166 914 5233 3,
946 5157 1070 5231 ut,
1102 5163 1137 5215 ι.
1173 5163 1226 5232 7,
1249 5161 1285 5216 I.
1318 5157 1371 5225 8,
1401 5157 1532 5215 Cod.
1554 5157 1773 5215 'Theod.
1799 5160 1865 5214 de

274 5238 632 5307 Indulgentiis
657 5236 961 5292 criminum.
994 5234 1156 5307 Fons.

350 5312 375 5349 δ
403 5299 674 5363 Ρὶθειεηιθ
720 5308 963 5361 Lactant.
995 5306 1087 5359 lib.
1129 5318 1171 5370 ι,
1200 5313 1254 5358 et
1294 5302 1345 5356 in
1388 5300 1635 5370 Epitome
1683 5299 1855 5353 Divin.

272 5379 453 5435 lnstit.
488 5377 625 5432 Plat.
658 5377 747 5432 lib.
772 5393 827 5431 rx
854 5375 928 5429 De
968 5374 1148 5445 chib.
1174 5372 1310 5428 Phil.
1344 5372 1410 5426 de
1432 5370 1618 5445 Achib.
1644 5370 1862 5445 specia-

273 5452 442 5504 libus.
472 5447 823 5519 Porphyrius.
848 5443 1077 5519 περὶ-τῆξ
1102 5446 1202 5500 ἀπὸ
1225 5452 1323 5519 τᾶλλ(
1350 5443 1602 5519 ἐμψύχων
1631 5444 1858 5519 ἀποχῆς.

276 5509 649 5590 Imperatores
661 5509 940 5590 'GratianI,
971 5516 1184 5590 Valent.
1208 5509 1442 5572 ethcod
1468 5509 1625 5578 {cum
1654 5509 1863 5590 deteris

274 5585 391 5646 rcis
418 5589 617 5644 vinctis
662 5588 886 5643 crimina
934 5585 1322 5646 condonarent,
1369 5587 1696 5649 exceperunt
1739 5594 1863 5633 eum

280 5660 373 5732 qui
391 5658 704 5732 parricidali
728 5656 909 5732 furore
929 5664 1116 5732 raptus
1130 5653 1393 5732 sanguine
1415 5650 1633 5732 proprio
1646 5663 1862 5732 manum

283 5719 473 5796 ὑιιέὶι,
502 5736 559 5783 et
584 5730 675 5795 qui
714 5727 972 5796 cujusque
994 5719 1734 5796 hominis'caede'tna—culatus
1759 5727 1860 5796 est.

284 5769 364 5855 Γ
356 5769 423 5869 εἷς
430 5769 1522 5875 iiiciﬁhéiif‘ss,"33313::Jiééﬁuié,
1532 5769 1860 5846 cineas;

1886 4487 1940 4551 D

1958 3247 2209 3294 censetur
2235 3234 2582 3291 testimandus
2614 3252 2628 3287 :
2659 3233 2784 3303 quia
2813 3230 3028 3301 gravius
3067 3229 3426 3291 succenditur,
3453 3227 3545 3298 qui

1958 3328 2182 3384 Vulcani
2215 3328 2434 3383 nomine
2462 3335 2819 3395 nuncupatur.
2849 3322 3090 3376 Mittatur
3109 3335 3239 3390 ergo
3260 3335 3385 3376 reus
3409 3321 3549 3390 capi-

1959 3408 2109 3474 tis‘m
2157 3419 2332 3473 locum
2376 3415 2686 3487 prmdictum
2729 3413 2901 3467 vivus.
2944 3410 3140 3466 Careat
3188 3426 3297 3481 quo
3350 3411 3548 3465 utimur

1958 3509 2181 3577 mundo,
2204 3508 2272 3563 de
2293 3522 2402 3577 quo
2430 3505 2657 3561 alterum
2689 3501 2897 3558 crudeli
2927 3500 3130 3569 fugavit
3149 3501 3315 3556 exitio
3340 3517 3352 3553 :
3376 3515 3546 3570 quan-

1958 3603 2028 3658 do
2053 3608 2327 3672 superstes
2354 3596 2563 3667 recipit,
2590 3593 2734 3665 quod
2760 3599 2956 3648 eventu
2986 3591 3174 3647 mortis
3195 3588 3423 3645 inﬂixit:
3456 3605 3546 3644 sa—

1945 3691 2248 3748 lamandra:
2274 3696 2558 3744 secuturus
2578 3683 2905 3755 exemplum,
2927 3697 3044 3751 qua:
3070 3681 3384 3752 plerumque
3402 3680 3549 3749 degit

1958 3784 2013 3839 in
2044 3783 2276 3853 ignibus.
2299 3778 2471 3835 Tanto
2493 3776 2636 3833 enim
2658 3773 2891 3831 naturali
2918 3771 3117 3842 frigore
3144 3769 3546 3841 constringitur,

1959 3884 2020 3932 ut
2047 3873 2274 3930 ﬂammis
2300 3869 2610 3925 ardentibus
2631 3872 2978 3935 temperetur.
3000 3860 3207 3918 Subtile
3233 3876 3297 3917 ac
3324 3876 3546 3932 parvum

1960 3964 2177 4031 animal,
2227 3961 2447 4017 lubricis
2498 3956 2774 4015 lumbricis
2823 3955 3127 4021 associum,
3180 3952 3317 4009 ﬂavo
3365 3952 3551 4008 colore

1960 4057 2234 4112 vestitum.
2266 4052 2443 4107 Vitam
2485 4055 2704 4122 prmstat
2746 4045 2881 4109 soli,
2914 4044 3005 4115 qui
3055 4043 3307 4115 mortalia
3356 4051 3550 4099 cuncta

1956 4147 2247 4206 Consumit.
2278 4145 2580 4202 Memorant
2625 4150 2807 4197 autem
2842 4139 2943 4195 mvi
2990 4137 3199 4209 pristini
3245 4144 3553 4192 servatores

1960 4243 2193 4318 μανείη
2221 4242 2354 4312 forte
2374 4244 2722 4301 scrutatores,
2754 4233 2830 4287 vel
2852 4226 3278 4299 observatores],
3304 4228 3444 4283 hanc
3471 4228 3553 4282 in-

1963 4336 2134 4393 sulam
2156 4339 2283 4388 ante
2310 4330 2412 4404 55
2428 4327 2635 4397 aliquot
2661 4339 2854 4390 annos,
2872 4322 3131 4377 undarum
3154 4326 3314 4388 rupto
3346 4326 3554 4373 terrore

1965 4428 2161 4498 ignitus
2195 4428 2218 4455 °
2244 4419 2502 4491 erupisse,
2546 4433 2666 4473 cum
2706 4411 2971 4468 Hannibal
3000 4408 3141 4481 apud
3188 4406 3430 4464 Prusiam
3461 4407 3551 4462 Bi-

1966 4520 2164 4594 thynize
2190 4528 2372 4583 regem
2399 4525 2609 4568 veneno
2637 4521 2817 4562 secum
2841 4506 2954 4575 ipse
2982 4500 3259 4574 pugnavit,
3286 4514 3353 4556 ne
3373 4507 3555 4555 tantus

1965 4590 2072 4669 dux
2100 4608 2167 4665 ad
2197 4606 2566 4662 Romanorum
2607 4594 2839 4654 ludibria
2889 4594 3214 4667 perveniret.
3258 4591 3383 4648 Plus
3431 4590 3555 4646 inde

1967 4703 2230 4767 mirabile,
2270 4707 2331 4754 ut
2374 4711 2531 4752 mons
2579 4699 2726 4751 tanta
2756 4689 3091 4745 ﬂammarum
3138 4684 3554 4755 congregatione

1965 4808 2257 4853 succensus
2277 4831 2292 4858 ,
2322 4787 2543 4845 marinis
2582 4781 2831 4840 ﬂuctibus
2858 4779 3149 4835 haberetur
3177 4770 3552 4834 absconditus;

1970 5017 2070 5127 ub;
2102 5011 2519 5141 Ε’Τῗιῗξέῗκίὶι).
2553 5090 2626 5139 ix,
2660 5073 2744 5126 tit.
2776 5069 2867 5141 i7,
2888 5068 2954 5141 de
2978 5064 3177 5141 bi_s_qui
3200 5059 3557 5141 ad_eccles.ias

1970 5130 2491 5224 confdgiuntrilibi
2528 5141 2589 5199 C.
2614 5130 2971 5224 the-idqui}.

2341 5198 2511 5291 3,
2534 5198 2584 5270 c.
2612 5212 2663 5277 Al,
2687 5226 2745 5291 ε.
2776 5198 2991 5291 (ξίθιιιζ.
3016 5198 3331 5291 ᾀοιξφιηξιρξ
3357 5198 3551 5291 cocleas.

2341 5267 2430 5343 lib.
2459 5267 2739 5352 vin,c.'7.
2784 5267 3042 5334 Socrates
3088 5274 3183 5327 lib.
3236 5284 3349 5336 xm,
3398 5284 3449 5324 c.
3496 5267 3552 5323 5.

1964 5364 2200 5421 Fonssn.
2633 5421 2735 5425 ___
2845 5420 2856 5425 _
2976 5415 3009 5425 ,,
3110 5412 3218 5425 ..._
3332 5424 3375 5425 ρ
3445 5405 3527 5425 η.

2040 5405 2367 5489 xviiii-canini
2396 5426 2612 5489 insulse,
2633 5420 2891 5475 Vulcania
2939 5415 3043 5489 olla
3095 5412 3293 5467 dicitur
3321 5406 3465 5481 apud
3492 5405 3552 5463 8.

1968 5485 2420 5572 Gregbﬁjdialog.
2454 5496 2545 5550 nn.
2564 5485 2793 5572 Neap.
2822 5485 3144 5572 ξῑοκιῐυιῃεέιχ.Δ
3179 5552 3197 5572 ,

2044 5547 2165 5625 3°13.-
2180 5547 2543 5625 'JEiéiZ‘i'oiIs’
2562 5547 2762 5623 imitus,
2789 5569 2849 5614 ut
2872 5555 3149 5613 adnotavit
3179 5552 3389 5623 Lipsius
3418 5547 3560 5625 apud

1972 5618 2212 5709 Gellium
2226 5618 2532 5713 inhisin);
2564 5618 2685 5713 cap;
2862 5638 2918 5683 et
2962 5618 3558 5713 A.ptt‘leius:pag._l;li§.

1970 5695 2392 5769 Sichas‘siodori
2417 5695 2574 5776 epist.
2617 5695 2822 5776 δολίῃ.
2861 5715 2933 5764 ιν,
2967 5699 3043 5776 ait
3074 5695 3366 5751 Vesuvium
3395 5706 3554 5747 mon-

1975 5795 2082 5842 tem
2101 5793 2415 5840 exarsurum
2444 5769 2657 5833 mittere
2682 5769 2873 5828 ﬂuvios
2897 5769 3204 5841 pulvereos.
